3990 6300
196 337 315 395 421

978 338 1221 397 OPUSC.
1262 338 1356 396 ET
1392 338 1611 397 EPIST.
1648 339 1716 396 ΙΝ
1762 340 1987 398 CAUSA
2023 340 2355 401 HINCMARI
2391 345 2696 404 LAUDUN.

3374 358 3491 415 422

197 463 393 503 manu:
444 446 783 519 pontiﬁcum,
839 465 1066 521 quaeque
1120 453 1460 510 decernimus
1504 463 1555 511 et
1600 454 1811 524 judica-
1837 466 1885 520 Α
1914 454 2006 523 qni
2040 455 2347 514 nullatenus
2371 475 2429 514 se
2458 468 2719 515 noverant
2745 462 3011 530 potiorem
3035 465 3135 520 sibi
3165 467 3284 523 sine
3309 471 3487 539 prima

202 552 360 603 mus,
392 538 686 608 apostolica
735 541 910 607 sedes,
951 550 1006 596 et
1059 542 1326 597 catholica
1354 543 1619 608 Ecclesia,
1676 559 1805 615 apo-

198 628 482 685 stolorum
538 627 887 686 fundamento
938 631 1158 687 fundata
1218 649 1383 704 super
1438 635 1679 703 augulari
1731 636 1806 690 la-

200 720 338 789 pide
357 718 581 775 Christo
604 720 755 786 Jesu,
786 723 841 776 in
862 737 969 792 quo
986 724 1164 779 omnis
1181 725 1468 781 aediﬁcatio
1493 736 1804 782 constructa

200 813 417 867 crescit
466 812 523 871 in
570 812 829 883 templum
883 823 1130 869 sanctum
1185 815 1240 869 in
1264 816 1512 879 Domino,
1564 817 1617 871 in
1649 816 1804 871 nobis

202 920 317 975 pro
354 904 596 976 patribus
617 906 761 960 natis
782 905 925 972 filiis,
960 907 1012 961 id
1055 917 1142 963 est
1174 924 1272 975 pro
1302 908 1565 978 apostolis
1606 909 1803 965 creatis

200 994 504 1065 episc0pis,
535 1002 591 1049 ιιι
622 995 675 1049 in
715 995 1032 1052 ordinandis
1059 998 1360 1061 coordinat,
1399 999 1472 1052 ita
1509 1006 1565 1053 et
1612 998 1664 1051 in
1705 999 1800 1053 de-

204 1089 507 1143 cernendis
560 1089 821 1145 canonice
872 1090 1238 1155 condecernit,
1289 1101 1344 1147 et
1392 1093 1444 1146 in
1493 1091 1803 1163 judicandis

204 1178 543 1247 conjudicat.
597 1178 707 1234 Nos
753 1190 960 1246 autem,
996 1182 1088 1250 qui
1119 1197 1304 1237 sacros
1325 1197 1581 1247 canones,
1608 1192 1663 1237 et
1705 1184 1800 1239 de-

207 1282 363 1326 creta
388 1272 534 1326 sedis
556 1271 810 1327 Romana:
830 1272 1145 1341 pontificum
1169 1274 1269 1327 sub
1292 1273 1461 1342 ipsius
1486 1274 1801 1343 apostolica

204 1371 384 1433 petra:
406 1360 609 1429 judicio
630 1363 998 1431 exsequimur,
1029 1363 1161 1417 nihil
1184 1364 1326 1417 aliud
1356 1364 1679 1433 quamjuste
1714 1364 1801 1433 ju-

207 1450 513 1506 dicantium
546 1450 806 1515 fautores,
854 1460 908 1506 et
929 1453 1197 1522 justorum
1219 1452 1547 1521 judiciorum
1576 1471 1802 1513 exsecu-

210 1554 387 1612 tores,
416 1545 778 1602 obedientiam
810 1558 1000 1602 sancto
1030 1548 1274 1617 Spiritui,
1327 1549 1418 1618 qui
1449 1566 1544 1619 per
1594 1565 1691 1604 eos
1719 1550 1800 1606 lo-

210 1644 376 1692 cutus
400 1646 507 1701 est,
548 1646 603 1691 et
623 1638 735 1693 sedi
774 1638 1107 1709 apostolicae,
1136 1654 1166 1692 a
1190 1654 1295 1709 qua
1322 1640 1470 1694 rivus
1501 1640 1799 1710 religionis,

210 1738 268 1784 et
315 1728 700 1783 ecclesiastica:
729 1728 1104 1794 ordinationis,
1138 1738 1300 1799 atque
1327 1731 1604 1786 canonica:
1650 1731 1799 1801 judi—

1909 545 2040 600 sede
2060 562 2223 615 posse
2266 549 2560 616 resolvere,
2591 552 2864 620 praecipue
2889 569 3051 623 quem
3072 557 3190 625 ejus
3219 560 3492 618 sententia

1906 647 2171 691 noverant
2194 638 2510 708 obligatum,
2545 644 2984 711 praevaricatoris
3017 648 3353 706 absolutione
3378 668 3488 710 non

1905 727 2055 781 ilium
2076 729 2292 796 penitus
2323 742 2610 797 exuerunt,
2638 736 2735 789 sed
2758 752 2817 791 se
2839 740 3284 806 praevaricatione
3311 747 3492 815 potius

1906 828 2232 873 nexuerant.
2264 819 2370 875 Sed
2400 831 2455 876 et
2479 823 2604 891 quia
2630 824 2890 880 Dominus
2915 826 2981 880 ad
3007 831 3292 896 quemdam
3320 835 3484 890 dicit:

1909 902 1991 959 Ex
2035 909 2199 962 verbis
2254 911 2358 991 tuis
2406 922 2456 966 te
2498 912 2686 981 judico
2731 915 2893 985 (Luc.
2936 922 3121 991 xxnv),
3152 922 3278 977 licet
3298 926 3351 979 in
3383 928 3490 983 tuis

1904 989 2375 1067 compilatiouibus
2414 1018 2520 1056 non
2584 1005 2817 1071 mittere,
2872 1010 2965 1063 sed
3016 989 3196 1079 potius
3236 1016 3490 1075 omittere

1903 1086 2167 1158 delegeris
2193 1106 2261 1146 ex
2291 1107 2480 1147 eorum
2512 1095 2692 1151 verbis
2713 1097 2778 1151 de
2805 1100 3001 1168 quibus
3041 1104 3351 1159 testimonia
3379 1106 3491 1163 col-

1904 1177 2102 1249 legisti,
2133 1194 2255 1252 qttte
2298 1192 2351 1237 te
2398 1185 2647 1241 mordere
2696 1205 2801 1244 non
2865 1192 3147 1262 ignorasti,
3195 1214 3358 1252 unum
3391 1216 3490 1270 pro

1903 1271 2152 1325 onmibus
2166 1275 2321 1342 quasi
2348 1280 2770 1346 peremptorium
2796 1284 3028 1338 edictum
3055 1287 3146 1342 tibi
3169 1304 3490 1359 proponam.

1903 1359 2035 1416 Cum
2084 1364 2227 1418 enim
2276 1367 2521 1435 quaedam
2559 1372 2782 1438 posuisti
2818 1373 2884 1428 de
2930 1375 3144 1433 diverse
3191 1380 3431 1437 collectis
3461 1399 3493 1451 a_

1903 1450 2070 1509 Lucio
2118 1469 2255 1525 papa
2284 1471 2352 1510 ex
2375 1458 2605 1515 diversis
2639 1462 2984 1519 decessurum
3027 1484 3092 1523 ac
3125 1450 3489 1539 praedecest

1903 1556 2022 1596 rum
2051 1559 2270 1600 suorum
2297 1547 2474 1611 dictis,
2528 1550 2935 1623 interscripsisti
2964 1576 2976 1611 :
3011 1576 3033 1610 σ
3069 1561 3353 1627 Similiter,
3402 1565 3487 1619 in-

1904 1634 2121 1704 quiens,
2164 1639 2490 1694 auctoritate
2535 1642 2653 1697 fulti
2680 1648 2976 1713 apostolica
3026 1654 3391 1724 praecipimus,
3426 1664 3487 1712 ut

1905 1722 2085 1779 nullus
2134 1728 2606 1796 metropolitanus,
2654 1735 2860 1804 absque
2896 1722 3217 1797 ca'terorum
3241 1722 3489 1801 omnium

210 1819 449 1875 cationis
475 1819 752 1888 proﬂuxit,
778 1820 1142 1888 dependentes
1185 1820 1489 1875 existimas.
1533 1820 1796 1887 Quoniam

1906 1819 2442 1885 comprovincialium
2477 1824 2857 1894 episcoporum
2885 1829 3159 1898 instantia,
3185 1834 3489 1906 aliquorum

211 1913 526 1983 quicunque
581 1912 852 1983 baptismo
895 1913 1164 1969 catholico
1202 1914 1497 1982 baptizent,
1543 1914 1684 1969 sicut
1732 1914 1800 1968 ad

208 1999 479 2059 Joannem
508 2002 805 2073 Baptistam
827 2004 1025 2058 dictum
1056 2014 1162 2069 est,
1187 2004 1301 2074 ipse
1330 2013 1414 2060 est
1438 2004 1688 2060 Christus
1718 2005 1802 2059 vi-

209 2094 415 2150 delicet
437 2092 593 2150 Jesus
619 2094 712 2162 qui
742 2095 1001 2164 baptizat,
1023 2103 1078 2149 et
1108 2096 1419 2166 quicunque
1462 2096 1799 2163 sacriﬁcent,

208 2185 338 2257 ipse
379 2193 464 2240 est
486 2184 735 2240 sacerdos
761 2186 1056 2241 secundum
1091 2186 1336 2241 ordinem
1385 2186 1799 2251 Melchisedech,

208 2276 606 2345 sempiternum
654 2275 862 2330 habens
916 2276 1304 2340 sacerdotium,
1366 2278 1458 2347 qui
1499 2276 1804 2332 sanctificat

208 2364 403 2437 (Joan.
431 2366 506 2436 l):
534 2365 658 2436 quia
686 2376 742 2419 ut
766 2374 990 2421 sanctus
1011 2365 1123 2420 Leo
1144 2366 1274 2421 dicit
1307 2365 1479 2437 (epist.
1511 2366 1601 2437 9t)
1633 2385 1645 2420 :
1685 2386 1704 2419 ι
1741 2366 1798 2425 Si

210 2457 346 2529 quid
370 2471 468 2526 per
509 2456 828 2511 servitutem
850 2467 1090 2512 nostram
1118 2449 1262 2511 bono
1291 2457 1482 2512 ordine
1518 2464 1573 2512 et
1615 2466 1800 2528 gratu-

211 2547 375 2602 lando
404 2546 662 2616 impletur
683 2546 899 2612 ell‘ectu,
929 2562 1035 2602 non
1062 2546 1388 2618 ambigimus
1410 2561 1506 2616 per
1534 2546 1796 2618 Spiritum

210 2646 465 2692 sanctum
494 2635 651 2707 nobis
681 2635 849 2691 fuisse
895 2636 1170 2701 donatum,
1204 2646 1260 2692 et
1279 2638 1430 2708 Operi
1469 2646 1655 2695 nostro
1684 2638 1798 2710 ipse

211 2726 468 2784 Salvator
514 2727 825 2793 intervenit,
855 2744 955 2785 nec
986 2716 1221 2799 unquam
1261 2730 1330 2784 ab
1361 2730 1446 2785 his
1471 2732 1647 2797 abest,
1677 2746 1798 2801 qua:

209 2821 482 2877 ministris
509 2822 623 2877 suis
641 2825 984 2892 exsequenda
1007 2824 1278 2880 commisit
1298 2825 1490 2881 dicens
1515 2844 1527 2879 :
1554 2822 1687 2879 Ecce
1703 2841 1795 2896 ego

210 2912 480 2968 uobiscum
497 2930 615 2968 sum
638 2914 878 2969 omnibus
900 2915 1080 2970 diebus
1102 2932 1265 2987 usque
1294 2915 1363 2970 ad
1385 2916 1795 2971 consummatio-

208 3020 330 3059 nem
359 3005 544 3060 amuli
575 3004 790 3078 (Matth.
824 3008 1041 3080 xxviii).
1078 3027 1097 3060 ι
1129 3009 1344 3065 Etitem
1370 3008 1518 3064 Leo:
1556 3027 1574 3059 ι
1610 3009 1684 3063 De
1711 3009 1798 3064 his

208 3096 302 3166 qui
333 3096 393 3151 in
423 3095 643 3154 Niceno
666 3099 913 3163 concilio,
968 3110 1295 3172 suggerente
1350 3100 1567 3157 sibimet
1609 3108 1797 3156 sancto

208 3191 445 3263 Spiritu,
485 3192 614 3262 quia
661 3192 818 3249 aliter
858 3193 1187 3249 credendum
1217 3209 1323 3250 non
1362 3203 1469 3259 est,
1512 3208 1797 3249 mansuras

206 3300 384 3356 usque
411 3284 467 3340 in
526 3284 688 3340 ﬁnem
717 3285 901 3341 mundi
927 3286 1072 3355 leges
1104 3285 1601 3341 ecclesiasticorum
1631 3300 1797 3340 cano-

208 3390 340 3429 num
367 3374 748 3439 condiderunt,
779 3383 834 3429 et
860 3375 1001 3446 apud
1029 3390 1130 3431 nos
1159 3375 1211 3430 in
1237 3382 1348 3430 toto
1366 3376 1498 3435 orbc
1523 3382 1795 3431 terrarum

207 3465 264 3520 in
302 3466 419 3520 suis
450 3466 929 3521 constitutionibus
957 3466 1168 3530 vivunt,
1210 3474 1266 3519 et
1311 3466 1356 3520 si
1404 3465 1535 3536 quid
1566 3480 1796 3535 usquam

207 3556 401 3614 aliter.
417 3572 583 3626 quam
621 3557 696 3610 illi
724 3564 963 3612 statuere
1008 3556 1375 3628 praesumitur,
1406 3558 1527 3612 sine
1573 3565 1797 3612 cuncta-

207 3648 361 3701 tione
417 3655 682 3702 cassatur.
722 3668 741 3701 ι
778 3648 847 3703 Et
897 3657 1120 3704 sanctus
1172 3647 1508 3718 Augustinus
1537 3638 1795 3717 dicit‘(De

208 3753 342 3792 uera
376 3736 543 3809 Retig.
568 3740 724 3808 c.3l)
756 3756 770 3793 :
808 3758 826 3789 ι
853 3738 1135 3795 Ᾱζδθιιιιειιη
1160 3738 1332 3811 legem
1352 3740 1570 3795 mundis
1599 3740 1796 3796 animis

207 3827 301 3882 fas
324 3834 415 3881 est
439 3841 773 3899 cognoscere,
804 3845 913 3886 non
934 3839 1019 3886 cst
1045 3829 1128 3885 fas
1148 3830 1415 3901 judicare.
1470 3829 1527 3883 in
1555 3830 1673 3884 istis
1699 3846 1796 3884 au-

206 3928 320 3973 tem
350 3919 734 3988 temporalibus
762 3920 986 3991 legibus,
1018 3936 1328 3991 quanquam
1343 3921 1409 3976 de
1435 3921 1522 3976 his
1546 3921 1794 3978 homines

198 4010 470 4080 judicent,
498 4027 621 4067 cum
644 4028 738 4068 eas
762 4013 1068 4078 instituunt,
1119 4023 1298 4070 tamen
1335 4030 1456 4070 cum
1489 4014 1688 4070 fuerint
1715 4016 1795 4071 iu-

198 4100 414 4155 stituta:
439 4111 605 4171 atque
621 4101 868 4169 firnratre,
909 4120 1017 4158 non
1048 4104 1229 4161 licebit
1253 4104 1420 4173 judici
1453 4105 1519 4160 de
1549 4105 1679 4175 ipsis
1699 4103 1792 4174 ju-

200 4191 415 4257 dicare,
457 4194 554 4248 sed
576 4194 875 4250 secundum
900 4195 1065 4264 ipsas.
1097 4215 1115 4246 ι
1143 4194 1260 4249 Non
1287 4211 1419 4266 ergo
1438 4211 1526 4259 ea,
1550 4211 1670 4264 quae
1698 4210 1794 4266 per

204 4297 296 4337 me
340 4283 775 4354 qualemcunque
824 4284 1300 4355 metropolitanum
1328 4325 1343 4349 ,
1399 4293 1455 4339 et
1502 4285 1793 4355 primatem

202 4372 543 4430 Rhemorum
592 4377 907 4447 provinciae,
956 4377 1024 4431 ad
1053 4376 1204 4445 cujus
1238 4393 1447 4444 curam,
1496 4378 1792 4435 secundum

198 4479 398 4520 sacros
418 4480 659 4521 canones
684 4476 739 4521 et
760 4467 976 4522 decreta
1005 4469 1148 4523 sedis
1172 4469 1428 4524 Romanae
1450 4470 1791 4539 pontificum,

1905 1909 2093 1964 audiat
2117 1927 2329 1975 causas,
2363 1914 2489 1982 quia
2522 1916 2691 1972 irrita:
2719 1928 2900 1983 erunt,
2926 1930 2983 1976 et
3008 1923 3121 1994 ipse
3146 1941 3365 1982 causam
3388 1944 3490 1998 pro

1902 1997 2048 2087 facto
2077 2001 2228 2056 dabit
2254 2020 2267 2055 :
2301 2013 2498 2072 putans
2529 2013 2582 2060 te
2609 2006 2831 2079 alligare
2855 2027 2994 2065 oniis
3014 2029 3179 2083 grave
3197 2025 3252 2070 et
3282 1997 3485 2087 impor-

1904 2078 2088 2157 ta'bilc,
2116 2103 2173 2146 et
2204 2093 2484 2163 imponere
2535 2096 2589 2152 in
2642 2078 2897 2156 humeros
2926 2078 3489 2177 meiropolitanorum,

1900 2184 2045 2251 quod
2070 2183 2165 2237 tibi
2187 2185 2520 2253 conjunctim
2550 2185 2693 2241 idem
2718 2188 2920 2247 Lucius
2943 2196 3180 2263 scripsit,
3207 2199 3375 2268 digito
3398 2208 3493 2254 tuo

1902 2288 2122 2329 movere
2174 2274 2415 2330 noluisti.
2476 2276 2568 2331 Ait
2595 2279 2739 2333 enim
2769 2294 3171 2353 consequenter
3220 2288 3342 2343 sine
3377 2290 3483 2347 ulla

1900 2364 2344 2435 interpositione:
2372 2366 2625 2439 Episc0pi
2658 2385 2787 2427 vero
2805 2387 2899 2441 per
2915 2375 3156 2446 singulas
3179 2381 3489 2448 provincias

1899 2456 2212 2523 observent,
2247 2473 2316 2513 ne
2351 2461 2681 2527 posteriores
2726 2478 2785 2518 se
2832 2465 3107 2533 prioribus
3151 2470 3264 2525 suis
3287 2473 3486 2542 praefe-

1901 2554 2044 2610 rant,
2077 2561 2177 2601 nec
2201 2548 2282 2602 eis
2302 2547 2642 2615 inconsultis,
2672 2551 2775 2608 nisi
2817 2564 3080 2623 quantum
3109 2558 3175 2612 ad
3211 2562 3490 2630 propriam

1899 2637 2137 2706 pertinet
2187 2639 2523 2707 parochiam.
2581 2641 2782 2710 aliquid
2829 2656 3026 2713 agant:
3060 2648 3153 2702 sed
3190 2665 3381 2706 omnes
3416 2652 3486 2708 de

1900 2728 2279 2784 communibus
2327 2745 2517 2785 eorum
2576 2733 2759 2789 causis
2805 2751 3100 2792 consonam
3160 2742 3486 2797 sententiam

1898 2820 2179 2891 proferant
2203 2829 2260 2877 et
2281 2823 2663 2892 determineut,
2691 2829 2948 2895 quoniam
2967 2831 3127 2887 aliter
3151 2841 3286 2889 actae
3313 2835 3490 2892 nullas

1902 2914 2046 2970 vires
2096 2915 2393 2984 habebunt,
2438 2933 2541 2974 nec
2586 2919 2966 2978 ecclesiastica:
3002 2926 3417 2996 reputabuntur.
3462 2947 3483 2981 ι

1900 3001 2038 3071 Quia
2061 3005 2222 3076 igitur
2248 3008 2445 3077 partim
2466 3007 2684 3075 Lucius,
2704 3020 2897 3083 etpost
2917 3030 3040 3070 eum
3066 3016 3281 3086 plenius
3298 3018 3488 3075 Antio-

1901 3094 2061 3150 cheni
2087 3110 2323 3154 canones
2350 3100 2710 3156 decreverunt
2746 3105 2888 3174 (can.
2912 3106 3006 3178 9}:
3040 3127 3058 3159 ι
3091 3108 3162 3164 Ut
3202 3110 3489 3182 episcopus

1822 3173 1867 3235 C
1900 3192 2097 3256 printer
2134 3188 2610 3258 metropolitanum
2662 3173 2797 3249 nihil
2824 3173 2968 3267 agat,
3016 3199 3117 3255 nisi
3158 3173 3486 3259 ca-tant-um

1900 3291 2023 3346 qua:
2048 3278 2115 3333 ad
2137 3293 2292 3334 suam
2325 3283 2640 3351 parochiam
2673 3287 2969 3357 pertinent,
3005 3294 3487 3364 possessionesque

1899 3370 2196 3440 subjectas,
2222 3383 2281 3429 ut
2313 3386 2464 3446 regat
2500 3375 2655 3446 juxta
2679 3382 3040 3437 reverentiam
3065 3384 3293 3455 singulis
3332 3401 3486 3442 com.

1899 3476 2197 3534 petentem,
2228 3477 2284 3525 et
2308 3472 2701 3540 providentiam
2730 3478 3083 3555 geratpmnis
3103 3480 3483 3549 possessionis,

1901 3571 2020 3627 qua:
2043 3560 2143 3613 sub
2165 3558 2285 3628 ejus
2309 3570 2392 3615 est
2422 3572 2711 3630 potestate,
2734 3566 2808 3620 ita
2842 3575 2899 3620 ut
2924 3569 3271 3638 presbyteros
3292 3579 3349 3625 et
3369 3571 3484 3626 diae

1902 3661 2068 3702 conos
2097 3648 2332 3713 ordinet,
2362 3658 2421 3704 et
2439 3652 2649 3723 singula
2672 3670 2772 3710 suo
2795 3654 3004 3724 judicio
3032 3660 3485 3728 comprehendat,

1900 3736 2063 3790 debes
2092 3737 2279 3792 limate
2324 3740 2607 3796 attendere
2636 3744 2781 3811 quod
2838 3744 3071 3800 dicitur:
3107 3745 3484 3818 l’resbytcros,

1898 3825 2094 3896 inquit,
2129 3835 2186 3880 et
2212 3828 2468 3900 diaconos
2494 3831 2733 3898 ordinet,
2763 3842 2818 3888 et
2865 3848 2971 3889 non
3004 3837 3289 3892 cxordinet
3314 3854 3331 3892 :
3355 3840 3484 3909 quia

1899 3932 2036 3986 quos
2063 3908 2211 3974 solus
2249 3920 2538 3991 episcopus
2560 3924 2817 3981 ordinare
2843 3935 3018 3997 potes,
3050 3928 3220 3994 solus,
3266 3908 3385 3986 nisi
3419 3942 3481 3989 ut

1897 4009 2192 4064 venerandi
2220 4009 2506 4081 prmftgunt
2543 4027 2802 4081 canones,
2843 4031 2873 4070 a
2910 4018 3081 4074 sacris
3124 4018 3321 4075 ofticiis
3357 4020 3480 4077 sub-

1894 4113 2119 4155 movere
2140 4100 2224 4156 vel
2246 4103 2577 4173 suspendere
2596 4120 2938 4177 nequaquam
2959 4121 3131 4181 potes.
3157 4111 3224 4167 Et
3244 4112 3479 4186 singula,

1898 4194 2092 4267 inquit,
2133 4211 2238 4251 non
2263 4207 2444 4253 autem
2463 4202 2760 4271 generalia,
2793 4213 2883 4260 tuo
2896 4203 3102 4273 judicio
3124 4210 3480 4280 comprehen-

1896 4285 2018 4351 das,
2057 4302 2217 4356 quem
2271 4292 2524 4346 convenit
2559 4310 2720 4350 nosse
2757 4297 3234 4368 metropolitanum
3265 4301 3481 4372 episcoo

1896 4394 2021 4449 pum
2054 4380 2472 4438 sollicitudinem
2504 4385 2667 4441 totius
2698 4388 2988 4456 provinciae
3014 4405 3227 4461 gerere,
3255 4404 3476 4466 propter

1888 4470 2039 4540 quod
2077 4473 2143 4526 ad
2170 4475 2514 4546 metropolim
2542 4494 2734 4536 omnes
2764 4482 3001 4553 undique
3034 4486 3127 4553 qui
3163 4491 3376 4559 negotia
3400 4489 3481 4544 νία-

200 4555 513 4612 sollicitudo
531 4558 763 4626 pertinet
787 4560 952 4614 totius
964 4560 1275 4630 provinciae,
1294 4561 1450 4615 sedes
1471 4561 1787 4630 apostolica,
1820 4539 1870 4601 ί)
1896 4562 2096 4618 dentur
2117 4566 2321 4623 habere
2335 4539 2687 4625 concurrant.
2713 4592 2731 4623 ι
2750 4573 2818 4627 Ει
2844 4539 2951 4629 Leo
2968 4539 3069 4630 tibi
3094 4539 3425 4654 dicitiibid.)
3457 4594 3473 4636 :

201 4656 257 4704 et
284 4648 461 4703 sancti
485 4659 667 4718 patres
689 4650 881 4717 nostri,
905 4652 995 4721 qui
1024 4668 1148 4706 cum
1172 4650 1281 4705 Deo
1304 4652 1354 4705 in
1372 4651 1513 4706 coelo
1536 4661 1788 4723 regnant,

198 4747 260 4793 et
282 4738 341 4792 in
370 4738 531 4794 terris
560 4740 841 4796 miraculis
867 4751 1171 4807 coruscant,
1204 4743 1336 4813 quin
1366 4744 1481 4813 ipse
1509 4746 1792 4815 utprtemi-

198 4842 387 4881 seram
416 4827 665 4886 Salvator
685 4842 869 4887 noster
891 4833 1160 4899 dissolvit,
1187 4851 1254 4890 ex
1288 4836 1372 4890 his
1417 4851 1537 4906 qua;
1574 4837 1793 4905 provin-

198 4918 363 4973 cialis
381 4921 668 4992 episcopus
700 4934 889 4979 contra
917 4924 1230 4982 dillinitivas
1250 4937 1558 4983 sanctarum
1581 4928 1792 5000 regula-

201 5022 329 5062 rum
357 5013 655 5067 sententias
681 5014 933 5085 alligasti,
967 5028 1389 5088 quantacunque
1418 5030 1473 5075 et
1505 5022 1787 5091 qualicun-

193 5113 312 5166 que
347 5106 436 5153 tua
477 5109 534 5155 et
557 5103 878 5171 complicum
918 5115 1133 5162 tuorum
1172 5108 1583 5179 subscriptione
1632 5121 1787 5182 potes

197 5185 392 5257 ligare,
452 5204 553 5245 nec
604 5205 691 5257 ea,
718 5209 841 5263 quae
879 5197 1173 5252 secundum
1222 5199 1473 5269 praefixas
1519 5201 1789 5270 regnlasa

193 5280 410 5334 sanctis
451 5279 705 5339 Patribus
732 5284 861 5355 ligo,
888 5298 1041 5357 potes
1079 5289 1362 5345 absolvere
1390 5308 1404 5344 :
1438 5293 1564 5362 quia
1598 5302 1655 5347 ut
1680 5293 1788 5350 Ge-

195 5368 373 5425 lasius
398 5371 451 5426 in
481 5373 717 5432 decretis
763 5379 876 5433 suis
906 5379 1061 5446 dicit,
1113 5380 1276 5437 veluti
1324 5391 1478 5452 potes
1528 5385 1582 5439 in
1630 5385 1790 5452 libro,

192 5475 365 5528 quem
397 5463 493 5518 tibi
538 5475 666 5522 ante
693 5467 869 5524 altare
916 5480 1120 5526 sanctae
1161 5471 1346 5529 Mariae
1374 5474 1425 5529 iu
1464 5474 1553 5530 die
1571 5476 1792 5532 ordina-

196 5551 371 5606 tionis
401 5562 507 5609 tuze
529 5559 798 5623 commisi,
833 5559 1070 5632 relegere
1099 5581 1112 5617 :
1143 5562 1371 5618 Inferior
1412 5565 1676 5635 pctiorem
1701 5566 1791 5622 ab-

192 5642 413 5697 solvere
434 5660 539 5700 nou
568 5656 765 5717 potest,
801 5651 979 5721 potior
1002 5662 1181 5707 autem
1221 5654 1535 5711 inferiorem
1589 5671 1784 5712 conse-

188 5744 432 5805 quenter
474 5739 725 5796 absolvit.
757 5741 989 5799 Proinde
1016 5744 1289 5801 inferioris
1317 5746 1421 5803 loci
1470 5748 1780 5819 pontifices,

1901 4669 1919 4701 ι
1962 4650 2227 4719 Quoniam
2259 4655 2311 4709 in
2343 4658 2545 4723 causis,
2581 4674 2702 4729 quae
2741 4662 2809 4716 ad
2840 4665 3147 4733 generalem
3185 4650 3479 4725 observan-

1897 4744 2025 4799 tiam
2071 4747 2349 4816 pertinent
2401 4750 2644 4804 omnium
2675 4752 2889 4809 Domini
2945 4758 3311 4831 sacerdotum,
3345 4762 3478 4816 nihil

1894 4835 2013 4890 sine
2063 4837 2385 4906 primatibus
2441 4850 2656 4911 oportet
2708 4843 2938 4914 impleri.
2976 4867 2996 4900 ι
3049 4849 3117 4903 Et
3144 4849 3343 4906 Lucius
3381 4850 3476 4906 tibi

1895 4936 2023 4982 ante
2089 4927 2324 4984 Leonem
2366 4932 2635 4999 prtedixit,
2694 4937 2837 5005 quod
2890 4945 2945 4993 et
2998 4954 3234 4995 canones
3282 4940 3478 4997 Africae

1893 5017 2188 5086 provincia:
2247 5022 2481 5078 dicunt:
2524 5045 2542 5076 ι
2578 5024 2657 5081 Ne
2719 5030 2826 5083 tuis
2876 5032 3149 5102 prioribus
3200 5032 3476 5089 inconsul-

1896 5111 1986 5176 tis,
2041 5112 2144 5166 nisi
2217 5122 2479 5183 quantum
2549 5116 2616 5172 ad
2695 5122 2970 5191 propriam
3021 5123 3257 5192 pertinet
3311 5140 3472 5195 paro-

1893 5205 2106 5270 cbiam,
2164 5206 2370 5276 aliquid
2416 5225 2571 5280 agas,
2620 5215 2875 5282 quoniam
2905 5214 3063 5270 aliter
3116 5223 3253 5271 actae
3299 5217 3474 5273 nullas
3558 5199 3575 5209 ’

1892 5295 2039 5349 vires
2069 5295 2374 5362 habebunt,
2427 5312 2528 5353 nec
2563 5300 2945 5358 ecclesiasticae
3002 5303 3411 5375 reputabuntur.
3447 5324 3469 5361 ο

1896 5384 2029 5453 Quia
2076 5402 2206 5458 ergo
2255 5388 2343 5442 illa
2397 5404 2517 5460 qua:
2563 5391 2704 5447 male
2741 5403 2931 5449 contra
2971 5396 3335 5467 evangelicam
3381 5411 3457 5454 ve'

1900 5474 2138 5542 ritatem,
2166 5486 2223 5532 et
2248 5480 2602 5547 apostolicam
2630 5484 3030 5549 auctoritatem,
3053 5495 3355 5556 contraque
3381 5501 3467 5542 sa-

1897 5580 2115 5621 crorum
2178 5582 2449 5623 canonum
2520 5579 2577 5625 et
2637 5573 2946 5641 apostolica:
2999 5576 3143 5631 sedis
3213 5578 3451 5634 constitu

1894 5656 2093 5723 tiones,
2120 5659 2236 5713 sine
2266 5659 2494 5716 concilio
2534 5663 2950 5734 metropolitani,
2981 5666 3034 5720 in
3065 5683 3173 5737 quo
3204 5668 3300 5723 tibi
3339 5684 3453 5724 con

1892 5751 2098 5806 sentire
2128 5766 2233 5807 non
2260 5751 2470 5819 debuit,
2493 5753 2631 5810 sicut
2656 5771 2757 5812 nec
2773 5755 2924 5824 fecit,
2948 5758 3146 5830 ligasti,
3179 5760 3463 5816 secundun
