3948 5376
144 371 266 430 ηδ

933 368 1177 430 OPUSC.
1217 369 1308 428 ET
1346 369 1567 428 EPIST.
1606 369 1675 428 ΙΝ
1707 371 1723 426 1

1825 369 1937 430 JSA
1975 369 2309 431 ιιιΝαιιΑιιι
2342 369 2646 429 LAUDUN.
2732 354 2748 364 ‘

3316 376 3426 433 496

143 486 217 542 ad
246 485 478 559 pretium
503 483 893 552 ordinantium,
916 484 1140 542 dextera
1162 494 1248 542 est
1270 482 1591 556 iniquitatis.
1619 479 1729 538 Sed
1753 485 1810 548 Α
1830 481 1966 539 foris
1995 496 2208 554 quoque
2236 482 2327 539 diu
2373 493 2519 540 stare
2565 497 2671 539 non
2705 482 2925 553 poterit.
2971 482 3189 544 Scimus
3225 489 3424 561 quippe

141 591 200 638 et
225 581 444 652 quando
468 579 583 637 haec
617 580 686 636 de
727 587 780 636 te
819 579 1031 646 audivi,
1061 587 1118 636 et
1157 594 1188 634 a
1231 578 1432 634 domno
1458 591 1586 649 rege
1618 575 1735 632 haec

140 674 442 744 requisisse
462 671 711 745 cognovi,
725 671 823 727 tibi
841 680 898 727 et
915 671 1228 742 praescripta
1245 670 1411 726 verba
1424 667 1569 726 beati
1605 667 1736 724 Gre-

138 767 282 838 gorii
309 765 436 831 dixi,
469 775 525 822 et
545 767 660 822 haec
675 781 796 836 quae
811 765 1211 837 subsequuntur
1231 762 1504 819 inculcare
1521 761 1730 828 curavi,

138 857 343 928 quibus
389 857 446 912 in
485 856 706 913 homilia
744 855 1017 928 Evangelii
1065 855 1340 926 trigesima
1373 869 1519 912 nona
1550 853 1730 909 dicit:

144 970 164 1003 ι
204 950 506 1023 Ingressus,
535 950 732 1021 inquit,
759 948 1019 1005 Dominus
1056 947 1213 1004 Jesus
1251 947 1506 1018 templum
1525 988 1542 1014 ,
1568 947 1735 1019 cmpit

137 1040 342 1109 ejicere
368 1042 664 1097 vendentes
692 1049 747 1096 et
767 1050 1008 1096 ementes
1024 1040 1092 1096 de
1117 1039 1210 1095 illo
1237 1038 1389 1110 (Luc.
1419 1038 1556 1110 χιχ).
1578 1037 1735 1094 Sicut
1763 1089 1782 1109 ,

141 1132 404 1204 templum
435 1133 528 1189 Dei
577 1132 633 1188 in
668 1132 889 1187 civitate
935 1140 1046 1196 est,
1085 1131 1161 1187 ita
1191 1142 1247 1187 et
1291 1131 1346 1186 in
1384 1131 1540 1202 plebe
1559 1129 1731 1202 .fideli

137 1225 255 1280 vita
291 1225 685 1298 religiosorum.
715 1225 784 1280 Et
812 1239 956 1295 saepe
986 1223 1228 1280 nonnulli
1269 1223 1548 1296 religionis
1578 1221 1732 1278 habi-

138 1325 258 1372 tum
313 1325 571 1383 sumunt,
625 1325 682 1372 et
732 1316 858 1372 dum
914 1330 1196 1372 sacrorum
1253 1315 1503 1372 ordinum
1553 1314 1730 1370 locum

135 1408 466 1480 percipiunt,
497 1415 700 1464 sanctte
729 1479 734 1481 _
764 1407 1042 1478 religionis
1089 1405 1322 1464 officium
1364 1407 1418 1462 in
1457 1421 1726 1461 commer—

136 1502 284 1559 cium
304 1510 532 1558 terrenae
551 1499 930 1573 negotiationis
945 1499 1188 1556 trahunt.
1205 1498 1516 1555 Vendentes
1527 1497 1728 1568 quippe

137 1592 192 1648 in
231 1592 428 1663 templo
448 1601 594 1659 sunt,
617 1593 709 1662 qui
732 1593 836 1648 hoc
849 1592 993 1663 quod
1015 1591 1339 1662 quibusdam
1362 1590 1488 1661 jure
1510 1604 1730 1661 compe-

137 1683 234 1749 tit,
262 1683 328 1737 ad
357 1683 640 1754 praemium
674 1681 996 1754 largiuntur.
1013 1679 1289 1737 Justitiam
1322 1680 1466 1737 enim
1487 1679 1728 1735 vendere

135 1782 246 1841 est,
279 1775 418 1831 hanc
459 1790 557 1845 pro
583 1775 791 1845 praemii
843 1773 1156 1846 acceptione
1199 1788 1440 1830 servare.
1470 1773 1724 1829 Ementes

1836 591 1906 632 ex
1954 575 2243 648 Evangelio
2265 616 2279 641 ,
2315 577 2443 648 quid
2497 576 2825 648 Redemptor
2870 587 3054 635 noster
3076 595 3176 652 per
3220 589 3424 644 semet-

1836 667 2013 738 ipsum
2062 666 2273 732 fecerit,
2326 668 2454 738 quia
2501 669 2780 742 ingressus
2822 672 3082 742 templum
3132 673 3429 731 cathedras

1834 759 2184 815 vendentium
2214 759 2492 816 columbas
2534 761 2749 818 evertit.
2774 761 3066 819 Columbas
3094 763 3239 820 enim
3284 778 3422 821 ven-

1835 852 1966 909 dere
1988 861 2090 917 est,
2116 853 2184 908 de
2228 852 2434 924 Spiritu
2482 863 2697 922 sancto,
2722 869 2884 926 quem
2910 855 3053 912 Deus
3077 857 3425 928 omnipotens

1834 945 2350 1002 consubstantialem
2405 945 2508 1001 sibi
2555 963 2653 1018 per
2707 948 3111 1020 impositionem
3165 965 3424 1007 manuum

1834 1037 2144 1093 hominibus
2170 1036 2378 1104 tribuit,
2406 1040 2747 1095 commodum
2785 1039 3081 1110 temporale
3117 1041 3422 1112 percipere.

1834 1129 1913 1186 Εχ
1939 1146 2067 1202 quo,
2082 1139 2141 1186 ut
2162 1131 2409 1202 praedixi,
2431 1131 2574 1188 malo
2594 1132 2706 1203 jam
2727 1132 2970 1189 innuitur
2986 1134 3118 1206 quid
3141 1143 3422 1208 sequatur,

1833 1226 1960 1296 quia
1987 1226 2080 1296 qui
2112 1227 2168 1282 in
2199 1226 2398 1299 templo
2443 1225 2542 1282 Dei
2568 1226 2848 1284 columbas
2870 1228 3109 1285 vendere
3155 1244 3421 1300 pmsum-

1831 1330 2079 1390 pserunt,
2105 1335 2293 1378 eorum
2317 1321 2428 1378 Deo
2447 1321 2631 1392 judice
2653 1322 2925 1378 cathedrae
2953 1332 3298 1379 corruerunt.
3317 1322 3422 1391 Qui

1831 1411 2086 1468 videlicet
2107 1427 2263 1468 error
2288 1413 2342 1468 in
2364 1413 2597 1471 subditis
2646 1430 2772 1471 cum
2818 1425 3111 1487 augmento
3153 1429 3418 1487 propaga-

1831 1509 1940 1558 tur.
1973 1501 2109 1557 Nam
2138 1503 2252 1574 ipse
2277 1520 2511 1576 quoque,
2539 1506 2629 1575 qui
2659 1506 2883 1578 praemio
2908 1508 2976 1562 ad
3006 1521 3223 1563 sacrum
3249 1507 3424 1563 hono-

1830 1608 1946 1649 rem
1977 1595 2311 1664 perducitur,
2356 1595 2469 1665 jam
2516 1597 2571 1652 in
2621 1596 2738 1666 ipsa
2791 1606 3080 1667 provectus
3118 1598 3202 1654 sui
3241 1598 3426 1654 radice

1828 1687 2071 1754 vitiatus,
2101 1689 2343 1759 paratior
2367 1697 2452 1745 est
2485 1689 2609 1745 aliis
2638 1690 2952 1747 venundare
2992 1691 3136 1763 quad
3163 1691 3294 1747 emit
3319 1708 3336 1758 ;
3369 1700 3427 1747 et

1827 1777 1919 1833 ubi
1943 1787 2028 1835 est
2055 1781 2199 1850 quod
2246 1779 2512 1852 scriptum
2539 1789 2665 1837 est:
2700 1780 2879 1837 Gratis
2916 1784 3220 1854 accepistis,
3261 1784 3426 1854 gratis

136 1879 271 1920 vero
290 1864 344 1918 in
372 1863 571 1935 templo
593 1873 739 1930 sunt,
761 1863 854 1935 qui
877 1864 1003 1920 dum
1027 1865 1129 1920 hoc
1150 1864 1458 1934 persolvere
1477 1863 1725 1935 proximo
1751 1863 1805 1929 Β
1827 1871 1949 1926 date
1970 1872 1996 1926 2
2018 1870 2237 1942 (Matth.
2265 1872 2348 1944 χ.)
2377 1873 2444 1928 Et
2470 1889 2593 1929 cum
2614 1875 2792 1945 primo
2820 1883 3010 1931 contra
3034 1882 3278 1932 sanctam
3323 1874 3426 1930 Ec-

135 1953 510 2026 quodjustum
550 1963 629 2025 est
664 1955 874 2022 nolunt,
929 1955 1165 2026 dumque
1190 1971 1305 2012 rem
1337 1955 1461 2028 jure
1489 1956 1727 2013 debitam

133 2049 322 2107 facere
369 2057 758 2114 contemnunt,
808 2048 936 2105 dato
983 2048 1226 2121 patronis
1274 2049 1496 2119 praemio
1541 2057 1727 2104 emunt

131 2154 440 2217 peccatum.
473 2143 679 2212 Quibus
719 2144 858 2201 bene
885 2143 1120 2199 dicitur:
1152 2143 1352 2198 Domus
1395 2158 1512 2198 mea
1539 2141 1726 2197 domus

133 2245 397 2298 orationis
416 2251 514 2309 est,
540 2259 630 2297 vos
653 2249 825 2296 autem
847 2239 1043 2309 fecistis
1064 2237 1216 2294 illam
1235 2238 1539 2310 speluncam
1561 2237 1724 2292 latro-

131 2352 261 2390 num
291 2335 428 2406 (ιω.
485 2335 617 2406 LVI)
653 2353 666 2389 :
697 2334 825 2404 quia
877 2334 1002 2388 dum
1047 2347 1438 2404 nonnunquam
1482 2332 1726 2403 perversi

131 2426 386 2482 homines
441 2427 621 2483 locum
653 2423 932 2496 religionis
976 2431 1200 2491 tenent,
1251 2423 1326 2480 ibi
1368 2421 1586 2479 malitiae
1617 2436 1727 2478 sua

127 2517 327 2590 gladiis
363 2517 640 2583 occidunt,
691 2516 784 2573 ubi
830 2515 1106 2571 viviﬁcare
1147 2514 1423 2586 proximos
1465 2514 1726 2570 orationis

127 2625 244 2666 sua:
265 2611 658 2667 intercessione
703 2609 1026 2666 debuerunt.
1062 2627 1082 2662 ι
1119 2609 1185 2664 Ει
1233 2609 1363 2664 item
1405 2609 1460 2664 in
1502 2609 1725 2665 bomilia

125 2713 360 2774 quarta:
381 2722 400 2757 ι
418 2701 618 2771 Gratis,
635 2702 1100 2774 inquitDominus,
1117 2702 1587 2774 accepistis,gratis
1607 2702 1726 2757 date

124 2795 356 2867 (Matth.
383 2797 459 2869 χ).
488 2795 812 2852 Praesciebat
837 2810 1070 2866 namque
1101 2795 1388 2852 nonnullos
1418 2796 1521 2851 hoc
1545 2795 1724 2864 ipsum

121 2890 338 2945 donum
368 2890 573 2961 accepti
607 2888 844 2959 Spiritus
871 2889 925 2943 in
947 2903 1103 2943 usum
1149 2887 1530 2960 negotiationis
1566 2885 1723 2942 intle-

118 2991 308 3048 ctere,
339 2991 393 3038 et
413 2981 799 3038 miraculorum
825 2981 982 3052 signa
1024 2981 1092 3035 ad
1115 2981 1358 3036 avaritiae
1403 2979 1722 3050 obsequium

119 3075 427 3132 declinare.
457 3075 596 3132 Hinc
620 3085 701 3132 est
731 3075 875 3130 enim
902 3074 1048 3146 quod
1076 3073 1264 3129 Simon
1294 3088 1393 3144 per
1419 3073 1722 3144 impositio-

116 3185 252 3226 nem
284 3185 478 3225 manus
507 3168 654 3225 edita
704 3167 965 3225 miracula
1007 3167 1415 3238 concupiscens,
1445 3166 1723 3237 percipere

115 3261 337 3318 donum
389 3260 628 3330 Spiritus
679 3260 855 3316 sancti
901 3259 1128 3328 pecunia
1171 3257 1362 3322 voluit,
1410 3255 1620 3312 scilicet
1663 3265 1726 3312 ut

113 3351 374 3409 deterius
401 3349 657 3406 venderet
705 3349 850 3420 quod
883 3348 1022 3404 male
1050 3330 1440 3418 comparasset.
1485 3346 1624 3403 Hinc
1655 3349 1724 3404 de

113 3444 331 3514 templo
361 3443 692 3514 Redemptor
714 3453 895 3500 noster
937 3441 1148 3514 flagello
1187 3442 1255 3498 de
1280 3440 1550 3497 resticulis
1578 3439 1723 3498 facto

110 3533 319 3589 turbas
345 3532 527 3602 ejecit,
557 3534 844 3588 cathedras
881 3532 1228 3588 vendentium
1262 3531 1542 3588 columbas
1569 3545 1723 3586 ever-

107 3625 202 3680 tit.
271 3622 565 3678 Columbas
613 3623 809 3693 quippe
856 3623 1096 3678 vendere
1144 3631 1269 3686 est,
1321 3622 1720 3690 impositionem

104 3729 343 3774 manus,
371 3727 476 3782 qua
507 3711 742 3782 Spiritus
788 3719 1008 3768 sanctus
1051 3711 1340 3781 accipitur,
1367 3726 1474 3766 non
1504 3712 1573 3766 ad
1597 3712 1723 3769 vita:

105 3801 410 3863 meritum,
459 3801 554 3857 sed
581 3801 651 3856 ad
691 3801 971 3871 praemium
995 3800 1144 3856 dare.
1173 3797 1280 3856 Sed
1307 3809 1435 3856 sunt
1458 3801 1719 3870 nonnulli,

108 3897 213 3968 qui
251 3893 474 3964 quidem
503 3909 846 3950 nummorum
867 3893 1091 3966 prmmia
1129 3909 1197 3950 ex
1242 3893 1584 3950 ordinatione
1611 3911 1722 3952 non

109 3989 440 4060 accipiunt,
491 3998 550 4044 et
597 3997 777 4046 tamen
833 4005 1020 4046 sacros
1072 3989 1294 4046 ordines
1334 4004 1435 4060 pro
1482 3990 1722 4047 humana

112 4081 302 4156 gratia
345 4081 651 4154 largiuntur
675 4123 690 4149 ,
723 4094 887 4154 atque
933 4083 1000 4138 de
1029 4080 1280 4154 largitate
1319 4081 1509 4138 eadem
1546 4082 1722 4138 laudis

113 4173 465 4229 solummodo
518 4173 929 4230 retributionem
977 4179 1246 4243 quaerunt.
1301 4171 1369 4227 lli
1425 4171 1714 4236 nimirum,

113 4263 274 4336 quod
304 4265 471 4335 gratis
501 4273 778 4336 acceptum
809 4273 916 4330 est,
943 4265 1112 4338 gratis
1156 4279 1262 4319 non
1295 4263 1560 4329 tribuunt,
1591 4265 1718 4336 quia

113 4357 187 4410 de
221 4355 468 4424 impenso
513 4353 687 4412 ofﬁcio
737 4355 1044 4412 sanctitatis
1077 4370 1358 4410 nummum
1390 4355 1593 4410 favoris
1625 4369 1720 4410 ex-

111 4454 340 4517 petunt.
389 4445 540 4502 Unde
575 4446 715 4502 bene
753 4461 877 4501 cum
917 4445 1124 4516 justum
1172 4445 1348 4499 virum
1387 4444 1720 4502 describeret

114 4533 400 4604 Propheta
421 4536 528 4590 ait:
550 4536 654 4603 Qui
679 4537 874 4591 excutit
899 4552 1086 4590 manus
1105 4553 1230 4590 suas
1253 4535 1318 4590 ab
1341 4535 1484 4592 omni
1505 4552 1718 4592 munere

116 4626 172 4698 (I
177 4643 267 4680 sa.
295 4636 506 4697 χχχιιι).
529 4627 714 4698 Neque
728 4629 871 4682 enim
885 4626 1129 4696 dicit,qui
1150 4627 1357 4682 excutit
1380 4640 1574 4682 manus
1590 4642 1716 4685 suas

117 4734 148 4774 a
183 4733 434 4785 munere,
489 4720 583 4776 sed
609 4715 910 4790 'adjunxit,
960 4721 1027 4774 ab
1065 4722 1254 4775 omni:
1281 4719 1410 4790 quia
1458 4719 1604 4776 aliud
1632 4730 1719 4778 est

119 4827 329 4867 munus
371 4813 439 4868 ab
490 4814 784 4886 obsequio,
829 4812 972 4868 aliud
1018 4827 1214 4867 munus
1263 4827 1294 4867 a
1325 4828 1520 4879 manu,
1567 4813 1713 4869 aliud

118 4919 331 4960 munus
379 4920 408 4959 a
446 4905 650 4978 lingua.
695 4905 886 4961 Munus
935 4904 1136 4975 quippe
1179 4903 1248 4958 ab
1295 4904 1557 4976 obsequio
1586 4913 1706 4972 est,

120 4995 392 5066 subjectio
417 4996 654 5053 indebite
680 4997 938 5066 impensa,
963 5010 1160 5051 munus
1181 5010 1213 5050 a
1248 5011 1430 5062 manu,
1453 4997 1703 5068 pecunia,

121 5104 329 5145 munus
371 5105 400 5144 a
451 5090 663 5163 lingua,
709 5089 878 5145 favor.
929 5089 1033 5158 Qui
1071 5103 1201 5162 ergo
1251 5105 1437 5148 sacros
1493 5089 1714 5149 ordines

122 5178 342 5242 tribuit,
370 5187 494 5236 tunc
521 5183 590 5236 ab
609 5180 754 5236 omni
778 5195 1004 5238 munere
1030 5196 1224 5237 manus
1245 5183 1467 5248 excutit,
1497 5184 1712 5251 quando

119 5268 176 5322 in
208 5265 410 5323 divinis
451 5271 612 5325 rebus
654 5283 758 5322 non
797 5269 974 5327 solum
1003 5271 1205 5328 nullam
1258 5274 1574 5343 pecuniam,
1615 5275 1710 5329 sed

1825 1962 2045 2020 clesiam
2073 1965 2370 2021 simoniaca
2416 1966 2642 2022 haeresis
2671 1967 2745 2024 sit
2770 1976 2981 2034 exorta,
3010 1983 3110 2024 cur
3148 1983 3258 2024 non
3299 1982 3427 2038 per-

1824 2056 2110 2126 penditur,
2143 2074 2242 2115 cur
2292 2074 2400 2115 non
2446 2059 2694 2127 videtur,
2747 2061 2874 2131 quia
2907 2077 3053 2128 eum,
3089 2077 3253 2132 quem
3301 2061 3426 2131 quis

1825 2164 1951 2205 cum
1979 2151 2156 2220 pretio
2184 2151 2423 2219 ordinat,
2474 2152 2821 2223 provehendo
2860 2154 2974 2223 agit
3024 2163 3086 2209 ut
3133 2153 3427 2210 haereticus

1827 2238 2140 2308 ﬁatiQuia
2191 2242 2356 2314 igitur
2407 2243 2549 2299 hanc
2599 2243 3046 2301 nefandissimam
3091 2247 3423 2316 pravitatem

1825 2334 2148 2392 universalis
2175 2336 2396 2392 damnat
2417 2336 2679 2404 Ecclesia,
2707 2337 2992 2393 hortamur
3022 2336 3423 2394 fraternitatem

1825 2437 2086 2495 vestram,
2119 2438 2179 2484 ut
2203 2438 2314 2486 tam
2345 2431 2665 2488 detestabile
2687 2439 2744 2486 et
2774 2431 3012 2486 immane
3040 2439 3327 2502 peccatum
3351 2430 3424 2490 de

1823 2514 1959 2573 locis
1997 2520 2272 2587 omnibus,
2297 2535 2420 2591 quae
2464 2523 2565 2578 sub
2596 2537 2658 2578 se
2687 2531 2853 2588 sunt,
2884 2521 3268 2580 sollicitudinis
3310 2537 3424 2580 sum

1825 2619 2136 2679 compescat
2189 2587 2442 2668 omnibus
2489 2613 2666 2670 modis
2707 2587 2984 2670 instantia.
3036 2614 3175 2670 Nam
3220 2617 3265 2672 si
3291 2616 3426 2686 quid
3505 2696 3518 2700 _
3555 2587 3565 2596 1

1827 2709 1935 2763 tale
1961 2707 2221 2779 deinceps
2249 2709 2370 2765 fieri
2401 2710 2752 2777 senserimus,
2778 2709 2893 2780 jam
2923 2725 3031 2767 non
3073 2711 3255 2767 verbis
3276 2751 3292 2778 ,
3323 2713 3424 2767 sed

1825 2799 2091 2856 canonica
2119 2799 2326 2856 ultione
2348 2802 2704 2873 corrigemus,
2728 2812 2784 2858 et
2811 2804 2878 2859 de
2905 2803 3090 2869 vobis,
3119 2803 3264 2873 quod
3311 2817 3422 2859 non

1825 2899 2082 2961 oportet,
2146 2891 2292 2947 aliud
2344 2893 2665 2963 incipiemus
2720 2893 2921 2951 habere
2957 2894 3243 2966 judicium.
3278 2894 3424 2954 ›.Ει

1824 2982 1953 3039 hinc
1999 2983 2056 3039 in
2105 2984 2290 3040 multis
2332 2985 2576 3055 epistolis
2605 2987 2720 3043 suis
2774 2989 2843 3044 ad
2893 2987 3092 3044 multos
3140 2987 3424 3058 episcopos

1828 3073 2088 3130 terribilia
2117 3085 2171 3131 et
2190 3077 2414 3147 grandia
2435 3077 2676 3148 scripsit,
2708 3093 2829 3149 quae
2850 3093 2949 3149 per
2971 3088 3024 3135 te
3049 3079 3103 3135 in
3133 3080 3248 3135 suis
3285 3077 3422 3134 locis

1825 3165 2008 3238 legere
2034 3177 2213 3238 potes,
2241 3177 2298 3224 et
2330 3183 2528 3226 cavere
2561 3171 2747 3227 debes.
2793 3171 2918 3227 Dixi
2947 3172 3112 3228 etiam
3144 3171 3263 3235 tibi,
3291 3171 3423 3242 quia

1827 3258 1993 3314 verba
2017 3257 2134 3325 Dei,
2157 3273 2280 3330 qua:
2300 3268 2524 3317 sanctus
2545 3259 2739 3317 Petrus
2759 3262 3126 3333 apostolorum
3145 3264 3421 3336 princeps,

1825 3351 1918 3422 qui
1949 3351 2092 3407 hanc
2142 3350 2396 3408 haeresim
2440 3353 2496 3408 in
2545 3352 2768 3410 Simone
2821 3370 2979 3426 mago
3029 3345 3336 3421 damnavit,
3369 3357 3425 3413 in

1823 3459 2018 3500 omnes
2045 3459 2114 3502 ex
2153 3454 2282 3502 tunc
2311 3454 2367 3502 et
2402 3462 2570 3514 nunc,
2598 3456 2654 3503 et
2685 3463 2856 3517 usque
2900 3450 2954 3504 in
2998 3450 3163 3505 tinem
3211 3451 3422 3517 saeculi,

1821 3533 2064 3590 veridica
2110 3544 2166 3590 et
2210 3535 2449 3591 valentia
2495 3545 2835 3606 permanent.
2885 3537 2953 3592 Et
2990 3539 3151 3593 sicuti
3177 3555 3300 3594 cum
3330 3540 3424 3595 illo

1822 3623 2052 3693 pecunia
2080 3626 2418 3687 suaexstitit
2447 3626 2500 3679 in
2536 3625 3010 3696 perditionem,ita
3040 3640 3097 3684 et
3117 3643 3307 3687 omnes
3328 3633 3424 3702 qui

1824 3712 1954 3767 hinc
1981 3727 2206 3769 munera
2254 3714 2388 3770 dant
2411 3715 2498 3770 vel
2530 3716 2824 3787 accipiunt,
2873 3719 2976 3775 nisi
3027 3719 3245 3791 dignam
3298 3723 3422 3780 inde

1822 3805 2201 3877 paenitentiam
2226 3809 2458 3881 egerint,
2484 3809 2539 3865 in
2569 3810 2873 3882 perditione
2897 3821 2954 3869 et
2984 3823 3205 3870 manent
3225 3824 3281 3871 et
3302 3818 3420 3872 sine

1824 3898 1932 3953 fine
1963 3900 2276 3956 manebunt.
2305 3900 2374 3956 Et
2405 3916 2529 3957 cum
2558 3913 2789 3976 uterque
2817 3906 2927 3963 sint
2972 3908 3242 3977 haeretici,
3270 3910 3420 3966 scili-

1821 4002 1930 4059 cet,
1960 4001 2016 4048 et
2036 3993 2128 4063 qui
2152 4009 2252 4065 pro
2277 3995 2625 4066 impositione
2666 4013 2860 4055 manus
2899 4002 3135 4071 pretium
3179 4003 3417 4072 donant,

1819 4093 1876 4140 et
1900 4084 1994 4154 qui
2024 4101 2220 4142 munus
2245 4087 2558 4158 accipiunt,
2587 4097 2740 4144 reatu
2766 4097 2948 4146 tamen
2995 4091 3200 4162 majore
3244 4094 3418 4151 delin-

1819 4173 1960 4244 quit,
1993 4175 2088 4245 qui
2136 4176 2348 4246 potiore
2377 4177 2586 4235 honore
2621 4179 2937 4251 perfruitur,
2987 4184 3114 4253 quia
3166 4187 3418 4256 graviora

1819 4265 1952 4320 facit
1978 4266 2110 4322 vitia
2135 4277 2482 4338 peccatorum
2520 4271 2830 4329 sublimitas
2861 4273 3204 4345 dignitatum.
3230 4276 3298 4332 Et
3326 4279 3420 4336 det

1818 4359 2080 4415 Dominus
2108 4367 2167 4414 ut
2190 4376 2296 4416 non
2323 4361 2434 4416 sint
2461 4378 2588 4419 vera
2613 4404 2629 4430 ,
2659 4379 2780 4434 quae
2819 4381 2919 4436 per
2953 4367 3152 4424 multos
3195 4385 3260 4424 ex
3313 4371 3418 4428 hoc

1819 4452 1886 4507 de
1922 4460 1974 4506 te
1996 4451 2177 4516 audio,
2211 4460 2266 4508 et
2293 4455 2535 4511 obtestor
2559 4465 2613 4512 te
2653 4471 2752 4526 per
2773 4469 3017 4516 sanctam
3042 4472 3100 4518 et
3130 4463 3416 4532 insepara-

1819 4539 1983 4597 bilem
2012 4540 2356 4608 Trinitatem,
2400 4555 2456 4602 et
2479 4563 2577 4619 per
2601 4564 2821 4606 crucem
2856 4561 2913 4608 et
2940 4554 3259 4627 sanguinem
3284 4555 3416 4612 Jesu
3451 4568 3458 4576 '

1821 4633 2046 4702 Christi,
2073 4633 2304 4690 FiliiDei
2330 4635 2474 4705 vivi,
2502 4653 2569 4695 ex
2592 4655 2718 4710 quo,
2750 4651 2806 4698 et
2835 4659 2867 4698 a
2889 4661 3020 4715 quo,
3043 4658 3100 4702 et
3125 4660 3223 4716 per
3251 4659 3417 4713 quem
3519 4697 3528 4706 .

1817 4726 1996 4781 omnis
2022 4725 2368 4796 episcopatus
2385 4729 2788 4788 ecclesiasticus
2826 4737 2968 4806 cepit
2996 4735 3321 4797 exordium,
3361 4745 3424 4792 et

1815 4833 1913 4887 per
1931 4819 2106 4892 ipsum
2125 4826 2374 4875 sanctum
2390 4820 2680 4895 Spiritum,
2695 4826 2786 4896 qui
2805 4829 3038 4885 maxime
3051 4828 3106 4883 in
3120 4825 3430 4885 ordinatio—

1812 4912 1975 4968 nibus
2001 4920 2281 4981 operatur,
2307 4921 2364 4967 et
2387 4931 2487 4986 per
2506 4931 2725 4975 omnem
2757 4931 3068 4978 sanctorum
3097 4915 3438 4987 angelorum

1810 5003 2082 5068 militiam,
2110 5018 2174 5058 ac
2201 5016 2300 5072 per
2345 5019 2598 5069 sanctam
2626 5011 2868 5068 omnium
2897 5012 3198 5068 electorum
3234 5002 3451 5065 Eccle-

1817 5096 1956 5151 δίεπ’
1980 5094 2346 5165 conscriptam
2376 5098 2438 5158 in
2470 5103 2646 5167 caelis,
2667 5108 2723 5154 et
2742 5117 2835 5171 per
2859 5103 3099 5158 futurum
3133 5091 3461 5166 iudieillm,

1816 5201 1925 5258 quo
1945 5185 2192 5243 Christus
2237 5187 2428 5249 veniet
2483 5194 2728 5270 judicare
2776 5194 2925 5250 vivos
2962 5201 3019 5250 et
3055 5191 3325 5246 mortuos,
3386 5201 3474 5247 et

1814 5278 2070 5334 sreculum
2092 5291 2191 5347 per
2210 5276 2396 5346 ignem
2424 5328 2444 5354 ,
2481 5297 2538 5346 et
2565 5279 2793 5341 reddere
2812 5283 3105 5351 unicuique
3128 5270 3477 5336 secundum
