3948 5376
459 440 565 500 427

462 561 633 628 Quam
656 559 1072 615 obtestationem
1101 573 1208 613 non
1237 570 1374 610 nova
1412 541 1830 626 przcsumptione
1852 560 2037 608 exero,
2069 545 2119 603 Α

464 653 561 708 sed
591 668 689 723 pro
729 651 944 708 modulo
973 666 1091 706 meo
1118 650 1262 706 beati
1287 647 1440 705 Pauli
1481 661 1677 716 sequor
1714 640 2039 711 exemplum,

467 743 757 800 scribentis
782 742 849 798 ad
888 741 1262 805 Timotheum,
1304 755 1464 812 quem
1487 738 1740 809 juvenem
1777 731 2047 790 ordinavit

467 835 806 904 Episcopum,
834 835 958 890 licet
985 851 1090 890 non
1115 835 1181 890 de
1212 834 1315 889 hac
1345 847 1507 888 causa
1529 872 1544 897 ,
1581 829 1672 885 sed
1705 828 1770 882 de
1799 826 1939 891 aliis,
1983 824 2050 879 de

470 925 666 995 quibus
693 925 1057 980 necessarium
1101 923 1274 990 duxit,
1307 921 1612 992 huiusmodi
1639 918 2053 976 obtestationem

471 1014 698 1070 exeruit.
730 1013 892 1084 Cujus
922 1016 1100 1079 verba,
1127 1031 1223 1085 per
1253 1029 1413 1084 quem
1444 1012 1654 1067 locutus
1683 1019 1765 1065 est
1784 1007 2055 1071 Christus,

472 1108 636 1163 etiam
666 1105 762 1162 tibi
796 1105 1034 1161 inculco.
1072 1105 1362 1174 Testiﬁcor,
1398 1105 1593 1172 inquit,
1637 1116 1813 1154 coram
1840 1097 1983 1164 Deo,
2007 1103 2055 1150 et

475 1197 680 1251 Christo
701 1194 849 1262 Iesu,
882 1207 928 1250 et
968 1196 1141 1251 electis
1171 1195 1388 1264 angelis,
1432 1203 1486 1247 ut
1523 1193 1632 1246 lucc
1656 1189 1920 1245 custodias
1947 1188 2060 1243 sine

474 1286 806 1358 prtejudicio,
843 1285 973 1340 nihil
999 1286 1196 1356 faciens
1219 1286 1273 1338 in
1313 1285 1473 1339 aliam
1503 1289 1705 1350 partem
1747 1279 2059 1334 declinando

479 1377 530 1448 (I
548 1375 720 1433 Tim.v
743 1376 785 1449 );
822 1388 878 1432 et
901 1393 916 1433 :
938 1376 1195 1447 Prwcipio
1230 1375 1320 1430 tibi
1352 1390 1528 1430 coram
1553 1373 1684 1439 Deo,
1714 1372 1803 1443 qui
1836 1370 2059 1439 vioi/icat

479 1472 677 1538 omnia,
704 1480 752 1526 et
779 1471 984 1525 Christo
1011 1469 1162 1536 Iesu,
1199 1469 1288 1540 qui
1323 1469 1669 1524 testimonium
1710 1464 1936 1520 reddidit
1965 1462 2059 1517 sub

478 1561 670 1618 Pontio
707 1563 882 1619 Pilato
913 1565 1100 1618 bonam
1134 1563 1530 1632 confessionem,
1559 1570 1615 1615 ut
1645 1575 1814 1614 serves
1837 1555 2060 1610 manda-

417 1671 428 1678 ‘
478 1664 588 1707 tum
618 1655 730 1709 sine
768 1652 973 1708 macula
1016 1649 1463 1724 irreprehensibile
1501 1667 1661 1722 usque
1699 1649 1752 1703 in
1781 1648 2060 1702 adventum

477 1746 690 1803 Domini
721 1747 881 1802 nostri
899 1745 1028 1802 Iesu
1048 1746 1239 1802 Christi
1257 1745 1306 1819 (1
1326 1745 1462 1800 Tim.
1481 1745 1578 1817 vr).
1602 1745 1679 1798 De
1704 1741 1852 1797 Lucii
1877 1748 2056 1794 autem

481 1837 869 1908 epistola,qu:n
897 1847 1023 1894 ante
1068 1836 1344 1893 Nicaenum
1393 1836 1680 1892 concilium
1734 1833 1872 1887 facta
1924 1829 2055 1896 fuit,

1443 427 1772 492 ulnarum
1809 409 2198 482 ltiiEMENSiS
2235 407 2752 476 ARCHIEPISCOPI

2149 547 2232 594 tra
2279 539 2396 593 haec
2443 533 2736 591 constituta
2782 527 2969 585 venire
3016 524 3320 588 tentaverit,
3361 529 3423 578 et
3462 519 3738 592 prohibita

2154 633 2314 691 fuerit
2343 645 2505 687 ausus
2538 626 2844 689 admittere,
2877 637 2908 678 a
2937 633 3036 677 suo
3064 635 3124 677 se
3162 617 3375 674 noverit
3401 614 3583 670 oﬂicio
3607 614 3738 668 sub-

2150 724 2470 783 movendum
2492 764 2507 789 ,
2535 735 2636 777 nec
2664 714 3060 775 communionis
3100 720 3302 768 nostra
3335 709 3592 765 futurum
3624 720 3741 760 esse

2154 827 2476 883 consortem,
2509 815 2602 886 qui
2628 813 2808 870 socius
2834 823 2956 866 esse
2991 806 3160 863 noluit
3184 802 3512 871 disciplinae.
3547 817 3570 853 ι
3606 799 3744 854 Pen-

2157 926 2336 969 semus
2387 909 2550 980 igitur
2593 921 2700 961 non
2748 903 2954 968 dolosa,
2979 899 3072 957 sed
3123 906 3265 953 recta
3310 903 3543 959 statera,
3586 905 3746 962 qua

2161 1011 2408 1059 nostrum
2436 997 2677 1070 pressius
2715 996 2859 1051 istud
2887 991 3159 1061 contingat
3196 986 3522 1059 capitulum,
3563 993 3744 1039 utrum

2163 1109 2269 1160 me,
2312 1092 2402 1162 qui
2439 1101 2521 1155 ea,
2567 1101 2688 1159 qua:
2735 1081 3182 1154 irrefragabiliter
3225 1077 3572 1136 observanda
3624 1083 3746 1131 sunt

2161 1184 2487 1247 constiuta,
2540 1179 2858 1235 auctoritate
2911 1172 3324 1244 metropolitana
3379 1169 3434 1224 in
3485 1167 3748 1238 pamhis

2161 1273 2450 1347 provincia:
2472 1271 2604 1327 mihi
2633 1269 2935 1326 commissae
2957 1275 3282 1322 censervare
3309 1258 3552 1323 decrevi,
3577 1271 3652 1312 an
3681 1267 3747 1322 te,

2162 1367 2255 1440 qui
2281 1367 2334 1422 in
2361 1365 2474 1429 illa,
2501 1377 2620 1434 qua:
2651 1357 3032 1417 inviolabiliter
3059 1352 3430 1412 conservanda
3457 1357 3594 1406 sunt
3623 1362 3752 1404 co-

2161 1452 2475 1529 stituta,'et
2518 1451 2795 1510 temerasti
2841 1457 2898 1508 et
2939 1446 3164 1505 convelli
3209 1443 3410 1509 fecisti,
3455 1451 3516 1497 et
3555 1449 3757 1511 praeter

2162 1558 2268 1614 me,
2317 1548 2605 1618 primatem
2649 1551 2834 1608 tuum,
2883 1547 3069 1596 contra
3121 1543 3324 1593 statuta
3377 1529 3756 1590 ecclesiastica

2164 1637 2532 1710 subscripsisti
2575 1644 2630 1692 et
2674 1632 2944 1690 subscribi
2988 1630 3199 1696 fecisti,
3229 1643 3352 1684 cum
3382 1626 3532 1680 sicut
3553 1632 3760 1680 statuta

2163 1731 2533 1791 ecclesiastica
2565 1730 2780 1793 docent,
2807 1726 2924 1782 sine
2944 1737 3030 1780 me
3056 1721 3195 1779 nihil
3221 1720 3522 1776 decernere
3551 1715 3759 1778 varias,

2170 1845 2288 1900 qua:
2320 1826 2384 1883 ad
2415 1823 2718 1898 generalem
2760 1818 3159 1878 observantiam
3195 1814 3471 1886 pertinent
3515 1809 3760 1865 omnium

480 1945 590 1986 non
614 1931 736 1988 ideo
762 1931 858 1986 tibi
884 1931 1100 2001 scripsi,
1123 1931 1276 2000 quasi
1303 1944 1409 1986 non
1431 1926 1701 1984 sufficiant
1728 1926 1794 1980 ad
1823 1923 2060 1978 auctori-
2091 1906 2140 1969 Β
2168 1920 2380 1978 Domini
2421 1915 2789 1981 sacerdotum,
2831 1913 2972 1968 sicut
2999 1909 3315 1964 Africanum
3353 1901 3602 1961 decrevit
3629 1915 3764 1956 conc

480 2033 678 2092 tatem,
724 2039 843 2096 qua:
891 2037 1169 2081 sacrorum
1214 2023 1569 2080 conciliorum
1616 2035 1882 2084 canones,
1917 2024 1972 2073 ct
1997 2031 2063 2072 ex

481 2118 569 2174 his
590 2116 922 2189 promulgata
951 2118 1169 2173 decreta
1195 2116 1302 2178 alia
1345 2115 1488 2172 sedis
1517 2111 1826 2184 apostolicae
1853 2110 2062 2175 dicunt,

482 2210 580 2267 sed
622 2218 681 2265 ut
723 2210 1003 2265 scientiam
1057 2217 1208 2264 tuam
1240 2223 1360 2278 qua:
1397 2206 1587 2272 inﬂat,
1635 2205 1753 2260 sine
1801 2201 2068 2258 charitate

483 2319 606 2376 quae
648 2303 916 2370 aedificat,
954 2312 1117 2359 vento
1169 2302 1457 2358 distentam
1508 2312 1630 2355 esse
1681 2298 2064 2353 demonstrem.

484 2396 633 2464 Haec,
662 2394 848 2461 frater,
863 2395 1132 2468 patienter
1153 2402 1318 2466 atque
1341 2393 1573 2464 benigne
1596 2391 1834 2462 suscipe,
1858 2396 1912 2444 et
1931 2386 2069 2458 apud

483 2491 688 2560 peritos
721 2489 961 2545 medicos
1001 2489 1148 2543 disce
1195 2484 1549 2557 sapientiam,
1592 2483 1716 2553 quia
1749 2481 1853 2536 illis
1901 2480 2070 2549 impo-

487 2582 738 2638 nentibus
770 2595 913 2650 saepe
955 2578 1136 2634 funem
1173 2585 1352 2649 portat
1398 2575 1741 2647 phreneticus
1771 2572 1912 2627 unde
1941 2570 2074 2642 lige-

491 2681 598 2727 tur.
626 2671 694 2726 Et
721 2670 811 2725 illa
833 2709 848 2735 ,
885 2669 950 2724 de
976 2668 1171 2740 quibus
1217 2682 1302 2722 me
1349 2664 1734 2737 comprehendi
1777 2677 1807 2716 a
1835 2669 1886 2717 te
1916 2675 2075 2732 posse

491 2761 793 2827 existimas,
821 2760 1052 2817 discrcte
1083 2759 1358 2831 intelligo:
1392 2757 1644 2828 quoniam
1675 2755 1778 2810 alia
1809 2763 1934 2810 sunt
1957 2767 2078 2824 quin

493 2855 940 2926 metropolitanus
968 2853 1084 2910 sine
1110 2853 1338 2909 consilio
1360 2860 1522 2922 atque
1549 2863 1816 2906 consensu
1836 2845 2076 2902 omnium

495 2947 933 3018 coepiscoporum
981 2945 1270 3017 provinciae
1325 2957 1486 3013 agere
1532 2957 1638 2996 non
1685 2939 1882 3005 debet,
1940 2938 2080 2992 sicut

495 3055 687 3096 causas
720 3038 1028 3094 accusantis
1052 3037 1388 3107 episcopum,
1417 3033 1485 3088 ad
1524 3031 1916 3088 discutiendum
1944 3071 1957 3095 ,
1994 3028 2080 3084 vel

494 3134 670 3203 ipsum
696 3132 957 3188 canonice
980 3126 1350 3202 iudicandum,
1384 3126 1497 3181 sive
1527 3124 1747 3180 noxium
1773 3122 1857 3178 vel
1885 3135 2080 3193 purga-

497 3237 611 3283 tum
631 3228 942 3293 decernere,
971 3223 1056 3279 vel
1088 3223 1143 3278 in
1169 3222 1289 3279 loco
1317 3219 1626 3277 decedentis
1653 3216 1888 3288 episcopi
1933 3214 2080 3271 ordi-

2168 2017 2353 2074 ciiium
2396 2013 2582 2070 dicens
2623 2011 2796 2082 (conc.
2837 2007 3002 2078 Afric.
3041 2015 3160 2062 can.
3193 2003 3333 2074 55):
3390 2019 3411 2053 ι
3464 1997 3539 2054 Ut
3580 2005 3762 2068 poste-

2170 2111 2342 2168 riores
2372 2104 2734 2163 anterioribus
2759 2101 3035 2168 deferant,
3063 2111 3166 2155 nec
3197 2096 3276 2153 eis
3309 2091 3640 2150 inconsultis
3668 2089 3765 2143 alio

2169 2204 2299 2276 quid
2340 2211 2501 2274 agere
2543 2203 2893 2271 praesumant.
2927 2195 3042 2263 Qua
3073 2190 3144 2248 de
3167 2206 3248 2257 re,
3282 2188 3462 2258 inquit
3488 2183 3762 2246 Aurelius,

2172 2297 2313 2362 dico,
2350 2300 2513 2366 prout
2538 2297 2730 2363 captus
2757 2287 2921 2343 animi
2951 2286 3056 2342 mei
3095 2283 3326 2348 retinet,
3359 2295 3456 2337 eos
3483 2279 3577 2350 qui
3609 2285 3764 2348 puta-

2171 2387 2350 2445 verint
2409 2384 2611 2458 spretis
2675 2380 2971 2451 majoribus
3031 2377 3231 2448 aliquid
3286 2370 3762 2446 prasumendum,

2175 2487 2546 2550 competenter
2583 2489 2705 2532 esse
2751 2475 2818 2531 ab
2867 2472 3013 2529 omni
3061 2469 3292 2527 concilio
3336 2465 3694 2524 coercendos.
3745 2481 3762 2512 ι

2175 2573 2244 2628 Et
2263 2571 2390 2626 hinc
2410 2569 2520 2626 Leo
2546 2567 2613 2623 ad
2638 2567 2981 2624 Theoderum
3004 2563 3428 2634 Foroiuliensem
3454 2559 3768 2630 episcopum

2177 2665 2306 2720 dicit
2334 2662 2490 2734 (Leo,
2517 2662 2665 2733 epist.
2691 2661 2780 2731 59)
2807 2678 2818 2713 :
2853 2679 2870 2710 ι
2901 2657 3035 2726 Quia
3064 2657 3116 2712 in
3143 2655 3339 2722 causis,
3369 2659 3491 2724 quae
3515 2652 3586 2706 ad
3615 2662 3772 2721 gene-

2179 2755 2348 2812 ralem
2389 2754 2789 2811 observantiam
2827 2751 3099 2823 pertineut
3134 2748 3376 2805 amulum
3431 2744 3652 2802 Domini
3689 2757 3773 2798 sa-

2180 2851 2490 2916 cerdotum,
2533 2847 2668 2904 nihil
2706 2847 2823 2902 sine
2857 2843 3178 2916 primatibus
3209 2847 3423 2911 oportet
3467 2836 3708 2909 impleri.
3751 2854 3768 2886 ι

2182 2945 2381 3000 Contra
2432 2942 2722 2999 constituta
2761 2955 2891 3011 ergo
2933 2938 3160 3004 venisti,
3200 2949 3322 2991 cum
3364 2947 3461 2998 ea,
3499 2945 3625 3002 quae
3661 2932 3775 3002 ipsa

2183 3037 2503 3108 praecipiunt
2554 3033 2684 3090 nulli
2733 3031 2978 3105 poscenti
3026 3028 3232 3102 negari,
3279 3026 3536 3082 Omnibus
3589 3025 3642 3079 in
3691 3031 3776 3077 tua

2182 3128 2443 3199 parochia
2478 3125 2732 3198 denegari
2770 3123 3002 3196 inssisti.
3052 3119 3329 3177 Prohibita
3368 3119 3593 3189 quidem
3635 3113 3778 3169 fuisti

2188 3234 2353 3276 ausus
2401 3218 2710 3283 admittere,
2756 3230 2878 3270 cum
2931 3215 3189 3269 adversus
3232 3225 3294 3267 ea
3342 3225 3431 3265 me
3481 3207 3780 3280 postposito

499 3333 632 3374 nare
659 3358 672 3384 ,
729 3327 783 3373 et
838 3319 905 3373 de
955 3317 1368 3387 quibuscunque
1413 3312 1625 3369 noviter
1685 3306 2084 3379 emergentibus
2111 3283 2157 3348 δ
2191 3310 2561 3382 subscripsisti
2595 3307 2957 3374 et,subscribl
2994 3305 3188 3370 fecisti,
3223 3302 3366 3374 quod
3397 3301 3565 3357 etiam
3601 3314 3702 3354 nec
3731 3297 3776 3351 in

501 3413 700 3478 causis,
725 3411 808 3467 vel
833 3411 1010 3467 dubiis
1044 3419 1138 3466 aut
1165 3410 1414 3468 obscuris
1441 3427 1453 3462 :
1490 3417 1542 3465 et
1564 3407 1667 3462 alia
1693 3414 1838 3471 sunt,
1871 3405 1938 3460 de
1959 3404 2080 3476 qui-

500 3502 601 3560 bus
646 3514 794 3560 certa
839 3511 894 3560 et
933 3517 1190 3576 expressa
1246 3503 1300 3557 in
1353 3502 1522 3558 sacris
1570 3498 1771 3572 regulis
1823 3498 2088 3553 trahemus

497 3597 726 3670 judicia,
757 3614 876 3671 quae
927 3597 1192 3671 refragari
1239 3596 1324 3653 vel
1371 3594 1604 3652 convelli
1657 3609 1762 3650 non
1795 3592 1960 3661 licet,
1991 3590 2088 3648 sed

504 3694 620 3749 sine
668 3693 1053 3752 retractatione
1080 3693 1302 3765 exsequi
1356 3693 1649 3757 auctoritas
1697 3699 1749 3746 et
1788 3691 1926 3746 ratio
1976 3688 2090 3759 ipsa

505 3785 793 3857 compellit.

1031 3896 1278 3954 CAPUT
1317 3895 1558 3951 XXXVI.

510 3989 588 4046 De
615 3989 895 4061 irregulari
932 3989 1328 4058 subscriptione,
1355 4005 1524 4070 _quam
1548 3988 1836 4043 collectiont
1864 4005 1972 4043 sua:
2001 4006 2095 4058 ap-

1215 4071 1410 4128 posuit.

585 4149 683 4206 His
714 4150 878 4222 igitur
901 4149 1238 4204 documentis
1263 4148 1580 4205 certissimis
1605 4156 1816 4205 constat
1845 4149 1985 4219 quod
2009 4164 2096 4206 me

517 4241 781 4314 replicare
815 4242 958 4312 cogit
982 4241 1097 4312 ipsa
1142 4241 1460 4306 necessitas,
1519 4240 1642 4311 quia
1682 4241 1726 4296 si
1759 4240 1814 4294 in
1843 4242 2095 4310 parochia

519 4343 632 4399 tua,
685 4349 803 4404 quae
825 4333 956 4388 mihi
997 4348 1120 4389 cum
1158 4333 1520 4390 sollicitudine
1556 4333 1719 4390 totius
1768 4332 2096 4389 Rhemorum

519 4427 812 4499 provinciis
866 4426 1153 4484 commissa
1218 4438 1338 4494 est,
1405 4426 1698 4483 secundum
1761 4427 2097 4499 privilegium

522 4516 656 4572 mihi
686 4518 888 4585 datum,
922 4520 1066 4589 quod
1117 4517 1252 4573 male
1304 4517 1570 4574 admisisti
1599 4519 1871 4588 corrigere
1923 4519 2100 4573 detre-

523 4616 778 4673 ctassem,
831 4609 1202 4678 apraastitutis
1235 4609 1434 4680 regulis
1484 4608 1809 4680 negligentia
1859 4609 2100 4666 discede-

524 4714 665 4764 rem,
717 4713 748 4753 a
791 4698 985 4767 quibus
1035 4701 1451 4770 praesumptione
1497 4708 1551 4755 tu
1608 4701 1921 4756 discessisti.
2002 4702 2101 4773 Egi

525 4805 654 4862 ergo
695 4788 989 4847 secundum
1045 4789 1133 4860 ius
1165 4790 1587 4862 metrOpolitana:
1639 4793 1973 4847 auctoritatis
1999 4835 2013 4859 ,
2045 4794 2100 4848 in

527 4900 636 4955 quo
655 4885 778 4955 jure
799 4883 1224 4953 metropolitanae
1252 4885 1548 4954 dignitatis,
1581 4901 1667 4940 me
1687 4901 1717 4940 a
1751 4895 1824 4952 te,
1848 4885 2104 4955 subjectae

527 4977 766 5034 civitatis
793 4978 1066 5048 episcopo,
1106 4975 1235 5029 mihi
1266 4977 1400 5032 velis
1422 4978 1556 5033 nolis
1583 4978 1839 5047 subiecto,
1896 4981 2103 5049 capitu-

530 5069 642 5123 lum
669 5070 812 5124 beati
834 5069 1030 5124 Leonis
1055 5067 1330 5134 discrevit,
1361 5084 1468 5138 quo
1489 5070 1649 5139 jussit
1675 5071 2105 5144 rnetropolitanis

533 5160 863 5231 singularum
900 5159 1296 5231 provinciarum
1328 5160 1418 5231 jus
1447 5162 1655 5216 tradita:
1682 5155 1782 5217 sibi
1813 5162 2109 5231 antiquitus

535 5252 808 5290 dianilnlic
845 5253 1224 5290 intomnrohvm
1267 5265 1481 5290 ens-varo
1537 5252 1608 5290 ila
1641 5259 1696 5290 nl
1739 5267 1765 5290 ιι
1795 5253 2112 5290 πνηηοθίιηιία

2192 3406 2356 3462 rectis
2384 3419 2546 3476 agere
2582 3401 2844 3467 debuisti;
2879 3399 3201 3472 subscriptio
3236 3403 3478 3468 namque
3507 3401 3620 3462 tua,
3650 3396 3782 3451 sicut

2193 3513 2224 3552 a
2249 3495 2432 3551 multis
2473 3495 2685 3560 dicitur,
2731 3492 2965 3549 habetur
3004 3490 3352 3562 huiusmodi:
3402 3507 3420 3542 ε
3459 3487 3782 3543 Hincmarus

2195 3592 2306 3647 Deo
2349 3589 2643 3646 miserante
2672 3586 2929 3643 Ecclesiae
2953 3582 3330 3641 Laudunensis
3354 3580 3668 3653 episcopus,
3703 3579 3781 3634 bis

2196 3689 2508 3741 sanctorum
2540 3679 2853 3754 apostolicae
2888 3678 3031 3736 sedis
3061 3677 3282 3733 Patrum
3313 3675 3554 3731 decretis
3581 3674 3784 3728 obtem-

2195 3778 2493 3852 perandum
2536 3773 2854 3845 subScripsi.
2900 3771 3003 3841 Qui
3039 3781 3252 3843 quoque
3287 3766 3422 3823 mihi
3460 3765 3655 3824 eodem
3685 3763 3783 3818 Deo

2199 3877 2421 3926 auctore
2451 3867 2724 3925 commissi
2753 3875 2910 3933 sunt,
2942 3869 2996 3920 et
3030 3865 3084 3919 in
3119 3862 3203 3918 his
3240 3860 3493 3917 similiter
3524 3860 3778 3922 sentiunt,

2201 3961 2416 4019 solliciti
2459 3973 2677 4018 scrvare
2714 3959 2975 4014 unitatem
3015 3955 3235 4028 spiritus
3274 3953 3328 4009 in
3365 3952 3588 4008 vinculo
3619 3953 3781 4024 pacis.

2199 4053 2304 4108 hac
2333 4065 2542 4106 mecum
2569 4061 2703 4120 pace
2725 4047 3017 4121 potiantur.
3060 4045 3116 4101 Si
3145 4057 3274 4099 vero
3299 4041 3467 4114 aliqui
3499 4057 3666 4098 secus
3695 4057 3785 4096 no-

2201 4143 2373 4197 lentes
2418 4141 2534 4196 fieri
2587 4139 2719 4196 socii
2773 4137 2930 4208 hujus
2971 4134 3292 4204 disciplinae,
3339 4137 3443 4187 nec
3489 4133 3794 4187 habeantur

2202 4235 2496 4308 participes
2525 4230 2922 4290 commitnionls
2947 4233 3166 4285 nostrae.
3188 4228 3384 4282 Actum
3413 4225 3684 4282 Landuno
3701 4235 3788 4279 vui

2205 4329 2327 4385 ldus
2354 4327 2542 4384 Iulias.
2583 4345 2602 4380 ι
2841 4334 2845 4340 ’

2276 4420 2390 4488 Qua
2424 4417 2820 4490 subscriptione
2846 4423 2939 4472 tua
2971 4408 3413 4469 manifestissime
3440 4407 3644 4472 claret,
3674 4406 3790 4479 quis

2204 4515 2249 4570 si
2298 4513 2514 4569 Nlcamo
2559 4511 2821 4578 concilio,
2871 4515 2926 4564 et
2971 4506 3091 4562 aliis
3133 4499 3476 4576 generalibus
3519 4499 3794 4557 catholicis

2206 4604 2457 4677 synodis,
2516 4615 2812 4672 eorumque
2863 4597 2986 4654 ﬁxis
3036 4603 3091 4652 et
3140 4592 3513 4650 immobilibus
3571 4591 3795 4648 decretis

2208 4696 2484 4753 contraria
2529 4694 2698 4751 sentis
2743 4694 2796 4748 in
2844 4691 3046 4762 aliquo,
3095 4696 3146 4743 te
3193 4684 3400 4756 tibique
3443 4684 3737 4755 compiices
3766 4698 3795 4736 a

2207 4790 2473 4848 catholica
2535 4784 2913 4842 communione
2974 4777 3308 4852 segregasti,
3372 4774 3570 4832 dicens
3629 4789 3646 4828 :
3706 4771 3798 4828 His

2209 4881 2443 4939 decretis
2494 4875 2976 4948 obtemperandum
3033 4867 3348 4939 subscripsi.
3407 4863 3574 4922 Unde
3625 4863 3799 4920 verbis

2210 4973 2353 5031 beati
2407 4969 2654 5042 Gregorii
2709 4963 3028 5037 alloquentls
3082 4961 3346 5016 Serenum
3404 4956 3799 5012 Massiliensem

2210 5068 2522 5140 episcopum
2580 5071 2630 5117 te
2676 5060 2951 5130 alloquor,
3003 5055 3188 5111 dicens
3229 5050 3362 5124 (lib.
3410 5063 3508 5116 ix,
3555 5066 3635 5120 ep.
3678 5045 3800 5140 9)_:

2219 5137 2261 5210 «-
2292 5156 2388 5211 Dic
2435 5155 2634 5222 frater,
2683 5169 2713 5206 a
2765 5161 2872 5220 quo
2932 5147 3126 5203 factum
3179 5142 3471 5199 sacerdote
3518 5137 3802 5210 aliquando

2217 5249 2458 5290 auditum
2525 5256 2606 5290 sici,
2666 5243 2808 5290 mva
2877 5239 3096 5290 fecisti?
3291 5250 3398 5288 non
3469 5232 3660 5290 aliud.
3728 5227 3804 5281 vel
