3948 5376
148 444 263 504 439

923 439 1163 501 ΟΡΗΞΟ.
1202 442 1291 499 ΕΤ
1331 431 1549 498 EPIST.
1586 440 1654 497 IN
1693 439 1921 499 CAUSA
1960 440 2292 498 HINCMARI
2327 435 2630 498 LAUDUN.

3303 443 3408 499 450

147 573 292 627 ruat,
325 572 374 617 et
409 577 512 616 non
541 577 608 615 ea:
634 577 715 616 me
741 574 760 612 :
793 560 1052 630 principes
1074 561 1401 625 exstiterunt,
1432 566 1480 612 et
1510 574 1614 612 non
1639 573 1726 612 co-
1749 560 1804 620 Α
1827 555 2005 612 suisti.
2039 555 2155 610 Non
2177 557 2341 623 enim,
2358 557 2573 628 quando
2599 555 2742 610 illam
2765 553 3214 627 subscriptionem
3229 557 3410 616 firma-
3487 620 3490 622 γ

143 654 302 726 gnavi
330 651 473 724 (Ose.
507 651 649 722 vin).
679 653 782 708 Et:
819 652 949 707 Dedi
995 653 1069 709 eis
1098 669 1267 723 regem
1312 653 1366 706 in
1398 651 1479 706 ira
1511 667 1645 717 mea,
1675 659 1724 704 et

141 749 432 817 principem
457 748 512 800 in
537 746 714 816 furore
738 763 850 801 meo
879 745 1024 818 (Ose.
1061 747 1202 812 xm).
1255 744 1359 812 Qui
1400 744 1523 812 facit
1564 745 1726 813 hypo-

140 843 335 900 critam
363 857 579 911 regnare
611 850 822 910 propter
843 850 1054 911 peccata
1075 839 1252 911 populi
1281 837 1402 910 (Job
1429 836 1639 908 xxxrv).
1663 837 1724 892 In

141 945 214 985 eo
259 930 398 1000 quod
438 930 825 1000 subscripsisti,
889 930 1078 985 Actum
1124 929 1382 984 Lauduno
1425 944 1521 983 νιιι
1587 927 1722 983 Idus

137 1022 339 1086 Julius,
368 1022 714 1089 intelligimus
740 1022 1033 1078 secundum
1059 1020 1206 1093 leges
1231 1034 1366 1089 quas
1393 1020 1589 1089 probat
1622 1017 1724 1073 Ec-

139 1112 327 1178 clesia,
359 1121 522 1183 atque
551 1114 844 1168 secundum
873 1127 1058 1169 saeros
1100 1125 1359 1177 canones,
1390 1109 1532 1164 hanc
1577 1117 1723 1163 tuam

140 1204 261 1259 sine
287 1203 508 1258 consule
541 1204 808 1275 prolatam
843 1218 948 1258 non
996 1201 1175 1257 valere
1205 1202 1546 1258 sententiam.
1602 1199 1722 1255 Alia

139 1312 374 1366 namque
401 1304 550 1362 sunt,
581 1311 702 1367 quin
733 1293 1146 1352 subscribuntur
1168 1294 1236 1347 ad
1258 1292 1506 1348 notitiatu
1529 1292 1606 1346 rei
1634 1291 1720 1346 vel

139 1374 423 1459 temporis,
457 1389 560 1445 alia
587 1405 727 1460 quat,
758 1389 961 1459 scripto
1011 1387 1214 1458 prolata
1259 1387 1549 1452 sententia,
1593 1385 1721 1442 sub-

134 1480 433 1552 scriptione
471 1479 761 1552 alligantur
789 1480 856 1534 ad
903 1479 1333 1536 observationem
1380 1477 1719 1533 constitutio-

130 1570 242 1635 nis,
276 1578 369 1625 aut
401 1569 772 1640 professionis,
818 1585 915 1626 seu
967 1568 1350 1630 acCusationis,
1384 1567 1467 1621 vel
1497 1566 1715 1637 petitio-

128 1663 239 1718 nis.
287 1683 306 1716 ι
335 1663 647 1730 Sententia,
678 1664 928 1734 inquiunt
950 1664 1094 1735 leges
1115 1661 1269 1733 (Cod.
1303 1661 1404 1717 Th.
1431 1662 1537 1735 leg.
1570 1663 1621 1728 l,
1653 1662 1716 1717 de

131 1765 306 1811 const.
343 1758 677 1828 princ.,can.
715 1755 830 1827 56),
874 1756 920 1812 si
948 1757 1064 1812 sine
1102 1756 1303 1826 scripto
1343 1755 1486 1811 dicta
1531 1753 1714 1821 fuerit,

125 1863 233 1904 nec
258 1863 453 1904 nomen
475 1849 676 1906 habere
699 1849 978 1905 sententia:
992 1855 1297 1915 mereatur;
1322 1869 1338 1898 ι
1373 1854 1463 1902 et:
1496 1864 1514 1897 ι
1534 1843 1592 1900 Si
1607 1861 1713 1916 qua

1827 649 1929 714 sti,
1965 649 2093 718 quin
2139 649 2314 718 potius
2362 658 2413 704 te
2454 658 2508 703 et
2553 649 2954 704 subscribentes
3023 658 3200 706 tecum
3248 652 3405 708 inﬁr-

1826 740 2004 807 masti,
2044 739 2306 795 sollicitus
2351 740 2498 796 fuisti
2542 756 2759 797 servare
2790 743 3048 798 unitatem
3088 745 3310 814 spiritus
3350 748 3403 802 in

1825 831 2038 886 vinculo
2067 832 2233 902 pacis,
2269 835 2363 887 sed
2413 832 2673 889 sollicitus
2713 832 2862 888 fuisti
2909 834 3203 890 dissolvere
3232 838 3406 893 unita-

1827 929 1934 977 tem
1982 921 2205 990 spiritus
2254 931 2442 977 contra
2484 923 2756 977 vinculum
2794 923 2963 993 pacis.
3025 921 3176 978 Unde
3212 927 3404 993 provi-

1826 1011 2059 1069 dendum
2107 1023 2190 1070 est
2225 1015 2341 1082 tibi,
2388 1030 2456 1071 ne
2503 1017 2645 1071 inter
2671 1017 3063 1074 adulteratores
3110 1019 3258 1073 verbi
3308 1019 3405 1077 Dei

1825 1106 2171 1174 computeris,
2205 1122 2362 1176 quos,
2397 1115 2455 1161 ut
2487 1123 2646 1177 supra
2674 1108 2851 1176 posui,
2880 1109 3158 1180 redarguit
3206 1109 3406 1168 Paulus

1824 1196 2114 1264 apostolus.
2150 1195 2258 1252 Sed
2283 1208 2337 1251 et
2359 1199 2424 1253 de
2455 1199 2556 1253 hac
2587 1199 2850 1253 sententia
2895 1200 3039 1254 idem
3071 1201 3202 1256 dicit
3288 1200 3407 1258 Sol—

1822 1287 1950 1342 liciti
1979 1305 2182 1342 servare
2212 1289 2464 1343 unitatem
2491 1290 2705 1359 spiritus
2732 1291 2787 1343 in
2816 1291 3022 1345 vinculo
3052 1295 3219 1362 pacis,
3245 1311 3409 1349 unum

1821 1395 2028 1449 corpus,
2052 1395 2190 1432 unus
2210 1379 2443 1449 spiritus,
2478 1380 2611 1433 sicut
2635 1381 2801 1434 vocati
2834 1381 2953 1434 estis
2976 1383 3033 1436 in
3062 1399 3169 1438 una
3201 1402 3289 1454 spe
3320 1402 3410 1439 vo-

1820 1472 2042 1526 cationis
2070 1480 2252 1526 vestra:
2274 1470 2491 1544 (Ephes.
2516 1473 2612 1543 tv).
2659 1471 2807 1528 Unde
2833 1473 3024 1530 beatus
3069 1473 3364 1547 Gregorius
3393 1494 3407 1532 :

1819 1563 1902 1618 Ad
1933 1578 2095 1617 unam
2118 1563 2284 1634 igitur
2311 1563 2612 1619 vocationis
2649 1579 2801 1634 spem
2829 1580 3168 1635 nequaquam
3201 1568 3410 1635 pertin-

1819 1654 1984 1727 gitur,
2018 1656 2062 1710 si
2083 1669 2191 1710 non
2222 1656 2289 1710 ad
2321 1671 2443 1719 eam
2470 1657 2620 1712 unita
2643 1673 2764 1713 cum
2794 1657 3056 1726 proximis
3086 1668 3266 1714 mente
3286 1673 3409 1713 cur-

1819 1757 1994 1801 ratur.
2023 1747 2141 1814 Est,
2171 1748 2347 1818 inquit
2376 1748 2635 1804 Dominus
2665 1747 2733 1804 ad
2782 1747 3039 1820 Moysem,
3079 1748 3224 1803 locus
3255 1766 3410 1820 penes

1816 1852 1918 1903 me,
1943 1846 1989 1893 et
2019 1837 2180 1893 stabis
2194 1855 2347 1909 super
2374 1850 2572 1910 petram
2602 1837 2796 1912 (Exod.
2831 1840 3048 1910 xxxm).
3087 1838 3264 1896 Locus
3287 1841 3412 1910 qui-

122 1949 253 2010 post
279 1941 396 1998 haec
431 1941 604 1997 edicta
629 1941 744 1998 sive
789 1941 1203 1998 constitutiones
1246 1939 1361 1996 sine
1385 1939 1470 1994 die
1494 1947 1549 1994 et
1577 1954 1707 1995 con-

1814 1926 1938 1981 dem
1974 1929 2112 1998 apud
2153 1929 2439 1983 Dominum
2462 1938 2768 1985 estsanctae
2795 1929 3054 1985 Ecclesia:
3077 1931 3279 1997 unitas,
3300 1947 3409 2002 qua

121 2030 247 2086 sule
275 2030 841 2102 fuerintdeprehensa,
869 2031 1194 2087 auctoritate
1225 2035 1464 2085 careant.
1489 2027 1556 2084 Et
1587 2027 1713 2084 hinc

118 2123 329 2180 Africa:
355 2123 648 2196 provinciae
677 2138 912 2180 canones
962 2122 1232 2194 episcopis
1279 2120 1488 2176 litteras
1527 2119 1595 2174 ab
1623 2134 1713 2175 or-

121 2212 474 2270 dinatoribus
521 2214 633 2270 suis
681 2230 847 2272 manu
897 2228 1085 2270 eorum
1141 2212 1479 2282 conscriptas
1522 2209 1715 2280 jubent

115 2306 395 2378 accipere,
443 2306 787 2363 continentes
838 2304 1112 2364 consulem
1165 2312 1219 2359 et
1273 2302 1437 2358 diem.
1471 2321 1490 2355 ι
1522 2301 1598 2356 De
1648 2315 1714 2356 eo

114 2398 272 2469 quod
293 2397 629 2454 subnexuisti
653 2415 667 2452 :
697 2395 800 2464 Qui
827 2413 1026 2468 quoque
1053 2394 1182 2450 mihi
1201 2393 1465 2449 commissi
1491 2402 1636 2458 sunt,
1663 2401 1711 2447 et

111 2490 175 2545 in
197 2491 283 2546 his
334 2490 576 2548 similiter
604 2491 852 2557 sentiunt,
899 2491 996 2544 hac
1025 2505 1224 2544 mecum
1251 2504 1378 2560 pace
1418 2488 1707 2558 potiantur,

113 2577 327 2634 videris
352 2593 459 2633 non
503 2577 730 2648 simplici
769 2575 1118 2650 intelligentia
1161 2575 1432 2646 posuisse,
1458 2573 1556 2627 hac
1608 2587 1711 2626 me-

111 2687 240 2727 cum
266 2687 397 2741 pace
421 2671 694 2741 potiantur
723 2683 742 2722 :
771 2669 898 2740 quia
921 2683 1028 2725 non
1071 2677 1155 2724 est
1201 2683 1307 2739 pax
1335 2681 1485 2732 vera,
1517 2663 1620 2720 nisi
1651 2663 1707 2719 in

110 2762 479 2819 unanimitate
524 2763 812 2829 catholica,
869 2761 1105 2832 alioquin
1158 2759 1420 2822 dicentes,
1468 2765 1529 2814 ut
1570 2757 1738 2832 scri-_

102 2865 272 2928 ptum
300 2865 416 2912 est:
470 2852 612 2925 Pax,
645 2872 770 2927 pax,
799 2871 917 2909 cum
946 2871 1049 2911 non
1076 2863 1206 2910 esset
1233 2869 1338 2924 pax
1383 2851 1523 2924 (Jer.
1555 2851 1701 2922 vut).

105 2948 250 3004 Non
320 2960 393 3006 est
438 2966 543 3022 pax
591 2951 782 3021 impiis,
827 2949 950 3004 dicit
1005 2947 1260 3004 Dominus
1307 2945 1440 3017 (Isa.
1492 2943 1704 3014 xnvm).

98 3041 273 3113 ltnpii
334 3059 567 3115 namque
616 3043 898 3108 dicuntur,
950 3041 1040 3112 qui
1102 3050 1196 3096 aut
1249 3056 1346 3111 per
1390 3039 1550 3094 fidem
1624 3053 1700 3093 re-

94 3143 260 3191 ctam
301 3133 556 3190 Ecclesiaa
577 3133 853 3192 catholicae
892 3148 1000 3188 non
1031 3134 1467 3203 incorporantur,
1522 3138 1616 3185 aut
1635 3130 1704 3186 ab

93 3244 163 3284 ea
210 3228 327 3283 ﬁde
373 3228 454 3283 vel
507 3243 667 3300 Opere
706 3241 804 3298 per
860 3226 1092 3281 haereses
1141 3232 1235 3278 aut
1281 3223 1574 3279 schismata
1618 3238 1700 3278 re-

1816 2033 1975 2087 supra
2005 2028 2212 2088 petram
2239 2029 2434 2086 statur,
2467 2021 2594 2076 dum
2627 2020 2985 2077 confessionis
3009 2021 3125 2091 ejus
3156 2021 3404 2079 soliditas

1815 2111 2019 2167 utiliter
2051 2120 2282 2169 tenetur.
2313 2113 2378 2168 lli
2403 2115 2548 2171 enim
2577 2115 2632 2170 in
2664 2116 2783 2171 loco
2810 2115 2901 2186 qui
2923 2131 3090 2187 penes
3117 2116 3407 2170 Dominum

1813 2214 1920 2273 est,
1951 2215 2008 2262 et
2034 2224 2195 2277 supra
2229 2219 2437 2280 petram
2471 2219 2639 2278 stant,
2668 2211 2761 2278 qui
2785 2227 2882 2280 per
2907 2212 3142 2266 haereses
3191 2210 3275 2266 vel
3306 2225 3406 2280 per

1813 2299 2109 2354 schismata
2135 2301 2202 2356 ab
2226 2303 2430 2357 unitate
2459 2316 2518 2357 se
2549 2301 2807 2358 Ecclesiae
2829 2318 2937 2356 non
2959 2283 3223 2356 dividunt.
3241 2302 3406 2369 Quia,

1813 2401 1874 2450 ut
1903 2403 2124 2451 sanctus
2170 2394 2388 2452 Hilarus
2417 2411 2554 2467 papa
2575 2395 2706 2451 dicit
2733 2397 2903 2467 (epist.
2950 2395 3028 2467 2),
3061 2395 3202 2449 sicut
3225 2403 3280 2449 et
3306 2410 3399 2450 su-

1812 2503 1910 2559 pra
1937 2490 2093 2558 posui
2125 2508 2138 2544 :
2171 2509 2190 2542 ι
2229 2489 2349 2546 Non
2391 2489 2574 2546 minus
2603 2490 2660 2546 in
2701 2498 3014 2546 sanctarum
3050 2487 3403 2544 traditionum

1813 2580 2121 2636 sanctiones
2167 2581 2515 2651 delinquitur,
2561 2595 2725 2651 quam
2751 2581 2806 2636 in
2841 2580 3009 2651 ipsius
3055 2579 3270 2634 Domini
3313 2579 3400 2636 in-

1807 2670 2008 2742 juriam
2037 2672 2337 2743 prosilitur.
2363 2693 2383 2726 ι
2417 2673 2702 2728 Credimus
2748 2686 3003 2741 namque,
3052 2686 3117 2726 ac
3149 2686 3272 2727 cum
3301 2668 3402 2726 Ec—

1813 2764 1977 2821 clesia
2016 2765 2285 2824 catholica
2307 2765 2654 2833 confitemur,
2681 2779 2868 2821 sacros
2900 2779 3139 2821 canones
3190 2762 3400 2833 Spiritu

1812 2857 1909 2916 Dei
1937 2859 2184 2924 conditos
2215 2877 2230 2915 :
2265 2861 2407 2916 unde
2448 2852 2556 2931 qui
2570 2876 2670 2931 per
2701 2867 3072 2929 contemptum
3114 2858 3408 2930 pertinacia

1813 2957 1897 3010 ter
1917 2966 1950 3009 a
1974 2952 2146 3008 sacris
2169 2951 2469 3010 canonibus
2505 2952 2744 3019 deviant,
2766 2951 2822 3007 in
2855 2951 3118 3022 Spiritum
3145 2958 3398 3018 sanctum

1811 3057 1920 3113 quo
1953 3052 2080 3100 sunt
2105 3043 2306 3101 conditi
2324 3053 2570 3115 peccant.
2597 3043 2957 3102 Pertinaciter
2986 3050 3166 3098 autem
3197 3041 3405 3110 addidi,

1810 3135 2067 3206 quoniam
2100 3135 2361 3194 Dominus
2405 3136 2538 3192 dicit
2562 3134 2786 3207 (Matth.
2817 3135 2944 3207 nt),
2975 3135 3119 3205 quod
3143 3134 3198 3188 in
3226 3131 3398 3203 Spiri-

1813 3232 1928 3281 tum
1976 3234 2225 3284 sanctum
2260 3228 2612 3298 peccantibus
2656 3243 2758 3284 nec
2801 3227 2890 3283 hic
2917 3241 3058 3293 esse,
3090 3241 3190 3280 nec
3217 3225 3273 3279 in
3313 3221 3399 3280 fu-

91 3322 338 3377 eedunt.
389 3321 456 3375 Et
496 3322 548 3376 in
596 3319 949 3374 unanimitate
998 3317 1265 3373 catholica
1318 3332 1424 3371 non
1453 3317 1696 3371 subscri-
1731 3305 1778 3370 C
1811 3326 1935 3376 turo
1964 3319 2162 3376 saeculo
2187 3321 2594 3378 remittendum.
2638 3319 2706 3374 Et
2735 3319 2935 3375 multos
2958 3318 3242 3374 haereticos
3271 3315 3402 3386 legi-

95 3413 300 3484 psisti,
361 3426 536 3483 neque
591 3409 688 3466 tibi
737 3408 1059 3465 commissos
1107 3406 1449 3464 subscribere
1501 3407 1700 3473 fecisti,

87 3502 168 3570 si,
227 3509 293 3556 ut
329 3501 461 3569 dixi,
497 3509 682 3556 contra
736 3499 985 3555 Nicanos
1037 3513 1307 3563 canones,
1359 3504 1414 3552 et
1464 3496 1567 3551 alia
1610 3514 1706 3569 ge-

87 3594 325 3650 neralia
359 3593 604 3658 concilia,
634 3592 850 3662 ﬁxaque
884 3591 1100 3646 decreta
1148 3591 1317 3646 sentis
1346 3590 1428 3646 vel
1461 3591 1701 3656 sensisti,

81 3704 153 3743 ac
177 3702 298 3760 per
319 3687 422 3742 hoc
445 3685 707 3740 sollicitus
731 3699 950 3754 servare
974 3685 1234 3738 unitatem
1260 3684 1484 3753 spiritus
1513 3685 1567 3738 in
1588 3685 1706 3738 vin-

79 3781 230 3835 culo
261 3777 437 3846 pacis,
475 3792 811 3846 nequaquam
842 3776 895 3830 in
941 3776 1042 3831 ista
1100 3776 1493 3846 subscriptione
1530 3775 1701 3833 fuisti.

80 3871 271 3928 Sicut
297 3868 442 3923 enim
471 3868 524 3922 in
559 3869 734 3924 edicto
780 3868 984 3939 quintae
1036 3868 1228 3940 synodi
1278 3868 1540 3939 scriptum
1568 3878 1652 3925 est
1684 3889 1696 3924 :

87 3982 107 4015 ι
149 3959 364 4018 Solent
396 3974 560 4029 prave
587 3962 901 4028 sentientes,
930 3968 987 4015 ut
1019 3960 1378 4032 simpliciores
1403 3963 1696 4034 decipiant,

79 4052 339 4110 vocibus
375 4052 588 4122 quidem
613 4053 687 4108 uti
716 4068 837 4124 quae
863 4053 930 4108 ab
958 4053 1277 4108 orthodoxis
1298 4053 1386 4123 pie
1414 4055 1690 4121 dicuntur,

82 4157 322 4206 rectum
353 4152 530 4200 autem
560 4162 746 4212 earum
779 4145 1109 4202 intellectum
1141 4153 1194 4202 et
1213 4145 1610 4216 expositionem
1629 4148 1697 4202 ad

83 4253 267 4294 suam
299 4237 631 4306 impietatem
683 4237 1017 4293 transferre:
1051 4238 1308 4309 quoniam
1359 4249 1442 4295 est
1484 4239 1700 4309 quando

81 4330 316 4385 eaedem
349 4343 524 4393 voces,
564 4345 683 4384 cum
735 4330 876 4384 bene
917 4338 1264 4404 exponuntur
1302 4339 1357 4386 et
1384 4329 1696 4403 intelligun-

85 4433 207 4486 tur,
247 4435 372 4475 cum
401 4419 599 4491 pietate
626 4429 750 4476 sunt
781 4435 796 4473 :
832 4424 1047 4490 quando
1079 4431 1260 4476 autem
1293 4423 1431 4478 male
1472 4439 1501 4477 a
1527 4439 1693 4494 prave

82 4514 471 4573 sentientibus
505 4514 928 4584 interpretantur
953 4521 1005 4568 et
1033 4513 1402 4584 proferuntur,
1449 4516 1698 4584 impieta-

87 4619 212 4664 tem
274 4605 631 4662 habent.»Et
654 4614 876 4662 sanctus
934 4605 1226 4676 Gregorius
1252 4607 1308 4662 in
1363 4608 1584 4662 homilia
1628 4610 1695 4663 lO

85 4697 414 4756 Ezechielis
438 4698 565 4753 dicit
595 4717 607 4753 :
647 4719 663 4750 ι
685 4698 820 4764 Quia
847 4697 1093 4768 quisquis
1121 4698 1396 4768 expositor
1428 4699 1480 4752 in
1507 4699 1693 4770 expla-

87 4792 332 4847 natione
363 4791 500 4845 sacri
521 4790 740 4860 eloquii,
770 4789 1078 4844 utfortassc
1091 4790 1429 4845 auditoribus
1459 4792 1688 4860 placeat,
1743 4823 1768 4844 .

90 4885 317 4956 aliquid
364 4885 670 4942 mentiendo
711 4884 1003 4954 componit,
1035 4898 1131 4938 sua
1171 4892 1226 4939 et
1258 4898 1362 4938 non
1397 4884 1488 4939 Dei
1525 4886 1692 4940 verba

89 4977 367 5048 loquitur,
383 4976 425 5030 si
455 4984 628 5031 tamen
649 4975 894 5048 placendi
918 4972 1001 5028 vel
1020 4973 1319 5028 seducendi
1336 4975 1514 5031 studio
1538 4991 1694 5030 men-

92 5072 298 5126 tiatur.
329 5088 348 5122 ι
404 5065 471 5124 Et
511 5079 583 5134 tu,
611 5071 654 5126 si
684 5071 824 5125 hanc
847 5069 1172 5125 sententiam
1200 5067 1440 5138 Apostoli
1473 5072 1577 5127 tuis
1612 5069 1693 5124 di-

91 5166 209 5221 ctis
238 5164 633 5234 interposuisti,
671 5172 730 5218 ut
755 5163 824 5218 ad
875 5161 1342 5228 subscribendum,
1391 5163 1533 5232 quod
1581 5177 1690 5216 non

91 5256 252 5319 licet,
309 5254 709 5310 comministros
750 5262 869 5308 tuos
916 5251 1126 5308 facilius
1169 5266 1356 5322 posses
1404 5255 1689 5314 seducere,

1811 3425 1934 3466 mus
1962 3419 2017 3466 et
2047 3411 2320 3468 credimus
2349 3412 2416 3466 ad
2463 3409 2625 3466 fidem
2669 3408 2992 3466 catholicam
3041 3415 3400 3474 revertentes,

1811 3514 1866 3562 et
1897 3507 1987 3561 hic
2023 3507 2401 3564 remissionem
2443 3521 2556 3562 suae
2585 3505 2896 3576 percepisse
2939 3500 3308 3573 blasphemiae,
3347 3505 3406 3555 et

1807 3599 1866 3655 in
1892 3599 2078 3656 futuro
2105 3616 2255 3670 spem
2287 3599 2634 3671 indulgentiae
2659 3597 3053 3668 eonsequendm
3081 3594 3398 3664 sumpsisse.

1808 3689 1924 3744 Nec
1953 3699 2133 3746 tamen
2159 3692 2278 3760 ejus
2307 3690 2612 3759 refragatur
2634 3688 2923 3751 sententia,
2957 3689 3050 3756 qui
3074 3684 3204 3740 alibi
3230 3683 3399 3739 dixit!

1817 3779 1971 3835 Verte
2006 3781 2214 3849 impios,
2243 3791 2294 3834 et
2330 3797 2436 3834 non
2463 3790 2616 3834 erunt
2643 3777 2823 3847 (Prov.
2848 3777 2970 3848 ιιι).
3017 3775 3136 3831 Νοιι
3176 3775 3397 3846 quidem

1809 3878 1872 3925 ut
1895 3885 2002 3924 non
2017 3870 2126 3924 sint
2143 3885 2239 3940 per
2260 3869 2577 3936 essentiam,
2592 3869 2686 3926 sed
2703 3884 2810 3924 non
2833 3876 2995 3926 erunt
3015 3866 3159 3937 quod
3185 3863 3403 3924 fuerant

1806 3976 1906 4031 per
1930 3961 2224 4032 impietatis
2249 3962 2464 4032 culpam
2492 3978 2507 4015 :
2538 3962 2676 4018 sicut
2705 3971 2761 4015 et
2812 3960 3011 4017 Paulus
3040 3959 3171 4016 dicit
3199 3959 3265 4016 de
3291 3975 3352 4015 se
3377 3973 3397 4014 :

1823 4052 1945 4109 Vivo
1983 4064 2179 4119 autem,
2204 4055 2321 4125 jam
2351 4072 2456 4111 non
2493 4071 2606 4126 ego,
2635 4056 2754 4110 vivit
2796 4071 2913 4110 vero
2949 4057 3006 4110 in
3033 4071 3116 4109 me
3160 4051 3401 4109 Christus

1807 4139 1948 4214 (Gal.
1981 4144 2063 4216 ιι).
2099 4145 2416 4202 Exstinctus
2446 4146 2647 4217 quippe
2679 4146 2853 4202 fuerat
2897 4162 3073 4203 saevus
3097 4146 3187 4201 ille
3211 4161 3397 4216 persev

1805 4245 1981 4303 cutor,
2004 4246 2058 4294 et
2087 4239 2268 4294 vivere
2294 4249 2537 4310 coeperat
2562 4239 2683 4309 pius
2703 4239 3041 4308 praedicator.
3069 4238 3208 4294 Hinc
3227 4238 3396 4294 etiam

1805 4328 1980 4386 adhuc
2013 4330 2155 4394 dico,
2188 4330 2332 4400 quod
2371 4347 2494 4386 cum
2523 4330 2793 4386 catholica
2818 4330 2980 4385 credo
3034 4330 3301 4395 Ecclesia,
3344 4336 3400 4386 et

1803 4421 2088 4486 conﬁteor,
2117 4423 2244 4492 quia
2275 4421 2480 4492 Spiritu
2510 4422 2627 4486 Dei,
2657 4431 2716 4477 ut
2766 4420 2877 4476 Leo
2897 4436 3020 4476 eum
3048 4422 3170 4476 aliis
3210 4422 3396 4478 ortho-

1803 4517 1961 4574 doxis
1994 4513 2248 4578 alIirmat,
2290 4528 2532 4570 canones
2561 4512 2702 4569 sacri
2733 4520 2860 4568 sunt
2893 4511 3116 4568 conditi.
3172 4511 3275 4578 Qui
3319 4513 3396 4569 si-

1803 4610 2023 4679 quidem
2079 4607 2317 4678 Spiritus
2365 4615 2447 4662 est
2495 4606 2702 4670 Patris,
2754 4606 2990 4676 Spiritus
3033 4615 3119 4662 est
3167 4605 3314 4670 Filii,
3344 4613 3402 4660 et

1799 4700 1984 4766 Pater,
2009 4707 2065 4755 et
2109 4697 2299 4764 Filius,
2353 4706 2411 4750 et
2465 4697 2704 4767 Spiritus
2751 4706 2989 4762 sanctus,
3037 4711 3268 4768 quorum
3315 4702 3402 4749 est

1800 4809 1908 4848 una
1958 4791 2290 4854 substantia,
2317 4804 2424 4843 una
2480 4788 2734 4844 voluntas
2767 4798 2824 4845 et
2857 4790 3123 4860 operatio,
3148 4799 3289 4841 unus
3317 4790 3401 4838 est

1799 4882 2083 4948 Dominus,
2117 4897 2180 4936 ac
2201 4894 2299 4950 per
2325 4879 2429 4934 hoc
2457 4897 2490 4934 a
2515 4879 2680 4934 Patre
2701 4888 2759 4935 et
2785 4879 2924 4936 Filio
2949 4887 3003 4935 et
3036 4873 3243 4946 Spiritu
3270 4885 3396 4925 san-

1799 4986 1911 5042 eto,
1946 4986 2058 5034 tota
2090 4976 2298 5032 scilicet
2343 4971 2613 5031 Trinitate
2642 4988 2749 5031 uno
2791 4975 2901 5030 Deo
2928 4984 2981 5030 et
3016 4966 3267 5027 Domino,
3309 4977 3402 5019 ca-

1801 5086 1974 5128 nones
1999 5071 2140 5128 sacri
2169 5075 2298 5125 sunt
2327 5068 2557 5133 conditi,
2583 5082 2613 5120 a
2637 5066 2836 5134 quibus
2881 5067 2971 5137 qui
3021 5077 3116 5132 per
3163 5062 3400 5108 contem-

1810 5171 1961 5232 ptum
1979 5160 2334 5234 pertinaciter
2353 5156 2598 5224 deviam,
2617 5158 2670 5211 in
2686 5156 2903 5213 Patrem
2919 5166 2975 5212 et
2998 5153 3196 5210 Filium
3210 5152 3266 5196 et
3281 5143 3402 5213 Spi-

1807 5251 1974 5307 ritum
2013 5259 2279 5314 sanetum,
2311 5246 2520 5306 scilicet
2567 5248 2622 5302 in
2653 5245 2826 5301 Deum
2852 5263 2917 5302 ac
2942 5241 3228 5300 Dominum
3276 5247 3404 5299 Pec-

3092 5343 3155 5352 --η
3192 5322 3379 5352 οηοῖιιῖι

1806 5351 1926 5374 Λίδη.
1992 5343 2178 5374 Fanni:
