3990 6300
482 443 595 524 est

1449 453 1783 512 HINCMARI
1821 417 2218 539 RHELtEIiSIS
2255 448 2778 508 ARCHIEPISCOPI

3652 447 3783 504 ‘43!

494 589 570 639 est
594 567 863 650 peccatum
891 591 993 630 non
1020 573 1086 628 ad
1125 581 1342 626 mortem
1366 569 1415 640 (1
1444 570 1602 626 Joan.
1626 587 1680 636 v,
1714 569 1825 644 i6),
1865 571 1984 626 dico
2012 577 2071 624 ut
2098 571 2150 631 Α
2173 567 2394 632 exuisti,
2432 565 2527 623 sed
2553 581 2647 622 eos
2676 562 3126 636 praevaricatione
3153 559 3335 632 potius
3373 561 3634 629 nexuisti,
3678 579 3783 620 vo-

497 681 687 731 oretur
713 686 812 743 pro
840 686 924 726 eo.
955 665 1048 723 Est
1071 663 1287 737 quidem
1321 673 1603 734 peccatum
1643 663 1709 719 ad
1734 673 1986 727 mortem,
2023 661 2075 716 in

497 768 687 824 eodem
723 771 941 832 peccato
967 749 1329 815 'manentibus
1359 774 1371 810 :
1401 767 1482 812 est
1535 755 1817 828 peccatum
1851 771 1954 809 non
2010 753 2077 807 ad

500 868 750 922 mortem,
773 856 841 911 ab
865 855 1055 910 eodem
1090 859 1314 925 peccato
1335 849 1730 906 recedentibus.
1759 847 1971 901 Nullum
1998 852 2082 900 est

501 952 696 1024 quippe
738 955 1043 1018 peccatum,
1076 961 1174 1016 pro
1215 960 1324 1015 quo
1365 953 1458 999 aut
1510 959 1614 998 non
1663 950 1784 998 oret
1837 938 2080 994 Ecclesia

496 1039 906 1106 remittendum,
947 1047 1040 1093 aut
1061 1038 1203 1108 quod
1233 1037 1358 1092 data
1387 1035 1490 1090 sibi
1520 1033 1779 1089 divinitus
1808 1038 2080 1102 potestate

499 1133 900 1191 discedentibus
926 1131 994 1187 ab
1023 1147 1089 1188 eo
1123 1145 1227 1186 non
1263 1129 1433 1200 possit
1468 1126 1766 1188 absolvere,
1793 1121 1874 1178 vel
1906 1120 2084 1191 paeni-

498 1225 739 1281 tentibus
771 1224 1039 1289 relaxare,
1081 1223 1168 1279 cui
1211 1222 1409 1276 dicitur
1441 1238 1453 1273 :
1489 1217 1825 1288 Qua’cunque
1871 1214 2084 1268 dimise-

499 1319 616 1373 ritis
656 1335 814 1388 super
852 1327 1067 1381 terram,
1095 1316 1313 1370 dimissa
1352 1323 1503 1369 erunt
1525 1321 1574 1366 et
1603 1311 1657 1364 in
1682 1309 1843 1374 caelis,
1869 1316 1916 1362 et
1941 1322 2084 1378 qua?-

497 1425 702 1479 cunque
728 1407 985 1463 solveritis
1015 1423 1171 1478 super
1193 1416 1408 1469 terram,
1437 1412 1588 1458 erunt
1625 1399 1797 1456 soluta
1827 1408 1876 1455 et
1899 1399 1954 1453 in
1979 1401 2102 1453 cae?

501 1502 566 1558 Iis
595 1501 810 1574 (Matth.
835 1518 988 1567 xvtu,
1015 1502 1125 1574 18).
1158 1499 1292 1556 Cum
1315 1498 1459 1554 enim
1490 1496 1722 1551 dicitur:
1751 1494 2086 1562 Quaecunque

501 1589 784 1657 solveritis,
831 1592 1012 1646 omnia
1043 1604 1379 1660 quaecunque
1419 1587 1549 1654 sint,
1585 1593 1640 1641 et
1667 1592 2087 1656 quantacunque

499 1682 632 1750 sint,
677 1691 734 1738 et
755 1683 1150 1753 qualiacunque
1193 1681 1318 1746 sint,
1362 1695 1427 1736 ex
1459 1691 1780 1750 quocunque
1806 1683 1971 1738 statu,
2003 1671 2089 1728 vel

499 1792 563 1832 ex
591 1792 912 1848 quocunque
927 1778 1077 1848 lapsu
1101 1775 1633 1848 comprehenduntur
1654 1790 1667 1825 :
1688 1769 1867 1826 veraci
1889 1768 2088 1823 nihilo-

502 1871 682 1926 minus
734 1885 923 1925 eorum
974 1877 1226 1924 manente
1282 1867 1573 1930 sententia,
1639 1879 1760 1933 quae
1807 1875 2086 1931 nunquam

2181 660 2298 717 lens
2341 676 2427 716 me
2467 661 2754 716 ostendere
2798 653 3069 714 eanonum
3113 657 3622 729 praevaricatorem,
3679 660 3780 730 qui

2181 752 2334 822 quasi
2366 760 2554 806 contra
2586 766 2822 807 canones
2849 751 2904 806 in
2951 759 3041 805 tua
3074 747 3332 820 parochia
3377 748 3512 804 solvi
3548 766 3676 820 qua:
3709 751 3777 807 li-

2181 846 2342 917 gasti,
2369 855 2426 901 et
2459 854 2674 900 certans
2693 861 2782 900 me
2811 853 2935 900 nota
2951 843 3313 899 damnationis
3340 843 3574 908 inurere,
3599 861 3778 916 quam

2181 939 2512 996 conscientia
2541 949 2630 994 tua
2664 939 2923 1010 nequibat
2958 936 3212 1009 eﬁ'ugere,
3242 945 3298 992 et
3323 937 3445 993 ideo
3475 936 3594 1006 plus
3620 937 3774 995 veri—

2185 1043 2270 1088 tus
2318 1033 2608 1088 humanam
2658 1031 3062 1096 verecundiam,
3123 1045 3191 1085 ne
3236 1028 3358 1083 vilis
3389 1028 3546 1084 ﬁeres
3572 1045 3642 1084 ex
3693 1030 3779 1086 his

2183 1141 2302 1196 quae
2351 1141 2580 1197 perpere
2631 1125 2845 1196 gessisti
2901 1124 3007 1178 tuis
3058 1122 3310 1188 subditis,
3359 1138 3519 1192 quam
3558 1132 3777 1178 reatum

2184 1225 2308 1271 ante
2333 1216 2546 1271 divinos
2589 1216 2797 1279 oculos,
2831 1215 2973 1286 quod
3021 1214 3208 1269 humili
3242 1215 3616 1284 resipiscentia
3656 1229 3778 1272 cor-

2184 1307 2360 1380 rigere
2388 1315 2628 1376 poteras,
2659 1307 2725 1360 ad
2756 1305 2886 1359 illud
2924 1313 3300 1373 argumentum
3347 1311 3397 1358 te
3435 1303 3772 1370 convenisti,

2183 1404 2246 1451 ut
2287 1397 2427 1452 hanc
2457 1395 2833 1466 irregularem,
2873 1396 2982 1450 imo
3014 1393 3388 1465 tragmdialem
3419 1395 3775 1464 subscriptio-

2185 1504 2310 1544 nem
2337 1488 2701 1560 excogitares,
2749 1495 2803 1542 et
2847 1487 2950 1542 hac
2979 1486 3359 1543 adinventione
3387 1485 3681 1540 Dominum
3709 1486 3774 1540 ad

2186 1580 2522 1636 iracundiam
2552 1580 2783 1651 amplius
2829 1594 3174 1650 provocares,
3207 1587 3262 1633 et
3310 1576 3487 1632 teCum
3515 1577 3656 1632 alios
3685 1592 3776 1634 ne-

2188 1682 2384 1729 cteres.
2415 1671 2558 1745 Lege
2585 1672 2750 1743 igitur
2779 1672 2830 1726 in
2870 1671 3104 1727 decretis
3125 1669 3325 1725 Gelasii
3354 1668 3688 1724 sententiam
3712 1668 3774 1724 de

2186 1763 2406 1831 Acacio,
2430 1764 2576 1820 etde
2603 1763 2870 1834 episc0pis
2895 1763 2986 1833 qui
3028 1776 3153 1817 eum
3189 1761 3513 1832 regulariter
3545 1770 3770 1816 conten-

2191 1858 2389 1913 debant
2443 1871 2600 1926 posse
2647 1855 2950 1910 absolutum
2995 1854 3196 1918 dicere,
3229 1863 3284 1908 et
3322 1869 3443 1908 eam
3476 1854 3575 1908 tibi
3609 1863 3666 1908 et
3696 1852 3773 1908 his

499 1960 754 2016 solvenda
796 1974 919 2015 esse
947 1959 1352 2024 denuntiantur,
1387 1958 1441 2012 in
1467 1956 1658 2011 eodem
1689 1963 1878 2008 tenore
1903 1950 2084 2006 consi-
2115 1935 2162 1995 Β
2189 1963 2323 2017 quos
2354 1956 2529 2002 tecum
2571 1947 2745 2002 fecisti
2771 1945 3116 2002 subscribere
3147 1946 3377 2016 applica,
3409 1954 3466 2000 et
3493 1946 3628 2015 quid
3657 1960 3774 2017 ege-

499 2054 789 2118 stentibus,
818 2068 927 2108 non
956 2053 1121 2109 etiam
1151 2052 1219 2106 ab
1267 2052 1372 2108 hoc
1408 2050 1600 2106 eodem
1639 2055 1865 2118 peccato
1900 2051 2083 2115 postea

499 2143 898 2199 recedentibus.
933 2143 1012 2198 Ex
1045 2143 1132 2198 his
1161 2142 1326 2211 igitur
1355 2138 1800 2194 manifestissime
1827 2135 1996 2190 claret
2019 2135 2084 2188 de

497 2237 688 2291 eadem
713 2244 804 2291 tua
833 2234 1247 2306 subscriptione,
1276 2233 1330 2286 in
1357 2247 1464 2302 qua
1488 2231 1624 2286 dicis
1648 2248 1660 2283 :
1681 2227 1803 2292 His,
1828 2227 1956 2297 quin
1982 2241 2009 2277 a
2035 2232 2085 2278 te

499 2326 810 2396 specialiter
836 2324 1129 2394 excerptis,
1159 2331 1460 2377 sanctorum
1485 2319 1785 2391 apostolica:
1814 2317 1950 2370 sedis
1977 2312 2084 2368 Pa-

497 2429 639 2473 trum
685 2418 906 2472 decretis
933 2413 1396 2486 obtemperandum
1426 2411 1732 2481 subscripsi.
1761 2408 1895 2476 Quia
1935 2405 2004 2471 si,
2028 2412 2087 2457 ut

497 2522 660 2578 Supra
690 2508 824 2572 dixi,
851 2516 908 2562 et
933 2520 1076 2560 nunc
1099 2505 1295 2560 iterum
1325 2503 1470 2569 dico,
1507 2500 1726 2556 Nicaztto
1757 2496 2008 2559 concilio,
2030 2503 2087 2549 et

499 2596 621 2652 aliis
660 2595 1003 2668 generalibus
1048 2611 1112 2650 ac
1169 2593 1453 2649 catholicis
1492 2591 1733 2663 synodis,
1787 2600 2086 2656 eorumque

498 2688 625 2743 lixis
654 2696 707 2742 et
737 2685 1202 2756 irrel‘ragabilibus
1239 2682 1498 2748 decretis,
1529 2696 1651 2750 qua:
1676 2677 1967 2749 apostolica
2004 2689 2088 2730 se-

501 2780 598 2836 des
621 2786 677 2834 et
703 2785 897 2834 cuncta
941 2775 1185 2832 Ecclesia
1217 2775 1482 2831 catholica
1521 2771 1735 2842 recipit,
1774 2776 2084 2832 veneratur,

501 2878 558 2924 et
588 2877 793 2935 servat,
824 2866 1099 2923 contraria
1138 2868 1192 2922 in
1245 2866 1426 2936 aliquo
1468 2863 1656 2928 sentis,
1689 2861 1773 2918 vel
1805 2860 1980 2916 teneri
2022 2875 2088 2916 ac

500 2960 710 3018 servari
758 2958 1024 3022 decernis,
1076 2965 1130 3012 te
1161 2955 1367 3026 tibique
1410 2952 1700 3024 complices
1737 2967 1768 3006 a
1821 2949 2120 3007 catholica

502 3051 885 3110 communione
929 3047 1250 3122 se'gregasti,
1292 3057 1349 3102 et
1395 3046 1612 3116 quando
1656 3043 1937 3100 catholicae
1989 3042 2088 3097 ob-

503 3143 792 3200 servantiae
837 3139 1128 3198 contrariis
1151 3135 1547 3207 subscripsisti,
1577 3135 1841 3192 sollicitus
1868 3147 2089 3190 servare

504 3236 769 3292 unitatem
825 3233 1053 3304 spiritus
1091 3231 1146 3286 in
1199 3227 1414 3286 vinculo
1459 3229 1611 3298 pacis
1656 3241 1997 3298 nequaquam
2034 3226 2120 3280 in-

2193 2037 2264 2093 ris
2291 2052 2638 2108 recognosce.
2668 2037 2737 2092 Et
2763 2037 2907 2106 quod
2937 2037 3013 2091 ibi
3035 2035 3103 2092 de
3125 2036 3254 2091 sede
3282 2035 3583 2105 apostolica
3611 2035 3770 2106 leges,

2188 2129 2253 2184 de
2280 2137 2369 2182 tua
2413 2128 2719 2199 metropoli,
2751 2145 2872 2199 qua:
2896 2129 3049 2199 jussa
3099 2128 3244 2184 sedis
3283 2128 3600 2199 apostolicae
3626 2143 3776 2184 exse-

2186 2229 2308 2276 cuta
2329 2230 2428 2285 est,
2457 2221 2660 2276 dictum
2681 2231 2827 2292 puta.
2844 2222 2935 2276 Ait
2955 2222 3098 2276 enim
3122 2221 3414 2292 (Gelasius,
3439 2223 3594 2290 epist.
3621 2223 3774 2287 ii,in

2186 2312 2312 2382 ﬁne)
2345 2330 2358 2366 :
2395 2332 2414 2365 ‹
2452 2312 2576 2369 ideo
2598 2329 2721 2368 cum
2750 2315 2876 2370 sede
2903 2312 3196 2384 apostolica
3245 2313 3469 2368 minime
3507 2328 3776 2386 congruo-

2189 2404 2339 2470 bant,
2364 2403 2490 2474 quia
2515 2404 2570 2459 in
2595 2413 2797 2460 sortem
2829 2406 3134 2461 reciderant
3177 2405 3620 2476 praevaricatoris
3645 2407 3778 2463 Aca-

2189 2497 2275 2559 cii,
2309 2506 2360 2551 et
2390 2496 2534 2552 illius
2559 2513 2619 2552 se
2647 2497 2764 2553 sine
2791 2497 2953 2553 dubio
2974 2496 3327 2568 pervidebant
3357 2497 3634 2553 sententia
3655 2513 3778 2554 oon-

2189 2602 2483 2659 sequenter
2504 2590 2790 2662 adstringi,
2813 2590 2884 2646 ob
2909 2591 3013 2646 hoc
3035 2607 3158 2644 eum
3183 2589 3352 2644 videri
3378 2589 3635 2645 nolebant
3661 2604 3779 2646 esse

2190 2679 2528 2748 damnatum,
2559 2682 2684 2752 quia
2724 2696 2784 2738 se
2826 2681 3222 2752 cognoscebant
3250 2681 3303 2735 in
3345 2681 3539 2736 eadem
3569 2695 3777 2751 prava-

2192 2773 2456 2830 ricatione
2501 2790 2622 2832 esse
2668 2775 2974 2842 damnatos,
3027 2776 3078 2830 in
3108 2790 3214 2845 qua
3258 2775 3531 2845 hodieque
3559 2789 3778 2830 manere

2191 2869 2508 2939 persistunt.
2543 2867 2651 2924 Sed
2681 2868 2823 2925 sicut
2853 2868 2907 2924 hi
2937 2867 3099 2924 simili
3127 2865 3434 2922 conditione
3469 2867 3775 2930 constricti,

2192 2961 2507 3032 complicem
2543 2975 2703 3015 suum
2762 2975 2869 3016 non
2929 2969 3156 3030 possunt
3201 2960 3448 3032 judicare
3498 2975 3612 3016 non
3659 2961 3778 3031 jure

2195 3054 2527 3120 damnatum,
2580 3068 2758 3124 neque
2802 3053 2880 3107 rei
2930 3068 3084 3108 reum
3133 3061 3361 3124 possunt
3407 3063 3779 3123 competenter

2195 3143 2477 3199 absolvere
2516 3161 2529 3196 :
2570 3143 2649 3198 sic
2697 3139 2787 3198 illo
2835 3142 2984 3213 juste
3027 3144 3447 3212 praevaricatore
3502 3143 3774 3209 damnato,

2194 3231 2296 3304 ipsi
2325 3249 2540 3304 quoque
2567 3233 2682 3304 pari
2708 3233 2893 3305 jacent
2919 3233 3265 3289 damnatione
3294 3235 3580 3304 prostrati,
3611 3250 3778 3305 neque

512 3329 619 3385 ista
640 3325 1038 3397 ευὶιεεῆριίουε
1072 3321 1250 3380 illiw?
1274 3321 1344 3377 Ει
1365 3321 1509 3376 Ι)θόιὶ
1531 3319 1730 3376 Leonis
1756 3317 2099 3374 decernentis
2127 3321 2173 3386 C
2205 3323 2308 3379 nisi
2323 3324 2706 3394 resipiscentcs
2727 3324 2852 3379 inde
2868 3332 3122 3394 poterunt
3148 3339 3373 3396 prorsus
3391 3325 3635 3394 absolvi;
3663 3327 3777 3396 quia

507 3421 685 3492 (epist.
717 3419 809 3492 59)
843 3436 857 3472 :
893 3418 1028 3488 Quia
1068 3419 1122 3473 in
1171 3416 1374 3480 causis,
1419 3430 1539 3486 quae
1568 3413 1636 3468 ad
1668 3411 1972 3485 generalem
2000 3411 2095 3467 ob-

506 3511 836 3569 servantiam
870 3509 1144 3580 pertinent
1183 3508 1428 3563 omnium
1472 3505 1686 3561 Domini
1719 3505 2093 3571 sacerdotum,

508 3604 646 3661 nihil
673 3604 792 3662 sine
817 3603 1143 3676 primatibus
1171 3608 1389 3672 oportet
1418 3599 1654 3672 impleri,
1691 3615 1798 3654 non
1827 3598 1977 3653 fuisti
2007 3613 2095 3652 so-

507 3694 625 3752 cius
646 3693 962 3765 disciplinae.
993 3693 1148 3751 Unde
1174 3693 1469 3748 timendum
1499 3699 1585 3746 est
1604 3699 1664 3746 ut
1690 3705 1797 3746 non
1824 3689 1898 3744 sis
1932 3689 2096 3744 etiam

509 3804 735 3848 coasors
775 3787 1172 3846 communionis
1216 3803 1348 3853 suae,
1378 3803 1410 3842 a
1450 3785 1604 3857 cujus
1645 3784 2024 3841 communione
2051 3783 2098 3838 si

509 3882 654 3954 quod
684 3882 826 3938 absit
851 3880 1021 3937 fueris
1042 3881 1273 3946 alienus,
1314 3895 1440 3935 cum
1486 3879 1593 3944 his,
1625 3893 1854 3948 quorum
1878 3879 2098 3933 decreta

510 3971 743 4030 convelli
788 3971 988 4036 l'ecisti,
1020 3971 1160 4025 sicut
1188 3986 1251 4026 ex
1293 3970 1465 4026 sacris
1490 3969 1788 4024 canonibus
1814 3977 1871 4024 et
1905 3970 2098 4024 decre-

513 4066 582 4119 tis
610 4063 871 4118 Romana:
917 4062 1061 4116 sedis
1096 4061 1408 4132 pontiﬁcum
1440 4060 1538 4114 tibi
1583 4061 1786 4130 scripto
1814 4061 2010 4126 direxi,
2037 4075 2102 4114 ac

510 4168 610 4225 per
637 4152 740 4208 hoc
787 4165 910 4206 cum
959 4150 1199 4206 Ecclesia
1244 4149 1510 4206 catholica
1537 4151 1971 4206 communionem
2000 4153 2100 4206 ha-

511 4244 643 4300 bere
675 4258 780 4298 non
804 4241 1026 4312 poteris.
1055 4241 1121 4296 Et
1143 4257 1249 4297 non
1281 4242 1398 4296 leve
1419 4240 1515 4296 tibi
1539 4240 1651 4296 ullo
1673 4241 1832 4296 modo
1854 4242 2102 4298 videatur

513 4335 659 4408 quod
675 4349 839 4405 supra
857 4343 927 4389 ex
948 4334 1130 4390 verbis
1151 4333 1395 4404 ejusdem
1417 4333 1564 4390 beati
1579 4332 1777 4389 Leonis
1791 4333 1965 4406 posui,
1983 4335 2101 4405 qui-

471 4445 476 4448 '
512 4429 616 4486 bus
635 4429 949 4503 dicit(epist.
965 4427 1054 4495 84,
1071 4427 1140 4482 ad
1163 4426 1386 4482 Leonem
1401 4429 1750 4499 Augustum):
1772 4445 1790 4479 α
1813 4428 1942 4496 Quae
1954 4435 2103 4498 pate-

513 4523 661 4580 facta
683 4532 807 4579 sunt
833 4527 1094 4594 quaerere,
1130 4529 1188 4577 et
1213 4535 1334 4591 quae
1357 4519 1594 4591 perfecta
1625 4528 1752 4575 sunt
1776 4528 2098 4586 retractare,
2161 4525 2164 4528 ’

515 4627 572 4675 et
592 4633 710 4689 quae
732 4626 858 4673 sunt
885 4615 1111 4672 diﬂlnita
1134 4615 1460 4682 convellere,
1489 4615 1621 4686 quid
1649 4615 1800 4669 aliud
1823 4625 1910 4671 est
1935 4627 2110 4686 quam:

2201 3415 2342 3469 sicut
2377 3429 2474 3485 per
2501 3431 2668 3469 unum
2695 3413 3022 3470 scribentem
3061 3429 3250 3471 eorum
3288 3417 3530 3472 omnium
3571 3418 3776 3489 vulgata

2203 3507 2564 3578 transgressio
2601 3515 2705 3573 est,
2735 3507 2828 3578 qui
2859 3507 2916 3562 in
2944 3507 3187 3563 eamdem
3212 3508 3453 3580 perﬁdiae
3479 3511 3781 3566 reciderant

2201 3598 2490 3664 actionem,
2536 3597 2616 3653 sic
2661 3598 2718 3652 in
2769 3613 2878 3654 uno
2907 3598 3224 3669 eodemque,
3273 3601 3365 3670 qui
3413 3615 3513 3671 pro
3537 3602 3784 3656 omnibus

2202 3687 2516 3759 scripserat,
2547 3687 2629 3743 vel
2653 3688 2941 3744 scribendo
2977 3689 3217 3745 omnium
3259 3690 3576 3760 prodiderat
3598 3692 3785 3746 volun-

2203 3790 2363 3847 tates,
2411 3781 2841 3853 transgressione
2883 3783 3096 3853 punita,
3148 3781 3356 3853 pariter
3403 3799 3624 3855 quoque
3668 3800 3784 3840 cum

2202 3875 2412 3941 eodem,
2438 3874 2522 3929 vel
2551 3877 2604 3930 in
2630 3875 2818 3931 eodem
2841 3883 2927 3932 est
2949 3875 3272 3946 complicum
3299 3880 3663 3947 transgressio
3688 3893 3782 3948 pu-

2203 3969 2317 4024 nita
2346 3980 2688 4024 cunctorum.
2721 3988 2740 4021 ›
2767 3969 2834 4023 Et
2863 3977 3084 4024 sanctus
3125 3968 3360 4024 Hilarius
3389 3970 3444 4024 in
3474 3971 3703 4041 epistola
3726 3971 3785 4026 de

2203 4059 2444 4130 synodis,
2472 4073 2636 4130 quam
2662 4060 2728 4115 de
2754 4059 2944 4115 exsilio
2969 4060 3036 4114 ad
3075 4058 3382 4116 Gallicanos
3409 4061 3561 4117 misit
3585 4064 3785 4134 episco-

2203 4168 2324 4224 pos,
2370 4152 2546 4209 dicit:
2599 4171 2620 4204 ι
2655 4152 2820 4218 Nihil,
2859 4152 3128 4223 inquiens,
3179 4154 3377 4209 mirum
3414 4153 3592 4209 videri
3641 4156 3785 4210 vobis

2205 4245 2384 4311 debet,
2403 4243 2600 4301 fratres
2625 4245 2963 4313 charissimi,
2988 4245 3131 4317 quod
3153 4255 3260 4301 tam
3293 4245 3612 4318 frequenter
3628 4263 3786 4318 expo-

2205 4341 2262 4395 ni
2312 4340 2446 4396 itdes
2497 4351 2688 4412 emptae
2755 4350 2885 4398 sunt
2941 4359 2956 4396 :
3007 4343 3386 4399 necessitatem
3446 4344 3589 4400 hanc
3645 4345 3788 4399 fumr

2208 4435 2493 4490 haereticus
2544 4435 2824 4506 imposuit,
2877 4443 2932 4492 et
2987 4437 3286 4492 necessitas
3342 4438 3786 4493 consuetudinem

2208 4525 2386 4581 intulit
2414 4527 2609 4597 exponi
2642 4528 2796 4595 tides,
2828 4536 2882 4584 et
2911 4528 3170 4598 expositis
3195 4527 3489 4585 subscribi.
3519 4521 3626 4586 Ubi
3649 4531 3788 4586 enim

2207 4631 2398 4671 sensus
2425 4617 2771 4672 conscientia:
2800 4617 3156 4686 periclitatur,
3191 4617 3299 4674 illic
3320 4619 3510 4674 littera
3556 4620 3788 4690 postula-

515 4712 584 4767 dc
614 4709 823 4780 adeptis
848 4708 1073 4779 gratiam
1113 4724 1221 4766 non
1247 4708 1474 4773 referre,
1502 4715 1558 4762 ct
1587 4706 1654 4762 ad
1683 4707 1984 4772 interdictae
2008 4723 2098 4761 ar-
2129 4699 2181 4760 D
2209 4714 2314 4772 tur,
2357 4721 2458 4762 nec
2486 4721 2617 4760 sane
2642 4707 2906 4762 subscribi
2961 4708 3205 4777 impedit,
3245 4709 3390 4778 quod
3440 4709 3681 4766 salutare
3713 4720 3792 4768 est

515 4801 666 4858 boris
693 4800 874 4856 cibum
895 4799 1190 4870 improbos
1221 4801 1490 4870 appetitus
1513 4797 1809 4852 mortiferze
1833 4798 2102 4867 cupidita-

497 4892 592 4947 ‘tis
613 4888 948 4946 extendere?
975 4906 996 4940 ι
1027 4887 1135 4943 Sed
1161 4903 1307 4943 cum
1349 4901 1541 4957 magna
1572 4887 1754 4942 cordis
1777 4917 1782 4924 ι
1802 4887 2105 4943 intentione

521 4975 831 5050 considera,
875 4982 971 5037 cui
999 4973 1257 5050 "peccato
1311 4987 1592 5049 peccatum
1643 4977 1787 5049 quod
1835 4977 2103 5032 admisisti

521 5075 748 5134 diﬁinita
777 5072 1086 5130 convellens
1105 5080 1426 5142 comparet,-
1453 5071 1660 5127 sciiicet
1695 5071 1984 5140 quod-non
1999 5070 2105 5126 nisi

497 5169 786 5240 "sanguine
811 5166 938 5222 ‘Filii
954 5161 1064 5221 ’Βεὶ-
1085 5164 1342 5236 pmaiet
1355 5163 1592 5232 expiari,
1619 5163 1871 5219 videlicet
1904 5163 2048 5232 quod
2075 5178 2107 5217 a

467 5269 472 5278 ‘
521 5259 700 5328 primo
727 5247 1349 5329 ‘phrente'commiSsum
1376 5254 1433 5307 i'n
1457 5265 1651 5309 omnes
1689 5253 1955 5323 posueros'
1979 5267 2104 5323 per-
2153 5271 2160 5296 .-

467 5357 484 5378 *ν
519 5350 798 5414 transivis,
821 5350 959 5404 sicut
987 5346 1436 5417 dicitApostolus
1468 5361 1480 5400 :
1513 5345 1817 5400 Per-autum
1846 5347 2107 5402 Innu‘nem

2185 4795 2475 4851 oconﬁteri‘.
2499 4814 2534 4846 θ»
2559 4817 2564 4820 -
2589 4793 2858 4851 Converte
2895 4796 3080 4867 igitur
3117 4798 3304 4854 oculos
3358 4803 3557 4854 mentis
3587 4810 3692 4856 tua:
3729 4801 3792 4856 ad

2205 4897 2393 4943 actum
2421 4895 2596 4952 tuum,
2619 4888 2770 4958 quod
2817 4888 3298 4956 irrationabiliter,
3321 4898 3379 4945 et
3399 4901 3594 4946 contra
3617 4901 3794 4948 aucto-

2210 4979 2607 5050 ritatematque
2625 4983 3242 5042 sinenlla‘necessitate
3289 4985 3494 5041 inhac
3539 4975 3795 5058 praisew-

2213 5071 2394 5142 ptiva'
2425 5074 2856 5145 subscriptione"
2892 5084 2980 5130 tua
3026 5083 3343 5148 perpetrare
3387 5089 3520 5132 non'
3547 5077 3796 5146 ‘ﬁntuiii,

2167 5185 2170 5190 -
2207 5165 2708 5222 etf'tiblisubditos
2743 5175 2946 5237 'age're'
2974 5167 3304 5238 compulisti,
3354 5167 3446 5223 ne
3473 5167 3795 5235 furor’ttms,

2213 5259 2316 5312 etsi
2347 5257 2590 5314 ’d'rverso
2633 5259 2813 5323 modo,
2859 5273 2966 5313 non
2995 5260 3213 5315 diverso
3251 5261 3396 5324 dolo,
3437 5257 3494 5314 in
3519 5261 3801 5317 hoc'faeto

2212 5347 2384 5403 furori
2399 5348 2785 5404 vbaeretiwrum
2809 5359 3071 5419 equetur,
3097 5351 3189 5421 qui
3219 5351 3328 5406 iliic
3355 5351 3595 5406 litteram
3615 5357 3801 5423 pustu-

521 5449 796 5509 paceatum
811 5437 1130 5494 'intMiMn'
1151 5437 1434 5503 mutuum,
1457 5447 1518 5491 et:
1533 5449 1627 5507 per
1651 5448 1929 5508 pecuum
1940 5447 2103 5505 more,

467 5567 475 5584 ε
507 5539 575 5584 -σι
619 5532 694 5585 ita
727 5532 787 5585 in
818 5545 1004 5586 omnes
1048 5532 1279 5586 homines
1325 5531 1678 5602 pertransivit,
1709 5531 1900 5602 iit-quo
1928 5539 2107 5588 omnes

461 5623 486 5657 ι
523 5618 866 5689 per:me
905 5621 1166 5693 (Rom.-v,
1193 5621 1331 5694 ﬂ)‘:
1369 5624 1508 5678 sicut
1527 5631 1585 5677 et
1607 5635 1714 5692 per-
1749 5623 2110 5680 tevin‘omttes
2153 5643 2162 5652 ο

475 5731 486 5746 ν
526 5719 706 5767 tecum
734 5713 1152 5771 ‘-subscribentes
1193 5723 1386 5770 contra
1419 5714 1724 5772 diuinitas
1757 5716 1962 5772 sanctis
1989 5715 2112 5772 “Pa-
2153 5735 2168 5748 ι

2159 5465 2164 5468 -
2214 5439 2374 5502 lassi,
2425 5439 2515 5494 ubi
2563 5453 2756 5495 sensus
2810 5441 3160 5496 conscientiae
3197 5455 3308 5497 non
3360 5440 3797 5512 periclitabatur,

2211 5538 2271 5586 et
2299 5528 2498 5586 =iecisti
2548 5530 2824 5586 subscribi
2859 5533 3005 5602 quod
3053 5532 3289 5588 salutare
3339 5545 3448 5587 non
3495 5527 3585 5587 est
3633 5531 3801 5588 centi-

2216 5622 2319 5676 teri
2337 5625 2352 5688 ,'
2405 5621 2451 5678 si
2474 5632 2678 5679 tamen
2699 5633 2894 5680 “sacro”
2913 5623 3132 5682 Niceno
3169 5625 3435 5693 concilio,
3461 5637 3518 5681 et
3545 5625 3800 5681 Romae

2217 5716 2366 5773 sedis
2383 5737 2397 5746 κ
2413 5717 2742 5788 pbutiﬁcum'
2767 5719 3002 5776 decretis
3036 5727 3158 5792 post
3194 5719 3474 5776 Nicamum
3511 5719 3796 5777 concilium

2219 5807 2422 5868 habitis
2442 5849 2459 5879 ,
2489 5821 2544 5868 et
2567 5825 2640 5867 ex
2667 5813 2840 5870 sacris
2861 5815 3161 5871 canonibus
3189 5813 3581 5887 promulgatis,
3617 5813 3669 5870 in
3699 5812 3794 5867 ali-

2220 5916 2332 5973 quo
2361 5904 2808 5963 est-contrarium
2829 5908 3022 5977 ,“quod
3047 5925 3089 5965 ~a
3127 5914 3271 5964 teet
3295 5904 3793 5984 tuirconmiicibus

475 5811 480 5816 '
520 5800 710 5857 tribus
733 5799 1010 5872 peceatum
1050 5809 1424 5876 pertransiit,~-
1449 5811 1637 5878 quite
1669 5811 1970 5878 'agente‘in
2009 5811 2114 5867 hoc
2153 5837 2156 5840 ~

460 5917 475 5936 ε
528 5904 917 5965 peccaverunt,
933 5897 1062 5966 quia
1084 5898 1136 5952 in
1149 5899 1250 5953 illa
1272 5893 1667 5972 subscriptione
1691 5915 1804 5959 non
1818 5911 1872 5960 te
1895 5905 2116 5975 penitus
2154 5917 2166 5944 ε’
