  <div class='ocr_page' id='page_1' title='image "/cluster/home/n/w/nwhite01/storage/ocr_20150623/126/hvd.32044015471675/222.png"; bbox 0 0 3990 6300; ppageno 0'>
   <div class='ocr_carea' id='block_1_1' title="bbox 244 414 357 469">
    <p class='ocr_par' dir='ltr' id='par_1_1' title="bbox 244 414 357 469">
     <span class='ocr_line' id='line_1_1' title="bbox 244 414 357 469; baseline 0 -3"><span class='ocrx_word' id='word_1_1' title='bbox 244 414 357 469; x_wconf 63' lang='grc' dir='ltr'><strong>ῶδ</strong></span> 
     </span>
    </p>
   </div>
   <div class='ocr_carea' id='block_1_2' title="bbox 1027 407 2726 494">
    <p class='ocr_par' dir='ltr' id='par_1_2' title="bbox 1027 407 2726 494">
     <span class='ocr_line' id='line_1_2' title="bbox 1027 407 2726 494; baseline 0.007 -27"><span class='ocrx_word' id='word_1_2' title='bbox 1027 408 1268 468; x_wconf 86' lang='lat' dir='ltr'><strong>OPUSC.</strong></span> <span class='ocrx_word' id='word_1_3' title='bbox 1311 408 1397 465; x_wconf 82' lang='lat' dir='ltr'><strong>ET</strong></span> <span class='ocrx_word' id='word_1_4' title='bbox 1433 409 1648 466; x_wconf 83' lang='lat' dir='ltr'><strong>EPIST.</strong></span> <span class='ocrx_word' id='word_1_5' title='bbox 1677 409 1756 492; x_wconf 80' lang='lat' dir='ltr'><strong>IN</strong></span> <span class='ocrx_word' id='word_1_6' title='bbox 1793 407 2019 494; x_wconf 74' lang='lat' dir='ltr'><strong>CAUSA</strong></span> <span class='ocrx_word' id='word_1_7' title='bbox 2059 413 2389 476; x_wconf 78' lang='lat' dir='ltr'><strong>HINCMARI</strong></span> <span class='ocrx_word' id='word_1_8' title='bbox 2428 421 2726 480; x_wconf 77' lang='lat' dir='ltr'><strong>LAUDUN.</strong></span> 
     </span>
    </p>
   </div>
   <div class='ocr_carea' id='block_1_3' title="bbox 3420 430 3524 486">
    <p class='ocr_par' dir='ltr' id='par_1_3' title="bbox 3420 430 3524 486">
     <span class='ocr_line' id='line_1_3' title="bbox 3420 430 3524 486; baseline 0.01 -1"><span class='ocrx_word' id='word_1_9' title='bbox 3420 430 3524 486; x_wconf 70' lang='grc' dir='ltr'><strong>ΔΜ</strong></span> 
     </span>
    </p>
   </div>
   <div class='ocr_carea' id='block_1_4' title="bbox 248 523 3522 616">
    <p class='ocr_par' dir='ltr' id='par_1_4' title="bbox 248 523 3522 616">
     <span class='ocr_line' id='line_1_4' title="bbox 248 523 3522 616; baseline 0.005 -30"><span class='ocrx_word' id='word_1_10' title='bbox 248 535 468 586; x_wconf 89' lang='lat' dir='ltr'><strong>constat</strong></span> <span class='ocrx_word' id='word_1_11' title='bbox 498 541 620 583; x_wconf 88' lang='lat' dir='ltr'><strong>esse</strong></span> <span class='ocrx_word' id='word_1_12' title='bbox 657 526 1014 597; x_wconf 87' lang='lat' dir='ltr'><strong>subcriptum.</strong></span> <span class='ocrx_word' id='word_1_13' title='bbox 1047 524 1104 580; x_wconf 90' lang='lat' dir='ltr'><strong>In</strong></span> <span class='ocrx_word' id='word_1_14' title='bbox 1144 541 1251 596; x_wconf 89' lang='lat' dir='ltr'><strong>quo</strong></span> <span class='ocrx_word' id='word_1_15' title='bbox 1285 525 1591 597; x_wconf 88' lang='lat' dir='ltr'><strong>pernicioso</strong></span> <span class='ocrx_word' id='word_1_16' title='bbox 1629 523 1775 579; x_wconf 89' lang='lat' dir='ltr'><strong>facto</strong></span> <span class='ocrx_word' id='word_1_17' title='bbox 1809 539 1840 578; x_wconf 88' lang='lat' dir='ltr'><strong>a</strong></span> <span class='ocrx_word' id='word_1_18' title='bbox 1867 527 1922 588; x_wconf 76' lang='grc' dir='ltr'><strong>Δ</strong></span> <span class='ocrx_word' id='word_1_19' title='bbox 1951 531 2212 586; x_wconf 76' lang='lat' dir='ltr'><strong>mentium</strong></span> <span class='ocrx_word' id='word_1_20' title='bbox 2246 533 2386 591; x_wconf 88' lang='lat' dir='ltr'><strong>Deus</strong></span> <span class='ocrx_word' id='word_1_21' title='bbox 2415 548 2666 603; x_wconf 91' lang='lat' dir='ltr'><strong>nonest,</strong></span> <span class='ocrx_word' id='word_1_22' title='bbox 2708 549 2764 593; x_wconf 91' lang='lat' dir='ltr'><strong>ut</strong></span> <span class='ocrx_word' id='word_1_23' title='bbox 2808 541 2998 596; x_wconf 87' lang='lat' dir='ltr'><strong>beatus</strong></span> <span class='ocrx_word' id='word_1_24' title='bbox 3036 540 3165 598; x_wconf 93' lang='lat' dir='ltr'><strong>dicit</strong></span> <span class='ocrx_word' id='word_1_25' title='bbox 3211 542 3522 616; x_wconf 79' lang='lat' dir='ltr'><strong>Gregorius.</strong></span> 
     </span>
    </p>
   </div>
   <div class='ocr_carea' id='block_1_5' title="bbox 250 613 1870 688">
    <p class='ocr_par' dir='ltr' id='par_1_5' title="bbox 250 613 1870 688">
     <span class='ocr_line' id='line_1_5' title="bbox 250 613 1870 688; baseline -0.006 -9"><span class='ocrx_word' id='word_1_26' title='bbox 250 634 308 680; x_wconf 90' lang='lat' dir='ltr'><strong>te</strong></span> <span class='ocrx_word' id='word_1_27' title='bbox 347 637 458 678; x_wconf 88' lang='lat' dir='ltr'><strong>non</strong></span> <span class='ocrx_word' id='word_1_28' title='bbox 502 619 696 676; x_wconf 82' lang='lat' dir='ltr'><strong>leviter</strong></span> <span class='ocrx_word' id='word_1_29' title='bbox 739 627 824 674; x_wconf 91' lang='lat' dir='ltr'><strong>est</strong></span> <span class='ocrx_word' id='word_1_30' title='bbox 863 627 1106 674; x_wconf 89' lang='lat' dir='ltr'><strong>erratum</strong></span> <span class='ocrx_word' id='word_1_31' title='bbox 1130 659 1146 684; x_wconf 91' lang='lat'><strong>,</strong></span> <span class='ocrx_word' id='word_1_32' title='bbox 1180 616 1236 673; x_wconf 88' lang='lat' dir='ltr'><strong>in</strong></span> <span class='ocrx_word' id='word_1_33' title='bbox 1270 632 1429 688; x_wconf 86' lang='lat' dir='ltr'><strong>quem</strong></span> <span class='ocrx_word' id='word_1_34' title='bbox 1471 633 1501 670; x_wconf 91' lang='lat' dir='ltr'><strong>a</strong></span> <span class='ocrx_word' id='word_1_35' title='bbox 1537 617 1695 671; x_wconf 86' lang='lat' dir='ltr'><strong>beato</strong></span> <span class='ocrx_word' id='word_1_36' title='bbox 1739 613 1870 670; x_wconf 86' lang='lat' dir='ltr'><strong>Ge-’</strong></span> 
     </span>
    </p>
   </div>
   <div class='ocr_carea' id='block_1_6' title="bbox 249 709 1840 783">
    <p class='ocr_par' dir='ltr' id='par_1_6' title="bbox 249 709 1840 783">
     <span class='ocr_line' id='line_1_6' title="bbox 249 709 1840 783; baseline -0.006 -10"><span class='ocrx_word' id='word_1_37' title='bbox 249 717 394 772; x_wconf 92' lang='lat' dir='ltr'><strong>Iasio</strong></span> <span class='ocrx_word' id='word_1_38' title='bbox 433 711 742 770; x_wconf 82' lang='lat' dir='ltr'><strong>ostenditur</strong></span> <span class='ocrx_word' id='word_1_39' title='bbox 786 711 1155 782; x_wconf 81' lang='lat' dir='ltr'><strong>transgressio</strong></span> <span class='ocrx_word' id='word_1_40' title='bbox 1190 709 1461 783; x_wconf 89' lang='lat' dir='ltr'><strong>punienda</strong></span> <span class='ocrx_word' id='word_1_41' title='bbox 1492 719 1840 775; x_wconf 91' lang='lat' dir='ltr'><strong>cunctorum,</strong></span> 
     </span>
    </p>
   </div>
   <div class='ocr_carea' id='block_1_7' title="bbox 249 804 1847 882">
    <p class='ocr_par' dir='ltr' id='par_1_7' title="bbox 249 804 1847 882">
     <span class='ocr_line' id='line_1_7' title="bbox 249 804 1847 882; baseline -0.004 -16"><span class='ocrx_word' id='word_1_42' title='bbox 249 810 347 882; x_wconf 90' lang='lat' dir='ltr'><strong>qui</strong></span> <span class='ocrx_word' id='word_1_43' title='bbox 385 807 650 864; x_wconf 88' lang='lat' dir='ltr'><strong>omnibus</strong></span> <span class='ocrx_word' id='word_1_44' title='bbox 683 806 1099 878; x_wconf 61' lang='lat' dir='ltr'><strong>praescripsisti,</strong></span> <span class='ocrx_word' id='word_1_45' title='bbox 1140 814 1196 861; x_wconf 90' lang='lat' dir='ltr'><strong>et</strong></span> <span class='ocrx_word' id='word_1_46' title='bbox 1233 805 1302 860; x_wconf 90' lang='lat' dir='ltr'><strong>ab</strong></span> <span class='ocrx_word' id='word_1_47' title='bbox 1335 804 1587 861; x_wconf 89' lang='lat' dir='ltr'><strong>omnibus</strong></span> <span class='ocrx_word' id='word_1_48' title='bbox 1621 804 1847 860; x_wconf 87' lang='lat' dir='ltr'><strong>commi-</strong></span> 
     </span>
    </p>
   </div>
   <div class='ocr_carea' id='block_1_8' title="bbox 247 897 1843 958">
    <p class='ocr_par' dir='ltr' id='par_1_8' title="bbox 247 897 1843 958">
     <span class='ocr_line' id='line_1_8' title="bbox 247 897 1843 958; baseline -0.003 0"><span class='ocrx_word' id='word_1_49' title='bbox 247 902 447 958; x_wconf 90' lang='lat' dir='ltr'><strong>nistris</strong></span> <span class='ocrx_word' id='word_1_50' title='bbox 469 900 573 956; x_wconf 91' lang='lat' dir='ltr'><strong>tuis</strong></span> <span class='ocrx_word' id='word_1_51' title='bbox 601 899 869 956; x_wconf 88' lang='lat' dir='ltr'><strong>subscribi</strong></span> <span class='ocrx_word' id='word_1_52' title='bbox 900 897 1098 955; x_wconf 81' lang='lat' dir='ltr'><strong>fecisti.</strong></span> <span class='ocrx_word' id='word_1_53' title='bbox 1135 897 1286 954; x_wconf 86' lang='lat' dir='ltr'><strong>Unde</strong></span> <span class='ocrx_word' id='word_1_54' title='bbox 1312 897 1454 953; x_wconf 91' lang='lat' dir='ltr'><strong>idem</strong></span> <span class='ocrx_word' id='word_1_55' title='bbox 1484 897 1732 954; x_wconf 85' lang='lat' dir='ltr'><strong>Gelasius</strong></span> <span class='ocrx_word' id='word_1_56' title='bbox 1760 898 1843 954; x_wconf 91' lang='lat' dir='ltr'><strong>di-</strong></span> 
     </span>
    </p>
   </div>
   <div class='ocr_carea' id='block_1_9' title="bbox 249 991 1844 1061">
    <p class='ocr_par' dir='ltr' id='par_1_9' title="bbox 249 991 1844 1061">
     <span class='ocr_line' id='line_1_9' title="bbox 249 991 1844 1061; baseline -0.003 -11"><span class='ocrx_word' id='word_1_57' title='bbox 249 996 330 1050; x_wconf 88' lang='lat' dir='ltr'><strong>cit</strong></span> <span class='ocrx_word' id='word_1_58' title='bbox 361 1012 375 1048; x_wconf 90' lang='lat'><strong>:</strong></span> <span class='ocrx_word' id='word_1_59' title='bbox 423 1012 440 1044; x_wconf 75' lang='grc' dir='ltr'><strong>ι</strong></span> <span class='ocrx_word' id='word_1_60' title='bbox 467 991 732 1061; x_wconf 84' lang='lat' dir='ltr'><strong>Quoniam</strong></span> <span class='ocrx_word' id='word_1_61' title='bbox 766 991 908 1046; x_wconf 91' lang='lat' dir='ltr'><strong>idem</strong></span> <span class='ocrx_word' id='word_1_62' title='bbox 940 992 1052 1061; x_wconf 91' lang='lat' dir='ltr'><strong>ipse</strong></span> <span class='ocrx_word' id='word_1_63' title='bbox 1083 1005 1256 1056; x_wconf 88' lang='lat' dir='ltr'><strong>error,</strong></span> <span class='ocrx_word' id='word_1_64' title='bbox 1281 992 1373 1061; x_wconf 88' lang='lat' dir='ltr'><strong>qui</strong></span> <span class='ocrx_word' id='word_1_65' title='bbox 1414 991 1680 1047; x_wconf 91' lang='lat' dir='ltr'><strong>semelest</strong></span> <span class='ocrx_word' id='word_1_66' title='bbox 1721 1007 1844 1046; x_wconf 94' lang='lat' dir='ltr'><strong>cum</strong></span> 
     </span>
    </p>
   </div>
   <div class='ocr_carea' id='block_1_10' title="bbox 249 1081 1845 1153">
    <p class='ocr_par' dir='ltr' id='par_1_10' title="bbox 249 1081 1845 1153">
     <span class='ocr_line' id='line_1_10' title="bbox 249 1081 1845 1153; baseline -0.002 -14"><span class='ocrx_word' id='word_1_67' title='bbox 249 1099 355 1139; x_wconf 91' lang='lat' dir='ltr'><strong>suo</strong></span> <span class='ocrx_word' id='word_1_68' title='bbox 387 1093 614 1138; x_wconf 89' lang='lat' dir='ltr'><strong>auctore</strong></span> <span class='ocrx_word' id='word_1_69' title='bbox 640 1082 963 1148; x_wconf 89' lang='lat' dir='ltr'><strong>damnatus,</strong></span> <span class='ocrx_word' id='word_1_70' title='bbox 995 1081 1048 1136; x_wconf 92' lang='lat' dir='ltr'><strong>in</strong></span> <span class='ocrx_word' id='word_1_71' title='bbox 1082 1083 1346 1153; x_wconf 81' lang='lat' dir='ltr'><strong>participe</strong></span> <span class='ocrx_word' id='word_1_72' title='bbox 1383 1082 1628 1152; x_wconf 90' lang='lat' dir='ltr'><strong>quolibet</strong></span> <span class='ocrx_word' id='word_1_73' title='bbox 1665 1098 1845 1153; x_wconf 71' lang='lat' dir='ltr'><strong>prava:</strong></span> 
     </span>
    </p>
   </div>
   <div class='ocr_carea' id='block_1_11' title="bbox 249 1172 1846 1244">
    <p class='ocr_par' dir='ltr' id='par_1_11' title="bbox 249 1172 1846 1244">
     <span class='ocr_line' id='line_1_11' title="bbox 249 1172 1846 1244; baseline -0.002 -13"><span class='ocrx_word' id='word_1_74' title='bbox 249 1173 658 1231; x_wconf 87' lang='lat' dir='ltr'><strong>communionis</strong></span> <span class='ocrx_word' id='word_1_75' title='bbox 704 1172 932 1238; x_wconf 73' lang='lat' dir='ltr'><strong>effecto,</strong></span> <span class='ocrx_word' id='word_1_76' title='bbox 981 1175 1413 1230; x_wconf 87' lang='lat' dir='ltr'><strong>exsecrationem</strong></span> <span class='ocrx_word' id='word_1_77' title='bbox 1465 1175 1546 1230; x_wconf 90' lang='lat' dir='ltr'><strong>sui</strong></span> <span class='ocrx_word' id='word_1_78' title='bbox 1581 1183 1760 1244; x_wconf 84' lang='lat' dir='ltr'><strong>gestat</strong></span> <span class='ocrx_word' id='word_1_79' title='bbox 1793 1181 1846 1229; x_wconf 89' lang='lat' dir='ltr'><strong>et</strong></span> 
     </span>
    </p>
   </div>
   <div class='ocr_carea' id='block_1_12' title="bbox 247 1265 1839 1341">
    <p class='ocr_par' dir='ltr' id='par_1_12' title="bbox 247 1265 1839 1341">
     <span class='ocr_line' id='line_1_12' title="bbox 247 1265 1839 1341; baseline 0 -21"><span class='ocrx_word' id='word_1_80' title='bbox 247 1280 491 1336; x_wconf 62' lang='lat' dir='ltr'><strong>poenam.</strong></span> <span class='ocrx_word' id='word_1_81' title='bbox 526 1285 545 1318; x_wconf 75' lang='grc' dir='ltr'><strong>ι</strong></span> <span class='ocrx_word' id='word_1_82' title='bbox 578 1265 646 1321; x_wconf 85' lang='lat' dir='ltr'><strong>Et</strong></span> <span class='ocrx_word' id='word_1_83' title='bbox 680 1265 735 1320; x_wconf 90' lang='lat' dir='ltr'><strong>in</strong></span> <span class='ocrx_word' id='word_1_84' title='bbox 771 1265 1000 1336; x_wconf 89' lang='lat' dir='ltr'><strong>epistola</strong></span> <span class='ocrx_word' id='word_1_85' title='bbox 1024 1265 1091 1319; x_wconf 93' lang='lat' dir='ltr'><strong>ad</strong></span> <span class='ocrx_word' id='word_1_86' title='bbox 1133 1265 1482 1322; x_wconf 84' lang='lat' dir='ltr'><strong>Anastasium</strong></span> <span class='ocrx_word' id='word_1_87' title='bbox 1517 1267 1709 1336; x_wconf 88' lang='lat' dir='ltr'><strong>(epist.</strong></span> <span class='ocrx_word' id='word_1_88' title='bbox 1746 1265 1839 1341; x_wconf 70' lang='lat' dir='ltr'><strong>lt),</strong></span> 
     </span>
    </p>
   </div>
   <div class='ocr_carea' id='block_1_13' title="bbox 245 1355 1842 1431">
    <p class='ocr_par' dir='ltr' id='par_1_13' title="bbox 245 1355 1842 1431">
     <span class='ocr_line' id='line_1_13' title="bbox 245 1355 1842 1431; baseline -0.001 -19"><span class='ocrx_word' id='word_1_89' title='bbox 245 1359 348 1413; x_wconf 94' lang='lat' dir='ltr'><strong>sub</strong></span> <span class='ocrx_word' id='word_1_90' title='bbox 383 1357 662 1431; x_wconf 86' lang='lat' dir='ltr'><strong>medium)</strong></span> <span class='ocrx_word' id='word_1_91' title='bbox 690 1377 703 1412; x_wconf 88' lang='lat'><strong>:</strong></span> <span class='ocrx_word' id='word_1_92' title='bbox 769 1378 785 1408; x_wconf 77' lang='grc' dir='ltr'><strong>ι</strong></span> <span class='ocrx_word' id='word_1_93' title='bbox 817 1355 953 1413; x_wconf 91' lang='lat' dir='ltr'><strong>Cum</strong></span> <span class='ocrx_word' id='word_1_94' title='bbox 993 1358 1138 1413; x_wconf 87' lang='lat' dir='ltr'><strong>dicat</strong></span> <span class='ocrx_word' id='word_1_95' title='bbox 1171 1358 1464 1427; x_wconf 88' lang='lat' dir='ltr'><strong>Apostolus</strong></span> <span class='ocrx_word' id='word_1_96' title='bbox 1503 1360 1522 1428; x_wconf 90' lang='lat'><strong>(</strong></span> <span class='ocrx_word' id='word_1_97' title='bbox 1550 1357 1706 1412; x_wconf 79' lang='lat' dir='ltr'><strong>Rom.</strong></span> <span class='ocrx_word' id='word_1_98' title='bbox 1739 1357 1796 1428; x_wconf 92' lang='grc' dir='ltr'>ι)</span> <span class='ocrx_word' id='word_1_99' title='bbox 1827 1399 1842 1424; x_wconf 87' lang='grc'><strong><em>,</em></strong></span> 
     </span>
    </p>
   </div>
   <div class='ocr_carea' id='block_1_14' title="bbox 246 1449 1846 1522">
    <p class='ocr_par' dir='ltr' id='par_1_14' title="bbox 246 1449 1846 1522">
     <span class='ocr_line' id='line_1_14' title="bbox 246 1449 1846 1522; baseline -0.001 -16"><span class='ocrx_word' id='word_1_100' title='bbox 246 1467 361 1506; x_wconf 88' lang='lat' dir='ltr'><strong>non</strong></span> <span class='ocrx_word' id='word_1_101' title='bbox 393 1451 569 1507; x_wconf 88' lang='lat' dir='ltr'><strong>solum</strong></span> <span class='ocrx_word' id='word_1_102' title='bbox 598 1451 689 1522; x_wconf 91' lang='lat' dir='ltr'><strong>qui</strong></span> <span class='ocrx_word' id='word_1_103' title='bbox 718 1466 822 1505; x_wconf 92' lang='lat' dir='ltr'><strong>non</strong></span> <span class='ocrx_word' id='word_1_104' title='bbox 851 1449 1101 1506; x_wconf 88' lang='lat' dir='ltr'><strong>facienda</strong></span> <span class='ocrx_word' id='word_1_105' title='bbox 1134 1449 1343 1506; x_wconf 89' lang='lat' dir='ltr'><strong>faciunt</strong></span> <span class='ocrx_word' id='word_1_106' title='bbox 1367 1465 1491 1506; x_wconf 90' lang='lat' dir='ltr'><strong>reos</strong></span> <span class='ocrx_word' id='word_1_107' title='bbox 1517 1450 1724 1516; x_wconf 91' lang='lat' dir='ltr'><strong>videri,</strong></span> <span class='ocrx_word' id='word_1_108' title='bbox 1751 1449 1846 1505; x_wconf 89' lang='lat' dir='ltr'><strong>sed</strong></span> 
     </span>
    </p>
   </div>
   <div class='ocr_carea' id='block_1_15' title="bbox 246 1541 1847 1614">
    <p class='ocr_par' dir='ltr' id='par_1_15' title="bbox 246 1541 1847 1614">
     <span class='ocr_line' id='line_1_15' title="bbox 246 1541 1847 1614; baseline -0.004 -12"><span class='ocrx_word' id='word_1_109' title='bbox 246 1547 416 1602; x_wconf 88' lang='lat' dir='ltr'><strong>etiam</strong></span> <span class='ocrx_word' id='word_1_110' title='bbox 467 1545 561 1614; x_wconf 91' lang='lat' dir='ltr'><strong>qui</strong></span> <span class='ocrx_word' id='word_1_111' title='bbox 610 1544 960 1600; x_wconf 89' lang='lat' dir='ltr'><strong>consentiunt</strong></span> <span class='ocrx_word' id='word_1_112' title='bbox 1010 1542 1376 1598; x_wconf 81' lang='lat' dir='ltr'><strong>facientibus?</strong></span> <span class='ocrx_word' id='word_1_113' title='bbox 1424 1541 1659 1597; x_wconf 90' lang='lat' dir='ltr'><strong>Proinde</strong></span> <span class='ocrx_word' id='word_1_114' title='bbox 1707 1542 1847 1596; x_wconf 89' lang='lat' dir='ltr'><strong>sicut</strong></span> 
     </span>
    </p>
   </div>
   <div class='ocr_carea' id='block_1_16' title="bbox 248 1634 1844 1706">
    <p class='ocr_par' dir='ltr' id='par_1_16' title="bbox 248 1634 1844 1706">
     <span class='ocr_line' id='line_1_16' title="bbox 248 1634 1844 1706; baseline -0.005 -13"><span class='ocrx_word' id='word_1_115' title='bbox 248 1654 361 1693; x_wconf 90' lang='lat' dir='ltr'><strong>non</strong></span> <span class='ocrx_word' id='word_1_116' title='bbox 390 1643 609 1706; x_wconf 88' lang='lat' dir='ltr'><strong>potest,</strong></span> <span class='ocrx_word' id='word_1_117' title='bbox 643 1634 1020 1706; x_wconf 88' lang='lat' dir='ltr'><strong>perversitatis</strong></span> <span class='ocrx_word' id='word_1_118' title='bbox 1056 1635 1523 1690; x_wconf 87' lang='lat' dir='ltr'><strong>communicatorc</strong></span> <span class='ocrx_word' id='word_1_119' title='bbox 1558 1643 1844 1702; x_wconf 88' lang='lat' dir='ltr'><strong>suscepto,</strong></span> 
     </span>
    </p>
   </div>
   <div class='ocr_carea' id='block_1_17' title="bbox 247 1725 1846 1800">
    <p class='ocr_par' dir='ltr' id='par_1_17' title="bbox 247 1725 1846 1800">
     <span class='ocr_line' id='line_1_17' title="bbox 247 1725 1846 1800; baseline -0.005 -15"><span class='ocrx_word' id='word_1_120' title='bbox 247 1746 358 1785; x_wconf 89' lang='lat' dir='ltr'><strong>non</strong></span> <span class='ocrx_word' id='word_1_121' title='bbox 393 1730 601 1800; x_wconf 90' lang='lat' dir='ltr'><strong>pariter</strong></span> <span class='ocrx_word' id='word_1_122' title='bbox 639 1729 974 1798; x_wconf 84' lang='lat' dir='ltr'><strong>perversitas</strong></span> <span class='ocrx_word' id='word_1_123' title='bbox 1021 1726 1351 1798; x_wconf 85' lang='lat' dir='ltr'><strong>approbari:</strong></span> <span class='ocrx_word' id='word_1_124' title='bbox 1405 1725 1485 1780; x_wconf 90' lang='lat' dir='ltr'><strong>sic</strong></span> <span class='ocrx_word' id='word_1_125' title='bbox 1527 1740 1632 1779; x_wconf 92' lang='lat' dir='ltr'><strong>non</strong></span> <span class='ocrx_word' id='word_1_126' title='bbox 1668 1731 1846 1795; x_wconf 82' lang='lat' dir='ltr'><strong>potest</strong></span> 
     </span>
    </p>
   </div>
   <div class='ocr_carea' id='block_1_18' title="bbox 247 1819 1848 1894">
    <p class='ocr_par' dir='ltr' id='par_1_18' title="bbox 247 1819 1848 1894">
     <span class='ocr_line' id='line_1_18' title="bbox 247 1819 1848 1894; baseline -0.003 -17"><span class='ocrx_word' id='word_1_127' title='bbox 247 1822 478 1877; x_wconf 88' lang='lat' dir='ltr'><strong>refutari</strong></span> <span class='ocrx_word' id='word_1_128' title='bbox 522 1822 853 1894; x_wconf 84' lang='lat' dir='ltr'><strong>perversitas</strong></span> <span class='ocrx_word' id='word_1_129' title='bbox 882 1820 1148 1890; x_wconf 90' lang='lat' dir='ltr'><strong>complice</strong></span> <span class='ocrx_word' id='word_1_130' title='bbox 1177 1829 1444 1876; x_wconf 82' lang='lat' dir='ltr'><strong>sectatore</strong></span> <span class='ocrx_word' id='word_1_131' title='bbox 1471 1819 1848 1889; x_wconf 85' lang='lat' dir='ltr'><strong>perversitatis</strong></span> 
     </span>
    </p>
   </div>
   <div class='ocr_carea' id='block_1_19' title="bbox 1949 620 3525 708">
    <p class='ocr_par' dir='ltr' id='par_1_19' title="bbox 1949 620 3525 708">
     <span class='ocr_line' id='line_1_19' title="bbox 1949 620 3525 708; baseline 0.011 -33"><span class='ocrx_word' id='word_1_132' title='bbox 1949 620 2091 678; x_wconf 91' lang='lat' dir='ltr'><strong>Deus</strong></span> <span class='ocrx_word' id='word_1_133' title='bbox 2121 625 2316 696; x_wconf 89' lang='lat' dir='ltr'><strong>quippe</strong></span> <span class='ocrx_word' id='word_1_134' title='bbox 2342 628 2395 683; x_wconf 93' lang='lat' dir='ltr'><strong>in</strong></span> <span class='ocrx_word' id='word_1_135' title='bbox 2424 631 2633 687; x_wconf 86' lang='lat' dir='ltr'><strong>unitate</strong></span> <span class='ocrx_word' id='word_1_136' title='bbox 2659 640 2770 699; x_wconf 87' lang='lat' dir='ltr'><strong>est,</strong></span> <span class='ocrx_word' id='word_1_137' title='bbox 2800 641 2850 688; x_wconf 91' lang='lat' dir='ltr'><strong>et</strong></span> <span class='ocrx_word' id='word_1_138' title='bbox 2903 633 2977 688; x_wconf 93' lang='lat' dir='ltr'><strong>illi</strong></span> <span class='ocrx_word' id='word_1_139' title='bbox 3004 634 3121 705; x_wconf 90' lang='lat' dir='ltr'><strong>ejus</strong></span> <span class='ocrx_word' id='word_1_140' title='bbox 3151 637 3354 692; x_wconf 89' lang='lat' dir='ltr'><strong>habere</strong></span> <span class='ocrx_word' id='word_1_141' title='bbox 3397 654 3525 708; x_wconf 89' lang='lat' dir='ltr'><strong>gra-</strong></span> 
     </span>
    </p>
   </div>
   <div class='ocr_carea' id='block_1_20' title="bbox 1949 713 3526 796">
    <p class='ocr_par' dir='ltr' id='par_1_20' title="bbox 1949 713 3526 796">
     <span class='ocr_line' id='line_1_20' title="bbox 1949 713 3526 796; baseline 0.011 -28"><span class='ocrx_word' id='word_1_142' title='bbox 1949 713 2079 770; x_wconf 85' lang='lat' dir='ltr'><strong>tiam</strong></span> <span class='ocrx_word' id='word_1_143' title='bbox 2130 726 2425 784; x_wconf 89' lang='lat' dir='ltr'><strong>merentur,</strong></span> <span class='ocrx_word' id='word_1_144' title='bbox 2477 723 2568 791; x_wconf 91' lang='lat' dir='ltr'><strong>qui</strong></span> <span class='ocrx_word' id='word_1_145' title='bbox 2618 740 2676 780; x_wconf 88' lang='lat' dir='ltr'><strong>se</strong></span> <span class='ocrx_word' id='word_1_146' title='bbox 2725 725 2794 780; x_wconf 91' lang='lat' dir='ltr'><strong>ab</strong></span> <span class='ocrx_word' id='word_1_147' title='bbox 2841 725 3070 781; x_wconf 81' lang='lat' dir='ltr'><strong>invicem</strong></span> <span class='ocrx_word' id='word_1_148' title='bbox 3115 741 3213 796; x_wconf 89' lang='lat' dir='ltr'><strong>per</strong></span> <span class='ocrx_word' id='word_1_149' title='bbox 3253 741 3526 787; x_wconf 89' lang='lat' dir='ltr'><strong>sectarum</strong></span> 
     </span>
    </p>
   </div>
   <div class='ocr_carea' id='block_1_21' title="bbox 1948 806 3530 886">
    <p class='ocr_par' dir='ltr' id='par_1_21' title="bbox 1948 806 3530 886">
     <span class='ocr_line' id='line_1_21' title="bbox 1948 806 3530 886; baseline 0.01 -25"><span class='ocrx_word' id='word_1_150' title='bbox 1948 806 2203 862; x_wconf 85' lang='lat' dir='ltr'><strong>scandala</strong></span> <span class='ocrx_word' id='word_1_151' title='bbox 2234 823 2343 864; x_wconf 91' lang='lat' dir='ltr'><strong>non</strong></span> <span class='ocrx_word' id='word_1_152' title='bbox 2374 811 2637 867; x_wconf 91' lang='lat' dir='ltr'><strong>dividunt.</strong></span> <span class='ocrx_word' id='word_1_153' title='bbox 2680 813 2834 871; x_wconf 90' lang='lat' dir='ltr'><strong>Unde</strong></span> <span class='ocrx_word' id='word_1_154' title='bbox 2862 831 2960 886; x_wconf 91' lang='lat' dir='ltr'><strong>per</strong></span> <span class='ocrx_word' id='word_1_155' title='bbox 2989 831 3047 873; x_wconf 90' lang='lat' dir='ltr'><strong>se</strong></span> <span class='ocrx_word' id='word_1_156' title='bbox 3086 815 3304 873; x_wconf 83' lang='lat' dir='ltr'><strong>Veritas</strong></span> <span class='ocrx_word' id='word_1_157' title='bbox 3342 821 3530 876; x_wconf 89' lang='lat' dir='ltr'><strong>admo-</strong></span> 
     </span>
    </p>
   </div>
   <div class='ocr_carea' id='block_1_22' title="bbox 1949 896 3532 984">
    <p class='ocr_par' dir='ltr' id='par_1_22' title="bbox 1949 896 3532 984">
     <span class='ocr_line' id='line_1_22' title="bbox 1949 896 3532 984; baseline 0.011 -35"><span class='ocrx_word' id='word_1_158' title='bbox 1949 904 2041 950; x_wconf 90' lang='lat' dir='ltr'><strong>net</strong></span> <span class='ocrx_word' id='word_1_159' title='bbox 2084 896 2314 954; x_wconf 89' lang='lat' dir='ltr'><strong>dicens:</strong></span> <span class='ocrx_word' id='word_1_160' title='bbox 2368 898 2570 956; x_wconf 85' lang='lat' dir='ltr'><strong>Habete</strong></span> <span class='ocrx_word' id='word_1_161' title='bbox 2600 903 2680 956; x_wconf 88' lang='lat' dir='ltr'><strong>sal</strong></span> <span class='ocrx_word' id='word_1_162' title='bbox 2727 906 2783 958; x_wconf 89' lang='lat' dir='ltr'><strong>in</strong></span> <span class='ocrx_word' id='word_1_163' title='bbox 2811 907 3075 984; x_wconf 31' lang='lat' dir='ltr'><strong>vobis,.et</strong></span> <span class='ocrx_word' id='word_1_164' title='bbox 3123 925 3300 977; x_wconf 88' lang='lat' dir='ltr'><strong>pacem</strong></span> <span class='ocrx_word' id='word_1_165' title='bbox 3347 911 3532 966; x_wconf 85' lang='lat' dir='ltr'><strong>habete</strong></span> 
     </span>
    </p>
   </div>
   <div class='ocr_carea' id='block_1_23' title="bbox 1948 987 3528 1066">
    <p class='ocr_par' dir='ltr' id='par_1_23' title="bbox 1948 987 3528 1066">
     <span class='ocr_line' id='line_1_23' title="bbox 1948 987 3528 1066; baseline 0.012 -28"><span class='ocrx_word' id='word_1_166' title='bbox 1948 987 2083 1041; x_wconf 85' lang='lat' dir='ltr'><strong>inter</strong></span> <span class='ocrx_word' id='word_1_167' title='bbox 2122 1005 2208 1043; x_wconf 88' lang='lat' dir='ltr'><strong>vos</strong></span> <span class='ocrx_word' id='word_1_168' title='bbox 2257 988 2477 1060; x_wconf 79' lang='lat' dir='ltr'><strong>(Marc.</strong></span> <span class='ocrx_word' id='word_1_169' title='bbox 2510 992 2628 1063; x_wconf 80' lang='lat' dir='ltr'><strong>ix).</strong></span> <span class='ocrx_word' id='word_1_170' title='bbox 2664 992 2735 1048; x_wconf 91' lang='lat' dir='ltr'><strong>Ut</strong></span> <span class='ocrx_word' id='word_1_171' title='bbox 2774 996 3019 1066; x_wconf 90' lang='lat' dir='ltr'><strong>quisquis</strong></span> <span class='ocrx_word' id='word_1_172' title='bbox 3062 999 3264 1054; x_wconf 87' lang='lat' dir='ltr'><strong>habere</strong></span> <span class='ocrx_word' id='word_1_173' title='bbox 3307 1000 3389 1056; x_wconf 86' lang='lat' dir='ltr'><strong>sal</strong></span> <span class='ocrx_word' id='word_1_174' title='bbox 3438 1018 3528 1058; x_wconf 85' lang='lat' dir='ltr'><strong>sa-</strong></span> 
     </span>
    </p>
   </div>
   <div class='ocr_carea' id='block_1_24' title="bbox 1947 1078 3526 1164">
    <p class='ocr_par' dir='ltr' id='par_1_24' title="bbox 1947 1078 3526 1164">
     <span class='ocr_line' id='line_1_24' title="bbox 1947 1078 3526 1164; baseline 0.011 -33"><span class='ocrx_word' id='word_1_175' title='bbox 1947 1078 2165 1148; x_wconf 79' lang='lat' dir='ltr'><strong>pientiae</strong></span> <span class='ocrx_word' id='word_1_176' title='bbox 2192 1083 2401 1146; x_wconf 86' lang='lat' dir='ltr'><strong>studet,</strong></span> <span class='ocrx_word' id='word_1_177' title='bbox 2440 1094 2594 1138; x_wconf 88' lang='lat' dir='ltr'><strong>curet</strong></span> <span class='ocrx_word' id='word_1_178' title='bbox 2627 1101 2850 1142; x_wconf 92' lang='lat' dir='ltr'><strong>necesse</strong></span> <span class='ocrx_word' id='word_1_179' title='bbox 2890 1098 2972 1142; x_wconf 92' lang='lat' dir='ltr'><strong>est</strong></span> <span class='ocrx_word' id='word_1_180' title='bbox 3013 1100 3276 1160; x_wconf 86' lang='lat' dir='ltr'><strong>quatenus</strong></span> <span class='ocrx_word' id='word_1_181' title='bbox 3319 1108 3348 1146; x_wconf 91' lang='lat' dir='ltr'><strong>a</strong></span> <span class='ocrx_word' id='word_1_182' title='bbox 3391 1110 3526 1164; x_wconf 91' lang='lat' dir='ltr'><strong>pace</strong></span> 
     </span>
    </p>
   </div>
   <div class='ocr_carea' id='block_1_25' title="bbox 1949 1172 3527 1254">
    <p class='ocr_par' dir='ltr' id='par_1_25' title="bbox 1949 1172 3527 1254">
     <span class='ocr_line' id='line_1_25' title="bbox 1949 1172 3527 1254; baseline 0.011 -30"><span class='ocrx_word' id='word_1_183' title='bbox 1949 1172 2252 1227; x_wconf 62' lang='lat' dir='ltr'><strong>concordia}</strong></span> <span class='ocrx_word' id='word_1_184' title='bbox 2304 1189 2578 1244; x_wconf 86' lang='lat' dir='ltr'><strong>nunquam</strong></span> <span class='ocrx_word' id='word_1_185' title='bbox 2638 1179 2872 1233; x_wconf 84' lang='lat' dir='ltr'><strong>recedat.</strong></span> <span class='ocrx_word' id='word_1_186' title='bbox 2929 1178 3034 1236; x_wconf 90' lang='lat' dir='ltr'><strong>Sed</strong></span> <span class='ocrx_word' id='word_1_187' title='bbox 3080 1193 3204 1238; x_wconf 89' lang='lat' dir='ltr'><strong>sunt</strong></span> <span class='ocrx_word' id='word_1_188' title='bbox 3251 1186 3527 1254; x_wconf 87' lang='lat' dir='ltr'><strong>nonnulli,</strong></span> 
     </span>
    </p>
   </div>
   <div class='ocr_carea' id='block_1_26' title="bbox 1948 1264 3532 1340">
    <p class='ocr_par' dir='ltr' id='par_1_26' title="bbox 1948 1264 3532 1340">
     <span class='ocr_line' id='line_1_26' title="bbox 1948 1264 3532 1340; baseline 0.009 -23"><span class='ocrx_word' id='word_1_189' title='bbox 1948 1264 2038 1334; x_wconf 90' lang='lat' dir='ltr'><strong>qui</strong></span> <span class='ocrx_word' id='word_1_190' title='bbox 2070 1265 2195 1319; x_wconf 93' lang='lat' dir='ltr'><strong>dum</strong></span> <span class='ocrx_word' id='word_1_191' title='bbox 2241 1265 2360 1337; x_wconf 90' lang='lat' dir='ltr'><strong>plus</strong></span> <span class='ocrx_word' id='word_1_192' title='bbox 2401 1283 2593 1338; x_wconf 85' lang='lat' dir='ltr'><strong>sapere</strong></span> <span class='ocrx_word' id='word_1_193' title='bbox 2629 1286 2790 1340; x_wconf 89' lang='lat' dir='ltr'><strong>quam</strong></span> <span class='ocrx_word' id='word_1_194' title='bbox 2835 1288 3056 1328; x_wconf 88' lang='lat' dir='ltr'><strong>necesse</strong></span> <span class='ocrx_word' id='word_1_195' title='bbox 3093 1284 3176 1329; x_wconf 90' lang='lat' dir='ltr'><strong>est</strong></span> <span class='ocrx_word' id='word_1_196' title='bbox 3219 1277 3466 1335; x_wconf 85' lang='lat' dir='ltr'><strong>student.</strong></span> <span class='ocrx_word' id='word_1_197' title='bbox 3498 1292 3532 1332; x_wconf 91' lang='lat' dir='ltr'><strong>a</strong></span> 
     </span>
    </p>
   </div>
   <div class='ocr_carea' id='block_1_27' title="bbox 1947 1363 3533 1433">
    <p class='ocr_par' dir='ltr' id='par_1_27' title="bbox 1947 1363 3533 1433">
     <span class='ocr_line' id='line_1_27' title="bbox 1947 1363 3533 1433; baseline 0.008 -19"><span class='ocrx_word' id='word_1_198' title='bbox 1947 1363 2321 1433; x_wconf 78' lang='lat' dir='ltr'><strong>proximorum</strong></span> <span class='ocrx_word' id='word_1_199' title='bbox 2350 1379 2481 1433; x_wconf 90' lang='lat' dir='ltr'><strong>pace</strong></span> <span class='ocrx_word' id='word_1_200' title='bbox 2515 1364 2798 1431; x_wconf 90' lang='lat' dir='ltr'><strong>resiliunt,</strong></span> <span class='ocrx_word' id='word_1_201' title='bbox 2829 1368 2956 1421; x_wconf 90' lang='lat' dir='ltr'><strong>dum</strong></span> <span class='ocrx_word' id='word_1_202' title='bbox 2985 1383 3079 1423; x_wconf 91' lang='lat' dir='ltr'><strong>eos</strong></span> <span class='ocrx_word' id='word_1_203' title='bbox 3119 1369 3263 1424; x_wconf 89' lang='lat' dir='ltr'><strong>velut</strong></span> <span class='ocrx_word' id='word_1_204' title='bbox 3308 1370 3533 1427; x_wconf 88' lang='lat' dir='ltr'><strong>hebetes</strong></span> 
     </span>
    </p>
   </div>
   <div class='ocr_carea' id='block_1_28' title="bbox 1949 1454 3532 1531">
    <p class='ocr_par' dir='ltr' id='par_1_28' title="bbox 1949 1454 3532 1531">
     <span class='ocr_line' id='line_1_28' title="bbox 1949 1454 3532 1531; baseline 0.006 -23"><span class='ocrx_word' id='word_1_205' title='bbox 1949 1454 2250 1524; x_wconf 90' lang='lat' dir='ltr'><strong>stultosque</strong></span> <span class='ocrx_word' id='word_1_206' title='bbox 2298 1467 2689 1521; x_wconf 89' lang='lat' dir='ltr'><strong>contemnunt,</strong></span> <span class='ocrx_word' id='word_1_207' title='bbox 2734 1459 2877 1513; x_wconf 89' lang='lat' dir='ltr'><strong>sicut</strong></span> <span class='ocrx_word' id='word_1_208' title='bbox 2918 1468 2972 1513; x_wconf 91' lang='lat' dir='ltr'><strong>tu</strong></span> <span class='ocrx_word' id='word_1_209' title='bbox 3024 1462 3212 1531; x_wconf 81' lang='lat' dir='ltr'><strong>egisti,</strong></span> <span class='ocrx_word' id='word_1_210' title='bbox 3264 1463 3354 1530; x_wconf 89' lang='lat' dir='ltr'><strong>qui</strong></span> <span class='ocrx_word' id='word_1_211' title='bbox 3407 1478 3532 1518; x_wconf 83' lang='lat' dir='ltr'><strong>cum</strong></span> 
     </span>
    </p>
   </div>
   <div class='ocr_carea' id='block_1_29' title="bbox 1951 1550 3536 1622">
    <p class='ocr_par' dir='ltr' id='par_1_29' title="bbox 1951 1550 3536 1622">
     <span class='ocr_line' id='line_1_29' title="bbox 1951 1550 3536 1622; baseline 0.004 -18"><span class='ocrx_word' id='word_1_212' title='bbox 1951 1550 2056 1604; x_wconf 89' lang='lat' dir='ltr'><strong>tuis</strong></span> <span class='ocrx_word' id='word_1_213' title='bbox 2101 1550 2484 1620; x_wconf 88' lang='lat' dir='ltr'><strong>complicibus,</strong></span> <span class='ocrx_word' id='word_1_214' title='bbox 2514 1561 2568 1606; x_wconf 92' lang='lat' dir='ltr'><strong>et</strong></span> <span class='ocrx_word' id='word_1_215' title='bbox 2599 1561 2773 1607; x_wconf 90' lang='lat' dir='ltr'><strong>tecum</strong></span> <span class='ocrx_word' id='word_1_216' title='bbox 2799 1555 3297 1622; x_wconf 72' lang='lat' dir='ltr'><strong>subscribentibus,‘</strong></span> <span class='ocrx_word' id='word_1_217' title='bbox 3340 1573 3369 1610; x_wconf 91' lang='lat' dir='ltr'><strong>a</strong></span> <span class='ocrx_word' id='word_1_218' title='bbox 3400 1557 3536 1610; x_wconf 83' lang='lat' dir='ltr'><strong>vin-</strong></span> 
     </span>
    </p>
   </div>
   <div class='ocr_carea' id='block_1_30' title="bbox 1950 1642 3536 1715">
    <p class='ocr_par' dir='ltr' id='par_1_30' title="bbox 1950 1642 3536 1715">
     <span class='ocr_line' id='line_1_30' title="bbox 1950 1642 3536 1715; baseline 0.003 -18"><span class='ocrx_word' id='word_1_219' title='bbox 1950 1642 2071 1698; x_wconf 90' lang='lat' dir='ltr'><strong>culo</strong></span> <span class='ocrx_word' id='word_1_220' title='bbox 2093 1651 2146 1696; x_wconf 88' lang='lat' dir='ltr'><strong>et</strong></span> <span class='ocrx_word' id='word_1_221' title='bbox 2171 1644 2376 1698; x_wconf 91' lang='lat' dir='ltr'><strong>unitate</strong></span> <span class='ocrx_word' id='word_1_222' title='bbox 2399 1645 2548 1715; x_wconf 91' lang='lat' dir='ltr'><strong>pacis</strong></span> <span class='ocrx_word' id='word_1_223' title='bbox 2592 1645 2975 1702; x_wconf 73' lang='lat' dir='ltr'><strong>ecclesiastica:</strong></span> <span class='ocrx_word' id='word_1_224' title='bbox 3002 1647 3264 1713; x_wconf 90' lang='lat' dir='ltr'><strong>divisisti,</strong></span> <span class='ocrx_word' id='word_1_225' title='bbox 3297 1658 3536 1704; x_wconf 87' lang='lat' dir='ltr'><strong>contem-</strong></span> 
     </span>
    </p>
   </div>
   <div class='ocr_carea' id='block_1_31' title="bbox 1952 1736 3534 1808">
    <p class='ocr_par' dir='ltr' id='par_1_31' title="bbox 1952 1736 3534 1808">
     <span class='ocr_line' id='line_1_31' title="bbox 1952 1736 3534 1808; baseline 0.003 -20"><span class='ocrx_word' id='word_1_226' title='bbox 1952 1750 2088 1789; x_wconf 90' lang='lat' dir='ltr'><strong>nens</strong></span> <span class='ocrx_word' id='word_1_227' title='bbox 2115 1736 2492 1790; x_wconf 88' lang='lat' dir='ltr'><strong>auctoritatem</strong></span> <span class='ocrx_word' id='word_1_228' title='bbox 2541 1747 2644 1792; x_wconf 73' lang='lat' dir='ltr'><strong>lua:</strong></span> <span class='ocrx_word' id='word_1_229' title='bbox 2682 1739 3027 1808; x_wconf 86' lang='lat' dir='ltr'><strong>metropolis,</strong></span> <span class='ocrx_word' id='word_1_230' title='bbox 3052 1747 3118 1795; x_wconf 93' lang='lat' dir='ltr'><strong>.et</strong></span> <span class='ocrx_word' id='word_1_231' title='bbox 3154 1741 3534 1794; x_wconf 82' lang='lat' dir='ltr'><strong>contradicens</strong></span> 
     </span>
    </p>
   </div>
   <div class='ocr_carea' id='block_1_32' title="bbox 1953 1828 3534 1899">
    <p class='ocr_par' dir='ltr' id='par_1_32' title="bbox 1953 1828 3534 1899">
     <span class='ocr_line' id='line_1_32' title="bbox 1953 1828 3534 1899; baseline 0.003 -21"><span class='ocrx_word' id='word_1_232' title='bbox 1953 1836 2114 1896; x_wconf 91' lang='lat' dir='ltr'><strong>atque</strong></span> <span class='ocrx_word' id='word_1_233' title='bbox 2155 1829 2412 1883; x_wconf 88' lang='lat' dir='ltr'><strong>resistens</strong></span> <span class='ocrx_word' id='word_1_234' title='bbox 2456 1829 2539 1883; x_wconf 91' lang='lat' dir='ltr'><strong>his</strong></span> <span class='ocrx_word' id='word_1_235' title='bbox 2581 1844 2700 1899; x_wconf 67' lang='lat' dir='ltr'><strong>quae</strong></span> <span class='ocrx_word' id='word_1_236' title='bbox 2740 1829 2805 1884; x_wconf 93' lang='lat' dir='ltr'><strong>de</strong></span> <span class='ocrx_word' id='word_1_237' title='bbox 2845 1828 3164 1898; x_wconf 84' lang='lat' dir='ltr'><strong>Evangelica</strong></span> <span class='ocrx_word' id='word_1_238' title='bbox 3206 1829 3436 1884; x_wconf 74' lang='lat' dir='ltr'><strong>veritate</strong></span> <span class='ocrx_word' id='word_1_239' title='bbox 3478 1839 3534 1884; x_wconf 87' lang='lat' dir='ltr'><strong>et</strong></span> 
     </span>
    </p>
   </div>
   <div class='ocr_carea' id='block_1_33' title="bbox 247 1888 3533 1988">
    <p class='ocr_par' dir='ltr' id='par_1_33' title="bbox 247 1888 3533 1988">
     <span class='ocr_line' id='line_1_33' title="bbox 247 1888 3533 1988; baseline 0 -15"><span class='ocrx_word' id='word_1_240' title='bbox 247 1918 526 1981; x_wconf 30' lang='lat' dir='ltr'><strong>admissos</strong></span> <span class='ocrx_word' id='word_1_241' title='bbox 540 1915 772 1986; x_wconf 89' lang='lat' dir='ltr'><strong>Legibus</strong></span> <span class='ocrx_word' id='word_1_242' title='bbox 798 1924 949 1972; x_wconf 83' lang='lat' dir='ltr'><strong>certe</strong></span> <span class='ocrx_word' id='word_1_243' title='bbox 980 1916 1176 1971; x_wconf 86' lang='lat' dir='ltr'><strong>vestris</strong></span> <span class='ocrx_word' id='word_1_244' title='bbox 1214 1915 1508 1971; x_wconf 90' lang='lat' dir='ltr'><strong>criminum</strong></span> <span class='ocrx_word' id='word_1_245' title='bbox 1559 1916 1837 1980; x_wconf 87' lang='lat' dir='ltr'><strong>conscios,</strong></span> <span class='ocrx_word' id='word_1_246' title='bbox 1951 1918 2243 1988; x_wconf 85' lang='lat' dir='ltr'><strong>apostolica</strong></span> <span class='ocrx_word' id='word_1_247' title='bbox 2277 1927 2440 1988; x_wconf 88' lang='lat' dir='ltr'><strong>atque</strong></span> <span class='ocrx_word' id='word_1_248' title='bbox 2469 1919 2840 1976; x_wconf 91' lang='lat' dir='ltr'><strong>ecclesiastica</strong></span> <span class='ocrx_word' id='word_1_249' title='bbox 2870 1921 3191 1974; x_wconf 82' lang='lat' dir='ltr'><strong>auctoritate</strong></span> <span class='ocrx_word' id='word_1_250' title='bbox 3226 1919 3320 1976; x_wconf 92' lang='lat' dir='ltr'><strong>tibi</strong></span> <span class='ocrx_word' id='word_1_251' title='bbox 3349 1928 3404 1974; x_wconf 90' lang='lat' dir='ltr'><strong>et</strong></span> <span class='ocrx_word' id='word_1_252' title='bbox 3443 1934 3533 1974; x_wconf 83' lang='lat' dir='ltr'><strong>ec-</strong></span> 
     </span>
    </p>
   </div>
   <div class='ocr_carea' id='block_1_34' title="bbox 246 2007 1843 2082">
    <p class='ocr_par' dir='ltr' id='par_1_34' title="bbox 246 2007 1843 2082">
     <span class='ocr_line' id='line_1_34' title="bbox 246 2007 1843 2082; baseline -0.003 -16"><span class='ocrx_word' id='word_1_253' title='bbox 246 2022 706 2082; x_wconf 88' lang='lat' dir='ltr'><strong>susceptoresque</strong></span> <span class='ocrx_word' id='word_1_254' title='bbox 736 2009 1176 2064; x_wconf 88' lang='lat' dir='ltr'><strong>latrocinantium</strong></span> <span class='ocrx_word' id='word_1_255' title='bbox 1206 2025 1303 2080; x_wconf 91' lang='lat' dir='ltr'><strong>par</strong></span> <span class='ocrx_word' id='word_1_256' title='bbox 1320 2007 1651 2077; x_wconf 86' lang='lat' dir='ltr'><strong>judiciorum</strong></span> <span class='ocrx_word' id='word_1_257' title='bbox 1685 2023 1843 2079; x_wconf 83' lang='lat' dir='ltr'><strong>poena</strong></span> 
     </span>
    </p>
   </div>
   <div class='ocr_carea' id='block_1_35' title="bbox 247 2097 1842 2170">
    <p class='ocr_par' dir='ltr' id='par_1_35' title="bbox 247 2097 1842 2170">
     <span class='ocr_line' id='line_1_35' title="bbox 247 2097 1842 2170; baseline -0.004 -13"><span class='ocrx_word' id='word_1_258' title='bbox 247 2101 610 2170; x_wconf 89' lang='lat' dir='ltr'><strong>constringit:</strong></span> <span class='ocrx_word' id='word_1_259' title='bbox 669 2115 768 2155; x_wconf 92' lang='lat' dir='ltr'><strong>nec</strong></span> <span class='ocrx_word' id='word_1_260' title='bbox 815 2115 1014 2170; x_wconf 80' lang='lat' dir='ltr'><strong>expers</strong></span> <span class='ocrx_word' id='word_1_261' title='bbox 1063 2099 1323 2154; x_wconf 82' lang='lat' dir='ltr'><strong>facinoris</strong></span> <span class='ocrx_word' id='word_1_262' title='bbox 1375 2099 1701 2163; x_wconf 84' lang='lat' dir='ltr'><strong>:cstimatur,</strong></span> <span class='ocrx_word' id='word_1_263' title='bbox 1751 2097 1842 2168; x_wconf 89' lang='lat' dir='ltr'><strong>qui</strong></span> 
     </span>
    </p>
   </div>
   <div class='ocr_carea' id='block_1_36' title="bbox 249 2190 1840 2265">
    <p class='ocr_par' dir='ltr' id='par_1_36' title="bbox 249 2190 1840 2265">
     <span class='ocr_line' id='line_1_36' title="bbox 249 2190 1840 2265; baseline -0.004 -15"><span class='ocrx_word' id='word_1_264' title='bbox 249 2197 386 2252; x_wconf 88' lang='lat' dir='ltr'><strong>licet</strong></span> <span class='ocrx_word' id='word_1_265' title='bbox 413 2197 525 2265; x_wconf 88' lang='lat' dir='ltr'><strong>ipse</strong></span> <span class='ocrx_word' id='word_1_266' title='bbox 553 2209 657 2249; x_wconf 91' lang='lat' dir='ltr'><strong>non</strong></span> <span class='ocrx_word' id='word_1_267' title='bbox 687 2191 908 2257; x_wconf 88' lang='lat' dir='ltr'><strong>fecerit,</strong></span> <span class='ocrx_word' id='word_1_268' title='bbox 943 2191 1207 2248; x_wconf 86' lang='lat' dir='ltr'><strong>facientes</strong></span> <span class='ocrx_word' id='word_1_269' title='bbox 1234 2200 1417 2246; x_wconf 89' lang='lat' dir='ltr'><strong>tamen</strong></span> <span class='ocrx_word' id='word_1_270' title='bbox 1450 2191 1504 2246; x_wconf 92' lang='lat' dir='ltr'><strong>in</strong></span> <span class='ocrx_word' id='word_1_271' title='bbox 1551 2190 1840 2245; x_wconf 84' lang='lat' dir='ltr'><strong>familiari-</strong></span> 
     </span>
    </p>
   </div>
   <div class='ocr_carea' id='block_1_37' title="bbox 250 2283 1844 2357">
    <p class='ocr_par' dir='ltr' id='par_1_37' title="bbox 250 2283 1844 2357">
     <span class='ocr_line' id='line_1_37' title="bbox 250 2283 1844 2357; baseline -0.004 -14"><span class='ocrx_word' id='word_1_272' title='bbox 250 2297 424 2343; x_wconf 84' lang='lat' dir='ltr'><strong>tatem</strong></span> <span class='ocrx_word' id='word_1_273' title='bbox 452 2287 732 2357; x_wconf 73' lang='lat' dir='ltr'><strong>fmdusque</strong></span> <span class='ocrx_word' id='word_1_274' title='bbox 758 2285 1043 2355; x_wconf 87' lang='lat' dir='ltr'><strong>receperit.</strong></span> <span class='ocrx_word' id='word_1_275' title='bbox 1081 2305 1099 2338; x_wconf 71' lang='grc' dir='ltr'><strong>ι</strong></span> <span class='ocrx_word' id='word_1_276' title='bbox 1130 2284 1197 2340; x_wconf 89' lang='lat' dir='ltr'><strong>Et</strong></span> <span class='ocrx_word' id='word_1_277' title='bbox 1222 2285 1276 2339; x_wconf 93' lang='lat' dir='ltr'><strong>in</strong></span> <span class='ocrx_word' id='word_1_278' title='bbox 1303 2284 1482 2339; x_wconf 90' lang='lat' dir='ltr'><strong>edicto</strong></span> <span class='ocrx_word' id='word_1_279' title='bbox 1507 2283 1682 2354; x_wconf 84' lang='lat' dir='ltr'><strong>quinti</strong></span> <span class='ocrx_word' id='word_1_280' title='bbox 1715 2299 1844 2338; x_wconf 88' lang='lat' dir='ltr'><strong>con-</strong></span> 
     </span>
    </p>
   </div>
   <div class='ocr_carea' id='block_1_38' title="bbox 249 2375 1842 2449">
    <p class='ocr_par' dir='ltr' id='par_1_38' title="bbox 249 2375 1842 2449">
     <span class='ocr_line' id='line_1_38' title="bbox 249 2375 1842 2449; baseline -0.004 -13"><span class='ocrx_word' id='word_1_281' title='bbox 249 2380 362 2436; x_wconf 89' lang='lat' dir='ltr'><strong>cilii</strong></span> <span class='ocrx_word' id='word_1_282' title='bbox 415 2379 676 2449; x_wconf 89' lang='lat' dir='ltr'><strong>scriptum</strong></span> <span class='ocrx_word' id='word_1_283' title='bbox 717 2386 836 2434; x_wconf 91' lang='lat' dir='ltr'><strong>est:</strong></span> <span class='ocrx_word' id='word_1_284' title='bbox 874 2395 892 2429; x_wconf 73' lang='grc' dir='ltr'><strong>ι</strong></span> <span class='ocrx_word' id='word_1_285' title='bbox 924 2375 1186 2433; x_wconf 88' lang='lat' dir='ltr'><strong>Miramur</strong></span> <span class='ocrx_word' id='word_1_286' title='bbox 1231 2391 1423 2432; x_wconf 91' lang='lat' dir='ltr'><strong>eorum</strong></span> <span class='ocrx_word' id='word_1_287' title='bbox 1473 2375 1842 2442; x_wconf 87' lang='lat' dir='ltr'><strong>dementiam,</strong></span> 
     </span>
    </p>
   </div>
   <div class='ocr_carea' id='block_1_39' title="bbox 251 2469 1846 2543">
    <p class='ocr_par' dir='ltr' id='par_1_39' title="bbox 251 2469 1846 2543">
     <span class='ocr_line' id='line_1_39' title="bbox 251 2469 1846 2543; baseline 0 -17"><span class='ocrx_word' id='word_1_288' title='bbox 251 2472 348 2543; x_wconf 87' lang='lat' dir='ltr'><strong>qui</strong></span> <span class='ocrx_word' id='word_1_289' title='bbox 397 2472 594 2527; x_wconf 66' lang='lat' dir='ltr'><strong>divina:</strong></span> <span class='ocrx_word' id='word_1_290' title='bbox 643 2470 942 2541; x_wconf 66' lang='lat' dir='ltr'><strong>Seripturae</strong></span> <span class='ocrx_word' id='word_1_291' title='bbox 988 2471 1263 2527; x_wconf 90' lang='lat' dir='ltr'><strong>contraria</strong></span> <span class='ocrx_word' id='word_1_292' title='bbox 1314 2480 1510 2542; x_wconf 90' lang='lat' dir='ltr'><strong>agunt,</strong></span> <span class='ocrx_word' id='word_1_293' title='bbox 1567 2469 1846 2526; x_wconf 88' lang='lat' dir='ltr'><strong>evidenter</strong></span> 
     </span>
    </p>
   </div>
   <div class='ocr_carea' id='block_1_40' title="bbox 251 2563 1846 2636">
    <p class='ocr_par' dir='ltr' id='par_1_40' title="bbox 251 2563 1846 2636">
     <span class='ocr_line' id='line_1_40' title="bbox 251 2563 1846 2636; baseline -0.001 -16"><span class='ocrx_word' id='word_1_294' title='bbox 251 2565 454 2622; x_wconf 86' lang='lat' dir='ltr'><strong>dicenti</strong></span> <span class='ocrx_word' id='word_1_295' title='bbox 485 2563 655 2634; x_wconf 89' lang='lat' dir='ltr'><strong>(Sap.</strong></span> <span class='ocrx_word' id='word_1_296' title='bbox 688 2566 817 2634; x_wconf 73' lang='lat' dir='ltr'><strong>XIV)</strong></span> <span class='ocrx_word' id='word_1_297' title='bbox 847 2606 860 2629; x_wconf 90' lang='lat'><strong>,</strong></span> <span class='ocrx_word' id='word_1_298' title='bbox 892 2565 1016 2634; x_wconf 85' lang='lat' dir='ltr'><strong>quia</strong></span> <span class='ocrx_word' id='word_1_299' title='bbox 1058 2563 1342 2636; x_wconf 66' lang='lat' dir='ltr'><strong>aequaliter</strong></span> <span class='ocrx_word' id='word_1_300' title='bbox 1387 2563 1672 2619; x_wconf 84' lang='lat' dir='ltr'><strong>horribilia</strong></span> <span class='ocrx_word' id='word_1_301' title='bbox 1718 2572 1846 2618; x_wconf 92' lang='lat' dir='ltr'><strong>sunt</strong></span> 
     </span>
    </p>
   </div>
   <div class='ocr_carea' id='block_1_41' title="bbox 250 2658 1844 2731">
    <p class='ocr_par' dir='ltr' id='par_1_41' title="bbox 250 2658 1844 2731">
     <span class='ocr_line' id='line_1_41' title="bbox 250 2658 1844 2731; baseline 0 -17"><span class='ocrx_word' id='word_1_302' title='bbox 250 2659 394 2731; x_wconf 90' lang='lat' dir='ltr'><strong>apud</strong></span> <span class='ocrx_word' id='word_1_303' title='bbox 415 2659 588 2714; x_wconf 89' lang='lat' dir='ltr'><strong>Deum</strong></span> <span class='ocrx_word' id='word_1_304' title='bbox 611 2658 808 2729; x_wconf 90' lang='lat' dir='ltr'><strong>impius</strong></span> <span class='ocrx_word' id='word_1_305' title='bbox 829 2667 884 2713; x_wconf 90' lang='lat' dir='ltr'><strong>et</strong></span> <span class='ocrx_word' id='word_1_306' title='bbox 912 2659 1162 2728; x_wconf 86' lang='lat' dir='ltr'><strong>impietas</strong></span> <span class='ocrx_word' id='word_1_307' title='bbox 1193 2659 1330 2730; x_wconf 87' lang='lat' dir='ltr'><strong>ejus.</strong></span> <span class='ocrx_word' id='word_1_308' title='bbox 1360 2658 1518 2715; x_wconf 79' lang='lat' dir='ltr'><strong>Actio</strong></span> <span class='ocrx_word' id='word_1_309' title='bbox 1545 2658 1690 2714; x_wconf 90' lang='lat' dir='ltr'><strong>enim</strong></span> <span class='ocrx_word' id='word_1_310' title='bbox 1721 2675 1844 2714; x_wconf 92' lang='lat' dir='ltr'><strong>cum</strong></span> 
     </span>
    </p>
   </div>
   <div class='ocr_carea' id='block_1_42' title="bbox 252 2751 1814 2824">
    <p class='ocr_par' dir='ltr' id='par_1_42' title="bbox 252 2751 1814 2824">
     <span class='ocr_line' id='line_1_42' title="bbox 252 2751 1814 2824; baseline -0.001 -16"><span class='ocrx_word' id='word_1_311' title='bbox 252 2761 441 2808; x_wconf 87' lang='lat' dir='ltr'><strong>actore</strong></span> <span class='ocrx_word' id='word_1_312' title='bbox 485 2753 758 2824; x_wconf 87' lang='lat' dir='ltr'><strong>punietur.</strong></span> <span class='ocrx_word' id='word_1_313' title='bbox 791 2771 812 2806; x_wconf 83' lang='grc'><strong>›</strong></span> <span class='ocrx_word' id='word_1_314' title='bbox 842 2751 899 2808; x_wconf 91' lang='lat' dir='ltr'><strong>Si</strong></span> <span class='ocrx_word' id='word_1_315' title='bbox 928 2761 1108 2807; x_wconf 89' lang='lat' dir='ltr'><strong>autem</strong></span> <span class='ocrx_word' id='word_1_316' title='bbox 1148 2752 1400 2809; x_wconf 84' lang='lat' dir='ltr'><strong>similiter</strong></span> <span class='ocrx_word' id='word_1_317' title='bbox 1432 2753 1680 2824; x_wconf 87' lang='lat' dir='ltr'><strong>impietas</strong></span> <span class='ocrx_word' id='word_1_318' title='bbox 1711 2752 1814 2807; x_wconf 92' lang='lat' dir='ltr'><strong>hor</strong></span> 
     </span>
    </p>
   </div>
   <div class='ocr_carea' id='block_1_43' title="bbox 250 2841 1816 2915">
    <p class='ocr_par' dir='ltr' id='par_1_43' title="bbox 250 2841 1816 2915">
     <span class='ocr_line' id='line_1_43' title="bbox 250 2841 1816 2915; baseline -0.001 -16"><span class='ocrx_word' id='word_1_319' title='bbox 250 2841 428 2899; x_wconf 88' lang='lat' dir='ltr'><strong>ribilis</strong></span> <span class='ocrx_word' id='word_1_320' title='bbox 456 2851 542 2898; x_wconf 88' lang='lat' dir='ltr'><strong>est</strong></span> <span class='ocrx_word' id='word_1_321' title='bbox 571 2842 714 2910; x_wconf 91' lang='lat' dir='ltr'><strong>Deo,</strong></span> <span class='ocrx_word' id='word_1_322' title='bbox 760 2851 817 2899; x_wconf 86' lang='lat' dir='ltr'><strong>et</strong></span> <span class='ocrx_word' id='word_1_323' title='bbox 858 2842 948 2898; x_wconf 92' lang='lat' dir='ltr'><strong>ille</strong></span> <span class='ocrx_word' id='word_1_324' title='bbox 983 2843 1072 2913; x_wconf 91' lang='lat' dir='ltr'><strong>qui</strong></span> <span class='ocrx_word' id='word_1_325' title='bbox 1115 2844 1280 2913; x_wconf 91' lang='lat' dir='ltr'><strong>impie</strong></span> <span class='ocrx_word' id='word_1_326' title='bbox 1321 2845 1464 2915; x_wconf 83' lang='lat' dir='ltr'><strong>agit,</strong></span> <span class='ocrx_word' id='word_1_327' title='bbox 1497 2853 1646 2900; x_wconf 90' lang='lat' dir='ltr'><strong>certe</strong></span> <span class='ocrx_word' id='word_1_328' title='bbox 1687 2858 1816 2912; x_wconf 88' lang='lat' dir='ltr'><strong>sepa</strong></span> 
     </span>
    </p>
   </div>
   <div class='ocr_carea' id='block_1_44' title="bbox 251 2935 1840 3006">
    <p class='ocr_par' dir='ltr' id='par_1_44' title="bbox 251 2935 1840 3006">
     <span class='ocr_line' id='line_1_44' title="bbox 251 2935 1840 3006; baseline 0.001 -14"><span class='ocrx_word' id='word_1_329' title='bbox 251 2945 407 2992; x_wconf 88' lang='lat' dir='ltr'><strong>ratus</strong></span> <span class='ocrx_word' id='word_1_330' title='bbox 435 2945 521 2991; x_wconf 90' lang='lat' dir='ltr'><strong>est</strong></span> <span class='ocrx_word' id='word_1_331' title='bbox 550 2936 672 2992; x_wconf 92' lang='lat' dir='ltr'><strong>talis</strong></span> <span class='ocrx_word' id='word_1_332' title='bbox 698 2951 729 2990; x_wconf 90' lang='lat' dir='ltr'><strong>a</strong></span> <span class='ocrx_word' id='word_1_333' title='bbox 756 2936 886 3000; x_wconf 91' lang='lat' dir='ltr'><strong>Deo,</strong></span> <span class='ocrx_word' id='word_1_334' title='bbox 918 2944 974 2992; x_wconf 92' lang='lat' dir='ltr'><strong>et</strong></span> <span class='ocrx_word' id='word_1_335' title='bbox 1003 2937 1337 2992; x_wconf 88' lang='lat' dir='ltr'><strong>anathemati</strong></span> <span class='ocrx_word' id='word_1_336' title='bbox 1359 2935 1506 3005; x_wconf 88' lang='lat' dir='ltr'><strong>juste</strong></span> <span class='ocrx_word' id='word_1_337' title='bbox 1530 2936 1840 3006; x_wconf 88' lang='lat' dir='ltr'><strong>subjicitur.</strong></span> 
     </span>
    </p>
   </div>
   <div class='ocr_carea' id='block_1_45' title="bbox 247 3026 1845 3096">
    <p class='ocr_par' dir='ltr' id='par_1_45' title="bbox 247 3026 1845 3096">
     <span class='ocr_line' id='line_1_45' title="bbox 247 3026 1845 3096; baseline 0.001 -14"><span class='ocrx_word' id='word_1_338' title='bbox 247 3027 563 3083; x_wconf 82' lang='lat' dir='ltr'><strong>Anatliema</strong></span> <span class='ocrx_word' id='word_1_339' title='bbox 594 3026 740 3082; x_wconf 91' lang='lat' dir='ltr'><strong>enim</strong></span> <span class='ocrx_word' id='word_1_340' title='bbox 770 3027 904 3082; x_wconf 90' lang='lat' dir='ltr'><strong>nihil</strong></span> <span class='ocrx_word' id='word_1_341' title='bbox 928 3027 1076 3084; x_wconf 89' lang='lat' dir='ltr'><strong>aliud</strong></span> <span class='ocrx_word' id='word_1_342' title='bbox 1106 3027 1380 3096; x_wconf 82' lang='lat' dir='ltr'><strong>signiﬁcat</strong></span> <span class='ocrx_word' id='word_1_343' title='bbox 1411 3028 1518 3084; x_wconf 89' lang='lat' dir='ltr'><strong>nisi</strong></span> <span class='ocrx_word' id='word_1_344' title='bbox 1559 3043 1589 3082; x_wconf 90' lang='lat' dir='ltr'><strong>a</strong></span> <span class='ocrx_word' id='word_1_345' title='bbox 1619 3029 1730 3084; x_wconf 90' lang='lat' dir='ltr'><strong>Deo</strong></span> <span class='ocrx_word' id='word_1_346' title='bbox 1757 3045 1845 3084; x_wconf 89' lang='lat' dir='ltr'><strong>se-</strong></span> 
     </span>
    </p>
   </div>
   <div class='ocr_carea' id='block_1_46' title="bbox 246 3117 1840 3191">
    <p class='ocr_par' dir='ltr' id='par_1_46' title="bbox 246 3117 1840 3191">
     <span class='ocr_line' id='line_1_46' title="bbox 246 3117 1840 3191; baseline 0 -17"><span class='ocrx_word' id='word_1_347' title='bbox 246 3118 588 3191; x_wconf 87' lang='lat' dir='ltr'><strong>parationem</strong></span> <span class='ocrx_word' id='word_1_348' title='bbox 608 3158 624 3184; x_wconf 91' lang='lat'><strong>,</strong></span> <span class='ocrx_word' id='word_1_349' title='bbox 656 3118 796 3174; x_wconf 89' lang='lat' dir='ltr'><strong>sicut</strong></span> <span class='ocrx_word' id='word_1_350' title='bbox 827 3117 882 3172; x_wconf 91' lang='lat' dir='ltr'><strong>in</strong></span> <span class='ocrx_word' id='word_1_351' title='bbox 915 3117 1098 3174; x_wconf 82' lang='lat' dir='ltr'><strong>Veteri</strong></span> <span class='ocrx_word' id='word_1_352' title='bbox 1127 3129 1184 3174; x_wconf 89' lang='lat' dir='ltr'><strong>et</strong></span> <span class='ocrx_word' id='word_1_353' title='bbox 1213 3120 1268 3175; x_wconf 92' lang='lat' dir='ltr'><strong>in</strong></span> <span class='ocrx_word' id='word_1_354' title='bbox 1299 3118 1453 3175; x_wconf 85' lang='lat' dir='ltr'><strong>Novo</strong></span> <span class='ocrx_word' id='word_1_355' title='bbox 1483 3119 1840 3175; x_wconf 87' lang='lat' dir='ltr'><strong>Testamento</strong></span> 
     </span>
    </p>
   </div>
   <div class='ocr_carea' id='block_1_47' title="bbox 1948 2009 3533 2082">
    <p class='ocr_par' dir='ltr' id='par_1_47' title="bbox 1948 2009 3533 2082">
     <span class='ocr_line' id='line_1_47' title="bbox 1948 2009 3533 2082; baseline 0 -19"><span class='ocrx_word' id='word_1_356' title='bbox 1948 2011 2127 2065; x_wconf 82' lang='lat' dir='ltr'><strong>clesiac</strong></span> <span class='ocrx_word' id='word_1_357' title='bbox 2154 2009 2494 2066; x_wconf 90' lang='lat' dir='ltr'><strong>Laudunensi</strong></span> <span class='ocrx_word' id='word_1_358' title='bbox 2539 2011 2951 2082; x_wconf 75' lang='lat' dir='ltr'><strong>metropolitano</strong></span> <span class='ocrx_word' id='word_1_359' title='bbox 2992 2011 3358 2066; x_wconf 88' lang='lat' dir='ltr'><strong>sollicitudine</strong></span> <span class='ocrx_word' id='word_1_360' title='bbox 3397 2009 3533 2066; x_wconf 86' lang='lat' dir='ltr'><strong>seri-</strong></span> 
     </span>
    </p>
   </div>
   <div class='ocr_carea' id='block_1_48' title="bbox 1947 2101 3534 2171">
    <p class='ocr_par' dir='ltr' id='par_1_48' title="bbox 1947 2101 3534 2171">
     <span class='ocr_line' id='line_1_48' title="bbox 1947 2101 3534 2171; baseline -0.001 -15"><span class='ocrx_word' id='word_1_361' title='bbox 1947 2103 2062 2171; x_wconf 90' lang='lat' dir='ltr'><strong>psi,</strong></span> <span class='ocrx_word' id='word_1_362' title='bbox 2090 2111 2145 2156; x_wconf 88' lang='lat' dir='ltr'><strong>et</strong></span> <span class='ocrx_word' id='word_1_363' title='bbox 2167 2102 2356 2156; x_wconf 86' lang='lat' dir='ltr'><strong>eadem</strong></span> <span class='ocrx_word' id='word_1_364' title='bbox 2388 2103 2666 2159; x_wconf 73' lang='lat' dir='ltr'><strong>catholica:</strong></span> <span class='ocrx_word' id='word_1_365' title='bbox 2690 2103 2944 2158; x_wconf 82' lang='lat' dir='ltr'><strong>Ecclesiae</strong></span> <span class='ocrx_word' id='word_1_366' title='bbox 2970 2103 3328 2167; x_wconf 89' lang='lat' dir='ltr'><strong>auctoritate,</strong></span> <span class='ocrx_word' id='word_1_367' title='bbox 3353 2101 3534 2156; x_wconf 80' lang='lat' dir='ltr'><strong>consi—</strong></span> 
     </span>
    </p>
   </div>
   <div class='ocr_carea' id='block_1_49' title="bbox 1949 2191 3532 2264">
    <p class='ocr_par' dir='ltr' id='par_1_49' title="bbox 1949 2191 3532 2264">
     <span class='ocr_line' id='line_1_49' title="bbox 1949 2191 3532 2264; baseline 0.003 -18"><span class='ocrx_word' id='word_1_368' title='bbox 1949 2193 2148 2246; x_wconf 88' lang='lat' dir='ltr'><strong>derans</strong></span> <span class='ocrx_word' id='word_1_369' title='bbox 2177 2191 2476 2262; x_wconf 75' lang='lat' dir='ltr'><strong>peiiculum</strong></span> <span class='ocrx_word' id='word_1_370' title='bbox 2511 2194 2800 2249; x_wconf 89' lang='lat' dir='ltr'><strong>imminens</strong></span> <span class='ocrx_word' id='word_1_371' title='bbox 2822 2235 2836 2259; x_wconf 95' lang='lat'><strong>,</strong></span> <span class='ocrx_word' id='word_1_372' title='bbox 2868 2195 3014 2264; x_wconf 92' lang='lat' dir='ltr'><strong>quod</strong></span> <span class='ocrx_word' id='word_1_373' title='bbox 3041 2193 3182 2249; x_wconf 89' lang='lat' dir='ltr'><strong>male</strong></span> <span class='ocrx_word' id='word_1_374' title='bbox 3211 2193 3389 2264; x_wconf 87' lang='lat' dir='ltr'><strong>ligasti</strong></span> <span class='ocrx_word' id='word_1_375' title='bbox 3433 2205 3532 2264; x_wconf 85' lang='lat' dir='ltr'><strong>pro</strong></span> 
     </span>
    </p>
   </div>
   <div class='ocr_carea' id='block_1_50' title="bbox 1947 2282 2658 2342">
    <p class='ocr_par' dir='ltr' id='par_1_50' title="bbox 1947 2282 2658 2342">
     <span class='ocr_line' id='line_1_50' title="bbox 1947 2282 2658 2342; baseline 0.001 -3"><span class='ocrx_word' id='word_1_376' title='bbox 1947 2282 2123 2339; x_wconf 79' lang='lat' dir='ltr'><strong>ofﬁcio</strong></span> <span class='ocrx_word' id='word_1_377' title='bbox 2153 2283 2257 2340; x_wconf 93' lang='lat' dir='ltr'><strong>loci</strong></span> <span class='ocrx_word' id='word_1_378' title='bbox 2285 2287 2391 2340; x_wconf 90' lang='lat' dir='ltr'><strong>mei</strong></span> <span class='ocrx_word' id='word_1_379' title='bbox 2417 2285 2658 2342; x_wconf 88' lang='lat' dir='ltr'><strong>dissolvi.</strong></span> 
     </span>
    </p>
   </div>
   <div class='ocr_carea' id='block_1_51' title="bbox 2489 2402 3010 2461">
    <p class='ocr_par' dir='ltr' id='par_1_51' title="bbox 2489 2402 3010 2461">
     <span class='ocr_line' id='line_1_51' title="bbox 2489 2402 3010 2461; baseline 0.004 -3"><span class='ocrx_word' id='word_1_380' title='bbox 2489 2402 2717 2461; x_wconf 85' lang='lat' dir='ltr'><strong>CAPUT</strong></span> <span class='ocrx_word' id='word_1_381' title='bbox 2745 2404 3010 2460; x_wconf 70' lang='lat' dir='ltr'><strong>XXXVII.</strong></span> 
     </span>
    </p>
   </div>
   <div class='ocr_carea' id='block_1_52' title="bbox 1947 2491 3544 2566">
    <p class='ocr_par' dir='ltr' id='par_1_52' title="bbox 1947 2491 3544 2566">
     <span class='ocr_line' id='line_1_52' title="bbox 1947 2491 3544 2566; baseline 0.006 -18"><span class='ocrx_word' id='word_1_382' title='bbox 1947 2491 2018 2548; x_wconf 87' lang='lat' dir='ltr'><strong>Ut</strong></span> <span class='ocrx_word' id='word_1_383' title='bbox 2051 2509 2154 2548; x_wconf 88' lang='lat' dir='ltr'><strong>non</strong></span> <span class='ocrx_word' id='word_1_384' title='bbox 2182 2493 2248 2548; x_wconf 89' lang='lat' dir='ltr'><strong>sit</strong></span> <span class='ocrx_word' id='word_1_385' title='bbox 2278 2493 2508 2563; x_wconf 76' lang='lat' dir='ltr'><strong>prudens</strong></span> <span class='ocrx_word' id='word_1_386' title='bbox 2536 2496 2678 2565; x_wconf 87' lang='lat' dir='ltr'><strong>apud</strong></span> <span class='ocrx_word' id='word_1_387' title='bbox 2707 2498 3124 2566; x_wconf 85' lang='lat' dir='ltr'><strong>semetipsum,et</strong></span> <span class='ocrx_word' id='word_1_388' title='bbox 3141 2496 3206 2551; x_wconf 83' lang='lat' dir='ltr'><strong>de</strong></span> <span class='ocrx_word' id='word_1_389' title='bbox 3229 2495 3544 2556; x_wconf 70' lang='lat' dir='ltr'><strong>discretione</strong></span> 
     </span>
    </p>
   </div>
   <div class='ocr_carea' id='block_1_53' title="bbox 2503 2567 2985 2637">
    <p class='ocr_par' dir='ltr' id='par_1_53' title="bbox 2503 2567 2985 2637">
     <span class='ocr_line' id='line_1_53' title="bbox 2503 2567 2985 2637; baseline 0.004 -17"><span class='ocrx_word' id='word_1_390' title='bbox 2503 2567 2559 2620; x_wconf 88' lang='lat' dir='ltr'><strong>in</strong></span> <span class='ocrx_word' id='word_1_391' title='bbox 2587 2583 2714 2637; x_wconf 85' lang='lat' dir='ltr'><strong>pace</strong></span> <span class='ocrx_word' id='word_1_392' title='bbox 2744 2570 2985 2622; x_wconf 85' lang='lat' dir='ltr'><strong>tenenda.</strong></span> 
     </span>
    </p>
   </div>
   <div class='ocr_carea' id='block_1_54' title="bbox 2023 2654 3644 2724">
    <p class='ocr_par' dir='ltr' id='par_1_54' title="bbox 2023 2654 3644 2724">
     <span class='ocr_line' id='line_1_54' title="bbox 2023 2654 3644 2724; baseline 0.004 -13"><span class='ocrx_word' id='word_1_393' title='bbox 2023 2654 2172 2711; x_wconf 89' lang='lat' dir='ltr'><strong>Unde</strong></span> <span class='ocrx_word' id='word_1_394' title='bbox 2192 2696 2207 2720; x_wconf 91' lang='lat'><strong>,</strong></span> <span class='ocrx_word' id='word_1_395' title='bbox 2235 2655 2427 2722; x_wconf 89' lang='lat' dir='ltr'><strong>frater,</strong></span> <span class='ocrx_word' id='word_1_396' title='bbox 2456 2664 2513 2711; x_wconf 94' lang='lat' dir='ltr'><strong>et</strong></span> <span class='ocrx_word' id='word_1_397' title='bbox 2543 2673 2630 2712; x_wconf 92' lang='lat' dir='ltr'><strong>me</strong></span> <span class='ocrx_word' id='word_1_398' title='bbox 2651 2666 2706 2713; x_wconf 90' lang='lat' dir='ltr'><strong>et</strong></span> <span class='ocrx_word' id='word_1_399' title='bbox 2737 2667 2788 2712; x_wconf 90' lang='lat' dir='ltr'><strong>te</strong></span> <span class='ocrx_word' id='word_1_400' title='bbox 2817 2673 3046 2724; x_wconf 91' lang='lat' dir='ltr'><strong>moneo,</strong></span> <span class='ocrx_word' id='word_1_401' title='bbox 3088 2666 3148 2713; x_wconf 92' lang='lat' dir='ltr'><strong>ut</strong></span> <span class='ocrx_word' id='word_1_402' title='bbox 3193 2657 3539 2716; x_wconf 87' lang='lat' dir='ltr'><strong>attendamus</strong></span> <span class='ocrx_word' id='word_1_403' title='bbox 3631 2679 3644 2684; x_wconf 66' lang='grc'><strong>-</strong></span> 
     </span>
    </p>
   </div>
   <div class='ocr_carea' id='block_1_55' title="bbox 1946 2745 3542 2822">
    <p class='ocr_par' dir='ltr' id='par_1_55' title="bbox 1946 2745 3542 2822">
     <span class='ocr_line' id='line_1_55' title="bbox 1946 2745 3542 2822; baseline 0.004 -21"><span class='ocrx_word' id='word_1_404' title='bbox 1946 2745 2088 2816; x_wconf 92' lang='lat' dir='ltr'><strong>quod</strong></span> <span class='ocrx_word' id='word_1_405' title='bbox 2120 2746 2382 2803; x_wconf 89' lang='lat' dir='ltr'><strong>Dominus</strong></span> <span class='ocrx_word' id='word_1_406' title='bbox 2407 2763 2504 2820; x_wconf 87' lang='lat' dir='ltr'><strong>per</strong></span> <span class='ocrx_word' id='word_1_407' title='bbox 2531 2750 2852 2820; x_wconf 88' lang='lat' dir='ltr'><strong>prophetam</strong></span> <span class='ocrx_word' id='word_1_408' title='bbox 2885 2751 3017 2807; x_wconf 91' lang='lat' dir='ltr'><strong>dicit</strong></span> <span class='ocrx_word' id='word_1_409' title='bbox 3052 2769 3065 2805; x_wconf 92' lang='lat'><strong>:</strong></span> <span class='ocrx_word' id='word_1_410' title='bbox 3106 2748 3194 2806; x_wconf 76' lang='lat' dir='ltr'><strong>Va:</strong></span> <span class='ocrx_word' id='word_1_411' title='bbox 3218 2752 3308 2822; x_wconf 86' lang='lat' dir='ltr'><strong>qui</strong></span> <span class='ocrx_word' id='word_1_412' title='bbox 3338 2752 3542 2822; x_wconf 80' lang='lat' dir='ltr'><strong>sapien-</strong></span> 
     </span>
    </p>
   </div>
   <div class='ocr_carea' id='block_1_56' title="bbox 1945 2841 3539 2916">
    <p class='ocr_par' dir='ltr' id='par_1_56' title="bbox 1945 2841 3539 2916">
     <span class='ocr_line' id='line_1_56' title="bbox 1945 2841 3539 2916; baseline 0.003 -21"><span class='ocrx_word' id='word_1_413' title='bbox 1945 2851 2021 2896; x_wconf 87' lang='lat' dir='ltr'><strong>tes</strong></span> <span class='ocrx_word' id='word_1_414' title='bbox 2049 2841 2172 2896; x_wconf 88' lang='lat' dir='ltr'><strong>estis</strong></span> <span class='ocrx_word' id='word_1_415' title='bbox 2202 2843 2258 2896; x_wconf 90' lang='lat' dir='ltr'><strong>in</strong></span> <span class='ocrx_word' id='word_1_416' title='bbox 2289 2841 2455 2896; x_wconf 86' lang='lat' dir='ltr'><strong>oculis</strong></span> <span class='ocrx_word' id='word_1_417' title='bbox 2485 2845 2699 2908; x_wconf 75' lang='lat' dir='ltr'><strong>vestris,</strong></span> <span class='ocrx_word' id='word_1_418' title='bbox 2727 2853 2775 2898; x_wconf 89' lang='lat' dir='ltr'><strong>et</strong></span> <span class='ocrx_word' id='word_1_419' title='bbox 2805 2860 2982 2898; x_wconf 89' lang='lat' dir='ltr'><strong>coram</strong></span> <span class='ocrx_word' id='word_1_420' title='bbox 3009 2844 3385 2916; x_wconf 86' lang='lat' dir='ltr'><strong>vobismetipsis</strong></span> <span class='ocrx_word' id='word_1_421' title='bbox 3409 2861 3539 2915; x_wconf 87' lang='lat' dir='ltr'><strong>pru-</strong></span> 
     </span>
    </p>
   </div>
   <div class='ocr_carea' id='block_1_57' title="bbox 1947 2935 3544 3009">
    <p class='ocr_par' dir='ltr' id='par_1_57' title="bbox 1947 2935 3544 3009">
     <span class='ocr_line' id='line_1_57' title="bbox 1947 2935 3544 3009; baseline 0.003 -21"><span class='ocrx_word' id='word_1_422' title='bbox 1947 2936 2125 2992; x_wconf 87' lang='lat' dir='ltr'><strong>dentes</strong></span> <span class='ocrx_word' id='word_1_423' title='bbox 2154 2935 2292 3006; x_wconf 87' lang='lat' dir='ltr'><strong>(Isa.</strong></span> <span class='ocrx_word' id='word_1_424' title='bbox 2319 2938 2376 3008; x_wconf 90' lang='lat' dir='ltr'><strong>v)</strong></span> <span class='ocrx_word' id='word_1_425' title='bbox 2403 2955 2418 3004; x_wconf 93' lang='lat'><strong>;</strong></span> <span class='ocrx_word' id='word_1_426' title='bbox 2453 2947 2507 2992; x_wconf 93' lang='lat' dir='ltr'><strong>et</strong></span> <span class='ocrx_word' id='word_1_427' title='bbox 2536 2952 2635 3008; x_wconf 90' lang='lat' dir='ltr'><strong>per</strong></span> <span class='ocrx_word' id='word_1_428' title='bbox 2660 2937 2981 3008; x_wconf 84' lang='lat' dir='ltr'><strong>Apostolum</strong></span> <span class='ocrx_word' id='word_1_429' title='bbox 3006 2952 3022 2992; x_wconf 88' lang='lat'><strong>:</strong></span> <span class='ocrx_word' id='word_1_430' title='bbox 3055 2937 3236 2994; x_wconf 82' lang='lat' dir='ltr'><strong>Nolite</strong></span> <span class='ocrx_word' id='word_1_431' title='bbox 3263 2936 3544 3009; x_wconf 85' lang='lat' dir='ltr'><strong>prudentes</strong></span> 
     </span>
    </p>
   </div>
   <div class='ocr_carea' id='block_1_58' title="bbox 1947 3031 3546 3105">
    <p class='ocr_par' dir='ltr' id='par_1_58' title="bbox 1947 3031 3546 3105">
     <span class='ocr_line' id='line_1_58' title="bbox 1947 3031 3546 3105; baseline 0.001 -20"><span class='ocrx_word' id='word_1_432' title='bbox 1947 3048 2057 3086; x_wconf 86' lang='lat' dir='ltr'><strong>esse</strong></span> <span class='ocrx_word' id='word_1_433' title='bbox 2112 3032 2254 3102; x_wconf 87' lang='lat' dir='ltr'><strong>apud</strong></span> <span class='ocrx_word' id='word_1_434' title='bbox 2302 3033 2643 3103; x_wconf 77' lang='lat' dir='ltr'><strong>vosmetipsos</strong></span> <span class='ocrx_word' id='word_1_435' title='bbox 2693 3032 2711 3104; x_wconf 97' lang='lat'><strong>(</strong></span> <span class='ocrx_word' id='word_1_436' title='bbox 2737 3031 2888 3088; x_wconf 86' lang='lat' dir='ltr'><strong>Rom.</strong></span> <span class='ocrx_word' id='word_1_437' title='bbox 2921 3032 3043 3105; x_wconf 79' lang='lat' dir='ltr'><strong>xu)</strong></span> <span class='ocrx_word' id='word_1_438' title='bbox 3073 3049 3088 3100; x_wconf 90' lang='lat'><strong>;</strong></span> <span class='ocrx_word' id='word_1_439' title='bbox 3120 3041 3176 3089; x_wconf 88' lang='lat' dir='ltr'><strong>et</strong></span> <span class='ocrx_word' id='word_1_440' title='bbox 3205 3051 3219 3089; x_wconf 94' lang='lat'><strong>:</strong></span> <span class='ocrx_word' id='word_1_441' title='bbox 3251 3031 3314 3089; x_wconf 88' lang='lat' dir='ltr'><strong>Si</strong></span> <span class='ocrx_word' id='word_1_442' title='bbox 3343 3031 3462 3104; x_wconf 82' lang='lat' dir='ltr'><strong>quis</strong></span> <span class='ocrx_word' id='word_1_443' title='bbox 3490 3046 3546 3087; x_wconf 81' lang='lat' dir='ltr'><strong>se</strong></span> 
     </span>
    </p>
   </div>
   <div class='ocr_carea' id='block_1_59' title="bbox 1947 3123 3545 3198">
    <p class='ocr_par' dir='ltr' id='par_1_59' title="bbox 1947 3123 3545 3198">
     <span class='ocr_line' id='line_1_59' title="bbox 1947 3123 3545 3198; baseline 0.002 -21"><span class='ocrx_word' id='word_1_444' title='bbox 1947 3125 2212 3178; x_wconf 72' lang='lat' dir='ltr'><strong>existimat</strong></span> <span class='ocrx_word' id='word_1_445' title='bbox 2253 3123 2454 3195; x_wconf 85' lang='lat' dir='ltr'><strong>aliquid</strong></span> <span class='ocrx_word' id='word_1_446' title='bbox 2489 3125 2656 3191; x_wconf 87' lang='lat' dir='ltr'><strong>scire,</strong></span> <span class='ocrx_word' id='word_1_447' title='bbox 2705 3126 2941 3181; x_wconf 89' lang='lat' dir='ltr'><strong>nondum</strong></span> <span class='ocrx_word' id='word_1_448' title='bbox 2987 3127 3228 3198; x_wconf 85' lang='lat' dir='ltr'><strong>cognovit</strong></span> <span class='ocrx_word' id='word_1_449' title='bbox 3279 3125 3545 3197; x_wconf 82' lang='lat' dir='ltr'><strong>quomodo</strong></span> 
     </span>
    </p>
   </div>
   <div class='ocr_carea' id='block_1_60' title="bbox 243 3213 3543 3334">
    <p class='ocr_par' dir='ltr' id='par_1_60' title="bbox 243 3213 3543 3334">
     <span class='ocr_line' id='line_1_60' title="bbox 243 3213 3543 3334; baseline 0.001 -65"><span class='ocrx_word' id='word_1_450' title='bbox 243 3213 515 3283; x_wconf 89' lang='lat' dir='ltr'><strong>judicium</strong></span> <span class='ocrx_word' id='word_1_451' title='bbox 551 3214 618 3270; x_wconf 92' lang='lat' dir='ltr'><strong>de</strong></span> <span class='ocrx_word' id='word_1_452' title='bbox 649 3214 996 3271; x_wconf 89' lang='lat' dir='ltr'><strong>anathemate</strong></span> <span class='ocrx_word' id='word_1_453' title='bbox 1025 3215 1315 3286; x_wconf 75' lang='lat' dir='ltr'><strong>significat.</strong></span> <span class='ocrx_word' id='word_1_454' title='bbox 1359 3215 1418 3270; x_wconf 92' lang='lat' dir='ltr'><strong>In</strong></span> <span class='ocrx_word' id='word_1_455' title='bbox 1460 3225 1640 3270; x_wconf 90' lang='lat' dir='ltr'><strong>mente</strong></span> <span class='ocrx_word' id='word_1_456' title='bbox 1678 3217 1842 3287; x_wconf 89' lang='lat' dir='ltr'><strong>igitur</strong></span> <span class='ocrx_word' id='word_1_457' title='bbox 1861 3257 1920 3334; x_wconf 61' lang='grc' dir='ltr'><strong><em>α</em></strong></span> <span class='ocrx_word' id='word_1_458' title='bbox 1950 3225 2184 3286; x_wconf 82' lang='lat' dir='ltr'><strong>oporteat</strong></span> <span class='ocrx_word' id='word_1_459' title='bbox 2236 3233 2354 3271; x_wconf 87' lang='lat' dir='ltr'><strong>eum</strong></span> <span class='ocrx_word' id='word_1_460' title='bbox 2401 3218 2535 3272; x_wconf 84' lang='lat' dir='ltr'><strong>scire</strong></span> <span class='ocrx_word' id='word_1_461' title='bbox 2581 3216 2650 3289; x_wconf 86' lang='grc' dir='ltr'><strong>(Ι</strong></span> <span class='ocrx_word' id='word_1_462' title='bbox 2684 3217 2806 3274; x_wconf 91' lang='lat' dir='ltr'><strong>Cor.</strong></span> <span class='ocrx_word' id='word_1_463' title='bbox 2838 3235 2935 3275; x_wconf 89' lang='lat' dir='ltr'><strong>vm</strong></span> <span class='ocrx_word' id='word_1_464' title='bbox 2961 3219 3023 3290; x_wconf 88' lang='lat'><strong>);</strong></span> <span class='ocrx_word' id='word_1_465' title='bbox 3057 3228 3112 3275; x_wconf 91' lang='lat' dir='ltr'><strong>et</strong></span> <span class='ocrx_word' id='word_1_466' title='bbox 3142 3237 3155 3274; x_wconf 92' lang='lat'><strong>:</strong></span> <span class='ocrx_word' id='word_1_467' title='bbox 3196 3218 3260 3275; x_wconf 91' lang='lat' dir='ltr'><strong>Si</strong></span> <span class='ocrx_word' id='word_1_468' title='bbox 3287 3219 3404 3291; x_wconf 85' lang='lat' dir='ltr'><strong>quis</strong></span> <span class='ocrx_word' id='word_1_469' title='bbox 3434 3217 3543 3273; x_wconf 85' lang='lat' dir='ltr'><strong>vult</strong></span> 
     </span>
     <span class='ocr_line' id='line_1_61' title="bbox 251 3306 3537 3334; baseline 0 0"><span class='ocrx_word' id='word_1_470' title='bbox 251 3309 397 3334; x_wconf 53' lang='lat' dir='ltr'><strong>LAI‘A</strong></span> <span class='ocrx_word' id='word_1_471' title='bbox 426 3306 689 3334; x_wconf 63' lang='lat' dir='ltr'><strong>-n-3ns..m</strong></span> <span class='ocrx_word' id='word_1_472' title='bbox 723 3321 749 3334; x_wconf 67' lang='grc' dir='ltr'>ι.</span> <span class='ocrx_word' id='word_1_473' title='bbox 780 3307 937 3334; x_wconf 50' lang='lat' dir='ltr'><strong>LA“...</strong></span> <span class='ocrx_word' id='word_1_474' title='bbox 969 3307 1134 3334; x_wconf 66' lang='grc' dir='ltr'><strong>η,...1,.</strong></span> <span class='ocrx_word' id='word_1_475' title='bbox 1163 3327 1174 3334; x_wconf 88' lang='grc'><strong>.</strong></span> <span class='ocrx_word' id='word_1_476' title='bbox 1217 3308 1300 3334; x_wconf 66' lang='grc' dir='ltr'><strong>σε-</strong></span> <span class='ocrx_word' id='word_1_477' title='bbox 1356 3319 1521 3334; x_wconf 57' lang='grc' dir='ltr'>--.ιω</span> <span class='ocrx_word' id='word_1_478' title='bbox 1570 3319 1841 3334; x_wconf 60' lang='grc' dir='ltr'><strong>μΑΑρμμΙΔΑ</strong></span> <span class='ocrx_word' id='word_1_479' title='bbox 1955 3310 2090 3334; x_wconf 64' lang='grc' dir='ltr'>ἒμι-..</span> <span class='ocrx_word' id='word_1_480' title='bbox 2118 3325 2204 3334; x_wconf 65' lang='grc' dir='ltr'><strong>μ--</strong></span> <span class='ocrx_word' id='word_1_481' title='bbox 2238 3311 2440 3334; x_wconf 57' lang='grc' dir='ltr'><strong>--μὶ---Α</strong></span> <span class='ocrx_word' id='word_1_482' title='bbox 2473 3328 2575 3334; x_wconf 56' lang='grc' dir='ltr'><strong>---Α</strong></span> <span class='ocrx_word' id='word_1_483' title='bbox 2647 3312 2830 3334; x_wconf 71' lang='grc' dir='ltr'><strong>-ι--1.---</strong></span> <span class='ocrx_word' id='word_1_484' title='bbox 2868 3313 2955 3334; x_wconf 73' lang='grc' dir='ltr'><strong>Δ-.</strong></span> <span class='ocrx_word' id='word_1_485' title='bbox 2986 3322 3039 3334; x_wconf 67' lang='grc' dir='ltr'><strong>--Α</strong></span> <span class='ocrx_word' id='word_1_486' title='bbox 3072 3315 3133 3334; x_wconf 68' lang='lat'><strong>-3.</strong></span> <span class='ocrx_word' id='word_1_487' title='bbox 3167 3313 3366 3334; x_wconf 43' lang='lat'><strong>‘_-_:-.‘-</strong></span> <span class='ocrx_word' id='word_1_488' title='bbox 3422 3311 3537 3334; x_wconf 77' lang='lat'><strong>._--:-</strong></span> 
     </span>
    </p>
   </div>
   <div class='ocr_carea' id='block_1_61' title="bbox 251 3306 1842 3379">
    <p class='ocr_par' dir='ltr' id='par_1_61' title="bbox 251 3306 1842 3379">
     <span class='ocr_line' id='line_1_62' title="bbox 251 3306 1842 3379; baseline -0.001 -16"><span class='ocrx_word' id='word_1_489' title='bbox 251 3309 398 3364; x_wconf 86' lang='lat' dir='ltr'><strong>habe</strong></span> <span class='ocrx_word' id='word_1_490' title='bbox 425 3306 691 3378; x_wconf 90' lang='lat' dir='ltr'><strong>scriptum</strong></span> <span class='ocrx_word' id='word_1_491' title='bbox 722 3321 752 3361; x_wconf 90' lang='lat' dir='ltr'><strong>a</strong></span> <span class='ocrx_word' id='word_1_492' title='bbox 779 3307 940 3363; x_wconf 90' lang='lat' dir='ltr'><strong>beato</strong></span> <span class='ocrx_word' id='word_1_493' title='bbox 969 3307 1136 3364; x_wconf 89' lang='lat' dir='ltr'><strong>Paulo</strong></span> <span class='ocrx_word' id='word_1_494' title='bbox 1163 3327 1176 3362; x_wconf 95' lang='lat'><strong>:</strong></span> <span class='ocrx_word' id='word_1_495' title='bbox 1210 3308 1300 3364; x_wconf 90' lang='lat' dir='ltr'><strong>Sic</strong></span> <span class='ocrx_word' id='word_1_496' title='bbox 1350 3319 1524 3363; x_wconf 89' lang='lat' dir='ltr'><strong>autem</strong></span> <span class='ocrx_word' id='word_1_497' title='bbox 1569 3319 1842 3379; x_wconf 80' lang='lat' dir='ltr'><strong>peccantes</strong></span> 
     </span>
    </p>
   </div>
   <div class='ocr_carea' id='block_1_62' title="bbox 255 3389 1847 3472">
    <p class='ocr_par' dir='ltr' id='par_1_62' title="bbox 255 3389 1847 3472">
     <span class='ocr_line' id='line_1_63' title="bbox 255 3389 1847 3472; baseline -0.001 -18"><span class='ocrx_word' id='word_1_498' title='bbox 255 3400 314 3454; x_wconf 85' lang='lat' dir='ltr'><strong>in</strong></span> <span class='ocrx_word' id='word_1_499' title='bbox 343 3400 571 3470; x_wconf 77' lang='lat' dir='ltr'><strong>fratres,</strong></span> <span class='ocrx_word' id='word_1_500' title='bbox 602 3409 651 3455; x_wconf 87' lang='lat' dir='ltr'><strong>et</strong></span> <span class='ocrx_word' id='word_1_501' title='bbox 681 3402 1024 3471; x_wconf 86' lang='lat' dir='ltr'><strong>percutientes</strong></span> <span class='ocrx_word' id='word_1_502' title='bbox 1062 3417 1243 3456; x_wconf 86' lang='lat' dir='ltr'><strong>eorum</strong></span> <span class='ocrx_word' id='word_1_503' title='bbox 1281 3401 1550 3472; x_wconf 80' lang='lat' dir='ltr'><strong>inﬁrmant</strong></span> <span class='ocrx_word' id='word_1_504' title='bbox 1582 3389 1847 3454; x_wconf 52' lang='lat' dir='ltr'><strong>conscieué</strong></span> 
     </span>
    </p>
   </div>
   <div class='ocr_carea' id='block_1_63' title="bbox 250 3491 1844 3567">
    <p class='ocr_par' dir='ltr' id='par_1_63' title="bbox 250 3491 1844 3567">
     <span class='ocr_line' id='line_1_64' title="bbox 250 3491 1844 3567; baseline 0.001 -19"><span class='ocrx_word' id='word_1_505' title='bbox 250 3493 415 3560; x_wconf 86' lang='lat' dir='ltr'><strong>tiam,</strong></span> <span class='ocrx_word' id='word_1_506' title='bbox 468 3494 524 3548; x_wconf 85' lang='lat' dir='ltr'><strong>in</strong></span> <span class='ocrx_word' id='word_1_507' title='bbox 565 3491 834 3548; x_wconf 80' lang='lat' dir='ltr'><strong>Christum</strong></span> <span class='ocrx_word' id='word_1_508' title='bbox 872 3495 1098 3566; x_wconf 86' lang='lat' dir='ltr'><strong>peccatis</strong></span> <span class='ocrx_word' id='word_1_509' title='bbox 1131 3493 1202 3567; x_wconf 88' lang='grc' dir='ltr'><strong>(Ι</strong></span> <span class='ocrx_word' id='word_1_510' title='bbox 1236 3494 1359 3550; x_wconf 86' lang='lat' dir='ltr'><strong>Cor.</strong></span> <span class='ocrx_word' id='word_1_511' title='bbox 1390 3496 1551 3565; x_wconf 86' lang='lat' dir='ltr'><strong>vm).</strong></span> <span class='ocrx_word' id='word_1_512' title='bbox 1585 3493 1844 3550; x_wconf 84' lang='lat' dir='ltr'><strong>Graviter</strong></span> 
     </span>
    </p>
   </div>
   <div class='ocr_carea' id='block_1_64' title="bbox 252 3587 1844 3660">
    <p class='ocr_par' dir='ltr' id='par_1_64' title="bbox 252 3587 1844 3660">
     <span class='ocr_line' id='line_1_65' title="bbox 252 3587 1844 3660; baseline 0 -18"><span class='ocrx_word' id='word_1_513' title='bbox 252 3595 437 3643; x_wconf 89' lang='lat' dir='ltr'><strong>autem</strong></span> <span class='ocrx_word' id='word_1_514' title='bbox 465 3587 538 3642; x_wconf 89' lang='lat' dir='ltr'><strong>illi</strong></span> <span class='ocrx_word' id='word_1_515' title='bbox 565 3587 619 3643; x_wconf 92' lang='lat' dir='ltr'><strong>in</strong></span> <span class='ocrx_word' id='word_1_516' title='bbox 643 3587 921 3644; x_wconf 87' lang='lat' dir='ltr'><strong>Christum</strong></span> <span class='ocrx_word' id='word_1_517' title='bbox 950 3597 1218 3659; x_wconf 89' lang='lat' dir='ltr'><strong>peccant,</strong></span> <span class='ocrx_word' id='word_1_518' title='bbox 1243 3590 1333 3658; x_wconf 92' lang='lat' dir='ltr'><strong>qui</strong></span> <span class='ocrx_word' id='word_1_519' title='bbox 1363 3589 1844 3660; x_wconf 90' lang='lat' dir='ltr'><strong>periculosissimo,</strong></span> 
     </span>
    </p>
   </div>
   <div class='ocr_carea' id='block_1_65' title="bbox 253 3677 1849 3750">
    <p class='ocr_par' dir='ltr' id='par_1_65' title="bbox 253 3677 1849 3750">
     <span class='ocr_line' id='line_1_66' title="bbox 253 3677 1849 3750; baseline -0.002 -16"><span class='ocrx_word' id='word_1_520' title='bbox 253 3686 314 3734; x_wconf 86' lang='lat' dir='ltr'><strong>et</strong></span> <span class='ocrx_word' id='word_1_521' title='bbox 345 3678 580 3733; x_wconf 78' lang='lat' dir='ltr'><strong>maxime</strong></span> <span class='ocrx_word' id='word_1_522' title='bbox 612 3677 933 3734; x_wconf 88' lang='lat' dir='ltr'><strong>detestando</strong></span> <span class='ocrx_word' id='word_1_523' title='bbox 979 3678 1261 3732; x_wconf 86' lang='lat' dir='ltr'><strong>mendacio</strong></span> <span class='ocrx_word' id='word_1_524' title='bbox 1299 3678 1354 3732; x_wconf 91' lang='lat' dir='ltr'><strong>in</strong></span> <span class='ocrx_word' id='word_1_525' title='bbox 1398 3678 1660 3750; x_wconf 89' lang='lat' dir='ltr'><strong>religione</strong></span> <span class='ocrx_word' id='word_1_526' title='bbox 1698 3693 1849 3734; x_wconf 87' lang='lat' dir='ltr'><strong>men-</strong></span> 
     </span>
    </p>
   </div>
   <div class='ocr_carea' id='block_1_66' title="bbox 261 3756 1851 3842">
    <p class='ocr_par' dir='ltr' id='par_1_66' title="bbox 261 3756 1851 3842">
     <span class='ocr_line' id='line_1_67' title="bbox 261 3756 1851 3842; baseline 0.001 -17"><span class='ocrx_word' id='word_1_527' title='bbox 261 3771 509 3837; x_wconf 88' lang='lat' dir='ltr'><strong>tientes,</strong></span> <span class='ocrx_word' id='word_1_528' title='bbox 558 3772 896 3827; x_wconf 79' lang='lat' dir='ltr'><strong>inﬁmorum</strong></span> <span class='ocrx_word' id='word_1_529' title='bbox 953 3756 1319 3827; x_wconf 85' lang='lat' dir='ltr'><strong>conscientias</strong></span> <span class='ocrx_word' id='word_1_530' title='bbox 1374 3773 1727 3842; x_wconf 77' lang='lat' dir='ltr'><strong>percutiunt,</strong></span> <span class='ocrx_word' id='word_1_531' title='bbox 1784 3772 1851 3827; x_wconf 86' lang='lat' dir='ltr'><strong>de</strong></span> 
     </span>
    </p>
   </div>
   <div class='ocr_carea' id='block_1_67' title="bbox 257 3862 1852 3937">
    <p class='ocr_par' dir='ltr' id='par_1_67' title="bbox 257 3862 1852 3937">
     <span class='ocr_line' id='line_1_68' title="bbox 257 3862 1852 3937; baseline 0 -19"><span class='ocrx_word' id='word_1_532' title='bbox 257 3864 466 3935; x_wconf 85' lang='lat' dir='ltr'><strong>quibus</strong></span> <span class='ocrx_word' id='word_1_533' title='bbox 504 3866 809 3936; x_wconf 88' lang='lat' dir='ltr'><strong>specialiter</strong></span> <span class='ocrx_word' id='word_1_534' title='bbox 847 3867 1114 3937; x_wconf 87' lang='lat' dir='ltr'><strong>scriptum</strong></span> <span class='ocrx_word' id='word_1_535' title='bbox 1167 3875 1288 3922; x_wconf 90' lang='lat' dir='ltr'><strong>est:</strong></span> <span class='ocrx_word' id='word_1_536' title='bbox 1326 3862 1526 3920; x_wconf 87' lang='lat' dir='ltr'><strong>Perdes</strong></span> <span class='ocrx_word' id='word_1_537' title='bbox 1555 3881 1732 3920; x_wconf 88' lang='lat' dir='ltr'><strong>omnes</strong></span> <span class='ocrx_word' id='word_1_538' title='bbox 1760 3864 1852 3936; x_wconf 87' lang='lat' dir='ltr'><strong>qui</strong></span> 
     </span>
    </p>
   </div>
   <div class='ocr_carea' id='block_1_68' title="bbox 260 3957 1852 4031">
    <p class='ocr_par' dir='ltr' id='par_1_68' title="bbox 260 3957 1852 4031">
     <span class='ocr_line' id='line_1_69' title="bbox 260 3957 1852 4031; baseline 0.002 -20"><span class='ocrx_word' id='word_1_539' title='bbox 260 3957 558 4030; x_wconf 84' lang='lat' dir='ltr'><strong>loquuntur</strong></span> <span class='ocrx_word' id='word_1_540' title='bbox 608 3960 936 4015; x_wconf 82' lang='lat' dir='ltr'><strong>mendacium</strong></span> <span class='ocrx_word' id='word_1_541' title='bbox 995 3958 1192 4030; x_wconf 90' lang='lat' dir='ltr'><strong>(Psal.</strong></span> <span class='ocrx_word' id='word_1_542' title='bbox 1230 3976 1261 4012; x_wconf 93' lang='lat' dir='ltr'><strong>v</strong></span> <span class='ocrx_word' id='word_1_543' title='bbox 1294 3958 1334 4031; x_wconf 93' lang='lat'><strong>).</strong></span> <span class='ocrx_word' id='word_1_544' title='bbox 1389 3959 1455 4014; x_wconf 85' lang='lat' dir='ltr'><strong>Et</strong></span> <span class='ocrx_word' id='word_1_545' title='bbox 1510 3959 1563 4014; x_wconf 91' lang='lat' dir='ltr'><strong>in</strong></span> <span class='ocrx_word' id='word_1_546' title='bbox 1615 3959 1852 4015; x_wconf 85' lang='lat' dir='ltr'><strong>decretis</strong></span> 
     </span>
    </p>
   </div>
   <div class='ocr_carea' id='block_1_69' title="bbox 259 4049 1852 4124">
    <p class='ocr_par' dir='ltr' id='par_1_69' title="bbox 259 4049 1852 4124">
     <span class='ocr_line' id='line_1_70' title="bbox 259 4049 1852 4124; baseline 0.003 -21"><span class='ocrx_word' id='word_1_547' title='bbox 259 4049 572 4120; x_wconf 68' lang='lat' dir='ltr'><strong>apostolicae</strong></span> <span class='ocrx_word' id='word_1_548' title='bbox 617 4051 762 4119; x_wconf 85' lang='lat' dir='ltr'><strong>sedis</strong></span> <span class='ocrx_word' id='word_1_549' title='bbox 810 4052 1071 4122; x_wconf 90' lang='lat' dir='ltr'><strong>scriptum</strong></span> <span class='ocrx_word' id='word_1_550' title='bbox 1120 4061 1250 4108; x_wconf 90' lang='lat' dir='ltr'><strong>est:</strong></span> <span class='ocrx_word' id='word_1_551' title='bbox 1306 4051 1569 4118; x_wconf 84' lang='lat' dir='ltr'><strong>Quoniam</strong></span> <span class='ocrx_word' id='word_1_552' title='bbox 1619 4051 1852 4124; x_wconf 87' lang='lat' dir='ltr'><strong>quisquis</strong></span> 
     </span>
    </p>
   </div>
   <div class='ocr_carea' id='block_1_70' title="bbox 256 4141 1854 4216">
    <p class='ocr_par' dir='ltr' id='par_1_70' title="bbox 256 4141 1854 4216">
     <span class='ocr_line' id='line_1_71' title="bbox 256 4141 1854 4216; baseline 0.002 -20"><span class='ocrx_word' id='word_1_553' title='bbox 256 4141 594 4196; x_wconf 86' lang='lat' dir='ltr'><strong>schismatico</strong></span> <span class='ocrx_word' id='word_1_554' title='bbox 635 4144 937 4207; x_wconf 87' lang='lat' dir='ltr'><strong>assenserit,</strong></span> <span class='ocrx_word' id='word_1_555' title='bbox 977 4143 1344 4198; x_wconf 87' lang='lat' dir='ltr'><strong>schismaticus</strong></span> <span class='ocrx_word' id='word_1_556' title='bbox 1379 4161 1489 4199; x_wconf 80' lang='lat' dir='ltr'><strong>esse</strong></span> <span class='ocrx_word' id='word_1_557' title='bbox 1529 4146 1708 4216; x_wconf 85' lang='lat' dir='ltr'><strong>negari</strong></span> <span class='ocrx_word' id='word_1_558' title='bbox 1748 4161 1854 4199; x_wconf 90' lang='lat' dir='ltr'><strong>non</strong></span> 
     </span>
    </p>
   </div>
   <div class='ocr_carea' id='block_1_71' title="bbox 257 4231 1856 4304">
    <p class='ocr_par' dir='ltr' id='par_1_71' title="bbox 257 4231 1856 4304">
     <span class='ocr_line' id='line_1_72' title="bbox 257 4231 1856 4304; baseline 0.003 -19"><span class='ocrx_word' id='word_1_559' title='bbox 257 4233 468 4304; x_wconf 84' lang='lat' dir='ltr'><strong>poterit.</strong></span> <span class='ocrx_word' id='word_1_560' title='bbox 503 4231 752 4288; x_wconf 89' lang='lat' dir='ltr'><strong>Schisma</strong></span> <span class='ocrx_word' id='word_1_561' title='bbox 796 4235 941 4290; x_wconf 90' lang='lat' dir='ltr'><strong>enim</strong></span> <span class='ocrx_word' id='word_1_562' title='bbox 972 4250 1002 4288; x_wconf 90' lang='lat' dir='ltr'><strong>a</strong></span> <span class='ocrx_word' id='word_1_563' title='bbox 1035 4235 1270 4290; x_wconf 85' lang='lat' dir='ltr'><strong>scissura</strong></span> <span class='ocrx_word' id='word_1_564' title='bbox 1305 4243 1386 4290; x_wconf 88' lang='lat' dir='ltr'><strong>est</strong></span> <span class='ocrx_word' id='word_1_565' title='bbox 1415 4235 1754 4302; x_wconf 86' lang='lat' dir='ltr'><strong>animorum,</strong></span> <span class='ocrx_word' id='word_1_566' title='bbox 1797 4243 1856 4290; x_wconf 92' lang='lat' dir='ltr'><strong>ut</strong></span> 
     </span>
    </p>
   </div>
   <div class='ocr_carea' id='block_1_72' title="bbox 258 4326 1854 4395">
    <p class='ocr_par' dir='ltr' id='par_1_72' title="bbox 258 4326 1854 4395">
     <span class='ocr_line' id='line_1_73' title="bbox 258 4326 1854 4395; baseline 0.001 -13"><span class='ocrx_word' id='word_1_567' title='bbox 258 4326 516 4383; x_wconf 88' lang='lat' dir='ltr'><strong>catholici</strong></span> <span class='ocrx_word' id='word_1_568' title='bbox 564 4328 816 4384; x_wconf 90' lang='lat' dir='ltr'><strong>doctores</strong></span> <span class='ocrx_word' id='word_1_569' title='bbox 866 4329 1083 4395; x_wconf 89' lang='lat' dir='ltr'><strong>dicunt,</strong></span> <span class='ocrx_word' id='word_1_570' title='bbox 1136 4339 1408 4384; x_wconf 89' lang='lat' dir='ltr'><strong>vocatum.</strong></span> <span class='ocrx_word' id='word_1_571' title='bbox 1461 4329 1662 4384; x_wconf 85' lang='lat' dir='ltr'><strong>Eodem</strong></span> <span class='ocrx_word' id='word_1_572' title='bbox 1709 4329 1854 4384; x_wconf 91' lang='lat' dir='ltr'><strong>enim</strong></span> 
     </span>
    </p>
   </div>
   <div class='ocr_carea' id='block_1_73' title="bbox 265 4419 1858 4494">
    <p class='ocr_par' dir='ltr' id='par_1_73' title="bbox 265 4419 1858 4494">
     <span class='ocr_line' id='line_1_74' title="bbox 265 4419 1858 4494; baseline 0 -20"><span class='ocrx_word' id='word_1_573' title='bbox 265 4419 414 4474; x_wconf 90' lang='lat' dir='ltr'><strong>cultu</strong></span> <span class='ocrx_word' id='word_1_574' title='bbox 437 4461 452 4485; x_wconf 92' lang='lat'><strong>,</strong></span> <span class='ocrx_word' id='word_1_575' title='bbox 484 4421 674 4475; x_wconf 89' lang='lat' dir='ltr'><strong>eodem</strong></span> <span class='ocrx_word' id='word_1_576' title='bbox 709 4422 818 4475; x_wconf 91' lang='lat' dir='ltr'><strong>ritu</strong></span> <span class='ocrx_word' id='word_1_577' title='bbox 853 4421 1026 4476; x_wconf 88' lang='lat' dir='ltr'><strong>credit</strong></span> <span class='ocrx_word' id='word_1_578' title='bbox 1053 4430 1113 4475; x_wconf 92' lang='lat' dir='ltr'><strong>ut</strong></span> <span class='ocrx_word' id='word_1_579' title='bbox 1141 4421 1322 4476; x_wconf 77' lang='lat' dir='ltr'><strong>caeteri</strong></span> <span class='ocrx_word' id='word_1_580' title='bbox 1350 4462 1365 4487; x_wconf 96' lang='lat'><strong>,</strong></span> <span class='ocrx_word' id='word_1_581' title='bbox 1405 4421 1520 4478; x_wconf 90' lang='lat' dir='ltr'><strong>solo</strong></span> <span class='ocrx_word' id='word_1_582' title='bbox 1563 4436 1858 4494; x_wconf 88' lang='lat' dir='ltr'><strong>congrega-</strong></span> 
     </span>
    </p>
   </div>
   <div class='ocr_carea' id='block_1_74' title="bbox 261 4512 1858 4580">
    <p class='ocr_par' dir='ltr' id='par_1_74' title="bbox 261 4512 1858 4580">
     <span class='ocr_line' id='line_1_75' title="bbox 261 4512 1858 4580; baseline 0.001 -14"><span class='ocrx_word' id='word_1_583' title='bbox 261 4512 430 4567; x_wconf 90' lang='lat' dir='ltr'><strong>tionis</strong></span> <span class='ocrx_word' id='word_1_584' title='bbox 461 4513 764 4568; x_wconf 86' lang='lat' dir='ltr'><strong>delectatur</strong></span> <span class='ocrx_word' id='word_1_585' title='bbox 795 4515 1048 4580; x_wconf 89' lang='lat' dir='ltr'><strong>discidio,</strong></span> <span class='ocrx_word' id='word_1_586' title='bbox 1083 4522 1137 4569; x_wconf 85' lang='lat' dir='ltr'><strong>et</strong></span> <span class='ocrx_word' id='word_1_587' title='bbox 1167 4513 1552 4570; x_wconf 83' lang='lat' dir='ltr'><strong>schismaticus</strong></span> <span class='ocrx_word' id='word_1_588' title='bbox 1579 4523 1662 4569; x_wconf 90' lang='lat' dir='ltr'><strong>est</strong></span> <span class='ocrx_word' id='word_1_589' title='bbox 1683 4555 1697 4580; x_wconf 95' lang='lat'><strong>,</strong></span> <span class='ocrx_word' id='word_1_590' title='bbox 1730 4513 1858 4570; x_wconf 88' lang='lat' dir='ltr'><strong>licet</strong></span> 
     </span>
    </p>
   </div>
   <div class='ocr_carea' id='block_1_75' title="bbox 1954 3310 3538 3384">
    <p class='ocr_par' dir='ltr' id='par_1_75' title="bbox 1954 3310 3538 3384">
     <span class='ocr_line' id='line_1_76' title="bbox 1954 3310 3538 3384; baseline 0.001 -22"><span class='ocrx_word' id='word_1_591' title='bbox 1954 3310 2090 3364; x_wconf 90' lang='lat' dir='ltr'><strong>inter</strong></span> <span class='ocrx_word' id='word_1_592' title='bbox 2118 3325 2204 3364; x_wconf 89' lang='lat' dir='ltr'><strong>vos</strong></span> <span class='ocrx_word' id='word_1_593' title='bbox 2232 3311 2440 3379; x_wconf 85' lang='lat' dir='ltr'><strong>sapiens</strong></span> <span class='ocrx_word' id='word_1_594' title='bbox 2465 3328 2575 3367; x_wconf 88' lang='lat' dir='ltr'><strong>esse</strong></span> <span class='ocrx_word' id='word_1_595' title='bbox 2592 3352 2607 3378; x_wconf 93' lang='lat'><strong>,</strong></span> <span class='ocrx_word' id='word_1_596' title='bbox 2639 3312 2832 3368; x_wconf 87' lang='lat' dir='ltr'><strong>stultus</strong></span> <span class='ocrx_word' id='word_1_597' title='bbox 2861 3313 2955 3382; x_wconf 82' lang='lat' dir='ltr'><strong>ﬁat</strong></span> <span class='ocrx_word' id='word_1_598' title='bbox 2983 3322 3039 3368; x_wconf 90' lang='lat' dir='ltr'><strong>ut</strong></span> <span class='ocrx_word' id='word_1_599' title='bbox 3064 3315 3133 3368; x_wconf 86' lang='lat' dir='ltr'><strong>sit</strong></span> <span class='ocrx_word' id='word_1_600' title='bbox 3157 3313 3390 3384; x_wconf 88' lang='lat' dir='ltr'><strong>sapiens,</strong></span> <span class='ocrx_word' id='word_1_601' title='bbox 3413 3311 3538 3382; x_wconf 87' lang='lat' dir='ltr'><strong>quia</strong></span> 
     </span>
    </p>
   </div>
   <div class='ocr_carea' id='block_1_76' title="bbox 1955 3401 3538 3478">
    <p class='ocr_par' dir='ltr' id='par_1_76' title="bbox 1955 3401 3538 3478">
     <span class='ocr_line' id='line_1_77' title="bbox 1955 3401 3538 3478; baseline 0.003 -24"><span class='ocrx_word' id='word_1_602' title='bbox 1955 3401 2213 3472; x_wconf 86' lang='lat' dir='ltr'><strong>sapientia</strong></span> <span class='ocrx_word' id='word_1_603' title='bbox 2245 3402 2405 3474; x_wconf 83' lang='lat' dir='ltr'><strong>hujus</strong></span> <span class='ocrx_word' id='word_1_604' title='bbox 2435 3403 2620 3458; x_wconf 84' lang='lat' dir='ltr'><strong>mundi</strong></span> <span class='ocrx_word' id='word_1_605' title='bbox 2650 3404 2865 3460; x_wconf 90' lang='lat' dir='ltr'><strong>inimica</strong></span> <span class='ocrx_word' id='word_1_606' title='bbox 2892 3415 2968 3460; x_wconf 88' lang='lat' dir='ltr'><strong>est</strong></span> <span class='ocrx_word' id='word_1_607' title='bbox 2997 3403 3106 3460; x_wconf 87' lang='lat' dir='ltr'><strong>Deo</strong></span> <span class='ocrx_word' id='word_1_608' title='bbox 3139 3405 3158 3478; x_wconf 87' lang='lat'>(</span> <span class='ocrx_word' id='word_1_609' title='bbox 3177 3403 3208 3459; x_wconf 93' lang='grc' dir='ltr'><strong><em>Ι</em></strong></span> <span class='ocrx_word' id='word_1_610' title='bbox 3225 3403 3361 3460; x_wconf 86' lang='lat' dir='ltr'><strong>.Cor.</strong></span> <span class='ocrx_word' id='word_1_611' title='bbox 3394 3417 3453 3458; x_wconf 94' lang='grc' dir='ltr'><strong>ιιι</strong></span> <span class='ocrx_word' id='word_1_612' title='bbox 3479 3403 3496 3473; x_wconf 90' lang='grc'><strong>)</strong></span> <span class='ocrx_word' id='word_1_613' title='bbox 3521 3418 3538 3468; x_wconf 87' lang='grc'>;</span> 
     </span>
    </p>
   </div>
   <div class='ocr_carea' id='block_1_77' title="bbox 1956 3496 3542 3570">
    <p class='ocr_par' dir='ltr' id='par_1_77' title="bbox 1956 3496 3542 3570">
     <span class='ocr_line' id='line_1_78' title="bbox 1956 3496 3542 3570; baseline 0 -18"><span class='ocrx_word' id='word_1_614' title='bbox 1956 3508 2011 3552; x_wconf 87' lang='lat' dir='ltr'><strong>et</strong></span> <span class='ocrx_word' id='word_1_615' title='bbox 2038 3514 2135 3570; x_wconf 87' lang='lat' dir='ltr'><strong>per</strong></span> <span class='ocrx_word' id='word_1_616' title='bbox 2161 3496 2425 3555; x_wconf 87' lang='lat' dir='ltr'><strong>Jacobum</strong></span> <span class='ocrx_word' id='word_1_617' title='bbox 2456 3500 2762 3570; x_wconf 84' lang='lat' dir='ltr'><strong>apostolum</strong></span> <span class='ocrx_word' id='word_1_618' title='bbox 2797 3509 3107 3557; x_wconf 87' lang='lat' dir='ltr'><strong>monstrat:</strong></span> <span class='ocrx_word' id='word_1_619' title='bbox 3140 3499 3281 3566; x_wconf 84' lang='lat' dir='ltr'><strong>Quia</strong></span> <span class='ocrx_word' id='word_1_620' title='bbox 3315 3497 3542 3570; x_wconf 86' lang='lat' dir='ltr'><strong>superba</strong></span> 
     </span>
    </p>
   </div>
   <div class='ocr_carea' id='block_1_78' title="bbox 1955 3589 3544 3661">
    <p class='ocr_par' dir='ltr' id='par_1_78' title="bbox 1955 3589 3544 3661">
     <span class='ocr_line' id='line_1_79' title="bbox 1955 3589 3544 3661; baseline 0 -19"><span class='ocrx_word' id='word_1_621' title='bbox 1955 3599 2003 3642; x_wconf 88' lang='lat' dir='ltr'><strong>et</strong></span> <span class='ocrx_word' id='word_1_622' title='bbox 2030 3591 2353 3645; x_wconf 82' lang='lat' dir='ltr'><strong>contentiosa</strong></span> <span class='ocrx_word' id='word_1_623' title='bbox 2382 3592 2640 3661; x_wconf 88' lang='lat' dir='ltr'><strong>sapientia</strong></span> <span class='ocrx_word' id='word_1_624' title='bbox 2671 3602 2908 3656; x_wconf 87' lang='lat' dir='ltr'><strong>terrena,</strong></span> <span class='ocrx_word' id='word_1_625' title='bbox 2949 3589 3197 3646; x_wconf 86' lang='lat' dir='ltr'><strong>animalis</strong></span> <span class='ocrx_word' id='word_1_626' title='bbox 3226 3601 3301 3645; x_wconf 88' lang='lat' dir='ltr'><strong>est</strong></span> <span class='ocrx_word' id='word_1_627' title='bbox 3339 3599 3389 3644; x_wconf 89' lang='lat' dir='ltr'><strong>et</strong></span> <span class='ocrx_word' id='word_1_628' title='bbox 3422 3589 3544 3643; x_wconf 86' lang='lat' dir='ltr'><strong>dia-</strong></span> 
     </span>
    </p>
   </div>
   <div class='ocr_carea' id='block_1_79' title="bbox 1955 3681 3546 3754">
    <p class='ocr_par' dir='ltr' id='par_1_79' title="bbox 1955 3681 3546 3754">
     <span class='ocr_line' id='line_1_80' title="bbox 1955 3681 3546 3754; baseline -0.001 -20"><span class='ocrx_word' id='word_1_629' title='bbox 1955 3682 2122 3736; x_wconf 78' lang='lat' dir='ltr'><strong>bolica</strong></span> <span class='ocrx_word' id='word_1_630' title='bbox 2149 3698 2166 3736; x_wconf 87' lang='lat'><strong>:</strong></span> <span class='ocrx_word' id='word_1_631' title='bbox 2193 3684 2452 3751; x_wconf 84' lang='lat' dir='ltr'><strong>sapientia</strong></span> <span class='ocrx_word' id='word_1_632' title='bbox 2478 3693 2652 3738; x_wconf 83' lang='lat' dir='ltr'><strong>autem</strong></span> <span class='ocrx_word' id='word_1_633' title='bbox 2697 3700 2814 3754; x_wconf 74' lang='lat' dir='ltr'><strong>qua:</strong></span> <span class='ocrx_word' id='word_1_634' title='bbox 2857 3683 3136 3738; x_wconf 86' lang='lat' dir='ltr'><strong>desursum</strong></span> <span class='ocrx_word' id='word_1_635' title='bbox 3171 3691 3280 3747; x_wconf 88' lang='lat' dir='ltr'><strong>est,</strong></span> <span class='ocrx_word' id='word_1_636' title='bbox 3318 3681 3546 3751; x_wconf 88' lang='lat' dir='ltr'><strong>primum</strong></span> 
     </span>
    </p>
   </div>
   <div class='ocr_carea' id='block_1_80' title="bbox 1957 3769 3543 3844">
    <p class='ocr_par' dir='ltr' id='par_1_80' title="bbox 1957 3769 3543 3844">
     <span class='ocr_line' id='line_1_81' title="bbox 1957 3769 3543 3844; baseline -0.003 -18"><span class='ocrx_word' id='word_1_637' title='bbox 1957 3774 2166 3843; x_wconf 85' lang='lat' dir='ltr'><strong>quidem</strong></span> <span class='ocrx_word' id='word_1_638' title='bbox 2191 3774 2383 3842; x_wconf 87' lang='lat' dir='ltr'><strong>pudica</strong></span> <span class='ocrx_word' id='word_1_639' title='bbox 2412 3782 2487 3827; x_wconf 90' lang='lat' dir='ltr'><strong>est</strong></span> <span class='ocrx_word' id='word_1_640' title='bbox 2506 3815 2520 3837; x_wconf 91' lang='lat'><strong>,</strong></span> <span class='ocrx_word' id='word_1_641' title='bbox 2549 3774 2739 3827; x_wconf 87' lang='lat' dir='ltr'><strong>deinde</strong></span> <span class='ocrx_word' id='word_1_642' title='bbox 2765 3773 2986 3844; x_wconf 78' lang='lat' dir='ltr'><strong>paciﬁca</strong></span> <span class='ocrx_word' id='word_1_643' title='bbox 3003 3813 3020 3838; x_wconf 88' lang='lat'><strong>,</strong></span> <span class='ocrx_word' id='word_1_644' title='bbox 3046 3771 3282 3827; x_wconf 85' lang='lat' dir='ltr'><strong>modesta</strong></span> <span class='ocrx_word' id='word_1_645' title='bbox 3302 3811 3319 3838; x_wconf 90' lang='lat'><strong>,</strong></span> <span class='ocrx_word' id='word_1_646' title='bbox 3359 3769 3543 3824; x_wconf 83' lang='lat' dir='ltr'><strong>suadi-</strong></span> 
     </span>
    </p>
   </div>
   <div class='ocr_carea' id='block_1_81' title="bbox 1958 3859 3548 3936">
    <p class='ocr_par' dir='ltr' id='par_1_81' title="bbox 1958 3859 3548 3936">
     <span class='ocr_line' id='line_1_82' title="bbox 1958 3859 3548 3936; baseline -0.001 -18"><span class='ocrx_word' id='word_1_647' title='bbox 1958 3863 2108 3930; x_wconf 89' lang='lat' dir='ltr'><strong>bilis,</strong></span> <span class='ocrx_word' id='word_1_648' title='bbox 2158 3865 2305 3920; x_wconf 88' lang='lat' dir='ltr'><strong>bonis</strong></span> <span class='ocrx_word' id='word_1_649' title='bbox 2353 3866 2679 3921; x_wconf 85' lang='lat' dir='ltr'><strong>consentiens</strong></span> <span class='ocrx_word' id='word_1_650' title='bbox 2709 3863 2872 3935; x_wconf 80' lang='lat' dir='ltr'><strong>(Iac.</strong></span> <span class='ocrx_word' id='word_1_651' title='bbox 2905 3863 3027 3936; x_wconf 92' lang='grc' dir='ltr'>ιιι).</span> <span class='ocrx_word' id='word_1_652' title='bbox 3076 3862 3314 3918; x_wconf 90' lang='lat' dir='ltr'><strong>Scientia</strong></span> <span class='ocrx_word' id='word_1_653' title='bbox 3341 3859 3548 3916; x_wconf 87' lang='lat' dir='ltr'><strong>etenim</strong></span> 
     </span>
    </p>
   </div>
   <div class='ocr_carea' id='block_1_82' title="bbox 1957 3951 3546 4024">
    <p class='ocr_par' dir='ltr' id='par_1_82' title="bbox 1957 3951 3546 4024">
     <span class='ocr_line' id='line_1_83' title="bbox 1957 3951 3546 4024; baseline -0.003 -12"><span class='ocrx_word' id='word_1_654' title='bbox 1957 3959 2130 4014; x_wconf 91' lang='lat' dir='ltr'><strong>virtus</strong></span> <span class='ocrx_word' id='word_1_655' title='bbox 2155 3967 2262 4024; x_wconf 89' lang='lat' dir='ltr'><strong>est,</strong></span> <span class='ocrx_word' id='word_1_656' title='bbox 2283 3959 2563 4014; x_wconf 87' lang='lat' dir='ltr'><strong>humilitas</strong></span> <span class='ocrx_word' id='word_1_657' title='bbox 2582 3967 2765 4014; x_wconf 90' lang='lat' dir='ltr'><strong>custos</strong></span> <span class='ocrx_word' id='word_1_658' title='bbox 2786 3957 3026 4023; x_wconf 89' lang='lat' dir='ltr'><strong>virtutis,</strong></span> <span class='ocrx_word' id='word_1_659' title='bbox 3049 3963 3106 4012; x_wconf 88' lang='lat' dir='ltr'><strong>et</strong></span> <span class='ocrx_word' id='word_1_660' title='bbox 3123 3954 3372 4011; x_wconf 89' lang='lat' dir='ltr'><strong>miranda</strong></span> <span class='ocrx_word' id='word_1_661' title='bbox 3399 3951 3546 4008; x_wconf 89' lang='lat' dir='ltr'><strong>actio</strong></span> 
     </span>
    </p>
   </div>
   <div class='ocr_carea' id='block_1_83' title="bbox 1958 4043 3549 4121">
    <p class='ocr_par' dir='ltr' id='par_1_83' title="bbox 1958 4043 3549 4121">
     <span class='ocr_line' id='line_1_84' title="bbox 1958 4043 3549 4121; baseline -0.003 -15"><span class='ocrx_word' id='word_1_662' title='bbox 1958 4067 2080 4106; x_wconf 91' lang='lat' dir='ltr'><strong>cum</strong></span> <span class='ocrx_word' id='word_1_663' title='bbox 2113 4051 2347 4106; x_wconf 89' lang='lat' dir='ltr'><strong>elatione</strong></span> <span class='ocrx_word' id='word_1_664' title='bbox 2376 4067 2482 4106; x_wconf 91' lang='lat' dir='ltr'><strong>non</strong></span> <span class='ocrx_word' id='word_1_665' title='bbox 2514 4051 2726 4117; x_wconf 87' lang='lat' dir='ltr'><strong>elevat,</strong></span> <span class='ocrx_word' id='word_1_666' title='bbox 2758 4054 2854 4105; x_wconf 88' lang='lat' dir='ltr'><strong>sed</strong></span> <span class='ocrx_word' id='word_1_667' title='bbox 2880 4059 3093 4121; x_wconf 88' lang='lat' dir='ltr'><strong>gravat.</strong></span> <span class='ocrx_word' id='word_1_668' title='bbox 3125 4046 3228 4115; x_wconf 85' lang='lat' dir='ltr'><strong>Qui</strong></span> <span class='ocrx_word' id='word_1_669' title='bbox 3255 4047 3401 4103; x_wconf 90' lang='lat' dir='ltr'><strong>enim</strong></span> <span class='ocrx_word' id='word_1_670' title='bbox 3427 4043 3549 4102; x_wconf 84' lang='lat' dir='ltr'><strong>sine</strong></span> 
     </span>
    </p>
   </div>
   <div class='ocr_carea' id='block_1_84' title="bbox 1957 4140 3548 4216">
    <p class='ocr_par' dir='ltr' id='par_1_84' title="bbox 1957 4140 3548 4216">
     <span class='ocr_line' id='line_1_85' title="bbox 1957 4140 3548 4216; baseline -0.003 -16"><span class='ocrx_word' id='word_1_671' title='bbox 1957 4144 2268 4200; x_wconf 87' lang='lat' dir='ltr'><strong>humilitate</strong></span> <span class='ocrx_word' id='word_1_672' title='bbox 2301 4145 2533 4201; x_wconf 86' lang='lat' dir='ltr'><strong>virtutes</strong></span> <span class='ocrx_word' id='word_1_673' title='bbox 2562 4152 2888 4216; x_wconf 63' lang='lat' dir='ltr'><strong>congregat,</strong></span> <span class='ocrx_word' id='word_1_674' title='bbox 2917 4144 2973 4200; x_wconf 91' lang='lat' dir='ltr'><strong>in</strong></span> <span class='ocrx_word' id='word_1_675' title='bbox 3001 4150 3224 4198; x_wconf 90' lang='lat' dir='ltr'><strong>ventum</strong></span> <span class='ocrx_word' id='word_1_676' title='bbox 3267 4140 3548 4212; x_wconf 87' lang='lat' dir='ltr'><strong>pulverem</strong></span> 
     </span>
    </p>
   </div>
   <div class='ocr_carea' id='block_1_85' title="bbox 1957 4233 3548 4307">
    <p class='ocr_par' dir='ltr' id='par_1_85' title="bbox 1957 4233 3548 4307">
     <span class='ocr_line' id='line_1_86' title="bbox 1957 4233 3548 4307; baseline -0.003 -15"><span class='ocrx_word' id='word_1_677' title='bbox 1957 4245 2173 4307; x_wconf 89' lang='lat' dir='ltr'><strong>portat,</strong></span> <span class='ocrx_word' id='word_1_678' title='bbox 2203 4247 2258 4291; x_wconf 91' lang='lat' dir='ltr'><strong>et</strong></span> <span class='ocrx_word' id='word_1_679' title='bbox 2287 4236 2430 4292; x_wconf 90' lang='lat' dir='ltr'><strong>unde</strong></span> <span class='ocrx_word' id='word_1_680' title='bbox 2456 4235 2663 4306; x_wconf 89' lang='lat' dir='ltr'><strong>aliquid</strong></span> <span class='ocrx_word' id='word_1_681' title='bbox 2693 4236 2834 4290; x_wconf 84' lang='lat' dir='ltr'><strong>ferre</strong></span> <span class='ocrx_word' id='word_1_682' title='bbox 2862 4235 3122 4300; x_wconf 85' lang='lat' dir='ltr'><strong>cernitur,</strong></span> <span class='ocrx_word' id='word_1_683' title='bbox 3155 4234 3280 4290; x_wconf 85' lang='lat' dir='ltr'><strong>inde</strong></span> <span class='ocrx_word' id='word_1_684' title='bbox 3308 4233 3548 4289; x_wconf 84' lang='lat' dir='ltr'><strong>deterius</strong></span> 
     </span>
    </p>
   </div>
   <div class='ocr_carea' id='block_1_86' title="bbox 1959 4323 3547 4399">
    <p class='ocr_par' dir='ltr' id='par_1_86' title="bbox 1959 4323 3547 4399">
     <span class='ocr_line' id='line_1_87' title="bbox 1959 4323 3547 4399; baseline -0.004 -14"><span class='ocrx_word' id='word_1_685' title='bbox 1959 4337 2214 4385; x_wconf 65' lang='lat' dir='ltr'><strong>caecatur.</strong></span> <span class='ocrx_word' id='word_1_686' title='bbox 2257 4327 2395 4384; x_wconf 82' lang='lat' dir='ltr'><strong>Hinc</strong></span> <span class='ocrx_word' id='word_1_687' title='bbox 2433 4329 2598 4385; x_wconf 88' lang='lat' dir='ltr'><strong>etiam</strong></span> <span class='ocrx_word' id='word_1_688' title='bbox 2629 4328 2892 4399; x_wconf 72' lang='lat' dir='ltr'><strong>scriptum</strong></span> <span class='ocrx_word' id='word_1_689' title='bbox 2919 4335 3045 4383; x_wconf 85' lang='lat' dir='ltr'><strong>est:</strong></span> <span class='ocrx_word' id='word_1_690' title='bbox 3082 4327 3186 4393; x_wconf 82' lang='lat' dir='ltr'><strong>Qui</strong></span> <span class='ocrx_word' id='word_1_691' title='bbox 3212 4323 3547 4394; x_wconf 72' lang='lat' dir='ltr'><strong>emittitfon-</strong></span> 
     </span>
    </p>
   </div>
   <div class='ocr_carea' id='block_1_87' title="bbox 1960 4416 3554 4490">
    <p class='ocr_par' dir='ltr' id='par_1_87' title="bbox 1960 4416 3554 4490">
     <span class='ocr_line' id='line_1_88' title="bbox 1960 4416 3554 4490; baseline -0.003 -14"><span class='ocrx_word' id='word_1_692' title='bbox 1960 4430 2036 4476; x_wconf 85' lang='lat' dir='ltr'><strong>tes</strong></span> <span class='ocrx_word' id='word_1_693' title='bbox 2063 4423 2119 4474; x_wconf 89' lang='lat' dir='ltr'><strong>in</strong></span> <span class='ocrx_word' id='word_1_694' title='bbox 2149 4420 2475 4476; x_wconf 84' lang='lat' dir='ltr'><strong>convallibus</strong></span> <span class='ocrx_word' id='word_1_695' title='bbox 2505 4418 2698 4490; x_wconf 86' lang='lat' dir='ltr'><strong>(Psal.</strong></span> <span class='ocrx_word' id='word_1_696' title='bbox 2729 4419 2910 4490; x_wconf 59' lang='lat' dir='ltr'><strong>cm);</strong></span> <span class='ocrx_word' id='word_1_697' title='bbox 2945 4427 3042 4474; x_wconf 85' lang='lat' dir='ltr'><strong>et.:</strong></span> <span class='ocrx_word' id='word_1_698' title='bbox 3078 4416 3352 4474; x_wconf 84' lang='lat' dir='ltr'><strong>Convalles</strong></span> <span class='ocrx_word' id='word_1_699' title='bbox 3380 4417 3554 4474; x_wconf 83' lang='lat' dir='ltr'><strong>abun-</strong></span> 
     </span>
    </p>
   </div>
   <div class='ocr_carea' id='block_1_88' title="bbox 1962 4510 3550 4585">
    <p class='ocr_par' dir='ltr' id='par_1_88' title="bbox 1962 4510 3550 4585">
     <span class='ocr_line' id='line_1_89' title="bbox 1962 4510 3550 4585; baseline -0.003 -19"><span class='ocrx_word' id='word_1_700' title='bbox 1962 4512 2163 4568; x_wconf 89' lang='lat' dir='ltr'><strong>dabunt</strong></span> <span class='ocrx_word' id='word_1_701' title='bbox 2195 4512 2459 4582; x_wconf 80' lang='lat' dir='ltr'><strong>frumento</strong></span> <span class='ocrx_word' id='word_1_702' title='bbox 2490 4511 2682 4585; x_wconf 87' lang='lat' dir='ltr'><strong>(Psal.</strong></span> <span class='ocrx_word' id='word_1_703' title='bbox 2715 4527 2840 4566; x_wconf 79' lang='lat' dir='ltr'><strong>LXIV</strong></span> <span class='ocrx_word' id='word_1_704' title='bbox 2865 4510 2903 4581; x_wconf 94' lang='lat'><strong>).</strong></span> <span class='ocrx_word' id='word_1_705' title='bbox 2934 4510 2983 4566; x_wconf 85' lang='lat' dir='ltr'><strong>A</strong></span> <span class='ocrx_word' id='word_1_706' title='bbox 3011 4510 3288 4570; x_wconf 87' lang='lat' dir='ltr'><strong>montibus</strong></span> <span class='ocrx_word' id='word_1_707' title='bbox 3313 4522 3550 4580; x_wconf 88' lang='lat' dir='ltr'><strong>namque</strong></span> 
     </span>
    </p>
   </div>
   <div class='ocr_carea' id='block_1_89' title="bbox 266 4601 3548 4688">
    <p class='ocr_par' dir='ltr' id='par_1_89' title="bbox 266 4601 3548 4688">
     <span class='ocr_line' id='line_1_90' title="bbox 266 4601 3548 4688; baseline -0.001 -29"><span class='ocrx_word' id='word_1_708' title='bbox 266 4605 350 4659; x_wconf 86' lang='lat' dir='ltr'><strong>sic</strong></span> <span class='ocrx_word' id='word_1_709' title='bbox 379 4605 567 4660; x_wconf 86' lang='lat' dir='ltr'><strong>credat</strong></span> <span class='ocrx_word' id='word_1_710' title='bbox 596 4614 656 4660; x_wconf 93' lang='lat' dir='ltr'><strong>ut</strong></span> <span class='ocrx_word' id='word_1_711' title='bbox 677 4606 944 4660; x_wconf 89' lang='lat' dir='ltr'><strong>catholica</strong></span> <span class='ocrx_word' id='word_1_712' title='bbox 977 4607 1151 4661; x_wconf 89' lang='lat' dir='ltr'><strong>credit</strong></span> <span class='ocrx_word' id='word_1_713' title='bbox 1175 4605 1418 4662; x_wconf 85' lang='lat' dir='ltr'><strong>Ecclesia</strong></span> <span class='ocrx_word' id='word_1_714' title='bbox 1441 4647 1456 4672; x_wconf 94' lang='lat'><strong>,</strong></span> <span class='ocrx_word' id='word_1_715' title='bbox 1484 4608 1528 4662; x_wconf 88' lang='lat' dir='ltr'><strong>si</strong></span> <span class='ocrx_word' id='word_1_716' title='bbox 1556 4607 1608 4661; x_wconf 90' lang='lat' dir='ltr'><strong>in</strong></span> <span class='ocrx_word' id='word_1_717' title='bbox 1635 4607 1859 4676; x_wconf 88' lang='lat' dir='ltr'><strong>dogma-</strong></span> <span class='ocrx_word' id='word_1_718' title='bbox 1884 4628 1938 4688; x_wconf 78' lang='lat' dir='ltr'><strong><em>D</em></strong></span> <span class='ocrx_word' id='word_1_719' title='bbox 1965 4620 2104 4676; x_wconf 89' lang='lat' dir='ltr'><strong>aqua</strong></span> <span class='ocrx_word' id='word_1_720' title='bbox 2157 4604 2437 4671; x_wconf 87' lang='lat' dir='ltr'><strong>dilabitur,</strong></span> <span class='ocrx_word' id='word_1_721' title='bbox 2485 4605 2610 4675; x_wconf 89' lang='lat' dir='ltr'><strong>quia</strong></span> <span class='ocrx_word' id='word_1_722' title='bbox 2655 4602 2917 4674; x_wconf 88' lang='lat' dir='ltr'><strong>superbas</strong></span> <span class='ocrx_word' id='word_1_723' title='bbox 2958 4611 3169 4668; x_wconf 77' lang='lat' dir='ltr'><strong>mentes</strong></span> <span class='ocrx_word' id='word_1_724' title='bbox 3207 4603 3409 4660; x_wconf 85' lang='lat' dir='ltr'><strong>veritas</strong></span> <span class='ocrx_word' id='word_1_725' title='bbox 3448 4601 3548 4657; x_wconf 85' lang='lat' dir='ltr'><strong>do-</strong></span> 
     </span>
    </p>
   </div>
   <div class='ocr_carea' id='block_1_90' title="bbox 264 4699 1869 4767">
    <p class='ocr_par' dir='ltr' id='par_1_90' title="bbox 264 4699 1869 4767">
     <span class='ocr_line' id='line_1_91' title="bbox 264 4699 1869 4767; baseline 0.001 -11"><span class='ocrx_word' id='word_1_726' title='bbox 264 4700 415 4756; x_wconf 88' lang='lat' dir='ltr'><strong>tibus</strong></span> <span class='ocrx_word' id='word_1_727' title='bbox 445 4700 836 4758; x_wconf 87' lang='lat' dir='ltr'><strong>ecclesiasticis</strong></span> <span class='ocrx_word' id='word_1_728' title='bbox 865 4701 934 4756; x_wconf 89' lang='lat' dir='ltr'><strong>ab</strong></span> <span class='ocrx_word' id='word_1_729' title='bbox 964 4701 1205 4758; x_wconf 85' lang='lat' dir='ltr'><strong>Ecclesia</strong></span> <span class='ocrx_word' id='word_1_730' title='bbox 1235 4717 1295 4756; x_wconf 87' lang='lat' dir='ltr'><strong>se</strong></span> <span class='ocrx_word' id='word_1_731' title='bbox 1321 4701 1521 4758; x_wconf 85' lang='lat' dir='ltr'><strong>scindit</strong></span> <span class='ocrx_word' id='word_1_732' title='bbox 1550 4699 1814 4756; x_wconf 88' lang='lat' dir='ltr'><strong>catholica</strong></span> <span class='ocrx_word' id='word_1_733' title='bbox 1831 4729 1869 4767; x_wconf 63' lang='grc' dir='ltr'><strong>ς,</strong></span> 
     </span>
    </p>
   </div>
   <div class='ocr_carea' id='block_1_91' title="bbox 261 4793 1888 4864">
    <p class='ocr_par' dir='ltr' id='par_1_91' title="bbox 261 4793 1888 4864">
     <span class='ocr_line' id='line_1_92' title="bbox 261 4793 1888 4864; baseline -0.001 -15"><span class='ocrx_word' id='word_1_734' title='bbox 261 4793 355 4849; x_wconf 88' lang='lat' dir='ltr'><strong>cui</strong></span> <span class='ocrx_word' id='word_1_735' title='bbox 401 4794 650 4864; x_wconf 89' lang='lat' dir='ltr'><strong>quisquis</strong></span> <span class='ocrx_word' id='word_1_736' title='bbox 696 4795 1027 4861; x_wconf 81' lang='lat' dir='ltr'><strong>assenserit,</strong></span> <span class='ocrx_word' id='word_1_737' title='bbox 1078 4794 1463 4852; x_wconf 86' lang='lat' dir='ltr'><strong>schismaticus</strong></span> <span class='ocrx_word' id='word_1_738' title='bbox 1505 4809 1629 4849; x_wconf 88' lang='lat' dir='ltr'><strong>esse</strong></span> <span class='ocrx_word' id='word_1_739' title='bbox 1669 4793 1888 4863; x_wconf 45' lang='lat' dir='ltr'><strong>negari&#39;</strong></span> 
     </span>
    </p>
   </div>
   <div class='ocr_carea' id='block_1_92' title="bbox 262 4887 1855 4958">
    <p class='ocr_par' dir='ltr' id='par_1_92' title="bbox 262 4887 1855 4958">
     <span class='ocr_line' id='line_1_93' title="bbox 262 4887 1855 4958; baseline -0.001 -16"><span class='ocrx_word' id='word_1_740' title='bbox 262 4902 376 4943; x_wconf 90' lang='lat' dir='ltr'><strong>non</strong></span> <span class='ocrx_word' id='word_1_741' title='bbox 406 4887 647 4956; x_wconf 82' lang='lat' dir='ltr'><strong>poterit:</strong></span> <span class='ocrx_word' id='word_1_742' title='bbox 689 4889 834 4958; x_wconf 90' lang='lat' dir='ltr'><strong>quod</strong></span> <span class='ocrx_word' id='word_1_743' title='bbox 879 4897 934 4944; x_wconf 91' lang='lat' dir='ltr'><strong>et</strong></span> <span class='ocrx_word' id='word_1_744' title='bbox 981 4889 1026 4944; x_wconf 88' lang='lat' dir='ltr'><strong>si</strong></span> <span class='ocrx_word' id='word_1_745' title='bbox 1069 4904 1263 4944; x_wconf 89' lang='lat' dir='ltr'><strong>omnes</strong></span> <span class='ocrx_word' id='word_1_746' title='bbox 1285 4887 1595 4944; x_wconf 87' lang='lat' dir='ltr'><strong>sacerdotes</strong></span> <span class='ocrx_word' id='word_1_747' title='bbox 1619 4897 1676 4944; x_wconf 90' lang='lat' dir='ltr'><strong>et</strong></span> <span class='ocrx_word' id='word_1_748' title='bbox 1703 4904 1855 4942; x_wconf 91' lang='lat' dir='ltr'><strong>mun-</strong></span> 
     </span>
    </p>
   </div>
   <div class='ocr_carea' id='block_1_93' title="bbox 266 4977 1856 5046">
    <p class='ocr_par' dir='ltr' id='par_1_93' title="bbox 266 4977 1856 5046">
     <span class='ocr_line' id='line_1_94' title="bbox 266 4977 1856 5046; baseline 0.001 -13"><span class='ocrx_word' id='word_1_749' title='bbox 266 4977 377 5033; x_wconf 88' lang='lat' dir='ltr'><strong>dus</strong></span> <span class='ocrx_word' id='word_1_750' title='bbox 401 4978 698 5046; x_wconf 85' lang='lat' dir='ltr'><strong>assentiat,</strong></span> <span class='ocrx_word' id='word_1_751' title='bbox 729 4979 1006 5036; x_wconf 89' lang='lat' dir='ltr'><strong>damnatio</strong></span> <span class='ocrx_word' id='word_1_752' title='bbox 1037 4982 1439 5038; x_wconf 86' lang='lat' dir='ltr'><strong>consentientes</strong></span> <span class='ocrx_word' id='word_1_753' title='bbox 1470 4979 1722 5045; x_wconf 87' lang='lat' dir='ltr'><strong>involvit,</strong></span> <span class='ocrx_word' id='word_1_754' title='bbox 1749 4994 1856 5034; x_wconf 90' lang='lat' dir='ltr'><strong>non</strong></span> 
     </span>
    </p>
   </div>
   <div class='ocr_carea' id='block_1_94' title="bbox 264 5070 1856 5143">
    <p class='ocr_par' dir='ltr' id='par_1_94' title="bbox 264 5070 1856 5143">
     <span class='ocr_line' id='line_1_95' title="bbox 264 5070 1856 5143; baseline -0.001 -18"><span class='ocrx_word' id='word_1_755' title='bbox 264 5071 776 5143; x_wconf 62' lang='lat' dir='ltr'><strong>praevaricationem</strong></span> <span class='ocrx_word' id='word_1_756' title='bbox 805 5086 1106 5128; x_wconf 89' lang='lat' dir='ltr'><strong>consensus</strong></span> <span class='ocrx_word' id='word_1_757' title='bbox 1137 5071 1389 5126; x_wconf 87' lang='lat' dir='ltr'><strong>absolvit.</strong></span> <span class='ocrx_word' id='word_1_758' title='bbox 1423 5071 1540 5126; x_wconf 87' lang='lat' dir='ltr'><strong>Non</strong></span> <span class='ocrx_word' id='word_1_759' title='bbox 1575 5071 1722 5126; x_wconf 89' lang='lat' dir='ltr'><strong>enim</strong></span> <span class='ocrx_word' id='word_1_760' title='bbox 1751 5070 1856 5126; x_wconf 90' lang='lat' dir='ltr'><strong>cri-</strong></span> 
     </span>
    </p>
   </div>
   <div class='ocr_carea' id='block_1_95' title="bbox 267 5160 1860 5234">
    <p class='ocr_par' dir='ltr' id='par_1_95' title="bbox 267 5160 1860 5234">
     <span class='ocr_line' id='line_1_96' title="bbox 267 5160 1860 5234; baseline -0.001 -18"><span class='ocrx_word' id='word_1_761' title='bbox 267 5176 398 5216; x_wconf 89' lang='lat' dir='ltr'><strong>men</strong></span> <span class='ocrx_word' id='word_1_762' title='bbox 445 5163 727 5228; x_wconf 90' lang='lat' dir='ltr'><strong>minuitur,</strong></span> <span class='ocrx_word' id='word_1_763' title='bbox 781 5163 876 5218; x_wconf 83' lang='lat' dir='ltr'><strong>sed</strong></span> <span class='ocrx_word' id='word_1_764' title='bbox 913 5162 1210 5228; x_wconf 86' lang='lat' dir='ltr'><strong>accrescit,</strong></span> <span class='ocrx_word' id='word_1_765' title='bbox 1258 5177 1382 5218; x_wconf 90' lang='lat' dir='ltr'><strong>cum</strong></span> <span class='ocrx_word' id='word_1_766' title='bbox 1413 5161 1664 5234; x_wconf 84' lang='lat' dir='ltr'><strong>generale</strong></span> <span class='ocrx_word' id='word_1_767' title='bbox 1705 5160 1764 5216; x_wconf 88' lang='lat' dir='ltr'><strong>lit</strong></span> <span class='ocrx_word' id='word_1_768' title='bbox 1793 5177 1860 5216; x_wconf 81' lang='lat' dir='ltr'><strong>ex</strong></span> 
     </span>
    </p>
   </div>
   <div class='ocr_carea' id='block_1_96' title="bbox 264 5253 1861 5332">
    <p class='ocr_par' dir='ltr' id='par_1_96' title="bbox 264 5253 1861 5332">
     <span class='ocr_line' id='line_1_97' title="bbox 264 5253 1861 5332; baseline -0.004 -18"><span class='ocrx_word' id='word_1_769' title='bbox 264 5258 508 5332; x_wconf 82' lang='lat' dir='ltr'><strong>privato.</strong></span> <span class='ocrx_word' id='word_1_770' title='bbox 560 5257 673 5314; x_wconf 82' lang='lat' dir='ltr'><strong>Hoc</strong></span> <span class='ocrx_word' id='word_1_771' title='bbox 716 5259 864 5314; x_wconf 85' lang='lat' dir='ltr'><strong>enim</strong></span> <span class='ocrx_word' id='word_1_772' title='bbox 915 5258 1060 5314; x_wconf 87' lang='lat' dir='ltr'><strong>Deus</strong></span> <span class='ocrx_word' id='word_1_773' title='bbox 1110 5259 1356 5313; x_wconf 84' lang='lat' dir='ltr'><strong>omnium</strong></span> <span class='ocrx_word' id='word_1_774' title='bbox 1412 5256 1710 5320; x_wconf 86' lang='lat' dir='ltr'><strong>indicavit,</strong></span> <span class='ocrx_word' id='word_1_775' title='bbox 1768 5253 1861 5324; x_wconf 91' lang='lat' dir='ltr'><strong>qui</strong></span> 
     </span>
    </p>
   </div>
   <div class='ocr_carea' id='block_1_97' title="bbox 271 5347 1858 5422">
    <p class='ocr_par' dir='ltr' id='par_1_97' title="bbox 271 5347 1858 5422">
     <span class='ocr_line' id='line_1_98' title="bbox 271 5347 1858 5422; baseline -0.004 -16"><span class='ocrx_word' id='word_1_776' title='bbox 271 5351 541 5406; x_wconf 86' lang='lat' dir='ltr'><strong>mundum</strong></span> <span class='ocrx_word' id='word_1_777' title='bbox 610 5357 931 5421; x_wconf 90' lang='lat' dir='ltr'><strong>peccantem</strong></span> <span class='ocrx_word' id='word_1_778' title='bbox 997 5347 1238 5422; x_wconf 88' lang='lat' dir='ltr'><strong>generali</strong></span> <span class='ocrx_word' id='word_1_779' title='bbox 1307 5348 1510 5404; x_wconf 88' lang='lat' dir='ltr'><strong>diluvio</strong></span> <span class='ocrx_word' id='word_1_780' title='bbox 1541 5347 1858 5404; x_wconf 77' lang='lat' dir='ltr'><strong>interemit.</strong></span> 
     </span>
    </p>
   </div>
   <div class='ocr_carea' id='block_1_98' title="bbox 269 5439 1860 5513">
    <p class='ocr_par' dir='ltr' id='par_1_98' title="bbox 269 5439 1860 5513">
     <span class='ocr_line' id='line_1_99' title="bbox 269 5439 1860 5513; baseline -0.001 -19"><span class='ocrx_word' id='word_1_781' title='bbox 269 5443 518 5510; x_wconf 83' lang='lat' dir='ltr'><strong>Quorum</strong></span> <span class='ocrx_word' id='word_1_782' title='bbox 571 5442 932 5513; x_wconf 87' lang='lat' dir='ltr'><strong>perditionem</strong></span> <span class='ocrx_word' id='word_1_783' title='bbox 984 5442 1264 5498; x_wconf 90' lang='lat' dir='ltr'><strong>evidenter</strong></span> <span class='ocrx_word' id='word_1_784' title='bbox 1313 5439 1583 5496; x_wconf 87' lang='lat' dir='ltr'><strong>catholica</strong></span> <span class='ocrx_word' id='word_1_785' title='bbox 1632 5439 1860 5495; x_wconf 83' lang='lat' dir='ltr'><strong>demon-</strong></span> 
     </span>
    </p>
   </div>
   <div class='ocr_carea' id='block_1_99' title="bbox 269 5530 1860 5605">
    <p class='ocr_par' dir='ltr' id='par_1_99' title="bbox 269 5530 1860 5605">
     <span class='ocr_line' id='line_1_100' title="bbox 269 5530 1860 5605; baseline -0.005 -14"><span class='ocrx_word' id='word_1_786' title='bbox 269 5541 419 5591; x_wconf 82' lang='lat' dir='ltr'><strong>strat</strong></span> <span class='ocrx_word' id='word_1_787' title='bbox 455 5532 695 5588; x_wconf 85' lang='lat' dir='ltr'><strong>Ecclesia</strong></span> <span class='ocrx_word' id='word_1_788' title='bbox 725 5573 742 5598; x_wconf 92' lang='lat'><strong>,</strong></span> <span class='ocrx_word' id='word_1_789' title='bbox 772 5537 894 5604; x_wconf 63' lang='lat' dir='ltr'><strong>quas</strong></span> <span class='ocrx_word' id='word_1_790' title='bbox 925 5545 985 5589; x_wconf 92' lang='lat' dir='ltr'><strong>ut</strong></span> <span class='ocrx_word' id='word_1_791' title='bbox 1011 5549 1112 5605; x_wconf 93' lang='lat' dir='ltr'><strong>pro</strong></span> <span class='ocrx_word' id='word_1_792' title='bbox 1162 5531 1434 5588; x_wconf 69' lang='lat' dir='ltr'><strong>haereticis</strong></span> <span class='ocrx_word' id='word_1_793' title='bbox 1457 5573 1471 5597; x_wconf 95' lang='lat'><strong>,</strong></span> <span class='ocrx_word' id='word_1_794' title='bbox 1514 5531 1586 5586; x_wconf 88' lang='lat' dir='ltr'><strong>ita</strong></span> <span class='ocrx_word' id='word_1_795' title='bbox 1631 5530 1860 5601; x_wconf 85' lang='lat' dir='ltr'><strong>conjun-</strong></span> 
     </span>
    </p>
   </div>
   <div class='ocr_carea' id='block_1_100' title="bbox 268 5620 1865 5697">
    <p class='ocr_par' dir='ltr' id='par_1_100' title="bbox 268 5620 1865 5697">
     <span class='ocr_line' id='line_1_101' title="bbox 268 5620 1865 5697; baseline -0.004 -15"><span class='ocrx_word' id='word_1_796' title='bbox 268 5625 412 5684; x_wconf 64' lang='grc' dir='ltr'><strong>θείω</strong></span> <span class='ocrx_word' id='word_1_797' title='bbox 437 5634 494 5680; x_wconf 89' lang='lat' dir='ltr'><strong>et</strong></span> <span class='ocrx_word' id='word_1_798' title='bbox 519 5641 620 5697; x_wconf 90' lang='lat' dir='ltr'><strong>pro</strong></span> <span class='ocrx_word' id='word_1_799' title='bbox 647 5626 1044 5692; x_wconf 86' lang='lat' dir='ltr'><strong>schismaticis,</strong></span> <span class='ocrx_word' id='word_1_800' title='bbox 1075 5633 1228 5691; x_wconf 91' lang='lat' dir='ltr'><strong>orat,</strong></span> <span class='ocrx_word' id='word_1_801' title='bbox 1262 5635 1324 5679; x_wconf 88' lang='lat' dir='ltr'><strong>ut</strong></span> <span class='ocrx_word' id='word_1_802' title='bbox 1354 5623 1422 5679; x_wconf 90' lang='lat' dir='ltr'><strong>ad</strong></span> <span class='ocrx_word' id='word_1_803' title='bbox 1458 5621 1579 5677; x_wconf 80' lang='lat' dir='ltr'><strong>fidei</strong></span> <span class='ocrx_word' id='word_1_804' title='bbox 1621 5631 1676 5676; x_wconf 89' lang='lat' dir='ltr'><strong>et</strong></span> <span class='ocrx_word' id='word_1_805' title='bbox 1711 5620 1865 5691; x_wconf 87' lang='lat' dir='ltr'><strong>pacis</strong></span> 
     </span>
    </p>
   </div>
   <div class='ocr_carea' id='block_1_101' title="bbox 271 5715 1868 5787">
    <p class='ocr_par' dir='ltr' id='par_1_101' title="bbox 271 5715 1868 5787">
     <span class='ocr_line' id='line_1_102' title="bbox 271 5715 1868 5787; baseline -0.006 -5"><span class='ocrx_word' id='word_1_806' title='bbox 271 5723 506 5782; x_wconf 79' lang='lat' dir='ltr'><strong>redeant</strong></span> <span class='ocrx_word' id='word_1_807' title='bbox 537 5723 798 5777; x_wconf 87' lang='lat' dir='ltr'><strong>unitatem</strong></span> <span class='ocrx_word' id='word_1_808' title='bbox 819 5763 834 5787; x_wconf 91' lang='lat'><strong>,</strong></span> <span class='ocrx_word' id='word_1_809' title='bbox 867 5723 1045 5780; x_wconf 86' lang='lat' dir='ltr'><strong>sciens</strong></span> <span class='ocrx_word' id='word_1_810' title='bbox 1075 5721 1362 5777; x_wconf 76' lang='lat' dir='ltr'><strong>lucreticos</strong></span> <span class='ocrx_word' id='word_1_811' title='bbox 1389 5728 1445 5774; x_wconf 90' lang='lat' dir='ltr'><strong>et</strong></span> <span class='ocrx_word' id='word_1_812' title='bbox 1478 5715 1868 5776; x_wconf 75' lang='lat' dir='ltr'><strong>.scbismaticos</strong></span> 
     </span>
    </p>
   </div>
   <div class='ocr_carea' id='block_1_102' title="bbox 275 5809 1868 5886">
    <p class='ocr_par' dir='ltr' id='par_1_102' title="bbox 275 5809 1868 5886">
     <span class='ocr_line' id='line_1_103' title="bbox 275 5809 1868 5886; baseline -0.006 -10"><span class='ocrx_word' id='word_1_813' title='bbox 275 5817 360 5876; x_wconf 33' lang='lat' dir='ltr'><strong>in:</strong></span> <span class='ocrx_word' id='word_1_814' title='bbox 387 5816 581 5873; x_wconf 69' lang='lat' dir='ltr'><strong>haeresi</strong></span> <span class='ocrx_word' id='word_1_815' title='bbox 625 5831 689 5873; x_wconf 88' lang='lat' dir='ltr'><strong>ac</strong></span> <span class='ocrx_word' id='word_1_816' title='bbox 729 5818 1022 5872; x_wconf 83' lang='lat' dir='ltr'><strong>schismate</strong></span> <span class='ocrx_word' id='word_1_817' title='bbox 1064 5823 1451 5886; x_wconf 86' lang='lat' dir='ltr'><strong>permanentes</strong></span> <span class='ocrx_word' id='word_1_818' title='bbox 1494 5826 1720 5884; x_wconf 87' lang='lat' dir='ltr'><strong>regnum</strong></span> <span class='ocrx_word' id='word_1_819' title='bbox 1771 5809 1868 5867; x_wconf 86' lang='lat' dir='ltr'><strong>Dei</strong></span> 
     </span>
    </p>
   </div>
   <div class='ocr_carea' id='block_1_103' title="bbox 279 5903 1910 5980">
    <p class='ocr_par' dir='ltr' id='par_1_103' title="bbox 279 5903 1910 5980">
     <span class='ocr_line' id='line_1_104' title="bbox 279 5903 1910 5980; baseline -0.007 -12"><span class='ocrx_word' id='word_1_820' title='bbox 279 5925 395 5968; x_wconf 82' lang='lat' dir='ltr'><strong>non</strong></span> <span class='ocrx_word' id='word_1_821' title='bbox 423 5909 766 5966; x_wconf 85' lang='lat' dir='ltr'><strong>intraturos:</strong></span> <span class='ocrx_word' id='word_1_822' title='bbox 802 5908 928 5980; x_wconf 88' lang='lat' dir='ltr'><strong>quia</strong></span> <span class='ocrx_word' id='word_1_823' title='bbox 957 5908 1062 5964; x_wconf 85' lang='lat' dir='ltr'><strong>nisi</strong></span> <span class='ocrx_word' id='word_1_824' title='bbox 1101 5909 1168 5965; x_wconf 89' lang='lat' dir='ltr'><strong>ad</strong></span> <span class='ocrx_word' id='word_1_825' title='bbox 1198 5907 1498 5980; x_wconf 81' lang='lat' dir='ltr'><strong>judicium,</strong></span> <span class='ocrx_word' id='word_1_826' title='bbox 1538 5904 1608 5962; x_wconf 82' lang='lat' dir='ltr'><strong>in.</strong></span> <span class='ocrx_word' id='word_1_827' title='bbox 1625 5903 1866 5962; x_wconf 84' lang='lat' dir='ltr'><strong>scissura</strong></span> <span class='ocrx_word' id='word_1_828' title='bbox 1907 5953 1910 5956; x_wconf 83' lang='lat'><strong>.</strong></span> 
     </span>
    </p>
   </div>
   <div class='ocr_carea' id='block_1_104' title="bbox 1963 4694 3547 4765">
    <p class='ocr_par' dir='ltr' id='par_1_104' title="bbox 1963 4694 3547 4765">
     <span class='ocr_line' id='line_1_105' title="bbox 1963 4694 3547 4765; baseline -0.003 -12"><span class='ocrx_word' id='word_1_829' title='bbox 1963 4698 2151 4753; x_wconf 73' lang='lat' dir='ltr'><strong>ctrina:</strong></span> <span class='ocrx_word' id='word_1_830' title='bbox 2179 4697 2426 4752; x_wconf 90' lang='lat' dir='ltr'><strong>deserit:</strong></span> <span class='ocrx_word' id='word_1_831' title='bbox 2458 4697 2554 4752; x_wconf 91' lang='lat' dir='ltr'><strong>scd</strong></span> <span class='ocrx_word' id='word_1_832' title='bbox 2595 4695 2772 4752; x_wconf 88' lang='lat' dir='ltr'><strong>fontes</strong></span> <span class='ocrx_word' id='word_1_833' title='bbox 2813 4697 2869 4750; x_wconf 89' lang='lat' dir='ltr'><strong>in</strong></span> <span class='ocrx_word' id='word_1_834' title='bbox 2909 4694 3244 4764; x_wconf 82' lang='lat' dir='ltr'><strong>convallibus</strong></span> <span class='ocrx_word' id='word_1_835' title='bbox 3285 4702 3547 4765; x_wconf 88' lang='lat' dir='ltr'><strong>surgunt,</strong></span> 
     </span>
    </p>
   </div>
   <div class='ocr_carea' id='block_1_105' title="bbox 1959 4787 3551 4864">
    <p class='ocr_par' dir='ltr' id='par_1_105' title="bbox 1959 4787 3551 4864">
     <span class='ocr_line' id='line_1_106' title="bbox 1959 4787 3551 4864; baseline -0.003 -17"><span class='ocrx_word' id='word_1_836' title='bbox 1959 4793 2086 4864; x_wconf 89' lang='lat' dir='ltr'><strong>quia</strong></span> <span class='ocrx_word' id='word_1_837' title='bbox 2134 4791 2301 4847; x_wconf 88' lang='lat' dir='ltr'><strong>corda</strong></span> <span class='ocrx_word' id='word_1_838' title='bbox 2347 4789 2635 4847; x_wconf 91' lang='lat' dir='ltr'><strong>humilium</strong></span> <span class='ocrx_word' id='word_1_839' title='bbox 2684 4789 2910 4844; x_wconf 84' lang='lat' dir='ltr'><strong>verbum</strong></span> <span class='ocrx_word' id='word_1_840' title='bbox 2956 4789 3357 4860; x_wconf 68' lang='lat' dir='ltr'><strong>praedicationis</strong></span> <span class='ocrx_word' id='word_1_841' title='bbox 3403 4787 3551 4843; x_wconf 88' lang='lat' dir='ltr'><strong>acci-</strong></span> 
     </span>
    </p>
   </div>
   <div class='ocr_carea' id='block_1_106' title="bbox 1961 4877 3552 4958">
    <p class='ocr_par' dir='ltr' id='par_1_106' title="bbox 1961 4877 3552 4958">
     <span class='ocr_line' id='line_1_107' title="bbox 1961 4877 3552 4958; baseline -0.006 -16"><span class='ocrx_word' id='word_1_842' title='bbox 1961 4887 2136 4958; x_wconf 90' lang='lat' dir='ltr'><strong>piunt.</strong></span> <span class='ocrx_word' id='word_1_843' title='bbox 2171 4884 2326 4943; x_wconf 88' lang='lat' dir='ltr'><strong>Unde</strong></span> <span class='ocrx_word' id='word_1_844' title='bbox 2355 4899 2451 4956; x_wconf 91' lang='lat' dir='ltr'><strong>per</strong></span> <span class='ocrx_word' id='word_1_845' title='bbox 2477 4898 2535 4940; x_wconf 85' lang='lat' dir='ltr'><strong>se</strong></span> <span class='ocrx_word' id='word_1_846' title='bbox 2565 4883 2781 4940; x_wconf 84' lang='lat' dir='ltr'><strong>Veritas</strong></span> <span class='ocrx_word' id='word_1_847' title='bbox 2808 4882 3063 4938; x_wconf 86' lang='lat' dir='ltr'><strong>admonet</strong></span> <span class='ocrx_word' id='word_1_848' title='bbox 3089 4883 3314 4937; x_wconf 86' lang='lat' dir='ltr'><strong>dicens:</strong></span> <span class='ocrx_word' id='word_1_849' title='bbox 3345 4877 3552 4934; x_wconf 81' lang='lat' dir='ltr'><strong>Habete</strong></span> 
     </span>
    </p>
   </div>
   <div class='ocr_carea' id='block_1_107' title="bbox 1961 4970 3549 5044">
    <p class='ocr_par' dir='ltr' id='par_1_107' title="bbox 1961 4970 3549 5044">
     <span class='ocr_line' id='line_1_108' title="bbox 1961 4970 3549 5044; baseline -0.005 -13"><span class='ocrx_word' id='word_1_850' title='bbox 1961 4976 2042 5031; x_wconf 88' lang='lat' dir='ltr'><strong>sal</strong></span> <span class='ocrx_word' id='word_1_851' title='bbox 2072 4978 2127 5030; x_wconf 88' lang='lat' dir='ltr'><strong>in</strong></span> <span class='ocrx_word' id='word_1_852' title='bbox 2155 4975 2297 5031; x_wconf 88' lang='lat' dir='ltr'><strong>vobis</strong></span> <span class='ocrx_word' id='word_1_853' title='bbox 2317 5015 2332 5039; x_wconf 92' lang='lat'><strong>,</strong></span> <span class='ocrx_word' id='word_1_854' title='bbox 2359 4983 2406 5029; x_wconf 93' lang='lat' dir='ltr'><strong>et</strong></span> <span class='ocrx_word' id='word_1_855' title='bbox 2434 4991 2612 5044; x_wconf 79' lang='lat' dir='ltr'><strong>pacem</strong></span> <span class='ocrx_word' id='word_1_856' title='bbox 2653 4974 2836 5030; x_wconf 82' lang='lat' dir='ltr'><strong>habete</strong></span> <span class='ocrx_word' id='word_1_857' title='bbox 2875 4975 3012 5042; x_wconf 74' lang='lat' dir='ltr'><strong>inter</strong></span> <span class='ocrx_word' id='word_1_858' title='bbox 3047 4989 3138 5030; x_wconf 79' lang='lat' dir='ltr'><strong>.vos</strong></span> <span class='ocrx_word' id='word_1_859' title='bbox 3179 4972 3197 5040; x_wconf 94' lang='lat'><strong>(</strong></span> <span class='ocrx_word' id='word_1_860' title='bbox 3223 4970 3394 5029; x_wconf 70' lang='lat' dir='ltr'><strong>Marc.</strong></span> <span class='ocrx_word' id='word_1_861' title='bbox 3425 4985 3482 5024; x_wconf 79' lang='lat' dir='ltr'><strong>Ix</strong></span> <span class='ocrx_word' id='word_1_862' title='bbox 3507 4970 3549 5040; x_wconf 91' lang='lat'><strong>).</strong></span> 
     </span>
    </p>
   </div>
   <div class='ocr_carea' id='block_1_108' title="bbox 1970 5062 3547 5138">
    <p class='ocr_par' dir='ltr' id='par_1_108' title="bbox 1970 5062 3547 5138">
     <span class='ocr_line' id='line_1_109' title="bbox 1970 5062 3547 5138; baseline -0.004 -15"><span class='ocrx_word' id='word_1_863' title='bbox 1970 5067 2042 5123; x_wconf 92' lang='lat' dir='ltr'><strong>Ut</strong></span> <span class='ocrx_word' id='word_1_864' title='bbox 2065 5067 2318 5138; x_wconf 82' lang='lat' dir='ltr'><strong>quisquis</strong></span> <span class='ocrx_word' id='word_1_865' title='bbox 2347 5065 2616 5122; x_wconf 77' lang='lat' dir='ltr'><strong>habetsal</strong></span> <span class='ocrx_word' id='word_1_866' title='bbox 2647 5062 3238 5135; x_wconf 58' lang='lat' dir='ltr'><strong>sapi,entiac,.studiose</strong></span> <span class='ocrx_word' id='word_1_867' title='bbox 3268 5068 3424 5122; x_wconf 85' lang='lat' dir='ltr'><strong>curet</strong></span> <span class='ocrx_word' id='word_1_868' title='bbox 3452 5075 3547 5116; x_wconf 86' lang='lat' dir='ltr'><strong>ne-</strong></span> 
     </span>
    </p>
   </div>
   <div class='ocr_carea' id='block_1_109' title="bbox 1966 5154 3548 5230">
    <p class='ocr_par' dir='ltr' id='par_1_109' title="bbox 1966 5154 3548 5230">
     <span class='ocr_line' id='line_1_110' title="bbox 1966 5154 3548 5230; baseline -0.006 -14"><span class='ocrx_word' id='word_1_869' title='bbox 1966 5175 2121 5216; x_wconf 90' lang='lat' dir='ltr'><strong>cesse</strong></span> <span class='ocrx_word' id='word_1_870' title='bbox 2146 5167 2262 5225; x_wconf 87' lang='lat' dir='ltr'><strong>est,</strong></span> <span class='ocrx_word' id='word_1_871' title='bbox 2291 5167 2562 5230; x_wconf 79' lang='lat' dir='ltr'><strong>quatenus</strong></span> <span class='ocrx_word' id='word_1_872' title='bbox 2587 5173 2618 5212; x_wconf 88' lang='lat' dir='ltr'><strong>a</strong></span> <span class='ocrx_word' id='word_1_873' title='bbox 2647 5171 2782 5228; x_wconf 86' lang='lat' dir='ltr'><strong>pace</strong></span> <span class='ocrx_word' id='word_1_874' title='bbox 2795 5154 3110 5212; x_wconf 70' lang='lat' dir='ltr'><strong>concordia:</strong></span> <span class='ocrx_word' id='word_1_875' title='bbox 3151 5167 3427 5223; x_wconf 81' lang='lat' dir='ltr'><strong>nunquam</strong></span> <span class='ocrx_word' id='word_1_876' title='bbox 3460 5167 3548 5206; x_wconf 72' lang='lat' dir='ltr'><strong>re-</strong></span> 
     </span>
    </p>
   </div>
   <div class='ocr_carea' id='block_1_110' title="bbox 1966 5247 3550 5321">
    <p class='ocr_par' dir='ltr' id='par_1_110' title="bbox 1966 5247 3550 5321">
     <span class='ocr_line' id='line_1_111' title="bbox 1966 5247 3550 5321; baseline -0.009 -12"><span class='ocrx_word' id='word_1_877' title='bbox 1966 5253 2144 5309; x_wconf 85' lang='lat' dir='ltr'><strong>cedat.</strong></span> <span class='ocrx_word' id='word_1_878' title='bbox 2175 5250 2337 5306; x_wconf 85' lang='lat' dir='ltr'><strong>Etne</strong></span> <span class='ocrx_word' id='word_1_879' title='bbox 2361 5251 2417 5306; x_wconf 86' lang='lat' dir='ltr'><strong>in</strong></span> <span class='ocrx_word' id='word_1_880' title='bbox 2443 5263 2574 5321; x_wconf 82' lang='lat' dir='ltr'><strong>pace</strong></span> <span class='ocrx_word' id='word_1_881' title='bbox 2603 5247 2838 5307; x_wconf 84' lang='lat' dir='ltr'><strong>tenenda</strong></span> <span class='ocrx_word' id='word_1_882' title='bbox 2863 5247 3162 5317; x_wconf 80' lang='lat' dir='ltr'><strong>quiserret</strong></span> <span class='ocrx_word' id='word_1_883' title='bbox 3180 5282 3194 5309; x_wconf 97' lang='lat'><strong>,</strong></span> <span class='ocrx_word' id='word_1_884' title='bbox 3221 5258 3318 5313; x_wconf 90' lang='lat' dir='ltr'><strong>per</strong></span> <span class='ocrx_word' id='word_1_885' title='bbox 3345 5248 3550 5297; x_wconf 84' lang='lat' dir='ltr'><strong>semet-</strong></span> 
     </span>
    </p>
   </div>
   <div class='ocr_carea' id='block_1_111' title="bbox 1969 5345 3548 5417">
    <p class='ocr_par' dir='ltr' id='par_1_111' title="bbox 1969 5345 3548 5417">
     <span class='ocr_line' id='line_1_112' title="bbox 1969 5345 3548 5417; baseline -0.009 -15"><span class='ocrx_word' id='word_1_886' title='bbox 1969 5347 2136 5417; x_wconf 90' lang='lat' dir='ltr'><strong>ipsam</strong></span> <span class='ocrx_word' id='word_1_887' title='bbox 2185 5345 2424 5412; x_wconf 82' lang='lat' dir='ltr'><strong>veritas,</strong></span> <span class='ocrx_word' id='word_1_888' title='bbox 2478 5359 2604 5399; x_wconf 89' lang='lat' dir='ltr'><strong>cum</strong></span> <span class='ocrx_word' id='word_1_889' title='bbox 2664 5351 2962 5400; x_wconf 80' lang='lat' dir='ltr'><strong>terrenam:</strong></span> <span class='ocrx_word' id='word_1_890' title='bbox 2986 5351 3178 5409; x_wconf 88' lang='lat' dir='ltr'><strong>pacem</strong></span> <span class='ocrx_word' id='word_1_891' title='bbox 3231 5351 3265 5390; x_wconf 89' lang='lat' dir='ltr'><strong>a</strong></span> <span class='ocrx_word' id='word_1_892' title='bbox 3315 5347 3548 5404; x_wconf 85' lang='lat' dir='ltr'><strong>superna</strong></span> 
     </span>
    </p>
   </div>
   <div class='ocr_carea' id='block_1_112' title="bbox 1967 5429 3554 5508">
    <p class='ocr_par' dir='ltr' id='par_1_112' title="bbox 1967 5429 3554 5508">
     <span class='ocr_line' id='line_1_113' title="bbox 1967 5429 3554 5508; baseline -0.009 -13"><span class='ocrx_word' id='word_1_893' title='bbox 1967 5441 2363 5508; x_wconf 84' lang='lat' dir='ltr'><strong>distingueret,</strong></span> <span class='ocrx_word' id='word_1_894' title='bbox 2391 5446 2554 5508; x_wconf 88' lang='lat' dir='ltr'><strong>atque</strong></span> <span class='ocrx_word' id='word_1_895' title='bbox 2581 5437 2648 5492; x_wconf 88' lang='lat' dir='ltr'><strong>ad</strong></span> <span class='ocrx_word' id='word_1_896' title='bbox 2677 5444 2963 5491; x_wconf 82' lang='lat' dir='ltr'><strong>venturam</strong></span> <span class='ocrx_word' id='word_1_897' title='bbox 2994 5429 3288 5500; x_wconf 85' lang='lat' dir='ltr'><strong>discipulos</strong></span> <span class='ocrx_word' id='word_1_898' title='bbox 3317 5443 3388 5485; x_wconf 80' lang='lat' dir='ltr'><strong>ex</strong></span> <span class='ocrx_word' id='word_1_899' title='bbox 3413 5441 3554 5499; x_wconf 71' lang='lat' dir='ltr'><strong>pm-</strong></span> 
     </span>
    </p>
   </div>
   <div class='ocr_carea' id='block_1_113' title="bbox 1970 5519 3549 5602">
    <p class='ocr_par' dir='ltr' id='par_1_113' title="bbox 1970 5519 3549 5602">
     <span class='ocr_line' id='line_1_114' title="bbox 1970 5519 3549 5602; baseline -0.01 -13"><span class='ocrx_word' id='word_1_900' title='bbox 1970 5533 2108 5589; x_wconf 89' lang='lat' dir='ltr'><strong>senti</strong></span> <span class='ocrx_word' id='word_1_901' title='bbox 2138 5539 2458 5602; x_wconf 88' lang='lat' dir='ltr'><strong>provocaret</strong></span> <span class='ocrx_word' id='word_1_902' title='bbox 2476 5563 2499 5596; x_wconf 59' lang='grc' dir='ltr'><strong>,ν</strong></span> <span class='ocrx_word' id='word_1_903' title='bbox 2519 5529 2597 5584; x_wconf 92' lang='lat' dir='ltr'><strong>ait</strong></span> <span class='ocrx_word' id='word_1_904' title='bbox 2621 5546 2634 5582; x_wconf 91' lang='lat'><strong>:</strong></span> <span class='ocrx_word' id='word_1_905' title='bbox 2657 5525 2864 5581; x_wconf 80' lang='lat' dir='ltr'><strong>Pacem</strong></span> <span class='ocrx_word' id='word_1_906' title='bbox 2890 5540 3059 5579; x_wconf 86' lang='lat' dir='ltr'><strong>meam</strong></span> <span class='ocrx_word' id='word_1_907' title='bbox 3106 5521 3340 5592; x_wconf 88' lang='lat' dir='ltr'><strong>relinquo</strong></span> <span class='ocrx_word' id='word_1_908' title='bbox 3365 5519 3512 5577; x_wconf 85' lang='lat' dir='ltr'><strong>vobis</strong></span> <span class='ocrx_word' id='word_1_909' title='bbox 3531 5560 3549 5588; x_wconf 88' lang='lat'><strong>,</strong></span> 
     </span>
    </p>
   </div>
   <div class='ocr_carea' id='block_1_114' title="bbox 1971 5613 3557 5700">
    <p class='ocr_par' dir='ltr' id='par_1_114' title="bbox 1971 5613 3557 5700">
     <span class='ocr_line' id='line_1_115' title="bbox 1971 5613 3557 5700; baseline -0.011 -17"><span class='ocrx_word' id='word_1_910' title='bbox 1971 5645 2152 5700; x_wconf 85' lang='lat' dir='ltr'><strong>pacem</strong></span> <span class='ocrx_word' id='word_1_911' title='bbox 2177 5640 2349 5681; x_wconf 85' lang='lat' dir='ltr'><strong>meam</strong></span> <span class='ocrx_word' id='word_1_912' title='bbox 2377 5623 2444 5678; x_wconf 82' lang='lat' dir='ltr'><strong>do</strong></span> <span class='ocrx_word' id='word_1_913' title='bbox 2467 5621 2611 5676; x_wconf 85' lang='lat' dir='ltr'><strong>vobis</strong></span> <span class='ocrx_word' id='word_1_914' title='bbox 2641 5619 2840 5692; x_wconf 77' lang='lat' dir='ltr'><strong>(lous.</strong></span> <span class='ocrx_word' id='word_1_915' title='bbox 2871 5615 3002 5685; x_wconf 73' lang='lat' dir='ltr'><strong>XIV)</strong></span> <span class='ocrx_word' id='word_1_916' title='bbox 3028 5631 3045 5682; x_wconf 87' lang='lat'><strong>;</strong></span> <span class='ocrx_word' id='word_1_917' title='bbox 3075 5613 3323 5684; x_wconf 88' lang='lat' dir='ltr'><strong>relinquo</strong></span> <span class='ocrx_word' id='word_1_918' title='bbox 3347 5613 3557 5668; x_wconf 87' lang='lat' dir='ltr'><strong>scilicet</strong></span> 
     </span>
    </p>
   </div>
   <div class='ocr_carea' id='block_1_115' title="bbox 1973 5705 3556 5780">
    <p class='ocr_par' dir='ltr' id='par_1_115' title="bbox 1973 5705 3556 5780">
     <span class='ocr_line' id='line_1_116' title="bbox 1973 5705 3556 5780; baseline -0.011 -5"><span class='ocrx_word' id='word_1_919' title='bbox 1973 5717 2342 5775; x_wconf 87' lang='lat' dir='ltr'><strong>transitoriam</strong></span> <span class='ocrx_word' id='word_1_920' title='bbox 2362 5756 2378 5780; x_wconf 91' lang='lat'><strong>,</strong></span> <span class='ocrx_word' id='word_1_921' title='bbox 2413 5712 2492 5768; x_wconf 72' lang='grc' dir='ltr'><strong>ἀοι</strong></span> <span class='ocrx_word' id='word_1_922' title='bbox 2513 5724 2846 5766; x_wconf 87' lang='lat' dir='ltr'><strong>mansuram.</strong></span> <span class='ocrx_word' id='word_1_923' title='bbox 2888 5705 2947 5762; x_wconf 89' lang='lat' dir='ltr'><strong>Si</strong></span> <span class='ocrx_word' id='word_1_924' title='bbox 2978 5721 3111 5777; x_wconf 83' lang='lat' dir='ltr'><strong>ergo</strong></span> <span class='ocrx_word' id='word_1_925' title='bbox 3136 5705 3192 5761; x_wconf 90' lang='lat' dir='ltr'><strong>in</strong></span> <span class='ocrx_word' id='word_1_926' title='bbox 3221 5720 3284 5760; x_wconf 85' lang='lat' dir='ltr'><strong>ea</strong></span> <span class='ocrx_word' id='word_1_927' title='bbox 3311 5719 3406 5760; x_wconf 93' lang='lat' dir='ltr'><strong>cor</strong></span> <span class='ocrx_word' id='word_1_928' title='bbox 3431 5715 3556 5773; x_wconf 71' lang='lat' dir='ltr'><strong>qua:</strong></span> 
     </span>
    </p>
   </div>
   <div class='ocr_carea' id='block_1_116' title="bbox 1975 5796 3550 5878">
    <p class='ocr_par' dir='ltr' id='par_1_116' title="bbox 1975 5796 3550 5878">
     <span class='ocr_line' id='line_1_117' title="bbox 1975 5796 3550 5878; baseline -0.01 -13"><span class='ocrx_word' id='word_1_929' title='bbox 1975 5808 2166 5865; x_wconf 88' lang='lat' dir='ltr'><strong>relicta</strong></span> <span class='ocrx_word' id='word_1_930' title='bbox 2189 5815 2276 5866; x_wconf 86' lang='lat' dir='ltr'><strong>est</strong></span> <span class='ocrx_word' id='word_1_931' title='bbox 2297 5804 2496 5878; x_wconf 84' lang='lat' dir='ltr'><strong>figitur,</strong></span> <span class='ocrx_word' id='word_1_932' title='bbox 2525 5815 2800 5873; x_wconf 86' lang='lat' dir='ltr'><strong>nunquam</strong></span> <span class='ocrx_word' id='word_1_933' title='bbox 2825 5799 2895 5860; x_wconf 83' lang='lat' dir='ltr'><strong>ad</strong></span> <span class='ocrx_word' id='word_1_934' title='bbox 2923 5798 3074 5862; x_wconf 87' lang='lat' dir='ltr'><strong>illam</strong></span> <span class='ocrx_word' id='word_1_935' title='bbox 3101 5812 3222 5870; x_wconf 65' lang='lat' dir='ltr'><strong>qua:</strong></span> <span class='ocrx_word' id='word_1_936' title='bbox 3247 5796 3424 5854; x_wconf 89' lang='lat' dir='ltr'><strong>danda</strong></span> <span class='ocrx_word' id='word_1_937' title='bbox 3463 5803 3550 5850; x_wconf 85' lang='lat' dir='ltr'><strong>est</strong></span> 
     </span>
    </p>
   </div>
   <div class='ocr_carea' id='block_1_117' title="bbox 1975 5896 3558 5974">
    <p class='ocr_par' dir='ltr' id='par_1_117' title="bbox 1975 5896 3558 5974">
     <span class='ocr_line' id='line_1_118' title="bbox 1975 5896 3558 5974; baseline -0.009 -16"><span class='ocrx_word' id='word_1_938' title='bbox 1975 5902 2316 5974; x_wconf 87' lang='lat' dir='ltr'><strong>pervenitur.</strong></span> <span class='ocrx_word' id='word_1_939' title='bbox 2346 5899 2460 5954; x_wconf 78' lang='lat' dir='ltr'><strong>Pax</strong></span> <span class='ocrx_word' id='word_1_940' title='bbox 2483 5896 2652 5971; x_wconf 83' lang='lat' dir='ltr'><strong>igitur</strong></span> <span class='ocrx_word' id='word_1_941' title='bbox 2678 5908 2922 5968; x_wconf 79' lang='lat' dir='ltr'><strong>praesens</strong></span> <span class='ocrx_word' id='word_1_942' title='bbox 2948 5903 3023 5952; x_wconf 87' lang='lat' dir='ltr'><strong>tta</strong></span> <span class='ocrx_word' id='word_1_943' title='bbox 3067 5905 3302 5956; x_wconf 70' lang='lat' dir='ltr'><strong>tenenda</strong></span> <span class='ocrx_word' id='word_1_944' title='bbox 3337 5907 3469 5958; x_wconf 65' lang='lat' dir='ltr'><strong>est,</strong></span> <span class='ocrx_word' id='word_1_945' title='bbox 3491 5905 3558 5944; x_wconf 84' lang='lat' dir='ltr'><strong>us</strong></span> 
     </span>
    </p>
   </div>
  </div>
