3948 5376
476 435 584 489 43°)

482 564 537 608 et
585 551 731 622 diligi
773 551 965 605 debeat
1003 555 1056 602 et
1098 547 1414 602 contemni:
1459 562 1578 615 quae
1619 547 1664 601 si
1704 548 2058 602 immoderate
2085 545 2135 610 Α

483 643 743 715 diligitur,
774 640 1043 710 diligentis
1067 639 1278 693 animus
1305 637 1358 692 in
1386 637 1543 707 culpa
1572 639 1785 708 capitur
1809 656 1821 692 :
1855 646 1909 692 et
1937 638 2063 691 dum

485 735 647 790 nimis
678 734 965 788 humanam
997 745 1185 800 pacem
1219 730 1523 794 desiderat,
1556 745 1752 800 pravos
1784 730 2060 784 hominum

483 843 662 883 mores
691 840 1027 896 nequaquam
1065 824 1367 894 redarguit,
1413 834 1469 879 et
1511 824 1900 879 consentiendo
1937 839 2061 894 per-

482 922 654 977 versis
685 921 750 974 ab
780 919 1016 973 auctoris
1040 918 1124 974 sui
1157 934 1212 973 se
1242 935 1376 988 pace
1404 917 1662 988 disjungit
1682 959 1696 985 ,
1729 926 1784 972 et
1809 917 1932 972 dum
1963 917 2061 970 hu-

484 1026 642 1068 mana
674 1010 820 1065 foras
853 1007 1033 1080 iurgia
1077 1009 1306 1074 metuit,
1354 1008 1551 1062 interni
1594 1008 1812 1063 fmdcris
1856 1007 2062 1062 discus-

480 1106 630 1162 sione
663 1104 872 1158 feritur.
906 1103 1042 1157 llinc
1071 1101 1273 1164 David,
1303 1100 1437 1155 dum
1470 1107 1636 1154 totum
1671 1115 1728 1154 se
1757 1100 1823 1153 ad
1855 1099 2058 1154 fmdera

481 1200 633 1271 pacis
657 1199 882 1252 interna:
907 1195 1337 1265 constringeret,
1365 1204 1596 1249 testatur
1621 1195 1762 1264 quod
1795 1209 1916 1248 cum
1944 1210 2059 1248 ma-

481 1291 548 1346 lis
573 1292 919 1346 concordiam
968 1304 1071 1343 non
1113 1296 1352 1352 teneret,
1393 1289 1577 1342 dicens
1610 1307 1620 1341 :
1659 1287 1847 1341 Nonne
1883 1288 1972 1356 qui
2009 1297 2060 1341 te

487 1382 704 1436 oderant
731 1382 942 1435 oderam
973 1379 1089 1432 illos
1111 1421 1122 1442 ,
1153 1389 1199 1432 et
1229 1395 1385 1448 super
1410 1379 1649 1432 inimicos
1681 1389 1796 1432 tuos
1825 1379 2058 1431 tabesce-

482 1476 647 1530 bam?
676 1473 916 1542 Perfecto
947 1472 1067 1526 odio
1099 1471 1312 1525 oderam
1347 1470 1493 1535 illos,
1537 1471 1737 1524 inimici
1777 1469 1902 1539 facti
1938 1476 2058 1522 sunt

481 1567 609 1621 mihi
653 1567 671 1637 (
698 1564 843 1620 Psal.
873 1581 1112 1620 cxxxvm
1139 1564 1179 1634 ).
1210 1563 1462 1618 Inimicos
1505 1563 1668 1617 etiam
1698 1561 1790 1616 Dei
1818 1560 2058 1632 perfecto

481 1659 606 1714 odio
632 1659 816 1714 odisse
843 1665 956 1722 est,
989 1657 1052 1711 ad
1081 1655 1222 1727 quod
1251 1653 1381 1710 facti
1406 1664 1534 1710 sunt
1562 1654 1806 1724 diligere,
1835 1663 1890 1708 et
1915 1653 2058 1723 quod

483 1752 689 1806 faciunt
727 1751 1042 1821 increpare.
1084 1763 1264 1803 mores
1297 1763 1588 1819 pravorum
1624 1761 1904 1818 premere,
1938 1746 2058 1799 vitae

479 1845 756 1915 prodesse.
786 1842 1124 1897 Pensandum
1150 1850 1234 1895 est
1264 1840 1444 1910 igitur,
1471 1839 1689 1909 quando
1716 1837 1783 1891 ab
1811 1837 2055 1906 increpa-

1437 429 1766 486 mscnsm
1805 427 2197 489 RIIEMENSI‘S
2238 421 2754 493 AltClllEPlSCOPI

3660 437 3767 495 456

2685 549 2912 606 CAPUT
2935 547 3172 604 XXXIX.

2173 639 2237 695 Ut
2268 643 2330 696 ab
2360 659 2418 696 eo
2455 652 2709 697 removeat
2745 641 2974 696 dolorem
3003 684 3017 707 ,
3059 659 3090 695 a
3120 658 3172 695 se
3208 643 3321 711 ipso
3355 640 3688 712 periculum.
3717 653 3763 696 et

2593 713 2656 766 ab
2687 723 2902 784 utroque
2930 711 3321 783 improperium.

2235 827 2511 882 Admoneo
2540 837 2592 883 te
2618 838 2841 897 paterna
2871 839 2926 884 et
2949 828 3188 883 fraterna
3220 828 3539 893 dilectione,
3577 836 3650 882 ut
3679 843 3756 883 τρε

2164 934 2380 974 moveas
2402 938 2431 975 ιι
2454 935 2539 975 me
2575 921 2840 986 dolorem,
2867 937 2896 974 a
2940 933 2992 977 te
3031 921 3350 991 periculum,
3383 929 3441 977 et
3474 921 3546 976 ab
3581 923 3753 977 utris~

2163 1027 2268 1082 que
2300 1021 2543 1067 nostrum
2579 1029 2605 1066 a
2647 1013 2894 1082 plurimis
2919 1013 3122 1069 illatum
3148 1014 3567 1086 improperium.
3603 1015 3654 1068 A
3682 1031 3761 1070 me

2164 1107 2381 1175 quidem
2415 1105 2672 1170 dolorem,
2727 1107 2850 1177 quia
2891 1115 2947 1160 ut
2983 1117 3204 1163 sanctus
3235 1107 3541 1179 Gregorius
3579 1107 3755 1162 dicit:

2171 1214 2190 1248 ι
2225 1196 2488 1252 Minorem
2537 1197 2778 1253 dolorem
2823 1197 2962 1253 mala
3001 1199 3274 1269 ingerunt,
3321 1215 3444 1270 quae
3471 1198 3546 1254 ab
3572 1209 3758 1254 extra.

2165 1291 2283 1348 neis
2321 1289 2644 1357 inferuntur,
2674 1289 2794 1361 plus
2823 1306 2948 1347 vero
2978 1292 3029 1347 in
3055 1292 3212 1348 nobis
3235 1308 3298 1347 ea
3334 1301 3621 1348 tormenta
3657 1309 3750 1347 sae-

2163 1383 2335 1447 viunt,
2368 1398 2487 1453 quae
2510 1384 2577 1438 ab
2607 1383 2712 1438 illis
2761 1385 2996 1453 patimur
3019 1424 3034 1448 ,
3083 1384 3148 1438 de
3199 1398 3432 1454 quorum
3469 1385 3753 1438 mentibus

2163 1477 2644 1547 prmsumebamus,
2673 1475 2798 1546 quia
2826 1491 2949 1530 cum
2981 1476 3178 1529 damno
3202 1476 3448 1544 corporis
3477 1475 3632 1531 mala
3668 1491 3757 1530 nos

2164 1567 2406 1624 cruciant
2431 1569 2643 1622 amissa:
2671 1567 2976 1622 charitatis.
3017 1588 3034 1620 ι
3069 1566 3206 1622 Hinc
3234 1575 3316 1622 est
3341 1568 3484 1622 enim
3515 1567 3672 1637 quod
3696 1569 3755 1623 de

2164 1659 2300 1715 Iuda
2337 1661 2598 1715 traditore
2631 1675 2729 1714 suo
2757 1675 2850 1730 per
2873 1659 3218 1714 Psalmistam
3270 1660 3538 1714 Dominus
3576 1659 3750 1716 dicit:

2164 1749 2233 1804 Et
2263 1751 2467 1822 quidem
2499 1751 2544 1804 si
2571 1751 2813 1804 inimicus
2857 1767 3001 1805 meus
3043 1749 3397 1804 maledixisset
3438 1751 3595 1817 mihi,
3637 1769 3756 1820 stipo

2163 1851 2451 1914 portas-sem
2483 1841 2695 1913 utique:
2719 1851 2766 1896 et
2787 1841 2832 1895 si
2853 1842 2896 1895 is
2918 1842 3005 1912 qui
3036 1841 3216 1894 oderat
3243 1858 3322 1895 me
3349 1859 3511 1906 super
3535 1858 3624 1895 me
3652 1860 3753 1896 ma-

482 1913 628 1992 tione
655 1936 975 2007 quiescitur,
1006 1951 1110 2005 qua
1142 1934 1299 2005 culpa
1332 1949 1454 1988 cum
1487 1932 1737 2002 pessimis
1765 1948 1871 2004 pax
1904 1940 2054 1985 tene-
2087 1913 2134 1980 υ
2163 1913 2266 2007 qna
2302 1933 2505 1989 locutus
2532 1934 2733 2002 fuisset,
2765 1934 3134 1988 absconderem
3163 1951 3242 1988 me
3267 1935 3446 2005 utique
3468 1937 3538 1987 ab
3563 1951 3649 1989 eo.
3684 1935 3749 1989 Τιι

481 2038 592 2091 tur,
622 2030 664 2082 si
695 2029 961 2099 Pmpbeta
993 2029 1158 2082 etiam
1192 2027 1338 2081 velut
1358 2027 1408 2080 in
1435 2026 1666 2080 hostiam
1693 2024 1803 2080 Deo
1832 2016 2056 2089 obtulit,

484 2122 628 2191 quod
673 2128 857 2174 contra
908 2133 964 2174 se
1008 2135 1103 2189 pro
1150 2119 1379 2174 Domino
1423 2133 1716 2189 pravorum
1746 2117 2062 2172 inimicitias

479 2213 755 2268 excitavit.

995 2351 1222 2408 CAPUT
1261 2349 1543 2406 XXXVIII.

483 2466 551 2521 Ut
603 2481 766 2520 sacrm
807 2465 1095 2536 Scriptum
1128 2465 1314 2586 uerbﬁo,
1357 2472 1404 2516 et
1460 2477 1638 2515 sacras
1680 2458 1886 2531 regulas
1931 2468 2063 2515 recte

1131 2545 1236 2586 ante
1279 2542 1405 2586 mat.

1131 2542 1405 2604 intelligat.

559 2677 835 2731 Admoneo
863 2673 1026 2728 etiam
1069 2679 1216 2725 tuam
1243 2669 1602 2730 dilectionem,
1637 2674 1699 2720 ut
1728 2682 1849 2721 cum
1893 2679 2062 2720 sacra:

487 2767 788 2836 Scripturte
807 2763 985 2818 verbis
1020 2763 1182 2817 etiam
1212 2776 1397 2818 sacras
1438 2757 1672 2829 regulas,
1709 2758 1850 2813 sicut
1881 2773 1910 2810 a
1939 2771 2064 2812 san-

487 2869 575 2917 cto
612 2857 814 2930 Spiritu
841 2872 949 2928 quo
990 2866 1045 2912 et
1087 2869 1257 2911 sacrae
1298 2853 1596 2924 Scriptum
1637 2860 1762 2906 sunt
1810 2850 2060 2913 conditm,

485 2949 789 3024 inteligas:
817 2949 1071 3020 quoniam
1101 2948 1191 3018 qui
1233 2961 1400 3002 sacrae
1426 2945 1558 3015 legis
1584 2943 1748 2998 verba
1779 2957 1884 2996 non
1917 2950 2064 2996 recte

487 3043 813 3114 intelligunt,
841 3039 1255 3097 saluberrimum
1286 3036 1396 3091 vini
1433 3044 1618 3105 potum
1658 3033 1709 3088 in
1734 3031 1929 3086 veneni
1959 3031 2062 3086 sibi

483 3136 737 3207 poculum
768 3140 1008 3198 vertunt,
1040 3147 1104 3188 ac
1134 3145 1235 3200 per
1263 3125 1584 3183 medicinale
1610 3123 1814 3180 ferrum
1838 3122 2062 3178 vulnere

482 3243 542 3285 se
567 3227 779 3284 mortali
801 3226 1021 3288 feriunt,
1049 3225 1174 3278 dum
1205 3237 1301 3292 per
1327 3221 1428 3276 hoc
1453 3219 1503 3273 in
1526 3232 1585 3272 se
1611 3232 1743 3273 sana
1766 3213 2059 3286 perimunt,

2166 2043 2286 2082 vero
2303 2026 2458 2080 homo
2478 2027 2739 2080 unanimis
2767 2025 2877 2080 dux
2891 2041 3035 2079 meus
3055 2036 3099 2080 et
3117 2036 3266 2080 notus
3284 2042 3450 2092 meus,
3479 2029 3576 2098 qui
3597 2027 3750 2080 simul

2168 2135 2371 2173 mecum
2400 2116 2576 2171 dulces
2597 2118 2836 2188 cupiebas
2869 2116 3030 2183 cibos,
3063 2119 3116 2172 in
3137 2118 3292 2172 domo
3315 2118 3539 2173 Domini
3565 2120 3744 2173 ambu-

2167 2212 2390 2265 lavimus
2407 2225 2522 2264 cum
2554 2225 2808 2263 consensu
2834 2207 3009 2281 (Psal.
3029 2209 3158 2274 Liv).
3183 2211 3248 2264 Et
3285 2226 3541 2265 rursum:
3579 2209 3746 2264 Homo

2163 2305 2307 2376 pacis
2331 2319 2478 2370 metu,
2495 2305 2548 2357 in
2563 2319 2662 2375 quo
2684 2302 2987 2373 sperabam,
3014 2312 3059 2356 et
3087 2304 3174 2373 qui
3206 2303 3389 2357 edebat
3413 2320 3584 2372 panes
3612 2318 3747 2356 necs

2165 2401 2432 2471 ampliavit
2478 2401 2750 2454 adversum
2788 2416 2870 2453 me
2909 2398 3378 2470 supplantationem
3416 2396 3598 2470 (Psal.
3635 2407 3742 2468 ιι).

2166 2494 2246 2550 Ac
2266 2494 2312 2548 si
2342 2491 2409 2547 de
2431 2491 2690 2546 traditore
2712 2505 2809 2544 suo
2837 2491 3040 2559 apertis
3065 2488 3286 2544 vocibus
3318 2489 3465 2544 dicat
3496 2507 3508 2541 :
3547 2487 3741 2543 Trans-

2166 2584 2500 2656 gressionem
2529 2583 2644 2653 ejus
2678 2589 2830 2634 tanto
2860 2581 3078 2651 gravius
3112 2580 3330 2651 pertuli,
3359 2589 3573 2650 quanto
3608 2579 3742 2633 hanc

2168 2678 2236 2732 ab
2263 2691 2328 2730 eo
2367 2674 2458 2746 qui
2492 2689 2645 2730 meus
2677 2687 2797 2728 esse
2835 2672 3120 2728 videbatur
3166 2674 3330 2728 sensi.
3377 2671 3587 2728 Omnes
3613 2687 3740 2743 ergo

2165 2771 2365 2837 electi,
2423 2770 2549 2840 quia
2603 2771 2799 2826 summi
2843 2767 3038 2839 capitis
3089 2769 3333 2823 membra
3382 2776 3539 2837 sunt,
3588 2775 3744 2838 caput

2167 2877 2381 2934 quoque
2437 2877 2590 2918 suum
2644 2863 2695 2916 in
2745 2859 3087 2933 passionibus
3139 2867 3462 2930 sequuntur,
3507 2868 3567 2912 ut
3603 2858 3744 2928 ipsos

2168 2953 2508 3010 adversarios
2543 2954 2596 3007 in
2637 2966 2733 3007 sua
2786 2960 2961 3007 morte
2985 2950 3242 3015 sentiant,
3273 2951 3339 3005 de
3368 2965 3606 3020 quorum
3633 2950 3742 3005 vita

2166 3046 2583 3118 praesumebant,
2632 3053 2686 3100 et
2718 3049 2870 3099 tanto
2897 3043 2977 3098 eis
3015 3049 3226 3098 crescat
3280 3055 3495 3098 merces
3524 3042 3740 3113 operis,

2168 3145 2370 3208 quanto
2415 3137 2494 3192 eis
2537 3137 2755 3192 virtutis
2807 3135 3015 3191 lucrum
3071 3134 3278 3206 proiicit
3324 3145 3380 3190 et
3430 3150 3500 3190 ex
3556 3135 3739 3190 aliena

2171 3229 2368 3284 damno
2393 3227 2694 3284 charitatis.
2744 3226 2812 3281 Et
2843 3226 3098 3298 quoniam
3140 3226 3322 3281 minus
3341 3227 3526 3297 jacula
3547 3225 3742 3281 feriunt

481 3339 582 3395 per
606 3322 748 3393 quod
792 3320 1083 3376 salubriter
1119 3291 1398 3372 abscidere
1431 3313 1669 3369 sauciata
1711 3311 2056 3366 debuerunt:
2088 3291 2134 3358 C
2165 3337 2285 3392 qua;
2309 3320 2691 3391 ρνπνίάθηιυτ,
2742 3327 2796 3374 ει
2843 3291 2944 3375 lies
2989 3291 3556 3375 tolerabilius'mundi
3612 3320 3737 3374 ma].

485 3431 622 3487 quos
651 3416 899 3471 videlicet
941 3413 1007 3467 ad
1044 3412 1375 3467 intellectum
1414 3423 1640 3479 pravum
1687 3405 1913 3460 intentio
1941 3418 2063 3473 per-

479 3523 640 3563 versa
667 3523 775 3562 non
804 3514 1039 3577 raperet,
1067 3504 1169 3559 nisi
1199 3501 1350 3572 prius
1369 3499 1625 3570 superbia
1656 3495 1902 3552 inflaret:
1933 3493 2061 3548 dum

483 3600 626 3654 enim
683 3614 740 3654 se
781 3614 893 3669 prae
924 3597 1135 3654 caneris
1177 3595 1448 3665 sapientes
1500 3592 1852 3656 arbitrantur,
1909 3587 2060 3658 sequi

487 3692 623 3747 alios
653 3692 718 3746 ad
748 3691 939 3747 melius
967 3691 1240 3747 intellecta
1264 3688 1571 3760 despiciunt
1600 3704 1613 3740 :
1647 3695 1810 3756 atque
1837 3693 1896 3740 ut
1920 3685 2060 3755 apud

484 3784 792 3855 imperitum
821 3786 1013 3857 vulgus
1043 3785 1282 3840 scientia:
1305 3784 1405 3839 sibi
1449 3797 1642 3838 nomen
1677 3787 2058 3851 extorqueant,

483 3877 700 3930 student
750 3891 1093 3946 summepere
1133 3885 1187 3932 et
1217 3877 1284 3931 ab
1326 3876 1446 3930 aliis
1472 3884 1619 3929 recte
1662 3873 1935 3928 intellecta
1967 3873 2061 3926 de-

487 3973 719 4030 struere,
748 3975 804 4020 et
847 3981 942 4020 sua
963 3980 1216 4034 perversa
1246 3967 1537 4028 roborare;
1579 3979 1810 4033 quorum
1843 3963 2061 4033 sapien-

485 4057 558 4110 tia
591 4058 724 4109 sicut
745 4055 998 4110 nouacula
1028 4064 1181 4108 acuta
1210 4055 1334 4123 facit
1367 4054 1544 4107 dolum
1575 4053 1749 4124 (Psal.
1784 4054 1859 4121 LI)
1887 4071 1901 4118 ;
1933 4054 2060 4122 quia

483 4147 628 4202 sicut
654 4147 916 4201 novacula
948 4156 1106 4201 acuta
1132 4161 1274 4214 scepe
1318 4144 1583 4200 assimilat
1609 4159 1668 4198 se
1691 4159 1850 4215 agere
1881 4143 2060 4199 vultus

484 4240 742 4304 nitorem,
779 4249 834 4293 et
882 4254 1045 4308 genas
1091 4239 1314 4296 vulnere
1361 4254 1459 4292 suo
1484 4238 1716 4302 sauciat,
1765 4237 1841 4291 ita
1874 4236 2056 4292 dolosa

480 4332 715 4386 versutia
749 4331 870 4386 dolo
899 4345 1076 4401 pravae
1106 4332 1476 4403 intelligentia:
1497 4331 1744 4385 vulnerat
1766 4344 1901 4398 quos
1927 4344 2058 4385 sano

484 4439 644 4479 sensu
676 4440 870 4480 sanare
908 4437 967 4480 se
995 4425 1232 4480 simulat.
1264 4422 1419 4480 Unde
1443 4424 1580 4480 bene
1607 4438 1709 4494 per
1738 4423 2056 4493 prophetam

485 4517 730 4572 dicitur:
769 4517 1058 4573 Secuerunt
1081 4529 1406 4588 prmgnantes
1457 4515 1664 4571 Galaad
1715 4517 1784 4570 ad
1827 4514 2056 4569 dilatau-

478 4609 606 4662 dum
632 4611 908 4663 terminum
949 4627 1102 4664 suum
1139 4611 1320 4678 (Amos
1348 4610 1409 4680 l).
1439 4609 1574 4675 Quia
1626 4608 1882 4664 nimirum
1911 4610 2050 4665 bene
2072 4647 2106 4680 ,4

479 4698 623 4755 dicta
647 4716 810 4770 prave
848 4703 1223 4773 intelligentes,
1253 4703 1496 4757 ﬁdelium
1535 4711 1763 4768 mentes,
1795 4719 1917 4773 qua:
1935 4702 2048 4770 jam

473 4789 677 4861 aliquid
707 4793 773 4847 de
805 4794 1050 4852 veritatis
1075 4795 1350 4851 intellectu
1373 4804 1757 4865 conceperant,
1794 4810 2051 4866 perversa

475 4883 723 4940 doctrina
745 4888 1053 4956 perimunt:
1091 4898 1146 4943 et
1174 4891 1297 4944 dum
1342 4890 1582 4945 scientiae
1607 4891 1708 4946 sibi
1737 4906 1934 4946 nomen
1959 4905 2055 4944 ex-

475 4981 727 5044 tendunt,
769 4980 1128 5050 parvulorum
1184 4983 1349 5035 corda
1403 4981 1517 5050 jam
1549 4983 1617 5036 de
1657 4983 1805 5037 verbi
1860 4997 2055 5037 conce-

469 5070 656 5137 ptione
683 5073 905 5141 gravida
933 5073 1140 5126 erroris
1161 5072 1340 5142 gladio
1376 5074 1650 5137 scindunt,
1683 5083 1736 5128 et
1764 5075 1918 5144 quasi
1953 5075 2046 5128 do-

471 5160 666 5214 ctrina:
709 5163 808 5217 sibi
841 5163 1152 5233 opinionem
1184 5163 1411 5220 l‘aciunt.
1444 5164 1650 5232 Quibus
1679 5167 1914 5235 primum
1951 5182 2048 5220 ne-

461 5262 630 5305 cesse
657 5263 741 5306 est
765 5269 832 5306 ne
860 5256 1072 5309 inanem
1099 5255 1324 5325 gloriam
1348 5263 1597 5325 quaerant
1628 5274 1642 5308 :
1671 5257 1794 5324 quia
1827 5258 1873 5311 si
1899 5257 2048 5310 radix

2167 3413 2508 3483 suscipimus,
2555 3413 2599 3468 si
2629 3420 2816 3468 coiitra
2848 3412 2962 3468 haec
2989 3427 3087 3482 per
3111 3412 3476 3483 praescientia:
3500 3416 3735 3486 clypeum

2165 3505 2477 3569 munimur,
2535 3517 2600 3558 eo
2652 3503 2755 3558 ista
2797 3503 2863 3559 de
2909 3511 2962 3559 te
3008 3503 3340 3560 tolerabilius
3395 3514 3598 3574 porto,
3645 3519 3738 3575 quo

2166 3597 2324 3668 longe
2353 3603 2477 3650 ante
2519 3611 2617 3666 per
2643 3595 2962 3666 prophetam
2994 3611 3024 3650 a
3054 3596 3282 3652 Domino
3331 3595 3542 3652 dictum
3579 3598 3730 3667 lego:

2166 3688 2556 3759 Unusquisque,
2583 3687 2777 3757 inquit,
2824 3705 2856 3742 a
2901 3689 3136 3759 proximo
3168 3703 3264 3742 suo
3304 3705 3360 3742 se
3389 3691 3669 3752 custodiat,
3692 3697 3734 3743 et

2163 3783 2218 3836 in
2243 3781 2383 3836 omni
2423 3782 2586 3851 fratre
2621 3796 2716 3834 suo
2761 3796 2862 3833 non
2894 3780 3083 3835 habeat
3116 3781 3392 3851 fiduciam,
3419 3800 3544 3852 quia
3569 3783 3729 3835 clunis

2166 3873 2334 3944 frater
2374 3871 2718 3943 supplantans
2758 3870 3153 3941 supplanttrbit,
3206 3880 3254 3925 et
3312 3873 3488 3928 omnis
3547 3872 3734 3926 amicus

2167 3963 2529 4034 fraudulenter
2557 3963 2777 4028 incedet,
2801 3971 2850 4016 et
2893 3963 2972 4017 vir
3011 3964 3232 4033 fratrem
3275 3981 3434 4018 suum
3468 3965 3733 4029 deridebit,

2163 4066 2212 4110 et
2258 4047 2524 4110 veritatem
2551 4070 2654 4109 non
2685 4052 2925 4124 loquetur
2969 4051 3105 4124 (λεν.
3146 4053 3244 4112 Ix).
3295 4054 3364 4108 Et
3391 4055 3558 4126 paulo
3585 4064 3731 4126 post:

2165 4145 2233 4201 In
2259 4163 2346 4200 ore
2370 4163 2548 4216 pacem
2587 4161 2708 4200 cum
2749 4145 2922 4200 amico
2948 4161 3045 4200 suo
3078 4146 3340 4217 loquetur,
3365 4157 3413 4201 et
3440 4147 3734 4217 occultepo-

2165 4245 2249 4292 net
2275 4238 2322 4292 ei
2344 4237 2586 4300 insidias,
2627 4237 2864 4308 nunquid
2915 4253 3070 4308 super
3093 4238 3175 4292 Itis
3205 4255 3310 4293 non
3339 4239 3586 4303 visitabo,
3613 4241 3725 4293 dicit

2162 4329 2696 4402 Dominus?(Matth.
2725 4329 2887 4399 x.)Et
2914 4344 3010 4399 per
3039 4328 3386 4400 semetipsum
3414 4328 3631 4385 Veritas
3658 4330 3730 4384 di-

2161 4422 2238 4477 cit
2267 4440 2280 4475 :
2317 4421 2528 4476 Inimici
2569 4421 2794 4476 hominis
2838 4421 3106 4475 domestici
3149 4421 3262 4489 ejus
3298 4420 3526 4493 (Malae.
3562 4422 3641 4490 ιι).
3677 4422 3731 4474 Et

2161 4530 2284 4570 cum
2324 4515 2584 4584 scriptum
2623 4514 2694 4569 sit
2721 4533 2732 4567 :
2761 4511 2925 4567 Labia
2953 4515 3236 4568 sacerdotis
3258 4512 3554 4568 custodiant
3573 4531 3729 4568 scien-

2159 4609 2310 4672 tiam,
2343 4616 2388 4661 et
2417 4607 2602 4678 legem,
2627 4622 2746 4677 quae
2775 4607 2916 4662 inter
2946 4607 3049 4662 alia
3077 4607 3212 4662 dicit
3243 4621 3258 4661 :
3289 4605 3514 4663 Honora
3543 4619 3727 4678 patress

2159 4707 2309 4758 tuum
2356 4709 2404 4754 et
2465 4709 2682 4757 matrem
2733 4709 2876 4758 tuam
2907 4739 2922 4766 ,
2978 4699 3240 4769 requirent
3309 4715 3377 4754 ea:
3437 4715 3530 4754 ore
3579 4700 3682 4768 ejus
3713 4737 3726 4760 ,

2157 4792 2283 4862 quia
2338 4790 2553 4861 angelus
2595 4790 2806 4846 Domini
2859 4791 3184 4845 exercituum
3237 4798 3310 4842 est
3367 4787 3575 4859 (Exod.
3624 4788 3726 4858 xx).

2157 4883 2235 4939 Tu
2260 4892 2520 4948 econtra,
2571 4898 2639 4938 ne
2678 4882 2993 4952 magnitudo
3045 4881 3460 4940 miserationum
3501 4880 3725 4942 Domini,

2155 4993 2290 5049 quas
2321 4980 2386 5033 de
2423 4993 2586 5033 manu
2628 4978 2769 5034 illius
2791 4978 3028 5049 gratuita
3047 4978 3222 5049 gratia
3252 4977 3374 5033 sine
3401 4978 3606 5034 merito
3635 4975 3728 5032 allo

2156 5069 2408 5138 suscepi,
2466 5069 2691 5126 extollat
2763 5084 2892 5136 me,
2947 5070 3125 5126 datus
3165 5084 3226 5124 es
3271 5069 3408 5124 mihi
3489 5069 3729 5125 stimulus

2159 5166 2609 5235 recognoscenda:
2663 5164 2997 5222 inﬁrmitatis
3050 5181 3183 5221 meae
3222 5206 3237 5230 ,
3296 5166 3529 5237 angelus
3589 5167 3728 5223 Sata-

2157 5271 2242 5309 nae
2269 5297 2283 5320 ,
2326 5265 2384 5309 ut
2413 5270 2500 5310 me
2555 5264 2608 5310 et
2661 5263 2894 5312 matrem
2945 5264 3092 5312 tuam
3150 5255 3496 5313 Rhemorum
3537 5269 3728 5314 metro-
