3990 6300
1028 358 1273 420 OPUSC‘.
1316 362 1405 423 ΕΤ
1440 362 1660 427 ΕΡΙΘΤ.
1698 366 1766 425 ΙΝ
1806 366 2032 428 CAUSA
2068 370 2411 439 HlNCMABl‘
2442 378 2744 441 ιΑυυυΝ.

3410 394 3525 459 Μ

248 470 557 574 perticis-in
598 469 915 529 inﬁrmitate
942 474 1218 541 virtutem.
1268 478 1574 545 Periculum
1622 496 1838 553 quoque
1863 485 1917 557 Α
1943 481 2044 551 diae
2092 485 2262 544 livore
2311 492 2666 564 insequimur,
2706 495 2997 559 imitantes
3036 499 3185 561 illum
3236 504 3329 574 qui
3375 506 3517 567 mori

258 563 571 649 discordiae,
612 579 777 636 qvam
817 575 1006 633 contra
1050 574 1425 633 amtoritutem
1456 583 1513 632 et
1546 577 1836 647 rationem,

255 666 558 730 multaque
584 659 814 721 salutem
842 669 991 723 metu
1023 678 1152 738 erga
1184 683 1271 725 me
1309 669 1511 727 videris
1552 671 1776 740 habere,
1803 687 1838 733 α

260 758 315 811 te
362 752 687 822 quantocius
734 768 964 812 amove:
994 757 1298 819 certissime
1343 762 1543 831 sciens,
1580 766 1836 835 quoniam

242 843 613 915 qualislibet
644 844 942 909 virtutibus
968 849 1193 921 polleas,
1233 853 1493 925 spiritalis
1530 856 1838 916 nullatenus

258 931 386 995 ﬁeri
416 943 589 1006 potes,
617 936 666 995 si
694 938 836 997 uniri
870 953 968 1009 per
1000 945 1342 1003 concordiam
1374 947 1503 1003 mihi
1532 957 1588 1004 et
1625 949 1838 1007 caeteris

256 1026 522 1093 (rati-ibus
570 1031 678 1088 tuis
736 1032 1059 1104 neglexeris.
1120 1035 1393 1110 Scriptum
1452 1042 1655 1114 quippe
1704 1051 1833 1100 ait:

254 1120 495 1189 Fructus
531 1116 762 1195 .ﬁiritus
799 1136 876 1185 est
904 1129 1159 1198 charitas,
1188 1134 1459 1204 gaudium,
1498 1153 1605 1206 pa:
1634 1135 1834 1208 (σαῖσι.

248 1212 317 1286 η)
354 1215 503 1288 :qui
555 1226 739 1275 autem
792 1235 1011 1283 servare
1057 1237 1245 1295 pacem
1298 1238 1404 1285 non
1459 1237 1647 1293 curat,
1692 1228 1839 1287 terra

253 1304 499 1369 {metuit
528 1308 764 1382 Spiritus
798 1324 1028 1385 recusat.
1059 1315 1251 1373 Certus
1275 1319 1422 1375 enim
1450 1335 1530 1387 es,
1554 1322 1602 1377 si
1642 1336 1837 1385 sanum

246 1398 427 1468 napis.
454 1401 712 1470 attonitam
744 1404 927 1463 tandiu
976 1406 1183 1465 nullum
1228 1409 1353 1465 boni
1394 1412 1578 1481 operi
1606 1412 1717 1468 Deo
1752 1427 1841 1468 sa-

248 1490 521 1548 criﬁcium
546 1493 816 1562 immolas,
840 1499 1078 1568 quandiu
1108 1515 1139 1556 a
1167 1501 1543 1571 proximorum
1570 1504 1839 1563 charitate

246 1580 576 1649 discordes:
610 1588 780 1649 multo
804 1590 986 1651 minus
1008 1601 1212 1659 autem,
1244 1594 1290 1653 si
1327 1609 1358 1651 a
1395 1595 1682 1655 dilectione
1717 1612 1838 1654 mea

250 1672 561 1744 discut-das,
586 1681 679 1750 qui
716 1689 770 1737 te
813 1682 1046 1753 benigne
1072 1685 1417 1747 nutriendqu
1458 1690 1705 1761 suscepi,
1749 1704 1839 1747 or-

246 1765 494 1834 phanum
539 1767 679 1831 dulci
728 1770 1017 1835 dilectione
1063 1775 1303 1843 nutriri.
1339 1777 1409 1833 in
1454 1778 1713 1839 clericum
1755 1788 1839 1837 ιο·

1941 576 2106 636 etiam
2134 594 2233 655 pro
2282 579 2514 641 inimicis
2545 593 2786 652 venerat,
2816 595 2871 642 et
2913 596 3092 649 tamen
3126 592 3429 661 positurum
3457 609 3520 665 se

1941 669 2177 733 animam
2204 686 2305 744 pro
2339 674 2528 732 amicis
2569 676 2804 745 dicebat,
2852 687 2914 737 ut
2949 680 3193 757 profecto
3238 685 3393 743 nobis
3422 701 3533 747 03—.

1938 765 2217 837 tenderet,
2267 765 2395 836 quia
2461 781 2583 823 cum
2635 768 2903 842 diligendo
2967 771 3177 829 lucrum
3223 774 3403 833 facere
3445 776 3514 839 de

1939 855 2172 915 inimicis
2214 871 2523 928 possumus,
2562 858 2729 914 etiam
2768 859 2871 930 ipsi
2903 861 3063 917 amici
3094 872 3220 920 sunt
3257 865 3350 936 qui
3392 881 3515 938 per-

1939 955 2259 1021 sequuntur.
2304 946 2433 1015 Quae
2480 964 2586 1007 non
2631 948 2753 1006 ideo
2798 950 2940 1019 dico,
2985 958 3046 1008 ut
3088 954 3516 1025 persecutionem

1940 1050 2087 1105 tuam
2134 1041 2187 1099 in
2238 1040 2448 1097 damnis
2499 1042 2885 1112 temporalibus
2931 1044 3016 1101 vel
3061 1044 3115 1101 in
3177 1047 3519 1107 contumeliis

1940 1135 2180 1204 timeam,
2220 1145 2314 1191 aut
2355 1151 2683 1211 magnopere
2710 1138 2962 1209 sentiam,
3001 1139 3196 1210 quibus
3224 1140 3388 1197 etiam
3415 1143 3517 1201 etsi

1939 1226 2086 1283 voles
2115 1242 2203 1291 me
2231 1241 2429 1284 nocere
2466 1243 2574 1285 non
2615 1236 2771 1303 potes
2814 1247 2826 1283 :
2876 1230 2969 1287 sed
3014 1230 3081 1286 de
3123 1231 3213 1286 illa
3261 1248 3516 1304 persecu-

1940 1321 2086 1379 tione
2128 1321 2270 1387 dico,
2312 1320 2436 1379 licet
2478 1321 2581 1377 sim
2617 1320 2867 1393 iniustus,
2912 1322 3004 1395 qui
3033 1338 3120 1378 me
3151 1324 3421 1381 veraciter
3464 1334 3522 1383 et

1939 1428 2006 1471 ex
2046 1413 2210 1471 corde
2246 1420 2591 1484 peccatorem
2628 1413 2906 1486 proﬁteor,
2936 1414 3004 1470 de
3050 1430 3158 1489 qua
3190 1416 3381 1472 beatus
3414 1414 3518 1483 Pe,-

1939 1514 2058 1563 trus
2079 1505 2240 1567 dicit:
2267 1505 2533 1572 Quoniam
2552 1507 2689 1563 inter
2705 1523 2832 1577 quas
2855 1505 2988 1569 Loth
3012 1506 3302 1575 habitabat,
3327 1508 3521 1579 iniquis

1941 1596 2177 1669 aperibus
2206 1597 2271 1652 de
2301 1597 2385 1652 die
2424 1597 2478 1651 in
2512 1596 2647 1652 diem
2676 1596 2791 1667 ejus
2839 1596 3069 1653 animam
3098 1598 3402 1655 cruciabam
3432 1594 3521 1670 (11

1941 1687 2090 1744 Patr.
2111 1690 2199 1761 ιι),
2229 1697 2286 1744 et
2311 1687 2379 1746 de
2407 1704 2511 1760 qua
2540 1688 3104 1761 Apostolusrecolens
3150 1688 3391 1746 historiae
3429 1703 3523 1746 ve-

1941 1781 2110 1838 teris:
2144 1779 2439 1849 Quomodo,
2466 1781 2676 1853 inquit,
2714 1790 2837 1839 tuuc
2866 1781 2931 1846 is,
2963 1781 3053 1855 qui
3088 1782 3377 1838 secundum
3405 1796 3523 1836 car:

246 1857 429 1947 tondi,
459 1858 655 1917 litteris
685 1877 785 1933 per
810 1878 899 1929 me
925 1873 983 1921 et
1007 1882 1106 1937 per
1149 1883 1497 1941 quoscunque
1534 1873 1683 1943 potui
1711 1886 1835 1931 cru-
1861 1865 1911 1929 B
1937 1890 2055 1929 item
2084 1883 2216 1941 erat,
2258 1860 2659 1946 persequebatur
2683 1890 2802 1929 eum
2828 1874 2918 1947 qui
2944 1875 3227 1931 secundum
3257 1874 3522 1945 spiritum,

240 1946 389 2017 divi,
434 1964 532 2041 per
578 1952 816 2041 singulos
844 1956 1044 2027 gradus
1083 1958 1151 2015 ad
1199 1960 1447 2029 ordinem
1495 1963 1839 2041 episcopatus

242 2040 514 2109 provexi,
564 2039 993 2107 familiaritatem
1047 2056 1106 2105 et
1152 2049 1491 2121 dulcedinem
1534 2039 1839 2119 dilectionis

251 2128 443 2189 domui
478 2133 657 2195 nostri
696 2136 841 2209 regis
868 2138 964 2195 tibi
990 2140 1220 2198 obtinui.
1262 2141 1499 2207 Pensare
1539 2146 1685 2206 enim
1716 2162 1839 2209 cum

238 2237 459 2297 magno
501 2226 695 2287 timore
731 2232 893 2295 debes
934 2236 1077 2305 quod
1123 2238 1385 2311 scriptum
1422 2247 1508 2297 est
1542 2238 1645 2296 :Si
1683 2241 1840 2312 oﬁ'ers

252 2331 452 2372 manus
473 2327 618 2375 tuum
642 2322 717 2377 ad
745 2321 929 2388 altare,
956 2335 1008 2380 et
1039 2326 1112 2382 ibi
1150 2330 1455 2393 recordatus
1507 2332 1673 2403 fueris
1712 2349 1843 2405 quo-

253 2408 405 2467 niam
432 2410 598 2481 frater
629 2422 750 2472 tuus
779 2416 933 2472 habet
964 2418 1166 2492 aliquid
1199 2422 1473 2489 adversus»
1507 2434 1576 2491 te,
1607 2424 1841 2498 relinque

253 2499 327 2554 ibi
368 2517 559 2559 "tuitus
599 2514 746 2571 tuum
776 2516 896 2563 ante
929 2508 1116 2574 altare,
1160 2520 1207 2566 et
1254 2513 1385 2568 vade
1420 2514 1566 2585 prius
1612 2517 1841 2571 reconci-

250 2590 383 2655 liari
432 2594 591 2664 fratri
616 2606 749 2671 ἀρ,
792 2608 839 2655 et
880 2609 1004 2658 tunc
1035 2602 1238 2659 veniens
1287 2605 1421 2675 oﬁ’er
1463 2622 1652 2673 munus
1692 2616 1841 2663 tuum

255 2680 557 2752 (Hatth.v,
584 2685 701 2760 23).
729 2687 807 2753 Ex
852 2705 957 2767 qua
1002 2691 1212 2753 scilicet
1258 2696 1618 2766 perceptione
1663 2696 1842 2754 consi-

254 2772 453 2835 derare
499 2776 682 2847 debes,
725 2794 886 2859 quam
927 2781 1280 2843 intolerabilis
1328 2784 1446 2859 ejus
1478 2787 1634 2861 culpa
1681 2804 1837 2846 mon-

257 2872 491 2934 etratur,
543 2869 697 2939 cujus
749 2873 924 2929 hostia
980 2875 1277 2949 repellitur.
1331 2877 1466 2945 Nam
1525 2896 1647 2939 cum
1698 2883 1840 2939 mala

257 2967 455 3014 cuncta
483 2960 639 3019 bonis
666 2967 1021 3041 sequentibus
1049 2968 1342 3040 diluuntur,
1362 2974 1717 3045 'pensandum
1746 2991 1841 3034 no-

253 3050 343 3110 bis
386 3062 471 3110 est
507 3066 710 3131 quanta
750 3060 858 3117 sint
902 3062 1043 3123 mala
1090 3063 1395 3133 discordiae,
1437 3083 1557 3138 quae
1598 3069 1702 3126 nisi
1747 3086 1841 3126 ex-

256 3148 459 3219 itiucta
503 3147 744 3210 funditus
772 3153 995 3223 fuerint,
1023 3157 1224 3215 bonum
1263 3160 1417 3231 sequi
1450 3176 1563 3221 non
1610 3164 1838 3235 permit-

1941 1964 2015 2020 ita
2048 1973 2094 2019 et
2136 1981 2272 2021 nunc
2315 1962 2578 2036 (Gat.rv).
2608 1963 2762 2035 Quia,
2810 1972 2870 2027 ut
2899 1964 2975 2021 ita
3021 1964 3284 2031 dicamus,
3316 1962 3520 2021 ferrum

1940 2063 2140 2115 nostra:
2171 2055 2365 2111 animae
2399 2070 2742 2127 nequaquam
2781 2056 3097 2129 perducitur
3135 2055 3204 2123 ad
3248 2052 3522 2112 subtilita-

1943 2154 2052 2211 tem
2095 2147 2380 2214 acuminis.
2419 2147 2465 2207 si
2494 2148 2596 2204 hoc
2635 2164 2741 2204 non
2770 2149 3001 2206 eraserit
3029 2148 3218 2205 alienae
3248 2146 3375 2207 lima
3400 2158 3526 2219 pra-

1941 2237 2148 2295 vitatis.

2549 2329 2776 2395 CAPUT
2814 2330 2926 2386 XL.

1956 2419 2143 2477 Verum
2164 2438 2269 2479 non
2289 2438 2397 2479 esse
2419 2421 2559 2494 quod
2580 2422 2749 2494 dicere
2767 2422 2987 2489 solebat,
3010 2419 3060 2477 Η
3067 2420 3288 2479 incmari
3311 2419 3528 2481 consilio

2320 2491 2490 2563 regem
2523 2493 2624 2563 ipsi
2661 2491 2991 2547 adverwtum
3017 2508 3145 2547 esse.

2013 2608 2082 2666 Et
2103 2608 2228 2680 quia
2254 2608 2457 2665 dictum
2487 2615 2571 2665 est
2597 2607 2752 2674 mihi,
2777 2616 2829 2673 te
2852 2606 3100 2679 plurimis
3120 2606 3295 2669 solere
3321 2607 3527 2676 dicere,

1941 2698 2197 2771 quoniam
2250 2695 2511 2769 quidquid
2555 2697 2688 2764 tibi,
2728 2698 2795 2755 de
2834 2698 2939 2753 tuis
2977 2695 3317 2762 hominibus,
3366 2703 3421 2752 et
3459 2697 3527 2754 de

1941 2794 2254 2853 hominibus
2279 2795 2391 2851 suis
2412 2795 2481 2859 ad
2508 2793 2828 2863 Laudunum
2852 2793 3094 2861 directis,
3121 2802 3176 2850 et
3201 2793 3267 2849 de
3290 2807 3357 2850 eo
3384 2790 3527 2863 quod

1941 2894 1996 2943 te
2021 2887 2419 2945 commendavit
2437 2885 2705 2955 Conrado,
2730 2886 3065 2945 contrarium
3089 2885 3319 2949 domnus
3341 2891 3529 2943 noster

1941 2994 2039 3038 rex
2066 2980 2259 3052 egerit,
2289 2979 2391 3037 hoc
2418 2994 2541 3037 meo
2578 2980 2843 3039 instinctu
2869 2987 2925 3036 et
2953 2977 3180 3036 consilio
3208 2980 3371 3049 atque
3399 2990 3528 3033 con-

1941 3089 2103 3133 sensu
2134 3076 2329 3150 egisse,
2360 3075 2460 3133 tibi
2503 3074 2684 3132 refero
2729 3090 2838 3133 non
2878 3089 3001 3132 esse
3030 3087 3253 3139 verum,
3294 3070 3436 3128 sicut
3473 3077 3531 3125 et

1941 3164 2159 3238 scriptis
2182 3165 2251 3221 ad
2281 3165 2533 3225 eumdem
2563 3164 2818 3223 domuum
2847 3172 3094 3221 nostrum
3122 3177 3326 3235 regem,
3351 3159 3445 3217 sed
3474 3166 3531 3215 et

258 3249 421 3299 lunt;
449 3242 575 3315 quia
600 3243 852 3317 qualibet
880 3247 933 3307 in
969 3248 1127 3311 nobis
1156 3250 1296 3307 bona
1339 3267 1501 3324 opera
1531 3253 1755 3322 fuerint,
1793 3256 1839 3313 si
1868 3243 1916 3309 C
1947 3258 2014 3313 ad
2061 3257 2195 3314 alios
2237 3257 2362 3314 inde
2415 3260 2471 3314 in
2515 3257 2706 3314 eodem
2740 3264 2984 3328 tempore
3039 3254 3263 3312 directis
3309 3265 3529 3324 possum

259 3334 503 3391 Charitas
524 3332 688 3411 desit,
719 3352 820 3411 per
862 3338 1062 3403 nulum
1106 3341 1391 3413 discet-dite
1428 3344 1580 3404 locus
1605 3348 1845 3419 aperitur

261 3427 316 3485 iu
358 3427 496 3501 acie,
540 3438 599 3501 ut
639 3430 708 3497 ad
735 3429 1037 3489 feriendum
1066 3449 1167 3492 nos
1208 3436 1388 3495 valeat
1414 3437 1586 3497 hostis
1615 3439 1840 3497 intrare.

263 3518 396 3586 Ego,
428 3519 588 3576 crede
620 3521 775 3591 mihi,
821 3537 929 3579 non
970 3531 1166 3593 tecum,
1212 3527 1306 3583 sed
1351 3544 1473 3595 cum
1506 3530 1614 3586 tuis
1643 3530 1845 3603 impro-

261 3611 533 3671 babilibus
565 3614 809 3673 moribus
846 3624 903 3672 et
927 3624 1144 3675 actuum
1184 3620 1443 3691 motibus,
1470 3622 1536 3678 de
1564 3622 1762 3695 quibus
1792 3631 1844 3680 te

265 3718 416 3774 saepe
436 3713 493 3765 et
523 3704 703 3763 verbis
742 3713 796 3763 et
822 3706 1023 3767 litteris
1056 3709 1378 3785 reprehendi
1403 3722 1458 3768 et
1481 3712 1764 3784 castigavi,
1791 3722 1846 3770 et

266 3800 338 3857 ut
378 3793 734 3865 dolemdolui,
763 3798 1090 3863 discordiam
1135 3802 1328 3863 habeo.
1361 3803 1472 3869 Fac
1510 3805 1653 3875 quod
1701 3804 1844 3861 salu-

264 3885 446 3947 briter
474 3890 563 3949 tibi
591 3893 771 3963 cupio,
809 3902 863 3950 et
897 3902 990 3952 tuo
1027 3895 1281 3955 convenit
1307 3896 1629 3964 ministerio,
1658 3906 1714 3959 et
1758 3912 1845 3963 me

264 3980 585 4057 placabilem
612 4000 676 4049 ac
706 3989 1066 4059 praestabilem
1091 3990 1148 4059 in
1178 3991 1390 4053 cunctis
1417 3992 1665 4051 habebis.
1698 3993 1845 4053 Alios

265 4075 400 4146 quin
452 4077 796 4149 exspectabo,
839 4080 885 4145 si
921 4094 1019 4155 per
1065 4081 1161 4157 Dei
1203 4083 1432 4156 gratiam
1470 4085 1692 4141 verbum
1742 4084 1846 4145 Do—

265 4168 430 4234 mini,
462 4169 604 4239 quod
646 4171 789 4227 inter
833 4186 920 4229 me
956 4180 1008 4228 et
1050 4182 1103 4233 te
1139 4174 1318 4233 adhuc
1358 4175 1593 4242 laborat,
1628 4178 1844 4237 tandem

266 4260 614 4334 requiescere
639 4264 833 4325 valeat.
866 4263 924 4321 Si
945 4270 1253 4336 peccaverit,
1284 4269 1481 4341 inquit,
1518 4271 1572 4333 in
1603 4279 1650 4327 te
1681 4270 1847 4341 frater

176 4420 181 4427 ι
266 4364 417 4423 tuus,
453 4358 664 4429 increpa
702 4358 894 4417 illum:
938 4362 986 4417 si
1021 4364 1380 4435 pauitantiam
1418 4365 1603 4435 egerit,
1645 4364 1845 4420 dimitte

263 4444 351 4502 illi
376 4446 592 4517 (Matth.
618 4449 794 4519 xvru).
820 4450 1041 4507 Interim
1068 4461 1268 4521 autem,
1294 4453 1468 4521 donec
1491 4456 1595 4521 hoc
1619 4458 1843 4517 verbum

265 4536 483 4594 Domini
511 4538 653 4594 inter
682 4555 769 4596 me
810 4549 865 4596 et
895 4550 946 4596 te
990 4541 1274 4609 laborabit,
1314 4554 1440 4600 utar
1476 4546 1731 4601 continue
1758 4562 1843 4601 sa-

1949 3350 2253 3417 ostendere,
2283 3358 2337 3407 et
2378 3364 2561 3406 coram
2606 3348 2854 3423 plurimis
2883 3346 3153 3419 episcOpis
3181 3345 3323 3418 apud
3351 3344 3530 3401 Pistas

1949 3442 2148 3501 domno
2176 3451 2360 3501 nostro
2389 3443 2503 3514 regi
2530 3442 2641 3499 dixi
2665 3457 2753 3500 me
2780 3442 2995 3500 audisse
3023 3440 3167 3512 quod
3193 3440 3272 3497 sic
3295 3439 3527 3504 diceres,

1947 3543 2003 3591 et
2032 3537 2174 3593 idem
2205 3536 2433 3593 domnus
2458 3542 2644 3592 uoster
2671 3549 2769 3591 rex
2814 3548 2998 3597 coram
3027 3531 3233 3590 eisdem
3258 3527 3527 3601 episcopis

1949 3628 2257 3700 respondit,
2306 3627 2446 3685 sicut
2497 3636 2552 3682 et
2592 3641 2691 3696 pro
2732 3632 2886 3681 certo
2927 3638 3116 3681 verum
3168 3622 3335 3688 dixit,
3383 3619 3527 3692 quod

1947 3736 2049 3787 nec
2092 3735 2215 3777 meo
2260 3718 2543 3789 instinctu,
2595 3731 2699 3774 nec
2744 3731 2866 3773 meo
2908 3715 3157 3783 consilio,
3202 3728 3379 3784 neque
3406 3724 3550 3792 meo.

1949 3826 2215 3870 consensu
2254 3812 2358 3867 hoc
2390 3809 2580 3880 egerit,
2626 3808 2756 3865 licet
2793 3807 3039 3877 quaedam
3083 3806 3284 3862 fuerint
3313 3814 3369 3865 et
3396 3803 3527 3871 sint,

1949 3907 2016 3962 de
2057 3906 2251 3977 quibus
2302 3900 2713 3972 metropolitana
2764 3899 3110 3964 auctoritate,
3155 3895 3239 3951 vel
3284 3892 3525 3967 synodali

1948 3976 2333 4065 conventione,
2384 4009 2448 4049 ac
2499 3992 2649 4062 regia
2698 3976 2966 4062 potestate
3015 3988 3214 4059 corripi
3278 3984 3529 4043 debueris

1950 4074 2123 4161 atque
2150 4090 2367 4146 debeas.
2412 4085 2541 4155 Quae
2580 4100 2688 4141 non
2723 4085 2843 4142 ideo
2891 4083 3033 4150 dico,
3071 4090 3133 4138 ut
3166 4097 3255 4137 me
3294 4078 3434 4152 apud
3466 4084 3531 4134 te

1947 4195 2208 4243 excusare
2248 4193 2426 4251 opera:
2464 4176 2698 4248 pretium
2743 4174 2956 4247 ducam,
2988 4188 3109 4233 cum
3150 4172 3373 4228 stultum
3407 4184 3529 4227 esse

1940 4271 2180 4343 majores
2240 4250 2411 4323 nostri
2460 4264 2862 4329 demonstrent,
2911 4264 2958 4318 si
3003 4263 3081 4319 eis
3134 4261 3348 4334 placere
3384 4274 3531 4331 quaa-

1947 4365 2137 4427 rimus,
2182 4360 2265 4415 vel
2315 4356 2597 4429 displicere
2645 4356 2919 4420 timemus,
2962 4367 3098 4425 quos
3135 4352 3400 4408 bonorum
3442 4348 3532 4419 ju-

1948 4452 2102 4520 diciis
2126 4467 2232 4507 non
2252 4450 2467 4523 placere
2492 4448 2864 4518 cognoscimus
2901 4462 2912 4498 :
2942 4443 3037 4499 sed
3062 4450 3123 4498 ut
3152 4442 3205 4497 in
3235 4441 3432 4512 quibus
3461 4457 3529 4497 ex
3632 4490 3642 4505 ,

1945 4545 2176 4613 veritate
2238 4555 2488 4611 possum,
2534 4546 2795 4617 quantum
2842 4552 2909 4615 οι
2946 4549 3032 4591 me
3073 4542 3192 4602 εει,
3242 4542 3531 4605 quantum-

265 4627 445 4686 lubris
482 4631 710 4687 antidoti
756 4624 1021 4689 medicina
1049 4642 1236 4690 contra
1267 4636 1607 4693 mortiferum
1643 4639 1846 4696 discor—
1870 4629 1924 4701 ll
1949 4651 2055 4713 quc
2080 4632 2306 4705 sutiicio,
2341 4632 2587 4705 idoneum
2630 4628 2851 4683 reddam
2888 4628 3087 4682 bonum
3134 4640 3351 4690 nomen,
3385 4623 3529 4713 Quod

263 4720 375 4775 diae
398 4719 648 4790 poculum
684 4722 815 4777 mihi
841 4734 871 4777 a
902 4731 957 4779 te
997 4716 1559 4796 propinatum,"quam
1587 4726 1848 4783 Dominus

261 4817 326 4868 ct
363 4810 615 4869 Salvator
655 4825 837 4871 noster
865 4818 1114 4874 conscius
1151 4817 1480 4877 inﬁrmitatis
1512 4828 1711 4877 nostra:
1742 4820 1849 4876 lar-

260 4902 373 4975 giri
401 4903 651 4975 dignatus
677 4913 777 4972 est,
807 4907 992 4965 dicens
1018 4926 1032 4963 :
1068 4908 1199 4964 Cum
1234 4910 1440 4966 stabilis
1471 4911 1542 4967 ad
1566 4912 1843 4979 orandum,

264 4996 516 5053 remittite
551 4999 598 5071 si
643 5000 769 5071 quid
818 5003 1017 5056 habetis
1075 5004 1323 5057 adversus
1365 5004 1590 5076 aliquem
1632 5007 1689 5062 in
1729 5021 1848 5067 cor-

261 5087 425 5142 dibus
456 5091 657 5157 vestris,
680 5101 733 5145 ut
760 5103 806 5147 et
835 5091 993 5148 Pater
1013 5102 1174 5155 vester
1193 5093 1408 5149 scelestis
1441 5095 1672 5151 dimittat
1711 5096 1850 5151 vobis

261 5189 485 5252 peccata
520 5193 685 5237 vestra
733 5182 925 5259 (Marc.
968 5184 1066 5257 XI).
1105 5183 1171 5239 Et
1216 5184 1421 5241 scilicet
1463 5184 1720 5242 Conditor
1756 5201 1849 5241 no-

266 5280 412 5338 ster,
440 5274 563 5328 dum
596 5276 701 5331 tale
728 5276 986 5355 placitum
1030 5286 1231 5333 nostrae
1269 5278 1467 5335 mentis
1496 5270 1785 5350 aspexerit,
1818 5294 1847 5335 a

266 5373 501 5434 peccato
539 5381 637 5421 nos
677 5367 867 5437 solvet,
896 5370 1022 5441 quia
1068 5385 1264 5425 munus
1312 5386 1410 5441 pro
1457 5370 1610 5441 culpa
1652 5380 1845 5447 sumet.

267 5454 432 5524 Quod
476 5472 672 5514 munus
710 5460 872 5514 etiam
914 5459 1284 5521 holocaustum
1314 5463 1484 5535 gratia
1517 5463 1609 5519 Dei
1640 5464 1849 5537 miseri-

268 5548 460 5606 cordis
487 5551 599 5609 tiet.
628 5552 672 5607 si
703 5549 865 5608 fuerit
893 5552 1069 5609 simila
1094 5554 1212 5611 oleo
1237 5568 1547 5625 conspersa,
1581 5564 1637 5612 et
1666 5557 1720 5612 in
1748 5557 1849 5612 zeli

273 5642 555 5713 sartagine
600 5639 738 5698 {rixa
784 5662 797 5697 :
850 5643 1058 5699 scilicet
1100 5661 1222 5700 cum
1263 5647 1687 5703 misericorditer
1729 5662 1852 5725 eum

274 5732 571 5804 ddigimns,
598 5743 655 5791 et
682 5735 823 5791 inter
867 5750 1021 5792 sacra
1067 5753 1165 5808 pro
1192 5752 1259 5793 eo
1284 5754 1526 5805 oramus,
1563 5754 1721 5809 quem
1753 5739 1851 5817 zeli

276 5825 534 5886 salutaris
563 5826 773 5887 fervore
816 5828 1028 5905 insequi
1070 5833 1331 5900 videmur,
1366 5831 1446 5888 vel
1483 5847 1512 5887 a
1561 5847 1667 5905 quo
1717 5834 1853 5889 invi-

1952 4708 2241 4799 Apostolus
2265 4726 2427 4799 etiam
2453 4726 2521 4780 ab
2557 4723 2642 4778 his
2671 4722 2761 4792 qui
2808 4719 2943 4775 foris
2972 4729 3098 4775 sunt
3134 4720 3336 4775 habere
3376 4708 3531 4788 jubet

1951 4798 2279 4893 episcopum.
2316 4798 2452 4887 Quia
2496 4830 2627 4872 vero
2656 4813 2981 4869 auctoritate
3021 4813 3200 4867 divina
3245 4810 3357 4879 regi
3402 4806 3531 4862 obe-

1953 4912 2068 4969 dire
2110 4910 2381 4983 jubemur,
2428 4906 2598 4978 ipsius
2640 4905 2887 4977 jussione
2946 4902 3289 4974 respondisse
3343 4911 3428 4952 me
3461 4911 3530 4951 ex

1954 5003 2248 5075 Scripturis
2276 5010 2332 5058 et
2359 5001 2527 5077 sacris
2569 4998 2777 5072 legibus
2804 5007 2968 5069 atque
3011 5003 3319 5051 sanctorum
3349 4987 3528 5046 verbis

1955 5096 2062 5167 tuis
2100 5094 2296 5167 litteris
2338 5093 2406 5147 ad
2440 5104 2563 5147 eum
2608 5090 2826 5145 directis
2873 5104 2976 5143 non
3010 5099 3165 5156 nego.
3197 5082 3254 5138 ln
3288 5092 3393 5153 qua
3440 5096 3529 5136 re-

1951 5166 2241 5257 sponsione
2282 5185 2324 5240 si
2388 5182 2516 5254 quid
2570 5192 2797 5252 perpere
2854 5172 3179 5234 dlxisse'vel
3224 5174 3399 5244 egisse
3439 5171 3531 5228 me

1952 5278 2205 5335 invenisti
2240 5277 2483 5341 ostende,
2515 5283 2571 5331 et
2596 5282 2688 5330 aut
2726 5264 3121 5328 rationabiliter
3157 5268 3272 5323 sine
3301 5264 3537 5321 contend

1953 5371 2096 5425 tione
2135 5368 2446 5435 defendam,
2496 5374 2587 5423 aut
2652 5364 2928 5422 humiliter
2975 5362 3090 5418 sine
3139 5354 3528 5429 disceptatione

1954 5471 2357 5530 recognoscam.

2541 5536 2773 5601 CAPUT
2798 5538 2933 5598 XLI.

1960 5646 2116 5714 Quod
2140 5646 2186 5701 si
2215 5644 2421 5708 culpam
2459 5648 2778 5714 agnosceret,
2806 5650 2901 5709 pro
2930 5636 3105 5693 divino
3142 5636 3327 5691 timore
3349 5632 3537 5690 Μαι-³

1958 5712 1994 5739 ⁵
2473 5712 2703 5782 gentiam
2722 5716 2999 5778 expeteret.

2028 5810 2317 5893 Caeterum,
2349 5824 2395 5881 si
2443 5836 2529 5878 me
2559 5827 2749 5907 contra
2791 5818 3254 5885 auctoritatemet
3295 5816 3533 5874 debitam
