3948 5376
1278 297 1282 302 ’
1355 329 1361 348 τ
1401 299 1750 362 τΗΙΝοΜΑω
1782 299 2190 364 RBEMENSIS
2224 301 2743 368 ARCHIH’ISCOPI
2777 343 2780 348 -
2931 337 2938 346 ο

3656 313 3754 370 ιω

452 420 711 478 iratorum
744 416 1090 478 dilectionis-
1128 424 1541 482 unanimitatem
1562 468 1579 494 ,
1622 442 1765 498 quae,
1807 437 1866 484 ut
1888 441 2052 500 supra
2079 419 2133 492 Α
2158 423 2319 486 nibus
2363 423 2643 484 Nicolaum
2671 427 3064 498 ordinaverint,
3119 445 3217 488 nec
3265 441 3451 490 tamen
3499 433 3675 493 dictis
3701 452 3750 500 ei

451 516 584 582 disi,
621 515 830 575 temihi
870 527 1151 588 reputasse
1198 519 1406 588 audivi,
1453 522 1634 596 egisse
1681 538 2042 595 recognosce-

447 609 991 681 rem,.quia.dicente
1024 611 1186 670 beata
1208 612 1424 670 Joanne
1458 615 1742 686 apostolo:
1775 616 1839 673 Si
1879 618 2044 688 conﬁ—

449 711 660 760 teantur
696 710 909 772 peccata
935 711 1139 772 nostra,
1168 703 1340 773 ﬁdelis
1372 714 1420 760 et
1443 706 1625 776 justus
1653 717 1731 764 est
1756 707 2040 777 Dominus,

445 802 507 852 ut
529 794 761 852 remittat
790 795 938 850 nobis
963 807 1178 867 peccata
1205 807 1389 854 nostra
1419 798 1472 870 (I
1499 799 1660 856 Joan.
1694 801 1756 873 t),
1789 813 1847 859 et
1865 804 2040 875 prima

445 883 639 939 salutis
689 900 820 955 spes
869 896 954 944 est
1000 888 1548 954 confessio,'deinde
1594 891 1850 961 dilectio,
1900 895 2040 962 Quia

443 973 676 1032 charitas
740 978 908 1046 operit
963 979 1356 1036 multitudinem
1412 992 1744 1053 peccatorum
1799 985 1853 1056 (Ι
1888 985 2034 1042 Petr.

440 1065 541 1137 tv),
565 1081 672 1122 non
705 1067 1034 1127 dimitterem
1071 1071 1204 1142 quin
1229 1072 1356 1128 inde
1385 1072 1657 1130 salubrem
1689 1076 2038 1148 indulgentiae

439 1159 775 1218 medicinam
813 1170 1149 1233 expeterem,
1195 1179 1301 1220 non
1345 1180 1444 1236 pro
1492 1167 1753 1233 humano,
1796 1169 1890 1225 sed
1935 1185 2037 1241 pro

437 1249 622 1307 divino
657 1251 870 1318 timore,
903 1263 958 1309 et
1005 1255 1250 1313 fraterno
1297 1273 1503 1326 amore,
1557 1274 1622 1316 ac
1668 1262 1888 1332 propria
1930 1263 2037 1319 sal-

435 1343 678 1403 vatione.
712 1343 832 1405 Non
859 1347 1003 1403 enim
1048 1348 1419 1419 perfunctorie
1464 1352 1624 1410 nobis
1660 1354 2033 1412 sacerdotibus

436 1437 745 1510 legendum.
769 1449 824 1494 et
852 1442 1142 1497 tenendum
1170 1452 1276 1510 est,
1310 1447 1454 1515 quod
1489 1448 1651 1503 etiam
1698 1447 1853 1506 laicis
1879 1461 1934 1506 et
1954 1449 2032 1507 fe-

435 1529 601 1585 minis
625 1529 862 1601 Spiritus
899 1544 1122 1590 sanetus
1154 1551 1250 1606 per
1278 1538 1495 1596 beatum
1534 1542 1666 1598 dicit
1705 1543 2028 1615 Gregorium

433 1620 640 1688 (ltomil.
673 1621 743 1677 52
765 1624 819 1677 in
843 1623 1071 1698 Evang.)
1093 1646 1134 1699 Δι
1173 1646 1193 1679 t
1238 1628 1333 1685 Est
1365 1631 1452 1686 ubi
1494 1648 1553 1690 se
1582 1635 1814 1707 quisque
1856 1637 2026 1692 inter-

428 1723 606 1785 roget,
631 1724 686 1771 et
712 1717 766 1772 in
793 1719 1138 1780 confessione
1175 1722 1376 1781 Christi
1407 1743 1466 1784 se
1508 1731 1778 1786 veraciter
1803 1733 2019 1802 probet.

2149 511 2307 572 factis
2374 514 2554 585 illius,
2614 518 3062 590 improbabilibus
3085 531 3298 593 postea
3351 528 3747 599 comprohtis,

2146 621 2246 677 per
2275 621 2532 664 manuum
2579 623 2799 668 suarum
2842 611 3258 683 .impositionem
3301 618 3748 677 mmmunicare—

2146 707 2290 765 runt,
2317 715 2479 771 quem
2503 701 2824 759 ordinantes
2841 703 3065 766 bonum
3108 708 3486 779 crediderunt,
3515 720 3582 767 et
3603 729 3746 769 nian-

2145 803 2332 845 surum
2385 792 2738 862 perpetuoin
2787 794 3034 852 bonitate
3059 807 3394 870 optaverunt
3420 819 3435 856 :
3464 802 3621 859 sicut
3655 821 3743 862 nec

2145 879 2365 940 Samuel
2385 883 2600 956 culpam
2623 889 2906 944 contraxit
2928 890 2982 946 in
3009 891 3357 950 ordinatione
3391 893 3554 961 Saul,
3586 913 3740 968 quem

2143 977 2326 1034 divina
2341 979 2590 1050 iussione
2615 998 2646 1038 a
2669 998 2730 1040 se
2759 985 3091 1053 ordinatum,
3119 997 3178 1044 et
3217 1007 3247 1044 a
3291 975 3541 1047 Domino
3559 1003 3740 1065 postea

2141 1067 2422 1138 reiectum,
2454 1073 2597 1130 sicut
2640 1075 2710 1131 de
2737 1085 2792 1132 te
2819 1077 2995 1145 doleo,
3046 1080 3352 1137 diutissime
3381 1082 3564 1148 ﬂevit,
3600 1085 3739 1140 velut

2139 1177 2294 1219 sacra
2323 1175 2511 1221 narrat
2555 1167 2804 1223 historia.
2846 1168 3156 1242 Reputatur
3194 1174 3360 1229 etiam
3397 1175 3562 1240 mihi,
3604 1178 3737 1246 quod

2138 1259 2192 1307 te
2222 1263 2474 1324 nepotem
2534 1271 2713 1312 meum
2741 1259 2918 1330 gratia
2949 1262 3380 1334 propinquitatis
3404 1267 3729 1338 episcopum

2135 1343 2521 1402 ordinaverint.
2553 1347 2717 1414 Quasi
2747 1366 2854 1406 non
2891 1360 2948 1407 et
2979 1353 3069 1408 alii
3097 1370 3196 1425 per
3241 1371 3326 1412 me
3355 1358 3470 1413 sint
3497 1361 3734 1415 ordinati

2135 1438 2394 1509 episcopi,
2421 1440 2512 1511 qui
2538 1456 2646 1497 non
2675 1453 2803 1499 sunt
2839 1446 2970 1501 mihi
3014 1464 3179 1504 carne
3209 1452 3524 1522 propinqui,
3557 1464 3623 1508 et
3651 1468 3731 1509 no-

2132 1529 2250 1586 lunt
2277 1535 2560 1590 attendcre
2597 1537 2732 1593 mihi
2760 1539 2864 1595 hoc
2891 1552 3228 1612 reputantes,
3256 1546 3385 1615 quia
3415 1561 3528 1600 non
3558 1547 3730 1617 impc-

2129 1622 2210 1680 dit
2237 1624 2319 1680 adl
2343 1642 2673 1700 quemquam
2699 1633 3064 1691 ordinandum
3103 1639 3286 1693 carnis
3324 1640 3728 1710 propinquitas,

2130 1714 2174 1772 Si
2228 1720 2570 1780 ordinandus
2613 1723 2784 1781 fuerit
2832 1727 3037 1785 electus
3076 1739 3131 1786 et
3177 1733 3377 1802 petitus
3429 1736 3730 1789 secundum

429 1802 699 1862 Verentur
747 1823 889 1879 saepe
917 1814 1237 1881 aproximis
1277 1817 1502 1888 despici,
1557 1821 1917 1894 dedignamur
1944 1824 2026 1879 in-
2054 1810 2532 1878 B-eeclesiasticas
2580 1816 2813 1887 resulas-
2866 1819 2982 1874 Non
3024 1831 3080 1876 et
3121 1821 3441 1889 Dominum.
3466 1839 3500 1878 ει
3529 1839 3650 1894 quo
3682 1833 3732 1880 ει

421 1895 599 1966 jurias
637 1901 790 1956 verbi
836 1903 1085 1959 tolerare.
1121 1905 1178 1962 Si
1209 1910 1491 1982 conlingat
1519 1912 1757 1984 iurgium
1790 1913 2024 1972 fortasse

427 2001 554 2046 cum
592 1993 863 2061 proximo,
890 1996 1265 2055 erubescimus
1307 2001 1518 2071 priores
1549 2003 1888 2062 satisfacere.
1914 2005 2023 2064 Cor

430 2080 632 2152 quippe
661 2084 902 2153 carnale,
929 2087 1057 2143 dum
1085 2090 1246 2162 hujus
1275 2092 1400 2148 vita:
1425 2093 1651 2165 gloriam
1675 2099 1891 2167 quaerit,
1917 2099 2020 2153 hu-

425 2171 713 2230 militatem
741 2178 947 2248 respuit
978 2198 991 2234 :
1016 2190 1074 2237 et
1100 2181 1422 2254 plerumque
1458 2187 1571 2256 ipse
1596 2187 1759 2245 homo
1799 2191 1888 2261 qui
1915 2192 2022 2248 ira-

429 2263 620 2332 scitur,
658 2266 1057 2327 discordantem
1115 2273 1217 2330 sibi
1253 2278 1594 2335 reconciliari
1643 2284 1870 2354 appetit,
1922 2287 2020 2343 sed

429 2354 509 2410 ire
562 2357 630 2412 ad
683 2359 1128 2420 satisfaciendum
1185 2368 1336 2436 prior
1369 2373 1664 2428 erubescit.
1721 2375 2018 2434 Pensemus

425 2445 570 2500 facta
594 2449 860 2516 veritatis,
886 2461 944 2507 ut
972 2454 1251 2514 videamus
1281 2473 1390 2530 quo
1410 2460 1632 2533 iaceant
1661 2475 1861 2522 nostrae
1888 2483 2016 2540 pra-

427 2539 611 2596 vitatis
667 2542 930 2600 aCtiones.
974 2545 1032 2602 Si
1087 2551 1231 2606 enim
1281 2554 1524 2612 membra
1577 2560 1774 2614 summi
1821 2563 2016 2632 capitis

421 2646 631 2699 sumus,
663 2635 865 2693 imitari
889 2653 1014 2696 eum
1045 2643 1130 2698 cui
1153 2647 1536 2703 connectimnr
1560 2651 1842 2708 debemus.
1873 2655 2013 2721 Quid

420 2740 659 2796 namque
708 2730 775 2784 ad
820 2741 1019 2790 nostrae
1057 2737 1396 2796 eruditionis
1454 2744 1761 2814 exemplum
1814 2747 2013 2805 Paulus

421 2820 673 2891 egregius
691 2824 1030 2892 praedicator
1045 2830 1182 2887 dicit
1203 2832 1225 2884 ?
1247 2830 1586 2892 ProCIm'slo
1607 2839 1866 2910 legatione
1888 2840 2012 2909 [un-

413 2911 610 2980 gimur,
660 2925 913 2986 tanquam
941 2920 1050 2976 Deo
1073 2924 1382 2981 exhortante
1422 2945 1515 2997 per
1543 2946 1637 2984 nos
1676 2931 2008 2988 obsecramus

409 3018 506 3070 pro
553 3001 810 3075 Christo,
855 3013 1271 3072 reconciliamini
1319 3018 1429 3073 Deo
1477 3019 1567 3092 (II
1593 3022 1716 3078 Cor.
1749 3026 1825 3094 ν).
1869 3025 2010 3082 Ecce

411 3095 557 3153 inter
593 3115 694 3156 nos
731 3111 788 3157 et
833 3104 1004 3160 Deum
1053 3106 1380 3165 discordiam
1428 3115 1707 3184 peccando
1753 3115 2001 3184 fecimus,

2125 1920 2229 1976 per
2258 1921 2419 1978 quem
2448 1909 2617 1981 coepit
2650 1911 3017 1982 episcopatus,
3051 1929 3219 1970 came
3259 1914 3361 1970 sibi
3386 1919 3730 1989 propinquos

2126 1997 2358 2070 legimus
2389 2001 2677 2059 ordinasse
2716 2005 3012 2076 apostolos.
3041 2005 3151 2063 Sed
3192 2008 3319 2064 licet
3350 2008 3405 2063 iu
3439 2019 3498 2064 te
3533 2021 3728 2082 nepote

2124 2108 2247 2150 meo
2271 2094 2479 2166 egerim
2506 2097 2649 2153 unde
2678 2112 2854 2170 gemo,
2887 2101 3012 2171 quia
3045 2103 3232 2159 nescio
3262 2102 3500 2174 qualiter
3532 2104 3602 2160 de
3631 2107 3724 2161 hoc

2122 2195 2178 2241 et
2225 2187 2291 2243 de
2319 2188 2442 2245 aliis
2472 2190 2610 2246 meis
2654 2192 2814 2248 factis
2837 2234 2852 2258 ,
2887 2194 3146 2250 terribilis
3181 2196 3234 2250 in
3279 2197 3532 2252 consiliis
3567 2213 3726 2271 super

2121 2277 2261 2335 ﬁlios
2289 2281 2574 2337 hominum
2600 2283 2655 2338 in
2683 2285 2895 2341 occulto
2913 2301 3010 2342 suo
3037 2287 3266 2358 iudicio,
3291 2289 3383 2359 qui
3427 2291 3618 2358 posuit
3648 2300 3722 2344 te-

2122 2373 2320 2429 nebras
2343 2374 2629 2432 latibulum
2659 2393 2816 2434 suum
2861 2381 3150 2452 disponat:
3182 2381 3297 2436 scio
3332 2392 3520 2437 tatnen
3549 2383 3722 2439 omni.

2116 2476 2392 2536 potentem
2461 2469 2785 2526 advocatum
2813 2512 2829 2539 ,
2895 2483 2951 2527 ct
3009 2474 3418 2530 misericordem
3480 2475 3719 2547 indicem

2116 2575 2319 2625 meum,
2353 2570 2481 2616 ante
2525 2577 2686 2632 quem
2727 2573 2808 2619 est
2839 2578 3002 2620 omne
3049 2565 3384 2622 desiderium
3419 2583 3628 2632 meum,
3665 2575 3719 2623 et

2115 2651 2198 2705 cui
2251 2653 2483 2722 gemitus
2532 2669 2688 2711 meus
2741 2670 2847 2710 non
2902 2664 2988 2712 cst
3039 2658 3414 2714 absconditus.
3461 2657 3523 2714 Si
3573 2660 3716 2714 enim

2111 2744 2426 2801 obaudieris
2469 2747 2673 2803 monita
2703 2749 2845 2804 beati
2878 2747 3026 2804 Pauli
3063 2748 3352 2806 Timotheo
3380 2766 3412 2806 a
3441 2767 3504 2807 se
3519 2753 3718 2823 iurene

2113 2833 2364 2890 ordinato
2417 2838 2676 2909 episcopo
2727 2839 2959 2906 directa,
3011 2849 3231 2897 etame
3279 2853 3390 2897 eta
3424 2853 3479 2897 te
3519 2858 3716 2913 oppro-

2108 2926 2287 2982 brium
2317 2936 2426 2985 tuae
2453 2929 2815 2986 ordinationis
2868 2932 3042 2999 tolles,
3076 2933 3131 2988 in
3185 2935 3388 3004 quibus
3439 2935 3587 2990 inter
3611 2948 3714 2990 ωε-

2110 3028 2228 3075 tera
2286 3020 2420 3077 dicit
2463 3039 2478 3076 :
2520 3019 2690 3077 Nemo
2752 3023 3164 3080 adolescentiam
3208 3034 3355 3080 tuam
3410 3034 3711 3081 contemnat

2109 3112 2194 3183 (11
2221 3112 2356 3169 Tim.
2388 3114 2504 3186 iV);
2537 3115 2594 3171 id
2644 3125 2748 3183 est,
2799 3115 2958 3172 talem
2985 3128 3061 3173 'te
3113 3118 3334 3184 exhibe,
3377 3130 3441 3175 ut
3488 3130 3709 3190 propter

409 3197 466 3245 et
494 3199 675 3249 tamen
705 3198 774 3251 ad
803 3213 904 3254 nos
943 3198 1090 3257 Dens
1115 3217 1245 3259 suos
1290 3203 1495 3276 legatos
1543 3210 1695 3279 prior
1743 3211 1911 3274 misit,
1943 3222 2002 3267 ιη
2030 3193 2074 3255 C
2106 3191 2283 3263 mus
2323 3207 2748 3266 adolescentiam
2801 3225 2966 3268 nemo
2994 3222 3046 3268 te
3087 3213 3558 3284 contemptibilem
3614 3213 3705 3267 ha-

409 3298 511 3375 nos
540 3285 640 3356 ipsi
683 3289 774 3357 qui
803 3293 1167 3362 peccavimus,
1203 3297 1271 3352 ad
1322 3314 1512 3369 pacem
1561 3302 1658 3357 Dei
1690 3305 1863 3375 rogati
1913 3319 2002 3360 ve-

407 3374 642 3432 niamus.
673 3377 973 3437 Erubescat
1024 3399 1162 3458 ergo
1200 3387 1436 3445 humana
1467 3393 1742 3462 superbia,
1767 3374 2000 3449 confun-

408 3465 570 3522 datur
589 3470 821 3541 quisque
884 3474 930 3529 si
995 3493 1108 3533 non
1155 3480 1456 3537 satisfaciat
1497 3485 1646 3553 prior
1704 3486 1996 3554 proximo,

403 3563 624 3634 quando
655 3576 779 3636 post
803 3567 1017 3641 culpam
1058 3582 1323 3642 nostram,
1361 3588 1420 3631 ut
1447 3577 1495 3631 ei
1533 3578 1872 3634 reconciliari
1903 3582 2000 3635 de.

402 3655 650 3723 beamus,
681 3671 736 3715 ct
759 3660 877 3732 ipse
897 3678 1115 3736 quoque
1148 3669 1240 3738 qui
1294 3668 1534 3726 oii‘cusus
1569 3679 1656 3727 est
1676 3671 1869 3744 legatis
1913 3673 1996 3729 in-

406 3749 839 3810 tervenientibus
862 3755 1308 3816 obsecrat'Deus.
1347 3782 1366 3814 ›

992 3873 1222 3932 CAPUT
1248 3877 1406 3933 XLII.

395 3958 791 4032 Deauferend'o
830 3981 864 4019 α
905 3964 1053 4054 nobis
1094 3965 1353 4091 ambobus
1386 3971 1663 4041 opprobrio
1728 3991 1762 4029 a
1806 3976 1989 4035 multis

1111 4055 1129 4090 ι
1177 4055 1283 4091 ao.
1351 4075 1356 4080 ι
1483 4065 1486 4068 ~
1547 4055 1552 4062 '
1905 4077 1908 4080 ~

1111 4055 1283 4093 muto.
1351 4075 1356 4080 η
1483 4065 1486 4068 ’
1547 4055 1552 4062 ’
1905 4077 1908 4080 ’

463 4123 636 4182 Aufer
660 4141 810 4199 ergo,
847 4127 1097 4188 faciendo
1116 4145 1247 4202 quae
1291 4131 1476 4200 debes,
1505 4143 1562 4189 et
1589 4148 1713 4205 qua:
1753 4144 1881 4208 opto
1923 4154 1988 4196 ac

388 4224 590 4282 oro,et
618 4217 828 4274 utinam
869 4219 1078 4292 dignus
1123 4222 1368 4280 exaudiri
1402 4223 1648 4293 fuissem,
1678 4241 1709 4281 a
1735 4243 1824 4288 me
1871 4238 1928 4285 et
1953 4245 1985 4287 ι

390 4317 446 4364 te
471 4309 838 4400 opprobrium
876 4316 1021 4384 quod
1050 4314 1199 4372 mihi
1225 4331 1258 4371 a
1283 4317 1802 4402 multis‘reputalur,
1850 4323 1982 4394 quia

392 4399 583 4465 talem,
609 4402 750 4460 sicut
779 4411 842 4461 et-
878 4409 1070 4463 contra
1109 4409 1304 4465 divina:
1343 4399 1703 4470 ordinationis
1743 4415 1981 4488 disposi~
2014 4439 2018 4446 ν

389 4491 707 4562 tionem,~et
733 4507 924 4555 contra
951 4514 1173 4573 regem,
1205 4511 1259 4558 et
1290 4515 1419 4577 erga
1469 4517 1577 4571 me;
1606 4511 1666 4563 et
1713 4521 1844 4580 erga
1873 4509 1978 4566 Ec-
2003 4535 2051 4590 ,μ
2073 4533 2116 4590 ιι
2173 4533 2177 4536 ·

385 4581 752 4644 electam-ubi
783 4591 1152 4660 commissam,
1182 4602 1238 4650 et
1263 4573 1390 4665 erga
1438 4595 1706 4654 nlui-imos
1730 4573 1866 4655 alios
1893 4600 1974 4655 er-
1998 4573 2056 4642 Ῑ)

378 4674 558 4734 fectus
586 4689 682 4746 tes,
733 4679 1047 4752 episcopum
1066 4699 1072 4720 -=
1093 4685 1484 4742 ordlnanlm.’
1500 4707 1503 4716 ι
1517 4687 1650 4744 Sed
1663 4703 1666 4720 ε
1680 4689 1790 4760 qui
1821 4691 1984 4747 mihi

381 4769 818 4844 reputant-,-
832 4781 949 4830 non
969 4778 1308 4844 "attendunt,
1328 4779 1502 4849 'zquin:
1515 4793 1638 4836 non
1656 4788 1738 4834 :ut
1773 4780 1974 4838 ludam
2013 4805 2036 4822 -ι

378 4864 616 4925 electum
641 4881 646 4896 ε
664 4869 932 4941 praesenti?
946 4878 950 4888 '
965 4865 1198 4938 iustitia;
1218 4879 1222 4902 '
1247 4879 1304 4928 et
1320 4881 1414 4928 I-ut
1433 4887 1571 4946 «per
1591 4877 1738 4930 lenm
1753 4897 1768 4905 -
1786 4874 1972 4932 divina

381 4958 682 5032 disposiutr-
692 4959 1047 5034 Mercatura
1065 4963 1417 5036 iApostolmu;
1431 4971 1436 5006 F
1452 4960 1686 5024 simitiet
1725 4966 1856 5029 Sani
1884 4983 1972 5025 res
2033 4995 2036 4998 ~

381 5047 1364 5131 “"‘WWWWWMW
1381 5055 1766 5133 minimest
1794 5075 1816 5119 ξι
1837 5061 1972 5119 Erat
2010 5063 2036 5098 =-

375 5135 678 5203 ἡγνευκέναι
722 5141 1003 5218 avitam;
1032 5147 1226 5209 critica
1253 5164 1368 5211 mi
1395 5155 1476 5210 air
1511 5157 1759 5227 de"=ﬁliis
1794 5150 2013 5214 tuaer

376 5227 767 5310 -ιωιίδὼεᾱα-(ι
795 5233 1669 5316 ηεριιῖὲιμιιῡοιιεισιηηὴπεοὶὸηε
1693 5253 1968 5320 ρει-ιριτμ
2001 5263 2030 5280 ιι

376 5324 684 5376 ῩῘΜΙΕἌΜ
697 5324 990 5376 ἥνιίῐηιηίί
1023 5326 1380 5376 “inmundum
1403 5329 1820 5376 Andruhlaamw:
1845 5345 1976 5376 ninnu
2012 5359 2018 5376 ι

2106 3299 2253 3365 beat,
2286 3301 2412 3370 quia
2458 3302 2615 3373 cujus
2660 3302 2772 3358 vita
2817 3302 3138 3376 despicitur,
3170 3315 3344 3361 restat
3375 3313 3436 3360 ut
3462 3315 3520 3360 et
3552 3320 3698 3375 prat-

2105 3391 2306 3448 dieatio
2351 3404 2752 3450 contemnatur.
2785 3393 2844 3451 Si
2870 3397 3012 3463 haec,
3042 3394 3235 3464 frater,
3269 3397 3368 3452 tibi
3417 3397 3474 3451 in
3517 3398 3694 3468 aliquo

2105 3484 2239 3539 dura
2293 3487 2441 3552 sunt,
2473 3501 2596 3558 quas
2650 3503 2757 3544 non
2796 3497 2923 3544 sunt
2973 3489 3120 3546 dicta
3170 3503 3234 3544 ea
3285 3489 3696 3554 intentionc,nt

2104 3578 2266 3632 velim
2299 3579 2466 3649 quod
2491 3580 2634 3637 absit
2677 3581 2730 3637 in
2755 3581 2938 3652 aliquo
2979 3593 3130 3638 tuam
3156 3584 3588 3647 damnationem,
3612 3583 3692 3636 rei

2099 3670 2610 3742 dehonorationem,
2648 3675 2756 3732 sed
2812 3676 2994 3745 potius
3023 3675 3254 3731 salutem
3301 3683 3359 3730 et
3405 3676 3691 3731 correctio-

2096 3779 2244 3833 nem,
2287 3768 2508 3825 attende
2561 3771 2709 3841 quia,
2756 3779 2817 3826 ut
2851 3771 3044 3827 beatus
3075 3771 3208 3826 dicit
3235 3770 3564 3843 Gregorius,
3601 3785 3688 3842 per

2095 3874 2340 3917 amarum
2389 3863 2639 3933 poculum
2687 3863 3042 3922 confectio’nis
3095 3865 3416 3935 pervenitur
3467 3866 3538 3920 ad
3613 3863 3686 3920 el-

2092 3951 2296 4009 fectum
2336 3963 2536 4026 optatae
2579 3954 2793 4012 salutis.
2828 3956 2897 4012 Et
2947 3955 3212 4012 Salomon
3247 3956 3384 4012 dicit
3418 3974 3433 4012 :
3468 3956 3684 4013 Meliora

2093 4055 2215 4100 sunt
2265 4045 2715 4115 uulnera‘amici,
2763 4065 2922 4120 quam
2977 4050 3200 4104 odientis
3247 4051 3457 4105 inimici
3513 4052 3683 4106 oscula

2090 4135 2274 4207 (Prov.
2305 4139 2497 4211 xxvu).
2561 4139 2628 4196 Et
2682 4141 2946 4198 Dominus
2999 4142 3173 4197 dicit:
3210 4141 3326 4215 Ego
3380 4155 3518 4213 quos
3549 4162 3681 4212 amo,

2087 4247 2252 4302 arguo
2275 4243 2322 4287 et
2352 4234 2550 4306 castigo
2595 4236 2780 4306 (Apoc.
2806 4238 2930 4308 in);
2963 4245 3018 4294 et
3051 4254 3064 4291 :
3093 4237 3261 4303 Quem
3285 4238 3464 4310 diligit
3508 4239 3679 4294 Domi-

2085 4341 2206 4391 nus,
2257 4325 2519 4396 Corripit:
2547 4327 2780 4399 ﬂagellat
2823 4339 2998 4385 autem
3045 4345 3252 4386 onmem
3312 4332 3489 4401 ﬁlium
3536 4349 3676 4405 quem

2087 4415 2269 4486 recipit
2301 4414 2462 4487 (ﬂeo.
2495 4419 2619 4490 xu).
2969 4437 2990 4446 -~
3561 4441 3564 4444 .

2631 4525 2885 4624 “CAPUT
2918 4529 3168 4626 xuu.’

2083 4641 2491 4728 De'sacrarum
2520 4643 2919 4728 Scripturarum
2968 4650 3283 4728 infectique,
3331 4663 3383 4707 et
3436 4670 3684 4728 responso.

2155 4715 2270 4786 ejus
2300 4711 2371 4770 ad
2399 4711 2602 4772 litteras
2631 4711 2981 4776 ilel'Nevino.‘
3005 4720 3112 4787 Qui
3138 4711 3369 4778 canones
3401 4711 3663 4779 sint'reri-

2188 4787 2365 4863 iendi,
2415 4797 2464 4863 et
2494 4790 2560 4843 de
2596 4790 2858 4863 imperitia
2903 4801 2954 4846 et
2990 4793 3253 4863 iactantia
3285 4795 3552 4863 ejusdem.
3604 4795 3674 4848 tle
3715 4817 3718 4842 :

2188 4803 2365 4852 leuat,
2415 4803 2464 4842 et
2494 4803 2560 4843 ae
2596 4803 2858 4860 imperum
2903 4803 2954 4846 et
2990 4803 3253 4863 iactantia
3285 4803 3552 4863 ejusdem.
3604 4803 3674 4848 lle

2150 4803 2398 4931 Semita
2420 4861 2564 4928 item,
2589 4871 2635 4914 et
2668 4861 2817 4934 tleeo
2850 4864 2991 4934 quod
3019 4879 3158 4934 sape
3179 4863 3338 4934 illum
3367 4868 3690 4928 admonuit“

2144 4973 2467 5046 Perplures
2481 4977 2727 5048 denique
2748 4979 2909 5036 audio
2941 4990 2994 5036 te
3019 4982 3169 5053 apud“
3184 4981 3390 5040 Multos
3411 4992 3508 5040 me
3525 4983 3658 5040 infa-

2077 5077 2284 5132 tuam,
2309 5068 2583 5138 Quoniam:
2609 5083 2812 5126 sacras
2827 5071 3164 5144 Scripturas'
3184 5075 3333 5132 enica
3343 5086 3396 5131 m
3419 5075 3657 5134 ‘dotrun-
3713 5105 3720 5118 ι

2075 5171 2234 5224 care,
2265 5160 2410 5213 etvad
2443 5173 2624 5215 meum
2667 5173 2888 5218 sensum
2916 5165 3210 5222 inﬂectere.
3261 5166 3423 5235 Quod
3470 5177 3532 5225 ut
3565 5186 3655 5243 pro

2075 5259 2225 5306 certo
2251 5253 2427 5310 adhuc
2453 5253 2621 5312 credo
2647 5271 2748 5313 nec
2775 5259 2828 5313 in
2858 5261 3117 5318 nno'loco
3140 5273 3227 5318 me
3251 5265 3483 5335 egisse,
3502 5269 3548 5322 si
3580 5273 3700 5322 ta-*'

2074 5343 2331 5376 manilann
2361 5346 2501 5376 mnna'
2529 5341 2863 5376 ὥδευήΑΙλ-ιί

2871 5353 3214 5376 κΑΑ-...ΑΙΗ-..Α
3309 5370 3330 5376 Α
