3948 5376
536 391 643 448 445

1493 387 1823 446 HINCMARI
1861 385 2252 448 RHEMBNSIS
2287 387 2803 446 ARCHIEPISCOPI

3729 399 3824 454 444

543 506 828 579 spondere.
854 503 1120 564 Caeterum
1148 506 1317 563 isdem
1347 513 1559 563 aetatem
1591 506 1772 571 habet,
1823 505 1938 575 ipse
1974 505 2039 560 de
2064 517 2122 562 se
2149 506 2196 572 Α
2225 503 2294 558 Ει
2336 519 2457 559 cum
2490 505 2870 562 ministeriales
2912 507 3081 563 nostri
3136 509 3302 578 ipsam
3336 512 3822 569 sanctimonialem

541 602 812 670 loquatur.
843 601 910 656 Et
949 601 995 658 si
1025 599 1264 672 legaliter
1305 615 1368 658 ac
1396 600 1716 673 regulariter
1748 615 1833 656 me
1861 614 2119 656 accusare

543 696 792 762 voluerit,
818 704 913 750 aut
936 694 1003 750 de
1023 695 1622 761 excommunicationis,
1667 704 1761 749 aut
1797 680 2119 751 de'collabo-

545 790 786 853 rationis,
831 795 923 842 aut
968 788 1036 846 de
1064 789 1286 846 alterius
1330 788 1592 860 cujusque
1643 791 1722 847 rei
1783 790 2115 862 praejudicio,

544 881 800 935 rationem
833 879 955 935 inde
983 881 1033 936 ei
1079 881 1303 938 reddere
1332 898 1438 937 non
1483 897 1694 939 recuso.
1741 882 1909 940 Nemo
1937 893 2118 940 tamen

540 980 718 1042 potest
745 986 830 1028 me
859 974 1000 1041 apud
1033 981 1084 1028 te
1125 974 1441 1045 regulariter
1475 989 1746 1039 accusare,
1777 993 1878 1031 nec
1901 977 1968 1031 de
1995 993 2119 1032 meo

533 1061 738 1133 judicio
767 1065 831 1118 ad
861 1072 1008 1120 tuum
1035 1063 1298 1133 judicium
1341 1082 1656 1137 provocare,
1693 1084 1792 1123 nec
1818 1068 2120 1124 sollicitudo

538 1156 706 1211 totius
730 1155 1051 1216 Rbemensis
1080 1159 1369 1229 provincia:
1410 1175 1532 1214 cum
1572 1175 1690 1215 mea
1737 1161 1992 1230 parochia
2037 1171 2120 1217 est

539 1245 635 1302 tibi
671 1245 978 1312 commissa,
1001 1257 1060 1303 ut
1089 1247 1212 1304 inde
1236 1249 1466 1320 amplius
1491 1250 1587 1305 tibi
1630 1252 1856 1307 reddere
1894 1252 2118 1307 debeam

540 1340 837 1407 rationem,
888 1342 990 1396 nisi
1049 1351 1106 1397 ut
1158 1342 1254 1397 tibi
1313 1345 1552 1400 scribere
1602 1345 1803 1400 studui.
1862 1343 2119 1400 Scrutare

539 1433 819 1503 epistolam
845 1435 990 1491 beati
1027 1436 1313 1507 Augustini
1359 1438 1426 1492 ad
1475 1437 1801 1508 Xantippum
1833 1438 2116 1507 primatem

539 1541 716 1591 suum,
750 1542 911 1597 quam
937 1530 1332 1599 suprapositam
1367 1528 1543 1599 legere
1570 1529 1850 1600 praevales,
1887 1539 1941 1584 et
1971 1530 2114 1584 inve-

539 1617 654 1671 nies
687 1625 740 1674 te
779 1619 976 1674 debere
1024 1620 1154 1674 mihi
1189 1621 1256 1675 de
1289 1621 1396 1676 tuis
1435 1619 1655 1690 jndiciis
1683 1622 1906 1678 reddere
1956 1622 2120 1678 ratio-

538 1725 661 1765 nem
692 1729 704 1764 :
743 1720 796 1767 et
830 1712 875 1767 si
907 1713 970 1767 de
998 1722 1086 1770 tuo
1123 1711 1327 1782 judicio
1357 1715 1640 1785 quisquam
1669 1716 1736 1770 ad
1765 1730 1941 1771 meum
1977 1715 2120 1785 judi-

541 1807 682 1859 cium
727 1808 1132 1876 provocaverit,
1173 1823 1272 1878 ego
1301 1808 1468 1863 debeo
1510 1808 1633 1862 inde
1663 1809 1944 1863 veritatem
1975 1808 2119 1864 inve-

2220 606 2503 668 cmperunt
2532 601 2828 670 requirere,
2859 616 2957 672 per
2977 602 3193 658 eosdem
3223 619 3350 659 suos
3375 605 3641 660 homines
3684 607 3820 662 illam

2219 689 2276 745 in
2302 688 2734 748 Calmontensem
2765 693 2956 749 deduci
2986 694 3131 749 fecit.
3160 696 3234 751 De
3253 696 3475 767 placitis
3502 705 3705 752 autem
3729 700 3819 756 sibi

2219 798 2250 839 a
2280 799 2366 840 me
2387 785 2529 842 datis
2559 796 2689 857 quot
2715 795 2770 843 et
2789 789 2978 859 quanti
3016 790 3176 860 apatii
3211 789 3438 856 fuerint,
3475 794 3746 848 canonici
3775 805 3819 850 et

2220 878 2761 945 monachi,etfideles
2784 895 2846 937 ac
2872 881 3081 937 nobiles
3112 882 3257 948 laici,
3289 899 3354 939 ac
3380 884 3714 956 presbyteri
3745 903 3818 956 pa-

2220 967 2461 1024 rochiani
2488 981 2841 1041 cognoscunt,
2861 972 2914 1026 in
2937 986 3164 1042 quorum
3191 975 3487 1046 praesentia
3505 983 3564 1031 et
3588 993 3813 1046 quorum

2219 1057 2444 1113 consilio
2467 1059 2590 1114 inde
2621 1061 2728 1132 egi,
2772 1077 2890 1131 qua:
2915 1064 3210 1120 secundum
3245 1065 3464 1137 regulas
3507 1083 3714 1122 sacras
3743 1069 3814 1123 in-

2218 1151 2360 1206 veni.
2397 1152 2471 1207 De
2491 1168 2556 1208 eo
2581 1168 2710 1208 vero
2747 1154 2888 1224 quod
2945 1156 3096 1220 dicis,
3144 1173 3231 1212 me
3277 1159 3345 1214 ab
3397 1159 3496 1214 illo
3547 1162 3809 1230 quaesisse

2219 1242 2454 1312 qualiter
2479 1244 2677 1299 famam
2707 1261 2859 1301 suam
2886 1257 3162 1318 purgaret,
3187 1264 3293 1304 non
3320 1250 3445 1306 ideo
3472 1250 3548 1306 ab
3578 1267 3654 1306 eo
3687 1269 3813 1323 qua:-

2219 1336 2343 1401 sivi,
2371 1344 2561 1392 utnon
2591 1338 2788 1394 scirem
2820 1341 2943 1410 quia
2976 1341 3077 1396 hoc
3109 1357 3268 1412 agere
3307 1359 3416 1398 non
3454 1351 3702 1414 poterat.
3737 1349 3816 1399 sed

2219 1437 2280 1483 ut
2306 1428 2388 1484 vel
2437 1429 2509 1484 ita
2560 1445 2684 1485 eum
2738 1432 2805 1486 ad
2859 1432 3254 1488 confessionem
3305 1442 3361 1488 et
3413 1435 3812 1504 paenitentiam,

2220 1530 2384 1592 atque
2443 1531 2566 1591 post
2624 1523 2692 1577 ad
2750 1523 3141 1595 indulgentiam
3193 1540 3411 1596 possem
3469 1529 3810 1598 compellere,

2221 1631 2381 1685 quem
2404 1617 2769 1671 voluntarium
2802 1618 2870 1672 ad
2899 1632 2961 1673 ea
3002 1633 3110 1672 non
3157 1627 3404 1689 poteram
3454 1635 3763 1690 provocare
3799 1638 3812 1673 :

2221 1718 2275 1763 et
2303 1724 2368 1764 eo
2397 1725 2567 1780 usque
2600 1709 2750 1764 illum
2784 1709 3106 1779 perduxi,ut
3128 1710 3170 1765 si
3199 1711 3412 1781 prrefati
3438 1713 3523 1767 sui
3550 1713 3811 1776 homines,

2221 1800 2344 1871 quia
2396 1816 2502 1856 non
2556 1801 2736 1856 liberae
2789 1803 3114 1858 conditionis
3165 1811 3312 1867 sunt,
3367 1812 3465 1858 aut
3511 1820 3645 1859 cum
3688 1821 3812 1876 aqua

539 1900 762 1970 stigare,
805 1909 860 1955 et
885 1901 1093 1972 singula
1128 1917 1355 1972 quaeque
1393 1901 1651 1974 canonice
1680 1901 1994 1956 terminare.
2041 1900 2118 1955 Tu
2155 1885 2199 1946 Β
2224 1895 2418 1959 calida,
2451 1905 2544 1949 aut
2574 1912 2695 1950 cum
2736 1911 2874 1966 aqua
2903 1894 3118 1966 frigida.
3145 1897 3270 1952 inde
3299 1897 3366 1953 ad
3394 1898 3678 1967 inditi“!!!
3725 1897 3812 1954 θεῖ

540 2003 740 2058 autem,
775 1995 989 2063 quando
1015 1996 1129 2050 haec
1159 1995 1353 2049 audisti
1388 2011 1506 2065 quae
1551 1995 1683 2048 mihi
1734 2003 1857 2064 post
1909 1993 2119 2048 litteras

541 2101 691 2145 meas
723 2086 815 2142 tibi
857 2087 980 2141 inde
1022 2087 1258 2143 directas
1303 2089 1655 2158 rescripsisti,
1694 2089 1958 2143 debueras
1989 2087 2121 2141 mihi

541 2187 633 2232 aut
660 2178 938 2234 humiliter
965 2195 1254 2251 suggerere
1277 2196 1396 2249 qua}
1426 2181 1548 2235 inde
1584 2181 1800 2246 audisti,
1837 2190 1895 2236 ut
1927 2180 1972 2235 si
2001 2195 2122 2249 per-

513 2283 670 2344 .pcre
713 2268 835 2324 inde
865 2279 1044 2324 actum
1089 2272 1366 2338 haberem,
1403 2273 1678 2344 corrigere
1731 2288 2117 2343 procurarent:

540 2359 622 2414 sin
649 2369 847 2425 autem,
875 2360 1109 2416 fraterna
1143 2379 1206 2417 ac
1234 2373 1456 2434 paterna
1477 2365 1812 2436 benignitate
1839 2365 2124 2420 veritatem

542 2450 666 2506 inde
694 2460 797 2507 ture
816 2451 962 2507 liliali
994 2453 1268 2509 dilectioni
1301 2456 1676 2522 rescriberem,
1706 2457 1849 2526 quod
1892 2467 1944 2511 et
1974 2456 2122 2512 face-

541 2557 629 2596 res
657 2541 703 2596 si
738 2543 876 2612 apud
907 2551 956 2597 te
975 2543 1204 2599 humilis
1233 2561 1402 2613 esses,
1441 2555 1494 2602 et
1523 2563 1649 2618 erga
1692 2562 1776 2600 me
1801 2548 2123 2602 ebaritatem

541 2631 788 2688 haberes.
808 2630 1191 2690 Verumtamen
1220 2650 1317 2704 pro
1345 2637 1560 2692 modulo
1593 2652 1713 2692 meo
1741 2645 1957 2693 secutus
1982 2637 2125 2692 beati

540 2724 765 2794 apostoli
798 2724 945 2780 Petri
967 2727 1290 2796 exemplum,
1338 2729 1429 2804 qui
1470 2730 1632 2784 etiam
1665 2729 1963 2786 minoribus
2015 2729 2127 2786 suis

541 2817 907 2885 quaerentibus
939 2833 1034 2871 cur
1065 2820 1130 2873 ad
1157 2817 1397 2874 Gentiles
1427 2821 1702 2886 intrasset,
1736 2821 1998 2877 rationem
2030 2836 2127 2892 per

540 2906 786 2961 ordinem
821 2909 1075 2975 reddidit,
1104 2917 1159 2965 et
1185 2918 1349 2966 testes
1373 2927 1480 2966 suae
1508 2913 1703 2967 rationi
1731 2912 1995 2978 adhibuit,
2026 2913 2124 2970 ho-

542 3013 671 3054 num
702 2998 869 3064 duco,
908 3015 1228 3072 quocunque
1259 3002 1418 3056 modo
1467 3011 1520 3056 tu
1555 3003 1687 3058 mihi
1735 3018 1800 3058 ea
1849 3019 1967 3074 qua:
1995 3003 2128 3058 scri—

540 3091 696 3161 psisti
724 3093 1086 3158 mandaveris,
1118 3101 1177 3148 ut
1206 3093 1399 3149 iterato
1426 3110 1543 3164 quze
1572 3095 1696 3148 inde
1719 3104 1844 3150 sunt
1871 3110 1999 3152 vera
2032 3094 2125 3149 tibi

541 3183 857 3240 rescribam.
883 3184 1140 3242 Videlicet
1164 3186 1309 3258 quia,
1331 3197 1390 3241 ut
1413 3187 1700 3257 scripsisti,
1733 3187 1932 3243 nullius
1961 3203 2126 3257 prava

2222 1985 2453 2050 exirent,
2485 1986 2612 2056 quid
2647 1986 2771 2041 inde
2800 1986 2940 2042 Deus
2970 1987 3279 2042 ostenderet
3331 1988 3469 2042 mihi
3524 1988 3806 2044 sutﬁceret.

2223 2077 2288 2133 Et
2313 2092 2512 2133 cumse
2538 2078 2747 2132 ratione
2771 2078 3074 2133 convictum
3104 2089 3267 2148 atque
3282 2079 3655 2134 constrictum
3673 2080 3809 2145 vidit,

2225 2167 2276 2222 in
2310 2167 2712 2222 contumaciam
2744 2176 2798 2223 et
2817 2168 3175 2224 contumelias
3204 2169 3478 2240 prosilivit
3514 2187 3530 2224 :
3565 2171 3656 2225 cui
3694 2170 3808 2235 disi,

2225 2258 2367 2330 quod
2395 2259 2497 2314 nisi
2529 2268 2624 2314 aut
2647 2260 3020 2326 confiteretur,
3045 2270 3136 2315 aut
3163 2261 3514 2318 satisfaceret
3543 2262 3804 2333 path

2226 2365 2360 2406 mea:
2382 2351 2527 2406 unde
2553 2350 2917 2406 infamabatur
2937 2393 2950 2416 ,
2978 2352 3092 2422 ipse
3117 2361 3170 2407 et
3203 2352 3276 2408 illi
3309 2355 3394 2408 sui
3427 2354 3709 2416 homines,
3733 2355 3810 2424 qui

2226 2444 2470 2499 eamdem
2500 2445 2966 2500 sanctimonialem
2999 2460 3120 2500 cum
3162 2461 3226 2501 eo
3270 2446 3434 2502 furati
3484 2446 3739 2512 fuerant,
3766 2448 3811 2502 in

2227 2551 2346 2592 mea
2374 2537 2628 2606 parochia
2658 2535 2905 2592 habitare
2931 2551 3039 2593 non
3070 2547 3319 2609 possent,
3355 2546 3409 2593 et
3440 2539 3813 2610 progrediente

2228 2628 2321 2683 illo
2347 2629 2413 2683 ad
2441 2628 2798 2684 contumelias
2827 2637 2990 2701 atque
3043 2630 3364 2698 calumnias,
3405 2634 3539 2703 quia
3589 2636 3656 2688 de
3701 2647 3813 2688 mea

2228 2719 2510 2790 parochia,
2538 2718 2624 2773 vel
2651 2718 2718 2774 de
2750 2733 2868 2774 mea
2917 2721 3194 2790 provincia
3238 2736 3346 2776 non
3385 2731 3531 2788 erat,
3557 2733 3613 2777 et
3654 2739 3741 2778 res
3769 2735 3814 2778 et

2230 2811 2498 2882 mancipia
2528 2811 2582 2865 in
2612 2825 2780 2881 regno
2809 2813 3042 2869 senioris
3069 2814 3236 2869 nostri
3268 2830 3376 2869 non
3420 2817 3667 2871 habebat
3687 2859 3703 2882 ,
3731 2833 3812 2887 per

2231 2919 2352 2974 quae
2411 2904 2559 2958 illum
2615 2905 2998 2976 constringere
3047 2905 3113 2960 ad
3170 2905 3503 2961 reddendam
3554 2909 3809 2962 rationem

2230 2996 2488 3063 valerem,
2520 3006 2573 3053 et
2600 3014 2699 3068 per
2730 2997 3051 3054 beneﬁcium
3076 2997 3158 3052 vel
3197 3013 3294 3069 per
3337 3000 3622 3070 peculiare
3654 3003 3810 3055 notuit

2233 3091 2504 3146 sustinere
2533 3091 2803 3163 distringi,
2834 3092 3299 3148 exeommunicavi
3325 3093 3476 3150 illum
3507 3111 3536 3150 a
3567 3111 3688 3151 mea
3731 3113 3813 3168 pa-

2233 3182 2442 3237 rochia.
2476 3182 2630 3250 Quod
2663 3185 2817 3248 dicis,
2843 3194 3043 3254 oportet
3076 3185 3374 3256 episcopum
3407 3190 3653 3244 omnibus
3700 3192 3810 3244 bene

541 3275 626 3330 vel
653 3277 906 3331 mendosa
940 3255 1281 3348 suggestione
1328 3277 1401 3332 illi
1451 3293 1512 3332 ea
1545 3279 1610 3332 de
1653 3280 1848 3348 quibus
1878 3277 2122 3358 diffama-
2155 3255 2200 3319 ε
2233 3277 2424 3348 facere,
2453 3295 2630 3332 omnes
2653 3278 2876 3348 recipere
2898 3278 3098 3347 ﬁdeles,
3128 3294 3318 3334 verum
3368 3289 3478 3346 est,
3515 3293 3572 3336 et
3616 3284 3805 3338 utinam

544 3374 630 3430 tus
657 3378 740 3423 est
788 3369 1066 3439 imputavi,
1101 3385 1199 3435 nec
1228 3370 1293 3424 ad
1323 3372 1819 3441 eomprobationem
1865 3373 1948 3427 sui
2004 3387 2125 3428 see-

542 3457 672 3514 leris
697 3460 924 3517 testibus
943 3476 1107 3517 causa
1125 3462 1370 3533 indiguit,
1387 3464 1512 3532 quia
1539 3463 1679 3518 sicut
1705 3464 1817 3532 ipse
1840 3464 2123 3532 scripsisti,

544 3553 744 3623 negotii
777 3552 1008 3622 qualitas
1033 3569 1470 3624 unumquemque
1499 3563 1593 3609 aut
1628 3563 1872 3620 excusat,
1918 3564 2010 3609 aut
2036 3571 2128 3612 ac-

545 3654 721 3700 cusat.
757 3645 909 3701 Unde
936 3657 991 3702 et
1037 3647 1295 3703 Dominus
1318 3648 1384 3702 de
1411 3662 1475 3702 eo
1504 3648 1646 3716 quod
1697 3648 1915 3716 quidam
1951 3657 2127 3718 pater-

545 3736 776 3794 familias
821 3740 912 3807 ei,
961 3741 1051 3811 qui
1101 3743 1242 3812 apud
1299 3755 1422 3796 eum
1475 3742 1786 3797 diffamatus
1843 3750 1930 3796 est
1973 3742 2128 3813 quasi

447 3849 452 3852 ·
545 3829 859 3902 dissipasset
885 3833 1021 3890 bona
1055 3834 1213 3901 illius,
1247 3835 1382 3890 dixit
1409 3853 1422 3888 :
1453 3835 1592 3901 Quid
1634 3837 1729 3890 hoc
1757 3835 1914 3890 audio
1942 3835 2005 3890 de
2036 3845 2083 3890 te
2104 3836 2130 3890 .9

543 3923 701 3979 redde
732 3927 984 3978 rationem
1025 3926 1356 3984 villicatiom’s
1387 3936 1491 3980 tua:
1523 3927 1677 3998 (Luc.
1710 3927 1843 3998 xw).
1872 3927 1939 3982 Et
1967 3942 2126 3997 supra

546 4013 874 4070 sufﬁcienter
904 4015 1071 4074 habes
1102 4017 1156 4069 in
1185 4018 1380 4084 quibus
1405 4019 1634 4087 negotiis
1678 4027 1844 4072 testes
1887 4018 2130 4089 legaliter

548 4113 711 4174 atque
751 4103 1073 4172 regulariter
1101 4107 1398 4162 examinati
1429 4109 1742 4178 requirendi
1793 4118 1940 4175 sunt,
1971 4119 2026 4164 et
2073 4110 2127 4163 in

549 4198 747 4268 quibus
772 4197 1004 4269 negotiis
1034 4199 1172 4254 ratio
1199 4214 1306 4256 non
1347 4199 1587 4269 indigeat
1611 4201 1857 4256 testibus.
1904 4200 2127 4256 Manife-

497 4275 502 4279 ’
548 4299 692 4356 stum
712 4298 794 4345 est
821 4289 965 4344 enim
995 4299 1047 4346 et
1074 4290 1434 4362 presbyteris,
1463 4301 1518 4346 et
1539 4291 1659 4346 aliis
1686 4290 1919 4358 clericis,
1945 4300 2000 4346 et
2026 4293 2126 4347 lai-

527 4380 647 4450 tc‘is,
680 4396 742 4436 ac
775 4380 1006 4448 feminis,
1043 4391 1098 4437 et
1136 4382 1424 4447 nobilibus,
1480 4391 1536 4437 et
1573 4382 1783 4439 villanis
1841 4383 1894 4438 in
1942 4393 2128 4440 nostra

545 4473 786 4552 civitate,
818 4477 942 4547 quia
970 4477 1456 4545 sanctimonialem,
1501 4480 1568 4535 de
1604 4493 1710 4548 qua
1765 4479 1861 4534 tibi
1912 4479 2123 4551 scripsi,

529 4565 615 4624 ab
648 4567 870 4622 infantia
907 4569 961 4622 in
991 4569 1322 4626 monasterio
1366 4570 1476 4626 Deo
1503 4571 1757 4638 dicatam,
1792 4580 1848 4626 et
1872 4587 1901 4626 a
1943 4587 2127 4627 sacer-

528 4654 669 4713 .dote
718 4659 971 4724 velatam,
1032 4661 1286 4732 clanculo
1305 4661 1456 4734 prius
1501 4663 1568 4718 de
1620 4647 1737 4734 ipso
1795 4663 2144 4722 monasterio

545 4745 796 4813 furatam,
830 4749 884 4803 in
918 4752 1197 4812 mansione
1226 4753 1278 4807 in
1313 4769 1416 4823 qua
1466 4757 1718 4816 manebat
1755 4755 1894 4826 apud
1935 4757 2123 4811 hortos

541 4857 639 4913 per
666 4844 927 4914 plurimas
955 4856 1140 4902 noctes
1186 4845 1390 4914 habuit,
1436 4848 1810 4906 consentiente
1859 4848 2121 4917 por-tario,

545 4931 698 5005 cujus
727 4935 958 5012 factione
986 4936 1102 5006 ipsa
1124 4927 1501 5008 egrediebatur
1531 4941 1972 5012 demonasterio,
2011 4949 2064 4995 et
2089 4957 2119 4994 a

543 5025 720 5083 Niviui
745 5013 1054 5098 hominibus
1082 5025 1450 5105 abducebatur
1481 5049 1494 5096 ς
1535 5019 1595 5094 in
1647 5047 1756 5100 quo
1787 5031 2121 5108 monasterio

545 5120 661 5192 ipsa
692 5121 1117 5202 sanctimonialis
1154 5121 1474 5190 regulariter
1504 5120 1626 5176 inde
1655 5131 1738 5177 est
1765 5121 2120 5194 disciplinata.

546 5201 888 5286 Quapropter
918 5231 1039 5270 cum
1073 5215 1216 5280 fama
1243 5230 1562 5294 excrescere
1594 5213 1779 5284 coepit,
1825 5223 1880 5268 et
1924 5229 2029 5286 ego.
2059 5215 2126 5270 ad

581 5304 591 5315 ι
637 5302 668 5316 ο,
1053 5308 1062 5316 .
1096 5309 1106 5316 .
1259 5307 1269 5316 ι
1386 5307 1396 5316 ι
1434 5306 1444 5316 ι
1675 5307 1684 5316 ι
1766 5307 1915 5326 ,7N--
1980 5304 2096 5326 ῘΪΤ-1

2155 4624 2206 4682 D

2233 3371 2306 3427 ita
2338 3372 2526 3427 facias.
2559 3373 2665 3428 Sed
2691 3373 2850 3428 aliter
2885 3374 3048 3428 vicini
3084 3383 3138 3429 et
3161 3375 3483 3445 parochiani
3535 3374 3616 3430 tui
3661 3375 3726 3429 de
3768 3383 3808 3427 te

2231 3464 2433 3526 dicunt,
2466 3474 2520 3520 et
2550 3466 2643 3520 tibi
2669 3465 2983 3536 specialiter
3016 3466 3289 3521 commissi
3338 3465 3506 3521 aliter
3555 3467 3804 3522 sentiunt

2231 3556 2497 3612 Caeterum
2527 3558 2593 3612 de
2615 3559 2700 3613 his
2721 3574 2842 3629 quas
2872 3558 2965 3613 tibi
2995 3559 3244 3613 mandavi
3274 3573 3342 3613 ex
3371 3568 3426 3613 te
3465 3573 3554 3614 me
3584 3560 3803 3622 audisse,

2232 3647 2456 3706 si-alteri
2489 3648 2567 3702 sic
2599 3647 2937 3710 mandarent,
2968 3649 3080 3704 scio
3111 3648 3237 3718 quia
3269 3649 3484 3721 gratias
3512 3650 3642 3704 mihi
3688 3648 3806 3702 inde

2231 3739 2481 3806 referret,
2506 3749 2559 3794 et
2587 3749 2642 3794 tu
2673 3741 2753 3796 sic
2785 3741 2998 3796 faceres
3022 3752 3282 3811 quantum
3309 3742 3580 3813 intelligo,
3607 3743 3652 3797 si
3675 3757 3806 3796 ama-

2230 3830 2410 3886 ritudo
2433 3831 2601 3885 animi
2632 3831 2706 3886 tui
2740 3831 2834 3886 tibi
2866 3832 3230 3902 permitteret,
3256 3841 3312 3887 et
3356 3833 3707 3888 occasionem
3734 3833 3805 3886 in-

2231 3923 2415 3977 venire
2444 3939 2548 3978 non
2579 3923 2764 3989 velles,
2788 3931 2846 3977 ut
2873 3924 3003 3978 mihi
3033 3926 3099 3979 de
3126 3925 3212 3978 his
3236 3941 3358 3995 quae
3381 3926 3436 3980 in
3467 3927 3806 3997 quaternum-

2231 4013 2367 4067 cutis
2395 4028 2491 4083 per
2519 4013 2880 4068 venerabilem
2912 4014 3377 4084 archiepiscopum
3407 4014 3748 4072 Wenilonem
3774 4029 3800 4068 a

2233 4113 2285 4159 te
2317 4105 2495 4160 missis
2520 4107 2847 4176 compilasti,
2883 4107 3077 4162 iterum
3107 4108 3232 4163 licet
3261 4123 3365 4162 non
3395 4110 3468 4165 ad
3505 4126 3626 4165 rem
3655 4111 3806 4181 perti-

2231 4194 2412 4248 nentia
2445 4195 2764 4252 inculcanda
2790 4199 3187 4265 conscriberes,
3209 4208 3264 4255 et
3291 4215 3379 4255 me
3412 4200 3603 4257 dicere
3629 4215 3807 4272 proro-

2231 4302 2405 4353 cares,
2437 4290 2578 4345 unde
2607 4291 2659 4344 in
2695 4306 2948 4346 sermone
2988 4308 3182 4362 capere
3226 4308 3440 4364 posses.
3501 4295 3663 4362 Quod
3711 4294 3806 4347 evi-

2232 4380 2420 4435 denter
2442 4379 2557 4450 ipse
2582 4380 2635 4436 in
2667 4381 2892 4450 praefato
2922 4391 3014 4437 tuo
3036 4383 3240 4454 scripto
3266 4385 3622 4440 demonstras
3657 4402 3670 4439 :
3697 4383 3805 4453 quia

2229 4476 2669 4532 commemoratis
2698 4475 2860 4531 dictis
2887 4475 3156 4543 Anacleti,
3202 4477 3459 4538 Victoris,
3498 4477 3736 4541 Callisti,
3759 4485 3807 4529 et

2232 4563 2529 4630 Eleutheri,
2547 4566 2636 4633 qui
2661 4573 2786 4620 ante
2815 4564 3088 4626 Nicmnum
3116 4567 3406 4622 concilium
3439 4583 3542 4637 pro
3568 4581 3806 4638 quorum-

2233 4657 2354 4712 dam
2385 4657 3038 4721 consolationibus,-sicut
3063 4659 3196 4713 dicit
3225 4659 3516 4725 Gelasius,
3551 4662 3620 4715 ad
3652 4661 3806 4714 diver-

2231 4765 2321 4808 sos
2351 4766 2473 4806 suas
2505 4751 2756 4822 epistolas
2780 4752 3121 4817 direxerant,
3164 4751 3451 4824 subjungis
3481 4771 3494 4806 :
3527 4755 3693 4817 Ecce,
3725 4767 3804 4820 pa-

2232 4849 2336 4906 ter,
2386 4841 2758 4912 quicanones
2811 4843 3130 4912 recipiendi,
3174 4844 3497 4907 venerandi,
3545 4859 3620 4899 ao
3643 4845 3808 4897 obser-

2233 4930 2394 5008 vandi
2453 4930 2774 4998 habeantur.
2831 4930 2894 4985 Et
2937 4932 3063 5001 quia
3112 4940 3322 5003 patrem
3375 4947 3484 4996 mg
3543 4942 3606 4986 ut
3651 4937 3804 5000 paret,

2233 5025 2682 5098 irrisionepotius
2709 5026 3247 5100 quamveneratione
3276 5028 3518 5100 vocasti,
3543 5027 3669 5084 dico
3689 5024 3773 5079 tibi
3791 5039 3804 5051 ·

2233 5117 2300 5172 Et
2327 5120 2373 5172 si
2397 5129 2547 5189 pater
2570 5135 2662 5190 ego
2691 5136 2830 5182 sunt,
2859 5119 2948 5171 ubi
2991 5129 3063 5172 est
3110 5119 3276 5172 honor
3323 5120 3524 5178 utens?
3579 5118 3728 5190 (Hd.
3753 5121 3804 5178 ι.)

2231 5211 2417 5266 Dicam
2447 5220 2623 5266 tamen
2655 5211 2749 5265 tibi
2787 5228 2800 5264 :
2829 5209 2935 5264 Fili
2964 5225 3061 5280 pro
3084 5209 3310 5264 arbitrio
3343 5217 3440 5263 tuo
3480 5210 3566 5264 vel
3599 5206 3806 5280 proprie
