  <div class='ocr_page' id='page_1' title='image "/cluster/home/n/w/nwhite01/storage/ocr_20150623/126/hvd.32044015471675/228.png"; bbox 0 0 3990 6300; ppageno 0'>
   <div class='ocr_carea' id='block_1_1' title="bbox 204 424 332 481">
    <p class='ocr_par' dir='ltr' id='par_1_1' title="bbox 204 424 332 481">
     <span class='ocr_line' id='line_1_1' title="bbox 204 424 332 481; baseline 0 0"><span class='ocrx_word' id='word_1_1' title='bbox 204 424 332 481; x_wconf 66' lang='grc'><strong>148</strong></span> 
     </span>
    </p>
   </div>
   <div class='ocr_carea' id='block_1_2' title="bbox 967 418 2674 487">
    <p class='ocr_par' dir='ltr' id='par_1_2' title="bbox 967 418 2674 487">
     <span class='ocr_line' id='line_1_2' title="bbox 967 418 2674 487; baseline 0.004 -8"><span class='ocrx_word' id='word_1_2' title='bbox 967 420 1221 479; x_wconf 81' lang='lat' dir='ltr'><strong>OPUSC.‘</strong></span> <span class='ocrx_word' id='word_1_3' title='bbox 1265 418 1355 477; x_wconf 82' lang='grc' dir='ltr'><strong>ΕΤ</strong></span> <span class='ocrx_word' id='word_1_4' title='bbox 1393 418 1608 479; x_wconf 73' lang='lat' dir='ltr'><strong>EPIST.</strong></span> <span class='ocrx_word' id='word_1_5' title='bbox 1651 418 1717 478; x_wconf 71' lang='lat' dir='ltr'><strong>IN</strong></span> <span class='ocrx_word' id='word_1_6' title='bbox 1747 418 1971 481; x_wconf 73' lang='lat' dir='ltr'><strong>CAUSA</strong></span> <span class='ocrx_word' id='word_1_7' title='bbox 2004 420 2335 484; x_wconf 76' lang='lat' dir='ltr'><strong>HINCMARI</strong></span> <span class='ocrx_word' id='word_1_8' title='bbox 2374 422 2674 487; x_wconf 79' lang='lat' dir='ltr'><strong>LAUDUN.</strong></span> 
     </span>
    </p>
   </div>
   <div class='ocr_carea' id='block_1_3' title="bbox 3381 422 3487 494">
    <p class='ocr_par' dir='ltr' id='par_1_3' title="bbox 3381 422 3487 494">
     <span class='ocr_line' id='line_1_3' title="bbox 3381 422 3487 494; baseline 0.028 -3"><span class='ocrx_word' id='word_1_9' title='bbox 3381 422 3487 494; x_wconf 71' lang='lat' dir='ltr'><strong>uti</strong></span> 
     </span>
    </p>
   </div>
   <div class='ocr_carea' id='block_1_4' title="bbox 207 530 3482 628">
    <p class='ocr_par' dir='ltr' id='par_1_4' title="bbox 207 530 3482 628">
     <span class='ocr_line' id='line_1_4' title="bbox 207 530 3482 628; baseline 0.004 -29"><span class='ocrx_word' id='word_1_10' title='bbox 207 543 377 609; x_wconf 81' lang='lat' dir='ltr'><strong>eilio,</strong></span> <span class='ocrx_word' id='word_1_11' title='bbox 400 538 544 613; x_wconf 86' lang='lat' dir='ltr'><strong>quod</strong></span> <span class='ocrx_word' id='word_1_12' title='bbox 580 537 824 611; x_wconf 86' lang='lat' dir='ltr'><strong>primum</strong></span> <span class='ocrx_word' id='word_1_13' title='bbox 866 538 922 596; x_wconf 86' lang='lat' dir='ltr'><strong>in</strong></span> <span class='ocrx_word' id='word_1_14' title='bbox 973 531 1170 597; x_wconf 67' lang='lat' dir='ltr'><strong>nostris</strong></span> <span class='ocrx_word' id='word_1_15' title='bbox 1198 541 1515 609; x_wconf 84' lang='lat' dir='ltr'><strong>codicibus,</strong></span> <span class='ocrx_word' id='word_1_16' title='bbox 1562 557 1698 614; x_wconf 89' lang='lat' dir='ltr'><strong>quos</strong></span> <span class='ocrx_word' id='word_1_17' title='bbox 1739 542 1807 599; x_wconf 88' lang='lat' dir='ltr'><strong>ab</strong></span> <span class='ocrx_word' id='word_1_18' title='bbox 1836 544 1882 608; x_wconf 81' lang='grc' dir='ltr'><strong>Α</strong></span> <span class='ocrx_word' id='word_1_19' title='bbox 1910 545 2156 614; x_wconf 76' lang='lat' dir='ltr'><strong>praedixi,</strong></span> <span class='ocrx_word' id='word_1_20' title='bbox 2185 554 2240 603; x_wconf 91' lang='lat' dir='ltr'><strong>et</strong></span> <span class='ocrx_word' id='word_1_21' title='bbox 2265 562 2407 619; x_wconf 66' lang='lat' dir='ltr'><strong>saepe</strong></span> <span class='ocrx_word' id='word_1_22' title='bbox 2449 547 2629 604; x_wconf 79' lang='lat' dir='ltr'><strong>dicere</strong></span> <span class='ocrx_word' id='word_1_23' title='bbox 2654 530 2988 607; x_wconf 23' lang='lat' dir='ltr'><strong>&#39;rn&#39;ecesst‘tas</strong></span> <span class='ocrx_word' id='word_1_24' title='bbox 3036 551 3148 623; x_wconf 88' lang='lat' dir='ltr'><strong>ipsa</strong></span> <span class='ocrx_word' id='word_1_25' title='bbox 3193 548 3482 628; x_wconf 67' lang='lat' dir='ltr'><strong>&#39;corhpellit,</strong></span> 
     </span>
    </p>
   </div>
   <div class='ocr_carea' id='block_1_5' title="bbox 206 629 1808 708">
    <p class='ocr_par' dir='ltr' id='par_1_5' title="bbox 206 629 1808 708">
     <span class='ocr_line' id='line_1_5' title="bbox 206 629 1808 708; baseline 0.002 -17"><span class='ocrx_word' id='word_1_26' title='bbox 206 635 521 708; x_wconf 71' lang='lat' dir='ltr'><strong>apostolica</strong></span> <span class='ocrx_word' id='word_1_27' title='bbox 547 629 675 690; x_wconf 73' lang='lat' dir='ltr'><strong>sede</strong></span> <span class='ocrx_word' id='word_1_28' title='bbox 696 632 931 702; x_wconf 82' lang='lat' dir='ltr'><strong>majores</strong></span> <span class='ocrx_word' id='word_1_29' title='bbox 956 637 1126 691; x_wconf 92' lang='lat' dir='ltr'><strong>nostri</strong></span> <span class='ocrx_word' id='word_1_30' title='bbox 1153 645 1478 707; x_wconf 88' lang='lat' dir='ltr'><strong>acceperunt</strong></span> <span class='ocrx_word' id='word_1_31' title='bbox 1508 637 1808 708; x_wconf 88' lang='lat' dir='ltr'><strong>sequendos</strong></span> 
     </span>
    </p>
   </div>
   <div class='ocr_carea' id='block_1_6' title="bbox 202 726 1810 802">
    <p class='ocr_par' dir='ltr' id='par_1_6' title="bbox 202 726 1810 802">
     <span class='ocr_line' id='line_1_6' title="bbox 202 726 1810 802; baseline 0.001 -15"><span class='ocrx_word' id='word_1_32' title='bbox 202 743 322 800; x_wconf 84' lang='lat' dir='ltr'><strong>per</strong></span> <span class='ocrx_word' id='word_1_33' title='bbox 349 729 596 786; x_wconf 81' lang='lat' dir='ltr'><strong>ordinem</strong></span> <span class='ocrx_word' id='word_1_34' title='bbox 626 736 797 799; x_wconf 69' lang='lat' dir='ltr'><strong>usgue</strong></span> <span class='ocrx_word' id='word_1_35' title='bbox 824 729 891 783; x_wconf 89' lang='lat' dir='ltr'><strong>ad</strong></span> <span class='ocrx_word' id='word_1_36' title='bbox 920 726 1235 785; x_wconf 76' lang='lat' dir='ltr'><strong>Africanum</strong></span> <span class='ocrx_word' id='word_1_37' title='bbox 1258 730 1546 787; x_wconf 74' lang='lat' dir='ltr'><strong>concilium</strong></span> <span class='ocrx_word' id='word_1_38' title='bbox 1572 748 1670 802; x_wconf 91' lang='lat' dir='ltr'><strong>pro</strong></span> <span class='ocrx_word' id='word_1_39' title='bbox 1720 747 1810 789; x_wconf 86' lang='lat' dir='ltr'><strong>ca-</strong></span> 
     </span>
    </p>
   </div>
   <div class='ocr_carea' id='block_1_7' title="bbox 204 820 1808 892">
    <p class='ocr_par' dir='ltr' id='par_1_7' title="bbox 204 820 1808 892">
     <span class='ocr_line' id='line_1_7' title="bbox 204 820 1808 892; baseline 0.002 -14"><span class='ocrx_word' id='word_1_40' title='bbox 204 822 462 878; x_wconf 85' lang='lat' dir='ltr'><strong>nonibus</strong></span> <span class='ocrx_word' id='word_1_41' title='bbox 481 820 829 892; x_wconf 81' lang='lat' dir='ltr'><strong>recipiendis,</strong></span> <span class='ocrx_word' id='word_1_42' title='bbox 854 822 1199 888; x_wconf 77' lang='lat' dir='ltr'><strong>venerandis,</strong></span> <span class='ocrx_word' id='word_1_43' title='bbox 1223 829 1277 878; x_wconf 90' lang='lat' dir='ltr'><strong>et</strong></span> <span class='ocrx_word' id='word_1_44' title='bbox 1303 823 1654 881; x_wconf 82' lang='lat' dir='ltr'><strong>observandis</strong></span> <span class='ocrx_word' id='word_1_45' title='bbox 1676 826 1808 882; x_wconf 49' lang='lat' dir='ltr'><strong>reti;</strong></span> 
     </span>
    </p>
   </div>
   <div class='ocr_carea' id='block_1_8' title="bbox 208 915 1807 986">
    <p class='ocr_par' dir='ltr' id='par_1_8' title="bbox 208 915 1807 986">
     <span class='ocr_line' id='line_1_8' title="bbox 208 915 1807 986; baseline 0.002 -13"><span class='ocrx_word' id='word_1_46' title='bbox 208 926 378 983; x_wconf 80' lang='lat' dir='ltr'><strong>nent,</strong></span> <span class='ocrx_word' id='word_1_47' title='bbox 407 924 462 971; x_wconf 83' lang='lat' dir='ltr'><strong>et</strong></span> <span class='ocrx_word' id='word_1_48' title='bbox 500 915 863 982; x_wconf 83' lang='lat' dir='ltr'><strong>Innocentius,</strong></span> <span class='ocrx_word' id='word_1_49' title='bbox 904 916 1181 983; x_wconf 77' lang='lat' dir='ltr'><strong>Zosimus,</strong></span> <span class='ocrx_word' id='word_1_50' title='bbox 1206 917 1539 986; x_wconf 76' lang='lat' dir='ltr'><strong>Bonifacius,</strong></span> <span class='ocrx_word' id='word_1_51' title='bbox 1566 919 1807 976; x_wconf 71' lang='lat' dir='ltr'><strong>leesti-</strong></span> 
     </span>
    </p>
   </div>
   <div class='ocr_carea' id='block_1_9' title="bbox 208 1005 1805 1085">
    <p class='ocr_par' dir='ltr' id='par_1_9' title="bbox 208 1005 1805 1085">
     <span class='ocr_line' id='line_1_9' title="bbox 208 1005 1805 1085; baseline 0.002 -22"><span class='ocrx_word' id='word_1_52' title='bbox 208 1024 350 1074; x_wconf 89' lang='lat' dir='ltr'><strong>nus,</strong></span> <span class='ocrx_word' id='word_1_53' title='bbox 374 1006 762 1075; x_wconf 81' lang='lat' dir='ltr'><strong>Leo,Hilarus,</strong></span> <span class='ocrx_word' id='word_1_54' title='bbox 789 1005 1167 1079; x_wconf 80' lang='lat' dir='ltr'><strong>Symmachus,</strong></span> <span class='ocrx_word' id='word_1_55' title='bbox 1198 1008 1471 1076; x_wconf 86' lang='lat' dir='ltr'><strong>Geiasius,</strong></span> <span class='ocrx_word' id='word_1_56' title='bbox 1498 1008 1805 1085; x_wconf 79' lang='lat' dir='ltr'><strong>Hormisda,</strong></span> 
     </span>
    </p>
   </div>
   <div class='ocr_carea' id='block_1_10' title="bbox 202 1099 1807 1170">
    <p class='ocr_par' dir='ltr' id='par_1_10' title="bbox 202 1099 1807 1170">
     <span class='ocr_line' id='line_1_10' title="bbox 202 1099 1807 1170; baseline 0.003 -15"><span class='ocrx_word' id='word_1_57' title='bbox 202 1099 540 1170; x_wconf 77' lang='lat' dir='ltr'><strong>Gregorius,</strong></span> <span class='ocrx_word' id='word_1_58' title='bbox 585 1107 643 1153; x_wconf 89' lang='lat' dir='ltr'><strong>et</strong></span> <span class='ocrx_word' id='word_1_59' title='bbox 692 1100 873 1154; x_wconf 72' lang='lat' dir='ltr'><strong>caeteri</strong></span> <span class='ocrx_word' id='word_1_60' title='bbox 921 1100 1122 1170; x_wconf 85' lang='lat' dir='ltr'><strong>quique</strong></span> <span class='ocrx_word' id='word_1_61' title='bbox 1168 1100 1533 1159; x_wconf 80' lang='lat' dir='ltr'><strong>observandas</strong></span> <span class='ocrx_word' id='word_1_62' title='bbox 1571 1119 1807 1161; x_wconf 87' lang='lat' dir='ltr'><strong>canones</strong></span> 
     </span>
    </p>
   </div>
   <div class='ocr_carea' id='block_1_11' title="bbox 206 1186 1806 1266">
    <p class='ocr_par' dir='ltr' id='par_1_11' title="bbox 206 1186 1806 1266">
     <span class='ocr_line' id='line_1_11' title="bbox 206 1186 1806 1266; baseline 0.005 -23"><span class='ocrx_word' id='word_1_63' title='bbox 206 1187 550 1243; x_wconf 74' lang='lat' dir='ltr'><strong>nominant?</strong></span> <span class='ocrx_word' id='word_1_64' title='bbox 576 1186 724 1243; x_wconf 87' lang='lat' dir='ltr'><strong>Inter</strong></span> <span class='ocrx_word' id='word_1_65' title='bbox 749 1202 883 1259; x_wconf 87' lang='lat' dir='ltr'><strong>quos</strong></span> <span class='ocrx_word' id='word_1_66' title='bbox 926 1196 982 1244; x_wconf 88' lang='lat' dir='ltr'><strong>et</strong></span> <span class='ocrx_word' id='word_1_67' title='bbox 1029 1189 1161 1247; x_wconf 85' lang='lat' dir='ltr'><strong>istas</strong></span> <span class='ocrx_word' id='word_1_68' title='bbox 1207 1191 1462 1262; x_wconf 83' lang='lat' dir='ltr'><strong>epistolas</strong></span> <span class='ocrx_word' id='word_1_69' title='bbox 1500 1194 1806 1266; x_wconf 68' lang='lat' dir='ltr'><strong>apostolicae</strong></span> 
     </span>
    </p>
   </div>
   <div class='ocr_carea' id='block_1_12' title="bbox 206 1279 1804 1356">
    <p class='ocr_par' dir='ltr' id='par_1_12' title="bbox 206 1279 1804 1356">
     <span class='ocr_line' id='line_1_12' title="bbox 206 1279 1804 1356; baseline 0.005 -21"><span class='ocrx_word' id='word_1_70' title='bbox 206 1280 370 1336; x_wconf 84' lang='lat' dir='ltr'><strong>sedis</strong></span> <span class='ocrx_word' id='word_1_71' title='bbox 393 1279 731 1351; x_wconf 81' lang='lat' dir='ltr'><strong>pontificum,</strong></span> <span class='ocrx_word' id='word_1_72' title='bbox 761 1295 897 1352; x_wconf 87' lang='lat' dir='ltr'><strong>quas</strong></span> <span class='ocrx_word' id='word_1_73' title='bbox 938 1296 1175 1339; x_wconf 88' lang='lat' dir='ltr'><strong>canones</strong></span> <span class='ocrx_word' id='word_1_74' title='bbox 1229 1283 1487 1356; x_wconf 83' lang='lat' dir='ltr'><strong>appellas,</strong></span> <span class='ocrx_word' id='word_1_75' title='bbox 1535 1286 1804 1355; x_wconf 88' lang='lat' dir='ltr'><strong>Gelasius,</strong></span> 
     </span>
    </p>
   </div>
   <div class='ocr_carea' id='block_1_13' title="bbox 208 1376 1806 1447">
    <p class='ocr_par' dir='ltr' id='par_1_13' title="bbox 208 1376 1806 1447">
     <span class='ocr_line' id='line_1_13' title="bbox 208 1376 1806 1447; baseline 0.008 -19"><span class='ocrx_word' id='word_1_76' title='bbox 208 1381 276 1428; x_wconf 83' lang='lat' dir='ltr'><strong>ut</strong></span> <span class='ocrx_word' id='word_1_77' title='bbox 305 1390 470 1447; x_wconf 88' lang='lat' dir='ltr'><strong>supra</strong></span> <span class='ocrx_word' id='word_1_78' title='bbox 505 1377 684 1446; x_wconf 88' lang='lat' dir='ltr'><strong>posui,</strong></span> <span class='ocrx_word' id='word_1_79' title='bbox 730 1376 1087 1434; x_wconf 79' lang='lat' dir='ltr'><strong>diﬁ‘erentiam</strong></span> <span class='ocrx_word' id='word_1_80' title='bbox 1138 1379 1290 1445; x_wconf 81' lang='lat' dir='ltr'><strong>facit,</strong></span> <span class='ocrx_word' id='word_1_81' title='bbox 1339 1390 1393 1437; x_wconf 93' lang='lat' dir='ltr'><strong>et</strong></span> <span class='ocrx_word' id='word_1_82' title='bbox 1439 1381 1528 1437; x_wconf 89' lang='lat' dir='ltr'><strong>illa</strong></span> <span class='ocrx_word' id='word_1_83' title='bbox 1578 1384 1806 1440; x_wconf 87' lang='lat' dir='ltr'><strong>concilia</strong></span> 
     </span>
    </p>
   </div>
   <div class='ocr_carea' id='block_1_14' title="bbox 207 1467 1805 1547">
    <p class='ocr_par' dir='ltr' id='par_1_14' title="bbox 207 1467 1805 1547">
     <span class='ocr_line' id='line_1_14' title="bbox 207 1467 1805 1547; baseline 0.007 -26"><span class='ocrx_word' id='word_1_84' title='bbox 207 1481 489 1522; x_wconf 82' lang='lat' dir='ltr'><strong>canonum</strong></span> <span class='ocrx_word' id='word_1_85' title='bbox 518 1467 852 1525; x_wconf 85' lang='lat' dir='ltr'><strong>observanda</strong></span> <span class='ocrx_word' id='word_1_86' title='bbox 884 1471 1146 1539; x_wconf 84' lang='lat' dir='ltr'><strong>decrevit,</strong></span> <span class='ocrx_word' id='word_1_87' title='bbox 1178 1472 1278 1528; x_wconf 88' lang='lat' dir='ltr'><strong>has</strong></span> <span class='ocrx_word' id='word_1_88' title='bbox 1321 1482 1501 1530; x_wconf 85' lang='lat' dir='ltr'><strong>autem</strong></span> <span class='ocrx_word' id='word_1_89' title='bbox 1548 1475 1805 1547; x_wconf 81' lang='lat' dir='ltr'><strong>epistolas</strong></span> 
     </span>
    </p>
   </div>
   <div class='ocr_carea' id='block_1_15' title="bbox 209 1559 1804 1633">
    <p class='ocr_par' dir='ltr' id='par_1_15' title="bbox 209 1559 1804 1633">
     <span class='ocr_line' id='line_1_15' title="bbox 209 1559 1804 1633; baseline 0.005 -19"><span class='ocrx_word' id='word_1_90' title='bbox 209 1573 320 1630; x_wconf 84' lang='lat' dir='ltr'><strong>pro</strong></span> <span class='ocrx_word' id='word_1_91' title='bbox 341 1559 712 1616; x_wconf 84' lang='lat' dir='ltr'><strong>consolatione</strong></span> <span class='ocrx_word' id='word_1_92' title='bbox 732 1561 1091 1632; x_wconf 87' lang='lat' dir='ltr'><strong>quorumdam</strong></span> <span class='ocrx_word' id='word_1_93' title='bbox 1120 1565 1375 1633; x_wconf 85' lang='lat' dir='ltr'><strong>directas,</strong></span> <span class='ocrx_word' id='word_1_94' title='bbox 1418 1566 1804 1623; x_wconf 81' lang='lat' dir='ltr'><strong>venerabiliter</strong></span> 
     </span>
    </p>
   </div>
   <div class='ocr_carea' id='block_1_16' title="bbox 210 1651 1802 1722">
    <p class='ocr_par' dir='ltr' id='par_1_16' title="bbox 210 1651 1802 1722">
     <span class='ocr_line' id='line_1_16' title="bbox 210 1651 1802 1722; baseline 0.006 -17"><span class='ocrx_word' id='word_1_95' title='bbox 210 1651 594 1722; x_wconf 88' lang='lat' dir='ltr'><strong>suscipiendas</strong></span> <span class='ocrx_word' id='word_1_96' title='bbox 621 1652 774 1721; x_wconf 86' lang='lat' dir='ltr'><strong>dicit,</strong></span> <span class='ocrx_word' id='word_1_97' title='bbox 799 1661 855 1707; x_wconf 89' lang='lat' dir='ltr'><strong>et</strong></span> <span class='ocrx_word' id='word_1_98' title='bbox 877 1654 1007 1709; x_wconf 90' lang='lat' dir='ltr'><strong>item</strong></span> <span class='ocrx_word' id='word_1_99' title='bbox 1036 1654 1090 1709; x_wconf 92' lang='lat' dir='ltr'><strong>in</strong></span> <span class='ocrx_word' id='word_1_100' title='bbox 1116 1654 1348 1714; x_wconf 86' lang='lat' dir='ltr'><strong>decretis</strong></span> <span class='ocrx_word' id='word_1_101' title='bbox 1384 1658 1495 1713; x_wconf 92' lang='lat' dir='ltr'><strong>suis</strong></span> <span class='ocrx_word' id='word_1_102' title='bbox 1528 1658 1669 1715; x_wconf 90' lang='lat' dir='ltr'><strong>inter</strong></span> <span class='ocrx_word' id='word_1_103' title='bbox 1695 1658 1802 1714; x_wconf 87' lang='lat' dir='ltr'><strong>alia</strong></span> 
     </span>
    </p>
   </div>
   <div class='ocr_carea' id='block_1_17' title="bbox 209 1740 1804 1822">
    <p class='ocr_par' dir='ltr' id='par_1_17' title="bbox 209 1740 1804 1822">
     <span class='ocr_line' id='line_1_17' title="bbox 209 1740 1804 1822; baseline 0.005 -24"><span class='ocrx_word' id='word_1_104' title='bbox 209 1744 352 1799; x_wconf 83' lang='lat' dir='ltr'><strong>dicit</strong></span> <span class='ocrx_word' id='word_1_105' title='bbox 373 1740 639 1815; x_wconf 80' lang='lat' dir='ltr'><strong>(Gclasius</strong></span> <span class='ocrx_word' id='word_1_106' title='bbox 684 1746 739 1800; x_wconf 81' lang='lat' dir='ltr'><strong>in</strong></span> <span class='ocrx_word' id='word_1_107' title='bbox 771 1748 1166 1803; x_wconf 82' lang='lat' dir='ltr'><strong>commonitorio</strong></span> <span class='ocrx_word' id='word_1_108' title='bbox 1191 1748 1260 1802; x_wconf 87' lang='lat' dir='ltr'><strong>ad</strong></span> <span class='ocrx_word' id='word_1_109' title='bbox 1284 1746 1564 1822; x_wconf 80' lang='lat' dir='ltr'><strong>Faustum)</strong></span> <span class='ocrx_word' id='word_1_110' title='bbox 1602 1768 1614 1804; x_wconf 91' lang='lat'>:</span> <span class='ocrx_word' id='word_1_111' title='bbox 1650 1769 1669 1803; x_wconf 71' lang='grc' dir='ltr'>ι</span> <span class='ocrx_word' id='word_1_112' title='bbox 1698 1751 1804 1806; x_wconf 87' lang='lat' dir='ltr'><strong>No-</strong></span> 
     </span>
    </p>
   </div>
   <div class='ocr_carea' id='block_1_18' title="bbox 210 1837 1803 1916">
    <p class='ocr_par' dir='ltr' id='par_1_18' title="bbox 210 1837 1803 1916">
     <span class='ocr_line' id='line_1_18' title="bbox 210 1837 1803 1916; baseline 0.005 -25"><span class='ocrx_word' id='word_1_113' title='bbox 210 1837 326 1901; x_wconf 79' lang='lat' dir='ltr'><strong>bis,</strong></span> <span class='ocrx_word' id='word_1_114' title='bbox 355 1837 551 1908; x_wconf 88' lang='lat' dir='ltr'><strong>inquit,</strong></span> <span class='ocrx_word' id='word_1_115' title='bbox 576 1845 855 1909; x_wconf 80' lang='lat' dir='ltr'><strong>Oppontmt</strong></span> <span class='ocrx_word' id='word_1_116' title='bbox 898 1855 1154 1908; x_wconf 87' lang='lat' dir='ltr'><strong>canones,</strong></span> <span class='ocrx_word' id='word_1_117' title='bbox 1187 1842 1318 1913; x_wconf 79' lang='lat' dir='ltr'><strong>quin</strong></span> <span class='ocrx_word' id='word_1_118' title='bbox 1364 1842 1657 1901; x_wconf 86' lang='lat' dir='ltr'><strong>orientales</strong></span> <span class='ocrx_word' id='word_1_119' title='bbox 1689 1844 1803 1916; x_wconf 91' lang='lat' dir='ltr'><strong>epi-</strong></span> 
     </span>
    </p>
   </div>
   <div class='ocr_carea' id='block_1_19' title="bbox 210 1931 1804 2009">
    <p class='ocr_par' dir='ltr' id='par_1_19' title="bbox 210 1931 1804 2009">
     <span class='ocr_line' id='line_1_19' title="bbox 210 1931 1804 2009; baseline 0.004 -23"><span class='ocrx_word' id='word_1_120' title='bbox 210 1931 387 2002; x_wconf 82' lang='lat' dir='ltr'><strong>scopi,</strong></span> <span class='ocrx_word' id='word_1_121' title='bbox 409 1932 537 1986; x_wconf 88' lang='lat' dir='ltr'><strong>dum</strong></span> <span class='ocrx_word' id='word_1_122' title='bbox 568 1932 819 1988; x_wconf 90' lang='lat' dir='ltr'><strong>nesciunt</strong></span> <span class='ocrx_word' id='word_1_123' title='bbox 845 1934 973 2002; x_wconf 85' lang='lat' dir='ltr'><strong>quid</strong></span> <span class='ocrx_word' id='word_1_124' title='bbox 999 1933 1309 2004; x_wconf 91' lang='lat' dir='ltr'><strong>loquantur,</strong></span> <span class='ocrx_word' id='word_1_125' title='bbox 1326 1944 1513 1992; x_wconf 88' lang='lat' dir='ltr'><strong>contra</strong></span> <span class='ocrx_word' id='word_1_126' title='bbox 1540 1952 1678 2008; x_wconf 92' lang='lat' dir='ltr'><strong>quos</strong></span> <span class='ocrx_word' id='word_1_127' title='bbox 1703 1937 1804 2009; x_wconf 91' lang='lat' dir='ltr'><strong>ipsi</strong></span> 
     </span>
    </p>
   </div>
   <div class='ocr_carea' id='block_1_20' title="bbox 208 2025 1803 2102">
    <p class='ocr_par' dir='ltr' id='par_1_20' title="bbox 208 2025 1803 2102">
     <span class='ocr_line' id='line_1_20' title="bbox 208 2025 1803 2102; baseline 0.004 -22"><span class='ocrx_word' id='word_1_128' title='bbox 208 2039 275 2080; x_wconf 88' lang='lat' dir='ltr'><strong>se</strong></span> <span class='ocrx_word' id='word_1_129' title='bbox 310 2025 497 2081; x_wconf 89' lang='lat' dir='ltr'><strong>venire</strong></span> <span class='ocrx_word' id='word_1_130' title='bbox 524 2026 781 2096; x_wconf 90' lang='lat' dir='ltr'><strong>produnt,</strong></span> <span class='ocrx_word' id='word_1_131' title='bbox 822 2027 915 2097; x_wconf 89' lang='lat' dir='ltr'><strong>qui</strong></span> <span class='ocrx_word' id='word_1_132' title='bbox 963 2028 1152 2099; x_wconf 69' lang='lat' dir='ltr'><strong>primae</strong></span> <span class='ocrx_word' id='word_1_133' title='bbox 1198 2028 1313 2085; x_wconf 87' lang='lat' dir='ltr'><strong>sedi</strong></span> <span class='ocrx_word' id='word_1_134' title='bbox 1364 2044 1492 2085; x_wconf 89' lang='lat' dir='ltr'><strong>sana</strong></span> <span class='ocrx_word' id='word_1_135' title='bbox 1548 2040 1803 2102; x_wconf 90' lang='lat' dir='ltr'><strong>rectaque</strong></span> 
     </span>
    </p>
   </div>
   <div class='ocr_carea' id='block_1_21' title="bbox 206 2105 1804 2194">
    <p class='ocr_par' dir='ltr' id='par_1_21' title="bbox 206 2105 1804 2194">
     <span class='ocr_line' id='line_1_21' title="bbox 206 2105 1804 2194; baseline 0.003 -22"><span class='ocrx_word' id='word_1_136' title='bbox 206 2105 468 2173; x_wconf 79' lang='lat' dir='ltr'><strong>suadenti</strong></span> <span class='ocrx_word' id='word_1_137' title='bbox 497 2132 690 2189; x_wconf 87' lang='lat' dir='ltr'><strong>parere</strong></span> <span class='ocrx_word' id='word_1_138' title='bbox 720 2117 952 2190; x_wconf 80' lang='lat' dir='ltr'><strong>fugiunt.</strong></span> <span class='ocrx_word' id='word_1_139' title='bbox 978 2117 1083 2191; x_wconf 87' lang='lat' dir='ltr'><strong>Ipsi</strong></span> <span class='ocrx_word' id='word_1_140' title='bbox 1112 2129 1235 2175; x_wconf 90' lang='lat' dir='ltr'><strong>sunt</strong></span> <span class='ocrx_word' id='word_1_141' title='bbox 1274 2136 1529 2188; x_wconf 91' lang='lat' dir='ltr'><strong>canones,</strong></span> <span class='ocrx_word' id='word_1_142' title='bbox 1572 2122 1662 2193; x_wconf 92' lang='lat' dir='ltr'><strong>qui</strong></span> <span class='ocrx_word' id='word_1_143' title='bbox 1712 2138 1804 2194; x_wconf 90' lang='lat' dir='ltr'><strong>ap-</strong></span> 
     </span>
    </p>
   </div>
   <div class='ocr_carea' id='block_1_22' title="bbox 208 2207 1803 2285">
    <p class='ocr_par' dir='ltr' id='par_1_22' title="bbox 208 2207 1803 2285">
     <span class='ocr_line' id='line_1_22' title="bbox 208 2207 1803 2285; baseline 0.006 -24"><span class='ocrx_word' id='word_1_144' title='bbox 208 2207 537 2279; x_wconf 83' lang='lat' dir='ltr'><strong>pellationes</strong></span> <span class='ocrx_word' id='word_1_145' title='bbox 571 2210 741 2265; x_wconf 86' lang='lat' dir='ltr'><strong>totius</strong></span> <span class='ocrx_word' id='word_1_146' title='bbox 771 2209 1022 2266; x_wconf 73' lang='lat' dir='ltr'><strong>Ecclesiae</strong></span> <span class='ocrx_word' id='word_1_147' title='bbox 1074 2211 1141 2266; x_wconf 89' lang='lat' dir='ltr'><strong>ad</strong></span> <span class='ocrx_word' id='word_1_148' title='bbox 1181 2212 1341 2285; x_wconf 86' lang='lat' dir='ltr'><strong>bujus</strong></span> <span class='ocrx_word' id='word_1_149' title='bbox 1385 2213 1530 2270; x_wconf 88' lang='lat' dir='ltr'><strong>sedis</strong></span> <span class='ocrx_word' id='word_1_150' title='bbox 1578 2231 1803 2271; x_wconf 80' lang='lat' dir='ltr'><strong>examen</strong></span> 
     </span>
    </p>
   </div>
   <div class='ocr_carea' id='block_1_23' title="bbox 207 2299 1805 2377">
    <p class='ocr_par' dir='ltr' id='par_1_23' title="bbox 207 2299 1805 2377">
     <span class='ocr_line' id='line_1_23' title="bbox 207 2299 1805 2377; baseline 0.006 -23"><span class='ocrx_word' id='word_1_151' title='bbox 207 2299 442 2355; x_wconf 86' lang='lat' dir='ltr'><strong>voluere</strong></span> <span class='ocrx_word' id='word_1_152' title='bbox 474 2299 691 2358; x_wconf 80' lang='lat' dir='ltr'><strong>deferri.</strong></span> <span class='ocrx_word' id='word_1_153' title='bbox 724 2320 741 2354; x_wconf 75' lang='grc' dir='ltr'><strong>ι</strong></span> <span class='ocrx_word' id='word_1_154' title='bbox 773 2300 925 2377; x_wconf 84' lang='lat' dir='ltr'><strong>Quod</strong></span> <span class='ocrx_word' id='word_1_155' title='bbox 948 2302 1294 2360; x_wconf 85' lang='lat' dir='ltr'><strong>manifestum</strong></span> <span class='ocrx_word' id='word_1_156' title='bbox 1322 2313 1407 2361; x_wconf 86' lang='lat' dir='ltr'><strong>est</strong></span> <span class='ocrx_word' id='word_1_157' title='bbox 1431 2307 1496 2361; x_wconf 93' lang='lat' dir='ltr'><strong>de</strong></span> <span class='ocrx_word' id='word_1_158' title='bbox 1519 2304 1805 2364; x_wconf 87' lang='lat' dir='ltr'><strong>Sardicen-</strong></span> 
     </span>
    </p>
   </div>
   <div class='ocr_carea' id='block_1_24' title="bbox 209 2394 1804 2475">
    <p class='ocr_par' dir='ltr' id='par_1_24' title="bbox 209 2394 1804 2475">
     <span class='ocr_line' id='line_1_24' title="bbox 209 2394 1804 2475; baseline 0.006 -27"><span class='ocrx_word' id='word_1_159' title='bbox 209 2394 370 2449; x_wconf 83' lang='lat' dir='ltr'><strong>sibus</strong></span> <span class='ocrx_word' id='word_1_160' title='bbox 392 2394 691 2451; x_wconf 88' lang='lat' dir='ltr'><strong>canonibus</strong></span> <span class='ocrx_word' id='word_1_161' title='bbox 717 2395 867 2451; x_wconf 91' lang='lat' dir='ltr'><strong>illum</strong></span> <span class='ocrx_word' id='word_1_162' title='bbox 899 2396 1099 2464; x_wconf 88' lang='lat' dir='ltr'><strong>dicere,</strong></span> <span class='ocrx_word' id='word_1_163' title='bbox 1128 2398 1195 2453; x_wconf 89' lang='lat' dir='ltr'><strong>de</strong></span> <span class='ocrx_word' id='word_1_164' title='bbox 1224 2399 1427 2475; x_wconf 81' lang='lat' dir='ltr'><strong>quibus</strong></span> <span class='ocrx_word' id='word_1_165' title='bbox 1445 2408 1500 2456; x_wconf 91' lang='lat' dir='ltr'><strong>et</strong></span> <span class='ocrx_word' id='word_1_166' title='bbox 1539 2399 1804 2457; x_wconf 84' lang='lat' dir='ltr'><strong>innocen-</strong></span> 
     </span>
    </p>
   </div>
   <div class='ocr_carea' id='block_1_25' title="bbox 214 2482 1805 2561">
    <p class='ocr_par' dir='ltr' id='par_1_25' title="bbox 214 2482 1805 2561">
     <span class='ocr_line' id='line_1_25' title="bbox 214 2482 1805 2561; baseline 0.006 -21"><span class='ocrx_word' id='word_1_167' title='bbox 214 2484 324 2541; x_wconf 88' lang='lat' dir='ltr'><strong>tius</strong></span> <span class='ocrx_word' id='word_1_168' title='bbox 364 2486 432 2540; x_wconf 87' lang='lat' dir='ltr'><strong>ad</strong></span> <span class='ocrx_word' id='word_1_169' title='bbox 471 2482 804 2555; x_wconf 85' lang='lat' dir='ltr'><strong>Victricium,</strong></span> <span class='ocrx_word' id='word_1_170' title='bbox 836 2495 891 2544; x_wconf 88' lang='lat' dir='ltr'><strong>et</strong></span> <span class='ocrx_word' id='word_1_171' title='bbox 923 2486 1217 2561; x_wconf 79' lang='lat' dir='ltr'><strong>Gregorius</strong></span> <span class='ocrx_word' id='word_1_172' title='bbox 1244 2491 1309 2546; x_wconf 89' lang='lat' dir='ltr'><strong>ad</strong></span> <span class='ocrx_word' id='word_1_173' title='bbox 1340 2489 1682 2548; x_wconf 81' lang='lat' dir='ltr'><strong>Vincentium</strong></span> <span class='ocrx_word' id='word_1_174' title='bbox 1720 2495 1805 2551; x_wconf 89' lang='lat' dir='ltr'><strong>bis</strong></span> 
     </span>
    </p>
   </div>
   <div class='ocr_carea' id='block_1_26' title="bbox 212 2579 1800 2656">
    <p class='ocr_par' dir='ltr' id='par_1_26' title="bbox 212 2579 1800 2656">
     <span class='ocr_line' id='line_1_26' title="bbox 212 2579 1800 2656; baseline 0.005 -23"><span class='ocrx_word' id='word_1_175' title='bbox 212 2592 452 2634; x_wconf 88' lang='lat' dir='ltr'><strong>consona</strong></span> <span class='ocrx_word' id='word_1_176' title='bbox 481 2579 689 2645; x_wconf 90' lang='lat' dir='ltr'><strong>dicunt,</strong></span> <span class='ocrx_word' id='word_1_177' title='bbox 719 2595 840 2651; x_wconf 85' lang='lat' dir='ltr'><strong>quae</strong></span> <span class='ocrx_word' id='word_1_178' title='bbox 870 2580 926 2635; x_wconf 91' lang='lat' dir='ltr'><strong>in</strong></span> <span class='ocrx_word' id='word_1_179' title='bbox 978 2582 1083 2637; x_wconf 82' lang='lat' dir='ltr'><strong>hoc</strong></span> <span class='ocrx_word' id='word_1_180' title='bbox 1132 2582 1294 2638; x_wconf 89' lang='lat' dir='ltr'><strong>etiam</strong></span> <span class='ocrx_word' id='word_1_181' title='bbox 1344 2582 1477 2655; x_wconf 82' lang='lat' dir='ltr'><strong>legis</strong></span> <span class='ocrx_word' id='word_1_182' title='bbox 1521 2586 1800 2656; x_wconf 87' lang='lat' dir='ltr'><strong>opusculo.</strong></span> 
     </span>
    </p>
   </div>
   <div class='ocr_carea' id='block_1_27' title="bbox 211 2669 1802 2750">
    <p class='ocr_par' dir='ltr' id='par_1_27' title="bbox 211 2669 1802 2750">
     <span class='ocr_line' id='line_1_27' title="bbox 211 2669 1802 2750; baseline 0.007 -25"><span class='ocrx_word' id='word_1_183' title='bbox 211 2669 275 2725; x_wconf 77' lang='lat' dir='ltr'><strong>Et</strong></span> <span class='ocrx_word' id='word_1_184' title='bbox 310 2670 512 2725; x_wconf 88' lang='lat' dir='ltr'><strong>ibidem</strong></span> <span class='ocrx_word' id='word_1_185' title='bbox 535 2679 658 2740; x_wconf 89' lang='lat' dir='ltr'><strong>post</strong></span> <span class='ocrx_word' id='word_1_186' title='bbox 696 2672 969 2745; x_wconf 83' lang='lat' dir='ltr'><strong>aliquanta</strong></span> <span class='ocrx_word' id='word_1_187' title='bbox 1005 2692 1017 2728; x_wconf 93' lang='lat'>:</span> <span class='ocrx_word' id='word_1_188' title='bbox 1065 2692 1085 2726; x_wconf 80' lang='grc' dir='ltr'><strong><em>σ</em></strong></span> <span class='ocrx_word' id='word_1_189' title='bbox 1121 2673 1366 2732; x_wconf 83' lang='lat' dir='ltr'><strong>Viderint</strong></span> <span class='ocrx_word' id='word_1_190' title='bbox 1409 2692 1537 2750; x_wconf 88' lang='lat' dir='ltr'><strong>ergo</strong></span> <span class='ocrx_word' id='word_1_191' title='bbox 1582 2677 1629 2735; x_wconf 90' lang='lat' dir='ltr'><strong>si</strong></span> <span class='ocrx_word' id='word_1_192' title='bbox 1669 2679 1802 2736; x_wconf 92' lang='lat' dir='ltr'><strong>alios</strong></span> 
     </span>
    </p>
   </div>
   <div class='ocr_carea' id='block_1_28' title="bbox 211 2764 1801 2843">
    <p class='ocr_par' dir='ltr' id='par_1_28' title="bbox 211 2764 1801 2843">
     <span class='ocr_line' id='line_1_28' title="bbox 211 2764 1801 2843; baseline 0.003 -23"><span class='ocrx_word' id='word_1_193' title='bbox 211 2764 416 2820; x_wconf 82' lang='lat' dir='ltr'><strong>habent</strong></span> <span class='ocrx_word' id='word_1_194' title='bbox 447 2779 708 2833; x_wconf 85' lang='lat' dir='ltr'><strong>canones,</strong></span> <span class='ocrx_word' id='word_1_195' title='bbox 732 2766 929 2838; x_wconf 88' lang='lat' dir='ltr'><strong>quibus</strong></span> <span class='ocrx_word' id='word_1_196' title='bbox 968 2783 1095 2825; x_wconf 89' lang='lat' dir='ltr'><strong>suas</strong></span> <span class='ocrx_word' id='word_1_197' title='bbox 1141 2768 1371 2841; x_wconf 89' lang='lat' dir='ltr'><strong>ineptias</strong></span> <span class='ocrx_word' id='word_1_198' title='bbox 1413 2780 1801 2843; x_wconf 83' lang='lat' dir='ltr'><strong>exsequantur.</strong></span> 
     </span>
    </p>
   </div>
   <div class='ocr_carea' id='block_1_29' title="bbox 211 2855 1803 2937">
    <p class='ocr_par' dir='ltr' id='par_1_29' title="bbox 211 2855 1803 2937">
     <span class='ocr_line' id='line_1_29' title="bbox 211 2855 1803 2937; baseline 0.007 -27"><span class='ocrx_word' id='word_1_199' title='bbox 211 2855 487 2912; x_wconf 61' lang='lat' dir='ltr'><strong>Caeterum</strong></span> <span class='ocrx_word' id='word_1_200' title='bbox 514 2858 626 2926; x_wconf 88' lang='lat' dir='ltr'><strong>isti,</strong></span> <span class='ocrx_word' id='word_1_201' title='bbox 659 2859 749 2930; x_wconf 92' lang='lat' dir='ltr'><strong>qui</strong></span> <span class='ocrx_word' id='word_1_202' title='bbox 781 2860 944 2926; x_wconf 90' lang='lat' dir='ltr'><strong>sacri,</strong></span> <span class='ocrx_word' id='word_1_203' title='bbox 975 2861 1067 2932; x_wconf 90' lang='lat' dir='ltr'><strong>qui</strong></span> <span class='ocrx_word' id='word_1_204' title='bbox 1107 2862 1486 2931; x_wconf 88' lang='lat' dir='ltr'><strong>ecclesiastici,</strong></span> <span class='ocrx_word' id='word_1_205' title='bbox 1528 2865 1619 2936; x_wconf 92' lang='lat' dir='ltr'><strong>qui</strong></span> <span class='ocrx_word' id='word_1_206' title='bbox 1674 2865 1803 2937; x_wconf 88' lang='lat' dir='ltr'><strong>legi-</strong></span> 
     </span>
    </p>
   </div>
   <div class='ocr_carea' id='block_1_30' title="bbox 210 2949 1802 3027">
    <p class='ocr_par' dir='ltr' id='par_1_30' title="bbox 210 2949 1802 3027">
     <span class='ocr_line' id='line_1_30' title="bbox 210 2949 1802 3027; baseline 0.006 -24"><span class='ocrx_word' id='word_1_207' title='bbox 210 2949 330 3005; x_wconf 87' lang='lat' dir='ltr'><strong>timi</strong></span> <span class='ocrx_word' id='word_1_208' title='bbox 363 2949 728 3019; x_wconf 84' lang='lat' dir='ltr'><strong>celebrantur,</strong></span> <span class='ocrx_word' id='word_1_209' title='bbox 758 2968 864 3009; x_wconf 89' lang='lat' dir='ltr'><strong>non</strong></span> <span class='ocrx_word' id='word_1_210' title='bbox 897 2952 1073 3008; x_wconf 89' lang='lat' dir='ltr'><strong>solum</strong></span> <span class='ocrx_word' id='word_1_211' title='bbox 1111 2955 1291 3010; x_wconf 88' lang='lat' dir='ltr'><strong>sedem</strong></span> <span class='ocrx_word' id='word_1_212' title='bbox 1335 2952 1686 3027; x_wconf 87' lang='lat' dir='ltr'><strong>apostolicam</strong></span> <span class='ocrx_word' id='word_1_213' title='bbox 1736 2954 1802 3012; x_wconf 87' lang='lat' dir='ltr'><strong>ad</strong></span> 
     </span>
    </p>
   </div>
   <div class='ocr_carea' id='block_1_31' title="bbox 206 3042 1799 3122">
    <p class='ocr_par' dir='ltr' id='par_1_31' title="bbox 206 3042 1799 3122">
     <span class='ocr_line' id='line_1_31' title="bbox 206 3042 1799 3122; baseline 0.008 -25"><span class='ocrx_word' id='word_1_214' title='bbox 206 3042 474 3111; x_wconf 77' lang='lat' dir='ltr'><strong>judicium</strong></span> <span class='ocrx_word' id='word_1_215' title='bbox 494 3060 691 3101; x_wconf 87' lang='lat' dir='ltr'><strong>vocare</strong></span> <span class='ocrx_word' id='word_1_216' title='bbox 716 3061 822 3102; x_wconf 90' lang='lat' dir='ltr'><strong>non</strong></span> <span class='ocrx_word' id='word_1_217' title='bbox 846 3056 1086 3119; x_wconf 89' lang='lat' dir='ltr'><strong>possunt,</strong></span> <span class='ocrx_word' id='word_1_218' title='bbox 1111 3057 1165 3103; x_wconf 92' lang='lat' dir='ltr'><strong>ct</strong></span> <span class='ocrx_word' id='word_1_219' title='bbox 1189 3047 1799 3122; x_wconf 68' lang='lat' dir='ltr'><strong>ConstantinOpoiitance</strong></span> 
     </span>
    </p>
   </div>
   <div class='ocr_carea' id='block_1_32' title="bbox 210 3137 1805 3212">
    <p class='ocr_par' dir='ltr' id='par_1_32' title="bbox 210 3137 1805 3212">
     <span class='ocr_line' id='line_1_32' title="bbox 210 3137 1805 3212; baseline 0.006 -22"><span class='ocrx_word' id='word_1_220' title='bbox 210 3137 502 3209; x_wconf 86' lang='lat' dir='ltr'><strong>episcopus</strong></span> <span class='ocrx_word' id='word_1_221' title='bbox 530 3138 798 3207; x_wconf 87' lang='lat' dir='ltr'><strong>civitatis,</strong></span> <span class='ocrx_word' id='word_1_222' title='bbox 834 3152 953 3211; x_wconf 76' lang='lat' dir='ltr'><strong>qua:</strong></span> <span class='ocrx_word' id='word_1_223' title='bbox 999 3140 1186 3212; x_wconf 89' lang='lat' dir='ltr'><strong>utique</strong></span> <span class='ocrx_word' id='word_1_224' title='bbox 1228 3157 1327 3212; x_wconf 91' lang='lat' dir='ltr'><strong>per</strong></span> <span class='ocrx_word' id='word_1_225' title='bbox 1371 3158 1609 3199; x_wconf 88' lang='lat' dir='ltr'><strong>canones</strong></span> <span class='ocrx_word' id='word_1_226' title='bbox 1662 3144 1805 3200; x_wconf 89' lang='lat' dir='ltr'><strong>inter</strong></span> 
     </span>
    </p>
   </div>
   <div class='ocr_carea' id='block_1_33' title="bbox 211 3228 1801 3303">
    <p class='ocr_par' dir='ltr' id='par_1_33' title="bbox 211 3228 1801 3303">
     <span class='ocr_line' id='line_1_33' title="bbox 211 3228 1801 3303; baseline 0.006 -20"><span class='ocrx_word' id='word_1_227' title='bbox 211 3229 375 3283; x_wconf 83' lang='lat' dir='ltr'><strong>sedes</strong></span> <span class='ocrx_word' id='word_1_228' title='bbox 410 3228 615 3285; x_wconf 86' lang='lat' dir='ltr'><strong>nullum</strong></span> <span class='ocrx_word' id='word_1_229' title='bbox 641 3245 835 3286; x_wconf 89' lang='lat' dir='ltr'><strong>nomen</strong></span> <span class='ocrx_word' id='word_1_230' title='bbox 867 3232 1096 3303; x_wconf 88' lang='lat' dir='ltr'><strong>accepit,</strong></span> <span class='ocrx_word' id='word_1_231' title='bbox 1126 3232 1180 3287; x_wconf 91' lang='lat' dir='ltr'><strong>in</strong></span> <span class='ocrx_word' id='word_1_232' title='bbox 1226 3235 1664 3292; x_wconf 89' lang='lat' dir='ltr'><strong>communionem</strong></span> <span class='ocrx_word' id='word_1_233' title='bbox 1718 3252 1801 3292; x_wconf 87' lang='lat' dir='ltr'><strong>re-</strong></span> 
     </span>
    </p>
   </div>
   <div class='ocr_carea' id='block_1_34' title="bbox 213 3321 1804 3394">
    <p class='ocr_par' dir='ltr' id='par_1_34' title="bbox 213 3321 1804 3394">
     <span class='ocr_line' id='line_1_34' title="bbox 213 3321 1804 3394; baseline 0.005 -18"><span class='ocrx_word' id='word_1_234' title='bbox 213 3321 399 3378; x_wconf 86' lang='lat' dir='ltr'><strong>cidens</strong></span> <span class='ocrx_word' id='word_1_235' title='bbox 419 3321 748 3392; x_wconf 77' lang='lat' dir='ltr'><strong>perfidorum</strong></span> <span class='ocrx_word' id='word_1_236' title='bbox 782 3339 887 3379; x_wconf 93' lang='lat' dir='ltr'><strong>non</strong></span> <span class='ocrx_word' id='word_1_237' title='bbox 926 3324 1112 3379; x_wconf 86' lang='lat' dir='ltr'><strong>debuit</strong></span> <span class='ocrx_word' id='word_1_238' title='bbox 1139 3326 1486 3381; x_wconf 87' lang='lat' dir='ltr'><strong>submoveri?</strong></span> <span class='ocrx_word' id='word_1_239' title='bbox 1517 3346 1534 3381; x_wconf 75' lang='grc' dir='ltr'><strong><em>ι</em></strong></span> <span class='ocrx_word' id='word_1_240' title='bbox 1569 3327 1804 3394; x_wconf 83' lang='lat' dir='ltr'><strong>Nam,ut</strong></span> 
     </span>
    </p>
   </div>
   <div class='ocr_carea' id='block_1_35' title="bbox 213 3411 1805 3492">
    <p class='ocr_par' dir='ltr' id='par_1_35' title="bbox 213 3411 1805 3492">
     <span class='ocr_line' id='line_1_35' title="bbox 213 3411 1805 3492; baseline 0.005 -24"><span class='ocrx_word' id='word_1_241' title='bbox 213 3411 331 3484; x_wconf 85' lang='lat' dir='ltr'><strong>ipse</strong></span> <span class='ocrx_word' id='word_1_242' title='bbox 357 3414 715 3481; x_wconf 88' lang='lat' dir='ltr'><strong>demonstrat,</strong></span> <span class='ocrx_word' id='word_1_243' title='bbox 746 3413 1097 3474; x_wconf 79' lang='lat' dir='ltr'><strong>Heracleotes</strong></span> <span class='ocrx_word' id='word_1_244' title='bbox 1139 3414 1474 3492; x_wconf 84' lang='lat' dir='ltr'><strong>sull&#39;raganea</strong></span> <span class='ocrx_word' id='word_1_245' title='bbox 1523 3419 1642 3489; x_wconf 77' lang='lat' dir='ltr'><strong>fuit.</strong></span> <span class='ocrx_word' id='word_1_246' title='bbox 1694 3419 1805 3477; x_wconf 84' lang='lat' dir='ltr'><strong>Hoc</strong></span> 
     </span>
    </p>
   </div>
   <div class='ocr_carea' id='block_1_36' title="bbox 212 3504 1805 3582">
    <p class='ocr_par' dir='ltr' id='par_1_36' title="bbox 212 3504 1805 3582">
     <span class='ocr_line' id='line_1_36' title="bbox 212 3504 1805 3582; baseline 0.006 -23"><span class='ocrx_word' id='word_1_247' title='bbox 212 3516 397 3562; x_wconf 87' lang='lat' dir='ltr'><strong>autem</strong></span> <span class='ocrx_word' id='word_1_248' title='bbox 435 3506 713 3563; x_wconf 84' lang='lat' dir='ltr'><strong>Gelasium</strong></span> <span class='ocrx_word' id='word_1_249' title='bbox 759 3509 939 3565; x_wconf 89' lang='lat' dir='ltr'><strong>dicere</strong></span> <span class='ocrx_word' id='word_1_250' title='bbox 974 3518 1124 3582; x_wconf 89' lang='lat' dir='ltr'><strong>patet</strong></span> <span class='ocrx_word' id='word_1_251' title='bbox 1154 3511 1219 3567; x_wconf 88' lang='lat' dir='ltr'><strong>de</strong></span> <span class='ocrx_word' id='word_1_252' title='bbox 1246 3504 1418 3568; x_wconf 87' lang='lat' dir='ltr'><strong>sacris</strong></span> <span class='ocrx_word' id='word_1_253' title='bbox 1447 3506 1680 3568; x_wconf 76' lang='lat' dir='ltr'><strong>Niczenis</strong></span> <span class='ocrx_word' id='word_1_254' title='bbox 1715 3528 1805 3567; x_wconf 88' lang='lat' dir='ltr'><strong>ca-</strong></span> 
     </span>
    </p>
   </div>
   <div class='ocr_carea' id='block_1_37' title="bbox 214 3596 1804 3672">
    <p class='ocr_par' dir='ltr' id='par_1_37' title="bbox 214 3596 1804 3672">
     <span class='ocr_line' id='line_1_37' title="bbox 214 3596 1804 3672; baseline 0.007 -24"><span class='ocrx_word' id='word_1_255' title='bbox 214 3596 472 3662; x_wconf 87' lang='lat' dir='ltr'><strong>nonibus,</strong></span> <span class='ocrx_word' id='word_1_256' title='bbox 501 3598 593 3667; x_wconf 87' lang='lat' dir='ltr'><strong>qui</strong></span> <span class='ocrx_word' id='word_1_257' title='bbox 638 3597 916 3672; x_wconf 88' lang='lat' dir='ltr'><strong>privilegia</strong></span> <span class='ocrx_word' id='word_1_258' title='bbox 962 3600 1168 3657; x_wconf 88' lang='lat' dir='ltr'><strong>sedium</strong></span> <span class='ocrx_word' id='word_1_259' title='bbox 1214 3603 1630 3666; x_wconf 88' lang='lat' dir='ltr'><strong>constituerunt,</strong></span> <span class='ocrx_word' id='word_1_260' title='bbox 1664 3603 1804 3659; x_wconf 86' lang='lat' dir='ltr'><strong>sicut</strong></span> 
     </span>
    </p>
   </div>
   <div class='ocr_carea' id='block_1_38' title="bbox 213 3686 1802 3765">
    <p class='ocr_par' dir='ltr' id='par_1_38' title="bbox 213 3686 1802 3765">
     <span class='ocr_line' id='line_1_38' title="bbox 213 3686 1802 3765; baseline 0.006 -25"><span class='ocrx_word' id='word_1_261' title='bbox 213 3686 270 3741; x_wconf 89' lang='lat' dir='ltr'><strong>in</strong></span> <span class='ocrx_word' id='word_1_262' title='bbox 300 3695 460 3742; x_wconf 80' lang='lat' dir='ltr'><strong>sexto</strong></span> <span class='ocrx_word' id='word_1_263' title='bbox 489 3689 725 3759; x_wconf 90' lang='lat' dir='ltr'><strong>ipsorum</strong></span> <span class='ocrx_word' id='word_1_264' title='bbox 748 3691 984 3763; x_wconf 87' lang='lat' dir='ltr'><strong>capitulo</strong></span> <span class='ocrx_word' id='word_1_265' title='bbox 1013 3702 1197 3765; x_wconf 87' lang='lat' dir='ltr'><strong>aperte</strong></span> <span class='ocrx_word' id='word_1_266' title='bbox 1236 3703 1593 3751; x_wconf 85' lang='lat' dir='ltr'><strong>monstratur.</strong></span> <span class='ocrx_word' id='word_1_267' title='bbox 1647 3694 1802 3751; x_wconf 89' lang='lat' dir='ltr'><strong>Unde</strong></span> 
     </span>
    </p>
   </div>
   <div class='ocr_carea' id='block_1_39' title="bbox 213 3778 1805 3857">
    <p class='ocr_par' dir='ltr' id='par_1_39' title="bbox 213 3778 1805 3857">
     <span class='ocr_line' id='line_1_39' title="bbox 213 3778 1805 3857; baseline 0.005 -25"><span class='ocrx_word' id='word_1_268' title='bbox 213 3778 533 3835; x_wconf 74' lang='lat' dir='ltr'><strong>Bonifacius</strong></span> <span class='ocrx_word' id='word_1_269' title='bbox 557 3781 724 3853; x_wconf 73' lang='lat' dir='ltr'><strong>(epist.</strong></span> <span class='ocrx_word' id='word_1_270' title='bbox 747 3782 805 3846; x_wconf 77' lang='lat'><strong>3,</strong></span> <span class='ocrx_word' id='word_1_271' title='bbox 833 3780 1042 3838; x_wconf 74' lang='lat' dir='ltr'><strong>Hilario</strong></span> <span class='ocrx_word' id='word_1_272' title='bbox 1085 3783 1349 3857; x_wconf 81' lang='lat' dir='ltr'><strong>Nurbon.)</strong></span> <span class='ocrx_word' id='word_1_273' title='bbox 1384 3803 1397 3839; x_wconf 88' lang='lat'><strong>:</strong></span> <span class='ocrx_word' id='word_1_274' title='bbox 1444 3804 1462 3837; x_wconf 77' lang='grc' dir='ltr'>ι</span> <span class='ocrx_word' id='word_1_275' title='bbox 1517 3784 1678 3851; x_wconf 85' lang='lat' dir='ltr'><strong>Nulli,</strong></span> <span class='ocrx_word' id='word_1_276' title='bbox 1724 3786 1805 3840; x_wconf 82' lang='lat' dir='ltr'><strong>in-</strong></span> 
     </span>
    </p>
   </div>
   <div class='ocr_carea' id='block_1_40' title="bbox 215 3869 1799 3947">
    <p class='ocr_par' dir='ltr' id='par_1_40' title="bbox 215 3869 1799 3947">
     <span class='ocr_line' id='line_1_40' title="bbox 215 3869 1799 3947; baseline 0.006 -26"><span class='ocrx_word' id='word_1_277' title='bbox 215 3869 367 3939; x_wconf 84' lang='lat' dir='ltr'><strong>quit,</strong></span> <span class='ocrx_word' id='word_1_278' title='bbox 398 3869 603 3925; x_wconf 84' lang='lat' dir='ltr'><strong>videtur</strong></span> <span class='ocrx_word' id='word_1_279' title='bbox 642 3872 913 3945; x_wconf 85' lang='lat' dir='ltr'><strong>incognita</strong></span> <span class='ocrx_word' id='word_1_280' title='bbox 954 3874 1144 3947; x_wconf 87' lang='lat' dir='ltr'><strong>synodi</strong></span> <span class='ocrx_word' id='word_1_281' title='bbox 1193 3874 1507 3932; x_wconf 90' lang='lat' dir='ltr'><strong>constitutio</strong></span> <span class='ocrx_word' id='word_1_282' title='bbox 1549 3874 1799 3942; x_wconf 77' lang='lat' dir='ltr'><strong>Nicaenae,</strong></span> 
     </span>
    </p>
   </div>
   <div class='ocr_carea' id='block_1_41' title="bbox 212 3960 1799 4039">
    <p class='ocr_par' dir='ltr' id='par_1_41' title="bbox 212 3960 1799 4039">
     <span class='ocr_line' id='line_1_41' title="bbox 212 3960 1799 4039; baseline 0.006 -25"><span class='ocrx_word' id='word_1_283' title='bbox 212 3973 343 4030; x_wconf 68' lang='lat' dir='ltr'><strong>qua:</strong></span> <span class='ocrx_word' id='word_1_284' title='bbox 377 3960 448 4016; x_wconf 86' lang='lat' dir='ltr'><strong>ita</strong></span> <span class='ocrx_word' id='word_1_285' title='bbox 474 3962 734 4036; x_wconf 82' lang='lat' dir='ltr'><strong>praecipit,</strong></span> <span class='ocrx_word' id='word_1_286' title='bbox 758 3973 816 4020; x_wconf 88' lang='lat' dir='ltr'><strong>ut</strong></span> <span class='ocrx_word' id='word_1_287' title='bbox 844 3966 1031 4022; x_wconf 85' lang='lat' dir='ltr'><strong>eadem</strong></span> <span class='ocrx_word' id='word_1_288' title='bbox 1064 3968 1281 4039; x_wconf 89' lang='lat' dir='ltr'><strong>proprie</strong></span> <span class='ocrx_word' id='word_1_289' title='bbox 1306 3968 1468 4023; x_wconf 80' lang='lat' dir='ltr'><strong>verba</strong></span> <span class='ocrx_word' id='word_1_290' title='bbox 1498 3983 1760 4039; x_wconf 86' lang='lat' dir='ltr'><strong>ponamus</strong></span> <span class='ocrx_word' id='word_1_291' title='bbox 1785 3985 1799 4025; x_wconf 91' lang='lat'><strong>:</strong></span> 
     </span>
    </p>
   </div>
   <div class='ocr_carea' id='block_1_42' title="bbox 214 4053 1804 4133">
    <p class='ocr_par' dir='ltr' id='par_1_42' title="bbox 214 4053 1804 4133">
     <span class='ocr_line' id='line_1_42' title="bbox 214 4053 1804 4133; baseline 0.006 -25"><span class='ocrx_word' id='word_1_292' title='bbox 214 4053 327 4109; x_wconf 81' lang='lat' dir='ltr'><strong>Per</strong></span> <span class='ocrx_word' id='word_1_293' title='bbox 355 4068 788 4129; x_wconf 85' lang='lat' dir='ltr'><strong>unamquamque</strong></span> <span class='ocrx_word' id='word_1_294' title='bbox 821 4060 1160 4130; x_wconf 85' lang='lat' dir='ltr'><strong>provinciam</strong></span> <span class='ocrx_word' id='word_1_295' title='bbox 1216 4061 1307 4131; x_wconf 86' lang='lat' dir='ltr'><strong>jus</strong></span> <span class='ocrx_word' id='word_1_296' title='bbox 1364 4060 1804 4133; x_wconf 82' lang='lat' dir='ltr'><strong>mctmpoiitanos</strong></span> 
     </span>
    </p>
   </div>
   <div class='ocr_carea' id='block_1_43' title="bbox 213 4147 1804 4225">
    <p class='ocr_par' dir='ltr' id='par_1_43' title="bbox 213 4147 1804 4225">
     <span class='ocr_line' id='line_1_43' title="bbox 213 4147 1804 4225; baseline 0.006 -25"><span class='ocrx_word' id='word_1_297' title='bbox 213 4147 461 4220; x_wconf 87' lang='lat' dir='ltr'><strong>singulos</strong></span> <span class='ocrx_word' id='word_1_298' title='bbox 481 4151 682 4207; x_wconf 81' lang='lat' dir='ltr'><strong>habere</strong></span> <span class='ocrx_word' id='word_1_299' title='bbox 708 4152 926 4215; x_wconf 86' lang='lat' dir='ltr'><strong>debere,</strong></span> <span class='ocrx_word' id='word_1_300' title='bbox 943 4166 1044 4208; x_wconf 86' lang='lat' dir='ltr'><strong>nec</strong></span> <span class='ocrx_word' id='word_1_301' title='bbox 1072 4152 1320 4223; x_wconf 83' lang='lat' dir='ltr'><strong>cuiquam</strong></span> <span class='ocrx_word' id='word_1_302' title='bbox 1349 4153 1482 4208; x_wconf 86' lang='lat' dir='ltr'><strong>duas</strong></span> <span class='ocrx_word' id='word_1_303' title='bbox 1503 4170 1625 4209; x_wconf 84' lang='lat' dir='ltr'><strong>esse</strong></span> <span class='ocrx_word' id='word_1_304' title='bbox 1646 4168 1804 4225; x_wconf 85' lang='lat' dir='ltr'><strong>posse</strong></span> 
     </span>
    </p>
   </div>
   <div class='ocr_carea' id='block_1_44' title="bbox 216 4238 1800 4313">
    <p class='ocr_par' dir='ltr' id='par_1_44' title="bbox 216 4238 1800 4313">
     <span class='ocr_line' id='line_1_44' title="bbox 216 4238 1800 4313; baseline 0.002 -19"><span class='ocrx_word' id='word_1_305' title='bbox 216 4238 513 4308; x_wconf 74' lang='lat' dir='ltr'><strong>subiectas.</strong></span> <span class='ocrx_word' id='word_1_306' title='bbox 547 4242 698 4309; x_wconf 86' lang='lat' dir='ltr'><strong>Quod</strong></span> <span class='ocrx_word' id='word_1_307' title='bbox 728 4241 827 4308; x_wconf 90' lang='lat' dir='ltr'><strong>illi,</strong></span> <span class='ocrx_word' id='word_1_308' title='bbox 856 4242 980 4313; x_wconf 89' lang='lat' dir='ltr'><strong>quia</strong></span> <span class='ocrx_word' id='word_1_309' title='bbox 1010 4243 1166 4298; x_wconf 87' lang='lat' dir='ltr'><strong>aliter</strong></span> <span class='ocrx_word' id='word_1_310' title='bbox 1192 4243 1519 4299; x_wconf 81' lang='lat' dir='ltr'><strong>credendum</strong></span> <span class='ocrx_word' id='word_1_311' title='bbox 1550 4258 1655 4299; x_wconf 91' lang='lat' dir='ltr'><strong>non</strong></span> <span class='ocrx_word' id='word_1_312' title='bbox 1696 4251 1800 4309; x_wconf 90' lang='lat' dir='ltr'><strong>est,</strong></span> 
     </span>
    </p>
   </div>
   <div class='ocr_carea' id='block_1_45' title="bbox 215 4332 1805 4406">
    <p class='ocr_par' dir='ltr' id='par_1_45' title="bbox 215 4332 1805 4406">
     <span class='ocr_line' id='line_1_45' title="bbox 215 4332 1805 4406; baseline 0.003 -20"><span class='ocrx_word' id='word_1_313' title='bbox 215 4332 567 4399; x_wconf 83' lang='lat' dir='ltr'><strong>servandum,</strong></span> <span class='ocrx_word' id='word_1_314' title='bbox 594 4343 781 4391; x_wconf 89' lang='lat' dir='ltr'><strong>sancto</strong></span> <span class='ocrx_word' id='word_1_315' title='bbox 809 4334 1009 4406; x_wconf 85' lang='lat' dir='ltr'><strong>Spiritu</strong></span> <span class='ocrx_word' id='word_1_316' title='bbox 1043 4342 1384 4406; x_wconf 76' lang='lat' dir='ltr'><strong>suggerente,</strong></span> <span class='ocrx_word' id='word_1_317' title='bbox 1410 4335 1631 4391; x_wconf 88' lang='lat' dir='ltr'><strong>sibimet</strong></span> <span class='ocrx_word' id='word_1_318' title='bbox 1679 4352 1805 4391; x_wconf 89' lang='lat' dir='ltr'><strong>ccn-</strong></span> 
     </span>
    </p>
   </div>
   <div class='ocr_carea' id='block_1_46' title="bbox 215 4425 1804 4498">
    <p class='ocr_par' dir='ltr' id='par_1_46' title="bbox 215 4425 1804 4498">
     <span class='ocr_line' id='line_1_46' title="bbox 215 4425 1804 4498; baseline 0.002 -19"><span class='ocrx_word' id='word_1_319' title='bbox 215 4432 476 4492; x_wconf 82' lang='lat' dir='ltr'><strong>suerunt;</strong></span> <span class='ocrx_word' id='word_1_320' title='bbox 519 4443 537 4477; x_wconf 74' lang='grc' dir='ltr'><strong>ι</strong></span> <span class='ocrx_word' id='word_1_321' title='bbox 568 4432 623 4481; x_wconf 83' lang='lat' dir='ltr'><strong>et</strong></span> <span class='ocrx_word' id='word_1_322' title='bbox 650 4426 953 4498; x_wconf 86' lang='lat' dir='ltr'><strong>paulo‘post</strong></span> <span class='ocrx_word' id='word_1_323' title='bbox 982 4428 997 4481; x_wconf 77' lang='grc' dir='ltr'><strong><em>ἑ</em></strong></span> <span class='ocrx_word' id='word_1_324' title='bbox 1032 4443 1051 4477; x_wconf 70' lang='grc' dir='ltr'><em>ρ</em></span> <span class='ocrx_word' id='word_1_325' title='bbox 1081 4426 1232 4494; x_wconf 80' lang='lat' dir='ltr'><strong>Quod</strong></span> <span class='ocrx_word' id='word_1_326' title='bbox 1255 4426 1457 4482; x_wconf 86' lang='lat' dir='ltr'><strong>idcirco</strong></span> <span class='ocrx_word' id='word_1_327' title='bbox 1476 4425 1723 4491; x_wconf 87' lang='lat' dir='ltr'><strong>dicimus,</strong></span> <span class='ocrx_word' id='word_1_328' title='bbox 1745 4434 1804 4481; x_wconf 89' lang='lat' dir='ltr'><strong>ut</strong></span> 
     </span>
    </p>
   </div>
   <div class='ocr_carea' id='block_1_47' title="bbox 212 4516 1802 4590">
    <p class='ocr_par' dir='ltr' id='par_1_47' title="bbox 212 4516 1802 4590">
     <span class='ocr_line' id='line_1_47' title="bbox 212 4516 1802 4590; baseline 0.001 -19"><span class='ocrx_word' id='word_1_329' title='bbox 212 4516 467 4571; x_wconf 81' lang='lat' dir='ltr'><strong>advertat</strong></span> <span class='ocrx_word' id='word_1_330' title='bbox 495 4518 734 4573; x_wconf 72' lang='lat' dir='ltr'><strong>citat-itas</strong></span> <span class='ocrx_word' id='word_1_331' title='bbox 760 4526 869 4583; x_wconf 85' lang='lat' dir='ltr'><strong>tua,</strong></span> <span class='ocrx_word' id='word_1_332' title='bbox 903 4518 1038 4574; x_wconf 89' lang='lat' dir='ltr'><strong>adeo</strong></span> <span class='ocrx_word' id='word_1_333' title='bbox 1075 4532 1176 4574; x_wconf 92' lang='lat' dir='ltr'><strong>nos</strong></span> <span class='ocrx_word' id='word_1_334' title='bbox 1222 4534 1487 4574; x_wconf 89' lang='lat' dir='ltr'><strong>canonum</strong></span> <span class='ocrx_word' id='word_1_335' title='bbox 1533 4526 1802 4590; x_wconf 66' lang='lat' dir='ltr'><strong>prazcepta</strong></span> 
     </span>
    </p>
   </div>
   <div class='ocr_carea' id='block_1_48' title="bbox 210 4604 1800 4681">
    <p class='ocr_par' dir='ltr' id='par_1_48' title="bbox 210 4604 1800 4681">
     <span class='ocr_line' id='line_1_48' title="bbox 210 4604 1800 4681; baseline 0.001 -18"><span class='ocrx_word' id='word_1_336' title='bbox 210 4620 461 4675; x_wconf 80' lang='lat' dir='ltr'><strong>servare,</strong></span> <span class='ocrx_word' id='word_1_337' title='bbox 488 4618 549 4665; x_wconf 90' lang='lat' dir='ltr'><strong>ut</strong></span> <span class='ocrx_word' id='word_1_338' title='bbox 574 4611 650 4665; x_wconf 83' lang='lat' dir='ltr'><strong>ita</strong></span> <span class='ocrx_word' id='word_1_339' title='bbox 699 4610 1019 4666; x_wconf 82' lang='lat' dir='ltr'><strong>constitutio</strong></span> <span class='ocrx_word' id='word_1_340' title='bbox 1065 4624 1276 4681; x_wconf 88' lang='lat' dir='ltr'><strong>quoque</strong></span> <span class='ocrx_word' id='word_1_341' title='bbox 1318 4618 1504 4665; x_wconf 88' lang='lat' dir='ltr'><strong>nostra</strong></span> <span class='ocrx_word' id='word_1_342' title='bbox 1559 4604 1800 4675; x_wconf 76' lang='lat' dir='ltr'><strong>diﬂlniat,</strong></span> 
     </span>
    </p>
   </div>
   <div class='ocr_carea' id='block_1_49' title="bbox 151 4702 1801 4777">
    <p class='ocr_par' dir='ltr' id='par_1_49' title="bbox 151 4702 1801 4777">
     <span class='ocr_line' id='line_1_49' title="bbox 151 4702 1801 4777; baseline 0.003 -24"><span class='ocrx_word' id='word_1_343' title='bbox 151 4731 157 4735; x_wconf 91' lang='lat'><strong>-</strong></span> <span class='ocrx_word' id='word_1_344' title='bbox 213 4707 487 4770; x_wconf 86' lang='lat' dir='ltr'><strong>quatenus</strong></span> <span class='ocrx_word' id='word_1_345' title='bbox 516 4703 913 4773; x_wconf 88' lang='lat' dir='ltr'><strong>metropolitani</strong></span> <span class='ocrx_word' id='word_1_346' title='bbox 946 4704 1027 4758; x_wconf 89' lang='lat' dir='ltr'><strong>sui</strong></span> <span class='ocrx_word' id='word_1_347' title='bbox 1056 4716 1392 4777; x_wconf 66' lang='lat' dir='ltr'><strong>unaquaeque</strong></span> <span class='ocrx_word' id='word_1_348' title='bbox 1435 4702 1715 4772; x_wconf 84' lang='lat' dir='ltr'><strong>provincia</strong></span> <span class='ocrx_word' id='word_1_349' title='bbox 1742 4702 1801 4758; x_wconf 89' lang='lat' dir='ltr'><strong>in</strong></span> 
     </span>
    </p>
   </div>
   <div class='ocr_carea' id='block_1_50' title="bbox 203 4792 1805 4866">
    <p class='ocr_par' dir='ltr' id='par_1_50' title="bbox 203 4792 1805 4866">
     <span class='ocr_line' id='line_1_50' title="bbox 203 4792 1805 4866; baseline 0.001 -18"><span class='ocrx_word' id='word_1_350' title='bbox 203 4792 470 4850; x_wconf 79' lang='lat' dir='ltr'><strong>omnibus</strong></span> <span class='ocrx_word' id='word_1_351' title='bbox 491 4795 656 4850; x_wconf 87' lang='lat' dir='ltr'><strong>rebus</strong></span> <span class='ocrx_word' id='word_1_352' title='bbox 678 4796 1074 4851; x_wconf 75' lang='lat' dir='ltr'><strong>ordinationem</strong></span> <span class='ocrx_word' id='word_1_353' title='bbox 1104 4810 1319 4865; x_wconf 90' lang='lat' dir='ltr'><strong>semper</strong></span> <span class='ocrx_word' id='word_1_354' title='bbox 1340 4804 1636 4866; x_wconf 85' lang='lat' dir='ltr'><strong>exspectet.</strong></span> <span class='ocrx_word' id='word_1_355' title='bbox 1684 4815 1702 4847; x_wconf 76' lang='grc' dir='ltr'><strong><em>ι</em></strong></span> <span class='ocrx_word' id='word_1_356' title='bbox 1738 4795 1805 4850; x_wconf 84' lang='lat' dir='ltr'><strong>Et</strong></span> 
     </span>
    </p>
   </div>
   <div class='ocr_carea' id='block_1_51' title="bbox 210 4882 1805 4958">
    <p class='ocr_par' dir='ltr' id='par_1_51' title="bbox 210 4882 1805 4958">
     <span class='ocr_line' id='line_1_51' title="bbox 210 4882 1805 4958; baseline 0 -18"><span class='ocrx_word' id='word_1_357' title='bbox 210 4882 329 4940; x_wconf 85' lang='lat' dir='ltr'><strong>Leo</strong></span> <span class='ocrx_word' id='word_1_358' title='bbox 358 4885 425 4938; x_wconf 87' lang='lat' dir='ltr'><strong>ad</strong></span> <span class='ocrx_word' id='word_1_359' title='bbox 456 4884 796 4941; x_wconf 78' lang='lat' dir='ltr'><strong>Auastasium</strong></span> <span class='ocrx_word' id='word_1_360' title='bbox 824 4887 994 4957; x_wconf 78' lang='lat' dir='ltr'><strong>(epist.</strong></span> <span class='ocrx_word' id='word_1_361' title='bbox 1025 4885 1114 4953; x_wconf 86' lang='lat'><strong>88,</strong></span> <span class='ocrx_word' id='word_1_362' title='bbox 1145 4900 1266 4957; x_wconf 89' lang='lat' dir='ltr'><strong>cap.</strong></span> <span class='ocrx_word' id='word_1_363' title='bbox 1298 4887 1348 4958; x_wconf 81' lang='grc'><strong>1)</strong></span> <span class='ocrx_word' id='word_1_364' title='bbox 1382 4890 1407 4942; x_wconf 87' lang='lat'><strong>:&#39;</strong></span> <span class='ocrx_word' id='word_1_365' title='bbox 1441 4905 1460 4937; x_wconf 77' lang='grc' dir='ltr'>ι</span> <span class='ocrx_word' id='word_1_366' title='bbox 1499 4885 1805 4942; x_wconf 90' lang='lat' dir='ltr'><strong>Secundum</strong></span> 
     </span>
    </p>
   </div>
   <div class='ocr_carea' id='block_1_52' title="bbox 212 4977 1803 5047">
    <p class='ocr_par' dir='ltr' id='par_1_52' title="bbox 212 4977 1803 5047">
     <span class='ocr_line' id='line_1_52' title="bbox 212 4977 1803 5047; baseline 0 -14"><span class='ocrx_word' id='word_1_367' title='bbox 212 4985 531 5033; x_wconf 86' lang='lat' dir='ltr'><strong>sanctorum</strong></span> <span class='ocrx_word' id='word_1_368' title='bbox 558 4977 780 5033; x_wconf 83' lang='lat' dir='ltr'><strong>Patrum</strong></span> <span class='ocrx_word' id='word_1_369' title='bbox 810 4993 1080 5044; x_wconf 87' lang='lat' dir='ltr'><strong>canones,</strong></span> <span class='ocrx_word' id='word_1_370' title='bbox 1120 4977 1327 5047; x_wconf 86' lang='lat' dir='ltr'><strong>Spiritu</strong></span> <span class='ocrx_word' id='word_1_371' title='bbox 1392 4978 1487 5033; x_wconf 82' lang='lat' dir='ltr'><strong>Dei</strong></span> <span class='ocrx_word' id='word_1_372' title='bbox 1535 4978 1803 5044; x_wconf 89' lang='lat' dir='ltr'><strong>conditos,</strong></span> 
     </span>
    </p>
   </div>
   <div class='ocr_carea' id='block_1_53' title="bbox 211 5068 1808 5143">
    <p class='ocr_par' dir='ltr' id='par_1_53' title="bbox 211 5068 1808 5143">
     <span class='ocr_line' id='line_1_53' title="bbox 211 5068 1808 5143; baseline 0 -17"><span class='ocrx_word' id='word_1_373' title='bbox 211 5076 269 5127; x_wconf 82' lang='lat' dir='ltr'><strong>et</strong></span> <span class='ocrx_word' id='word_1_374' title='bbox 304 5068 470 5125; x_wconf 81' lang='lat' dir='ltr'><strong>totius</strong></span> <span class='ocrx_word' id='word_1_375' title='bbox 506 5070 690 5126; x_wconf 88' lang='lat' dir='ltr'><strong>mundi</strong></span> <span class='ocrx_word' id='word_1_376' title='bbox 739 5073 1042 5127; x_wconf 85' lang='lat' dir='ltr'><strong>reverentia</strong></span> <span class='ocrx_word' id='word_1_377' title='bbox 1085 5079 1446 5133; x_wconf 88' lang='lat' dir='ltr'><strong>consecratos,</strong></span> <span class='ocrx_word' id='word_1_378' title='bbox 1495 5072 1808 5143; x_wconf 80' lang='lat' dir='ltr'><strong>metrOpoli-</strong></span> 
     </span>
    </p>
   </div>
   <div class='ocr_carea' id='block_1_54' title="bbox 212 5148 1865 5235">
    <p class='ocr_par' dir='ltr' id='par_1_54' title="bbox 212 5148 1865 5235">
     <span class='ocr_line' id='line_1_54' title="bbox 212 5148 1865 5235; baseline -0.001 -19"><span class='ocrx_word' id='word_1_379' title='bbox 212 5168 381 5217; x_wconf 84' lang='lat' dir='ltr'><strong>tanos</strong></span> <span class='ocrx_word' id='word_1_380' title='bbox 404 5160 737 5234; x_wconf 84' lang='lat' dir='ltr'><strong>singularum</strong></span> <span class='ocrx_word' id='word_1_381' title='bbox 784 5164 1183 5235; x_wconf 85' lang='lat' dir='ltr'><strong>provinciarum</strong></span> <span class='ocrx_word' id='word_1_382' title='bbox 1234 5162 1516 5234; x_wconf 88' lang='lat' dir='ltr'><strong>episcopos</strong></span> <span class='ocrx_word' id='word_1_383' title='bbox 1558 5148 1646 5234; x_wconf 69' lang='lat' dir='ltr'><strong>ius</strong></span> <span class='ocrx_word' id='word_1_384' title='bbox 1692 5171 1803 5219; x_wconf 85' lang='lat' dir='ltr'><strong>tra-</strong></span> <span class='ocrx_word' id='word_1_385' title='bbox 1835 5180 1865 5215; x_wconf 54' lang='lat'><strong><em>+</em></strong></span> 
     </span>
    </p>
   </div>
   <div class='ocr_carea' id='block_1_55' title="bbox 212 5255 1803 5329">
    <p class='ocr_par' dir='ltr' id='par_1_55' title="bbox 212 5255 1803 5329">
     <span class='ocr_line' id='line_1_55' title="bbox 212 5255 1803 5329; baseline 0.001 -16"><span class='ocrx_word' id='word_1_386' title='bbox 212 5255 350 5313; x_wconf 63' lang='lat' dir='ltr'><strong>dita:</strong></span> <span class='ocrx_word' id='word_1_387' title='bbox 378 5255 482 5312; x_wconf 87' lang='lat' dir='ltr'><strong>sibi</strong></span> <span class='ocrx_word' id='word_1_388' title='bbox 512 5257 812 5329; x_wconf 84' lang='lat' dir='ltr'><strong>antiquitus</strong></span> <span class='ocrx_word' id='word_1_389' title='bbox 849 5258 1127 5329; x_wconf 86' lang='lat' dir='ltr'><strong>dignitatis</strong></span> <span class='ocrx_word' id='word_1_390' title='bbox 1179 5256 1558 5312; x_wconf 90' lang='lat' dir='ltr'><strong>intemeratum</strong></span> <span class='ocrx_word' id='word_1_391' title='bbox 1603 5259 1803 5315; x_wconf 85' lang='lat' dir='ltr'><strong>habere</strong></span> 
     </span>
    </p>
   </div>
   <div class='ocr_carea' id='block_1_56' title="bbox 210 5346 1800 5417">
    <p class='ocr_par' dir='ltr' id='par_1_56' title="bbox 210 5346 1800 5417">
     <span class='ocr_line' id='line_1_56' title="bbox 210 5346 1800 5417; baseline -0.002 -13"><span class='ocrx_word' id='word_1_392' title='bbox 210 5348 586 5404; x_wconf 88' lang='lat' dir='ltr'><strong>decernimus.</strong></span> <span class='ocrx_word' id='word_1_393' title='bbox 624 5354 645 5402; x_wconf 63' lang='grc' dir='ltr'>ι</span> <span class='ocrx_word' id='word_1_394' title='bbox 682 5348 749 5403; x_wconf 83' lang='lat' dir='ltr'><strong>Et</strong></span> <span class='ocrx_word' id='word_1_395' title='bbox 776 5348 905 5405; x_wconf 89' lang='lat' dir='ltr'><strong>item</strong></span> <span class='ocrx_word' id='word_1_396' title='bbox 941 5346 1225 5413; x_wconf 84' lang='lat' dir='ltr'><strong>Gelasius,</strong></span> <span class='ocrx_word' id='word_1_397' title='bbox 1255 5356 1315 5401; x_wconf 92' lang='lat' dir='ltr'><strong>ut</strong></span> <span class='ocrx_word' id='word_1_398' title='bbox 1363 5362 1524 5417; x_wconf 89' lang='lat' dir='ltr'><strong>supra</strong></span> <span class='ocrx_word' id='word_1_399' title='bbox 1568 5347 1800 5415; x_wconf 83' lang='lat' dir='ltr'><strong>ostendi,</strong></span> 
     </span>
    </p>
   </div>
   <div class='ocr_carea' id='block_1_57' title="bbox 204 5438 1801 5511">
    <p class='ocr_par' dir='ltr' id='par_1_57' title="bbox 204 5438 1801 5511">
     <span class='ocr_line' id='line_1_57' title="bbox 204 5438 1801 5511; baseline 0 -18"><span class='ocrx_word' id='word_1_400' title='bbox 204 5445 345 5511; x_wconf 78' lang='lat' dir='ltr'><strong>post</strong></span> <span class='ocrx_word' id='word_1_401' title='bbox 401 5438 823 5511; x_wconf 83' lang='lat' dir='ltr'><strong>descriptionem</strong></span> <span class='ocrx_word' id='word_1_402' title='bbox 885 5440 1321 5496; x_wconf 85' lang='lat' dir='ltr'><strong>authenticarum</strong></span> <span class='ocrx_word' id='word_1_403' title='bbox 1377 5438 1801 5510; x_wconf 85' lang='lat' dir='ltr'><strong>Scripturarum&#39;,</strong></span> 
     </span>
    </p>
   </div>
   <div class='ocr_carea' id='block_1_58' title="bbox 207 5527 1803 5600">
    <p class='ocr_par' dir='ltr' id='par_1_58' title="bbox 207 5527 1803 5600">
     <span class='ocr_line' id='line_1_58' title="bbox 207 5527 1803 5600; baseline -0.002 -14"><span class='ocrx_word' id='word_1_404' title='bbox 207 5540 268 5586; x_wconf 84' lang='lat' dir='ltr'><strong>et</strong></span> <span class='ocrx_word' id='word_1_405' title='bbox 338 5527 592 5597; x_wconf 63' lang='lat' dir='ltr'><strong>Nicaeum,</strong></span> <span class='ocrx_word' id='word_1_406' title='bbox 659 5528 1293 5600; x_wconf 64' lang='lat' dir='ltr'><strong>Constantinopolitanae,</strong></span> <span class='ocrx_word' id='word_1_407' title='bbox 1355 5544 1418 5585; x_wconf 86' lang='lat' dir='ltr'><strong>ac</strong></span> <span class='ocrx_word' id='word_1_408' title='bbox 1477 5529 1803 5600; x_wconf 82' lang='lat' dir='ltr'><strong>Ephesiuae‘,</strong></span> 
     </span>
    </p>
   </div>
   <div class='ocr_carea' id='block_1_59' title="bbox 208 5620 1807 5695">
    <p class='ocr_par' dir='ltr' id='par_1_59' title="bbox 208 5620 1807 5695">
     <span class='ocr_line' id='line_1_59' title="bbox 208 5620 1807 5695; baseline 0 -17"><span class='ocrx_word' id='word_1_409' title='bbox 208 5620 677 5680; x_wconf 80' lang='lat' dir='ltr'><strong>Chalcedonensis</strong></span> <span class='ocrx_word' id='word_1_410' title='bbox 724 5637 941 5694; x_wconf 89' lang='lat' dir='ltr'><strong>quoque</strong></span> <span class='ocrx_word' id='word_1_411' title='bbox 975 5622 1203 5695; x_wconf 85' lang='lat' dir='ltr'><strong>synodi,</strong></span> <span class='ocrx_word' id='word_1_412' title='bbox 1244 5622 1451 5679; x_wconf 79' lang='lat' dir='ltr'><strong>addidit</strong></span> <span class='ocrx_word' id='word_1_413' title='bbox 1499 5640 1511 5677; x_wconf 91' lang='lat'><strong>:</strong></span> <span class='ocrx_word' id='word_1_414' title='bbox 1571 5640 1591 5674; x_wconf 74' lang='grc' dir='ltr'>ι</span> <span class='ocrx_word' id='word_1_415' title='bbox 1645 5623 1712 5677; x_wconf 86' lang='lat' dir='ltr'><strong>Et</strong></span> <span class='ocrx_word' id='word_1_416' title='bbox 1762 5623 1807 5678; x_wconf 86' lang='lat' dir='ltr'><strong>si</strong></span> 
     </span>
    </p>
   </div>
   <div class='ocr_carea' id='block_1_60' title="bbox 1911 636 3484 717">
    <p class='ocr_par' dir='ltr' id='par_1_60' title="bbox 1911 636 3484 717">
     <span class='ocr_line' id='line_1_60' title="bbox 1911 636 3484 717; baseline 0.007 -25"><span class='ocrx_word' id='word_1_417' title='bbox 1911 648 2011 710; x_wconf 85' lang='lat' dir='ltr'><strong>pro</strong></span> <span class='ocrx_word' id='word_1_418' title='bbox 2031 636 2368 694; x_wconf 89' lang='lat' dir='ltr'><strong>diversorum</strong></span> <span class='ocrx_word' id='word_1_419' title='bbox 2387 639 2608 695; x_wconf 87' lang='lat' dir='ltr'><strong>Patrum</strong></span> <span class='ocrx_word' id='word_1_420' title='bbox 2625 642 2993 698; x_wconf 89' lang='lat' dir='ltr'><strong>consolatione</strong></span> <span class='ocrx_word' id='word_1_421' title='bbox 3020 644 3248 701; x_wconf 88' lang='lat' dir='ltr'><strong>diversis</strong></span> <span class='ocrx_word' id='word_1_422' title='bbox 3276 652 3484 717; x_wconf 84' lang='lat' dir='ltr'><strong>tempo-</strong></span> 
     </span>
    </p>
   </div>
   <div class='ocr_carea' id='block_1_61' title="bbox 1912 722 3487 807">
    <p class='ocr_par' dir='ltr' id='par_1_61' title="bbox 1912 722 3487 807">
     <span class='ocr_line' id='line_1_61' title="bbox 1912 722 3487 807; baseline 0.004 -18"><span class='ocrx_word' id='word_1_423' title='bbox 1912 722 2063 791; x_wconf 82' lang='lat' dir='ltr'><strong>ribus</strong></span> <span class='ocrx_word' id='word_1_424' title='bbox 2092 735 2269 801; x_wconf 85' lang='lat' dir='ltr'><strong>datas,</strong></span> <span class='ocrx_word' id='word_1_425' title='bbox 2295 750 2325 791; x_wconf 87' lang='lat' dir='ltr'><strong>a</strong></span> <span class='ocrx_word' id='word_1_426' title='bbox 2363 735 2493 791; x_wconf 88' lang='lat' dir='ltr'><strong>sede</strong></span> <span class='ocrx_word' id='word_1_427' title='bbox 2542 736 2834 807; x_wconf 88' lang='lat' dir='ltr'><strong>apostolica</strong></span> <span class='ocrx_word' id='word_1_428' title='bbox 2884 738 3269 795; x_wconf 85' lang='lat' dir='ltr'><strong>venerabiliter</strong></span> <span class='ocrx_word' id='word_1_429' title='bbox 3316 741 3487 797; x_wconf 33' lang='lat' dir='ltr'><strong>susci.</strong></span> 
     </span>
    </p>
   </div>
   <div class='ocr_carea' id='block_1_62' title="bbox 1908 825 3485 897">
    <p class='ocr_par' dir='ltr' id='par_1_62' title="bbox 1908 825 3485 897">
     <span class='ocr_line' id='line_1_62' title="bbox 1908 825 3485 897; baseline 0.003 -16"><span class='ocrx_word' id='word_1_430' title='bbox 1908 827 2158 897; x_wconf 85' lang='lat' dir='ltr'><strong>piendas,</strong></span> <span class='ocrx_word' id='word_1_431' title='bbox 2186 827 2327 882; x_wconf 88' lang='lat' dir='ltr'><strong>sicut</strong></span> <span class='ocrx_word' id='word_1_432' title='bbox 2352 835 2409 881; x_wconf 91' lang='lat' dir='ltr'><strong>et</strong></span> <span class='ocrx_word' id='word_1_433' title='bbox 2438 825 2688 892; x_wconf 81' lang='lat' dir='ltr'><strong>facimus,</strong></span> <span class='ocrx_word' id='word_1_434' title='bbox 2738 827 2888 883; x_wconf 88' lang='lat' dir='ltr'><strong>dicit.</strong></span> <span class='ocrx_word' id='word_1_435' title='bbox 2931 828 3140 885; x_wconf 82' lang='lat' dir='ltr'><strong>Addam</strong></span> <span class='ocrx_word' id='word_1_436' title='bbox 3172 830 3335 886; x_wconf 89' lang='lat' dir='ltr'><strong>etiam</strong></span> <span class='ocrx_word' id='word_1_437' title='bbox 3378 848 3391 886; x_wconf 91' lang='lat'><strong>:</strong></span> <span class='ocrx_word' id='word_1_438' title='bbox 3425 826 3485 887; x_wconf 86' lang='lat' dir='ltr'><strong>Si</strong></span> 
     </span>
    </p>
   </div>
   <div class='ocr_carea' id='block_1_63' title="bbox 1908 910 3483 993">
    <p class='ocr_par' dir='ltr' id='par_1_63' title="bbox 1908 910 3483 993">
     <span class='ocr_line' id='line_1_63' title="bbox 1908 910 3483 993; baseline 0.002 -18"><span class='ocrx_word' id='word_1_439' title='bbox 1908 919 1999 975; x_wconf 89' lang='lat' dir='ltr'><strong>illa</strong></span> <span class='ocrx_word' id='word_1_440' title='bbox 2039 934 2159 991; x_wconf 60' lang='lat' dir='ltr'><strong>qua!</strong></span> <span class='ocrx_word' id='word_1_441' title='bbox 2193 922 2260 976; x_wconf 87' lang='lat' dir='ltr'><strong>de</strong></span> <span class='ocrx_word' id='word_1_442' title='bbox 2282 919 2629 991; x_wconf 67' lang='lat' dir='ltr'><strong>praefatorum</strong></span> <span class='ocrx_word' id='word_1_443' title='bbox 2675 910 2990 991; x_wconf 78' lang='lat' dir='ltr'><strong>pontiﬁcum</strong></span> <span class='ocrx_word' id='word_1_444' title='bbox 3038 923 3347 993; x_wconf 84' lang='lat' dir='ltr'><strong>apostolicae</strong></span> <span class='ocrx_word' id='word_1_445' title='bbox 3398 939 3483 978; x_wconf 72' lang='lat' dir='ltr'><strong>se-</strong></span> 
     </span>
    </p>
   </div>
   <div class='ocr_carea' id='block_1_64' title="bbox 1910 1013 3485 1084">
    <p class='ocr_par' dir='ltr' id='par_1_64' title="bbox 1910 1013 3485 1084">
     <span class='ocr_line' id='line_1_64' title="bbox 1910 1013 3485 1084; baseline 0.002 -15"><span class='ocrx_word' id='word_1_446' title='bbox 1910 1014 1992 1069; x_wconf 91' lang='lat' dir='ltr'><strong>dis</strong></span> <span class='ocrx_word' id='word_1_447' title='bbox 2019 1014 2259 1084; x_wconf 87' lang='lat' dir='ltr'><strong>epistolis</strong></span> <span class='ocrx_word' id='word_1_448' title='bbox 2294 1014 2432 1069; x_wconf 82' lang='lat' dir='ltr'><strong>dicis</strong></span> <span class='ocrx_word' id='word_1_449' title='bbox 2469 1013 2805 1083; x_wconf 86' lang='lat' dir='ltr'><strong>recipiendos</strong></span> <span class='ocrx_word' id='word_1_450' title='bbox 2854 1016 3189 1071; x_wconf 81' lang='lat' dir='ltr'><strong>venerandos</strong></span> <span class='ocrx_word' id='word_1_451' title='bbox 3248 1032 3485 1073; x_wconf 80' lang='lat' dir='ltr'><strong>canones</strong></span> 
     </span>
    </p>
   </div>
   <div class='ocr_carea' id='block_1_65' title="bbox 1905 1092 3485 1179">
    <p class='ocr_par' dir='ltr' id='par_1_65' title="bbox 1905 1092 3485 1179">
     <span class='ocr_line' id='line_1_65' title="bbox 1905 1092 3485 1179; baseline 0.001 -18"><span class='ocrx_word' id='word_1_452' title='bbox 1905 1120 2048 1174; x_wconf 90' lang='lat' dir='ltr'><strong>esse,</strong></span> <span class='ocrx_word' id='word_1_453' title='bbox 2080 1108 2169 1179; x_wconf 89' lang='lat' dir='ltr'><strong>qui</strong></span> <span class='ocrx_word' id='word_1_454' title='bbox 2198 1108 2339 1178; x_wconf 89' lang='lat' dir='ltr'><strong>quod</strong></span> <span class='ocrx_word' id='word_1_455' title='bbox 2364 1107 2447 1162; x_wconf 87' lang='lat' dir='ltr'><strong>vis</strong></span> <span class='ocrx_word' id='word_1_456' title='bbox 2472 1119 2716 1163; x_wconf 89' lang='lat' dir='ltr'><strong>sanctum</strong></span> <span class='ocrx_word' id='word_1_457' title='bbox 2748 1108 2882 1164; x_wconf 90' lang='lat' dir='ltr'><strong>dicis</strong></span> <span class='ocrx_word' id='word_1_458' title='bbox 2914 1092 3194 1164; x_wconf 81' lang='lat' dir='ltr'><strong>et~licitum</strong></span> <span class='ocrx_word' id='word_1_459' title='bbox 3214 1149 3229 1175; x_wconf 92' lang='lat'><strong>,</strong></span> <span class='ocrx_word' id='word_1_460' title='bbox 3259 1118 3313 1163; x_wconf 87' lang='lat' dir='ltr'><strong>et</strong></span> <span class='ocrx_word' id='word_1_461' title='bbox 3341 1107 3485 1179; x_wconf 88' lang='lat' dir='ltr'><strong>quod</strong></span> 
     </span>
    </p>
   </div>
   <div class='ocr_carea' id='block_1_66' title="bbox 1907 1188 3486 1265">
    <p class='ocr_par' dir='ltr' id='par_1_66' title="bbox 1907 1188 3486 1265">
     <span class='ocr_line' id='line_1_66' title="bbox 1907 1188 3486 1265; baseline 0.001 -11"><span class='ocrx_word' id='word_1_462' title='bbox 1907 1213 2014 1254; x_wconf 90' lang='lat' dir='ltr'><strong>non</strong></span> <span class='ocrx_word' id='word_1_463' title='bbox 2044 1200 2125 1255; x_wconf 90' lang='lat' dir='ltr'><strong>vis</strong></span> <span class='ocrx_word' id='word_1_464' title='bbox 2154 1188 2260 1254; x_wconf 83' lang='lat' dir='ltr'><strong>non</strong></span> <span class='ocrx_word' id='word_1_465' title='bbox 2291 1209 2540 1254; x_wconf 90' lang='lat' dir='ltr'><strong>sanctum</strong></span> <span class='ocrx_word' id='word_1_466' title='bbox 2582 1206 2637 1254; x_wconf 92' lang='lat' dir='ltr'><strong>et</strong></span> <span class='ocrx_word' id='word_1_467' title='bbox 2664 1199 2929 1265; x_wconf 87' lang='lat' dir='ltr'><strong>illicitum,</strong></span> <span class='ocrx_word' id='word_1_468' title='bbox 2962 1215 3025 1255; x_wconf 88' lang='lat' dir='ltr'><strong>ac</strong></span> <span class='ocrx_word' id='word_1_469' title='bbox 3048 1199 3092 1255; x_wconf 93' lang='lat' dir='ltr'><strong>si</strong></span> <span class='ocrx_word' id='word_1_470' title='bbox 3133 1200 3184 1254; x_wconf 90' lang='lat' dir='ltr'><strong>in</strong></span> <span class='ocrx_word' id='word_1_471' title='bbox 3209 1199 3486 1255; x_wconf 80' lang='lat' dir='ltr'><strong>voluntate</strong></span> 
     </span>
    </p>
   </div>
   <div class='ocr_carea' id='block_1_67' title="bbox 1906 1291 3484 1363">
    <p class='ocr_par' dir='ltr' id='par_1_67' title="bbox 1906 1291 3484 1363">
     <span class='ocr_line' id='line_1_67' title="bbox 1906 1291 3484 1363; baseline 0.001 -17"><span class='ocrx_word' id='word_1_472' title='bbox 1906 1299 1998 1346; x_wconf 88' lang='lat' dir='ltr'><strong>tua</strong></span> <span class='ocrx_word' id='word_1_473' title='bbox 2031 1301 2226 1347; x_wconf 90' lang='lat' dir='ltr'><strong>cuncta</strong></span> <span class='ocrx_word' id='word_1_474' title='bbox 2259 1292 2365 1347; x_wconf 91' lang='lat' dir='ltr'><strong>sint</strong></span> <span class='ocrx_word' id='word_1_475' title='bbox 2394 1291 2591 1362; x_wconf 87' lang='lat' dir='ltr'><strong>posita,</strong></span> <span class='ocrx_word' id='word_1_476' title='bbox 2622 1299 2677 1346; x_wconf 89' lang='lat' dir='ltr'><strong>et</strong></span> <span class='ocrx_word' id='word_1_477' title='bbox 2706 1306 2810 1346; x_wconf 93' lang='lat' dir='ltr'><strong>non</strong></span> <span class='ocrx_word' id='word_1_478' title='bbox 2835 1291 2905 1346; x_wconf 89' lang='lat' dir='ltr'><strong>sit</strong></span> <span class='ocrx_word' id='word_1_479' title='bbox 2934 1292 3025 1363; x_wconf 89' lang='lat' dir='ltr'><strong>qui</strong></span> <span class='ocrx_word' id='word_1_480' title='bbox 3066 1300 3171 1347; x_wconf 66' lang='lat' dir='ltr'><strong>tum</strong></span> <span class='ocrx_word' id='word_1_481' title='bbox 3201 1292 3484 1363; x_wconf 66' lang='lat' dir='ltr'><strong>possitare-</strong></span> 
     </span>
    </p>
   </div>
   <div class='ocr_carea' id='block_1_68' title="bbox 1905 1382 3482 1455">
    <p class='ocr_par' dir='ltr' id='par_1_68' title="bbox 1905 1382 3482 1455">
     <span class='ocr_line' id='line_1_68' title="bbox 1905 1382 3482 1455; baseline 0 -15"><span class='ocrx_word' id='word_1_482' title='bbox 1905 1384 2100 1440; x_wconf 81' lang='lat' dir='ltr'><strong>sistere</strong></span> <span class='ocrx_word' id='word_1_483' title='bbox 2126 1384 2409 1449; x_wconf 90' lang='lat' dir='ltr'><strong>voluntati,</strong></span> <span class='ocrx_word' id='word_1_484' title='bbox 2434 1382 2609 1455; x_wconf 89' lang='lat' dir='ltr'><strong>pande</strong></span> <span class='ocrx_word' id='word_1_485' title='bbox 2634 1384 3159 1455; x_wconf 82' lang='lat' dir='ltr'><strong>nobis,quaesumus,</strong></span> <span class='ocrx_word' id='word_1_486' title='bbox 3198 1384 3325 1455; x_wconf 90' lang='lat' dir='ltr'><strong>quid</strong></span> <span class='ocrx_word' id='word_1_487' title='bbox 3356 1400 3482 1441; x_wconf 85' lang='lat' dir='ltr'><strong>cen-</strong></span> 
     </span>
    </p>
   </div>
   <div class='ocr_carea' id='block_1_69' title="bbox 1905 1474 3476 1547">
    <p class='ocr_par' dir='ltr' id='par_1_69' title="bbox 1905 1474 3476 1547">
     <span class='ocr_line' id='line_1_69' title="bbox 1905 1474 3476 1547; baseline 0 -14"><span class='ocrx_word' id='word_1_488' title='bbox 1905 1486 2028 1533; x_wconf 74' lang='lat' dir='ltr'><strong>Seas</strong></span> <span class='ocrx_word' id='word_1_489' title='bbox 2053 1477 2118 1531; x_wconf 92' lang='lat' dir='ltr'><strong>de</strong></span> <span class='ocrx_word' id='word_1_490' title='bbox 2146 1491 2332 1532; x_wconf 90' lang='lat' dir='ltr'><strong>eorum</strong></span> <span class='ocrx_word' id='word_1_491' title='bbox 2378 1476 2629 1541; x_wconf 90' lang='lat' dir='ltr'><strong>decretis,</strong></span> <span class='ocrx_word' id='word_1_492' title='bbox 2679 1476 2769 1546; x_wconf 91' lang='lat' dir='ltr'><strong>qui</strong></span> <span class='ocrx_word' id='word_1_493' title='bbox 2814 1485 2936 1547; x_wconf 92' lang='lat' dir='ltr'><strong>post</strong></span> <span class='ocrx_word' id='word_1_494' title='bbox 2964 1474 3241 1543; x_wconf 64' lang='lat' dir='ltr'><strong>Nictenum</strong></span> <span class='ocrx_word' id='word_1_495' title='bbox 3291 1479 3476 1534; x_wconf 91' lang='lat' dir='ltr'><strong>conci-</strong></span> 
     </span>
    </p>
   </div>
   <div class='ocr_carea' id='block_1_70' title="bbox 1904 1566 3485 1634">
    <p class='ocr_par' dir='ltr' id='par_1_70' title="bbox 1904 1566 3485 1634">
     <span class='ocr_line' id='line_1_70' title="bbox 1904 1566 3485 1634; baseline 0.001 -12"><span class='ocrx_word' id='word_1_496' title='bbox 1904 1567 2060 1634; x_wconf 90' lang='lat' dir='ltr'><strong>lium,</strong></span> <span class='ocrx_word' id='word_1_497' title='bbox 2091 1577 2146 1622; x_wconf 88' lang='lat' dir='ltr'><strong>et</strong></span> <span class='ocrx_word' id='word_1_498' title='bbox 2180 1568 2283 1622; x_wconf 89' lang='lat' dir='ltr'><strong>alia</strong></span> <span class='ocrx_word' id='word_1_499' title='bbox 2322 1566 2586 1622; x_wconf 89' lang='lat' dir='ltr'><strong>catholica</strong></span> <span class='ocrx_word' id='word_1_500' title='bbox 2630 1567 2886 1631; x_wconf 90' lang='lat' dir='ltr'><strong>concilia,</strong></span> <span class='ocrx_word' id='word_1_501' title='bbox 2923 1568 3257 1624; x_wconf 88' lang='lat' dir='ltr'><strong>observanda</strong></span> <span class='ocrx_word' id='word_1_502' title='bbox 3295 1568 3485 1624; x_wconf 87' lang='lat' dir='ltr'><strong>decre-</strong></span> 
     </span>
    </p>
   </div>
   <div class='ocr_carea' id='block_1_71' title="bbox 1904 1658 3486 1731">
    <p class='ocr_par' dir='ltr' id='par_1_71' title="bbox 1904 1658 3486 1731">
     <span class='ocr_line' id='line_1_71' title="bbox 1904 1658 3486 1731; baseline -0.003 -14"><span class='ocrx_word' id='word_1_503' title='bbox 1904 1661 2031 1717; x_wconf 88' lang='lat' dir='ltr'><strong>talia</strong></span> <span class='ocrx_word' id='word_1_504' title='bbox 2059 1660 2354 1717; x_wconf 88' lang='lat' dir='ltr'><strong>constituta</strong></span> <span class='ocrx_word' id='word_1_505' title='bbox 2386 1659 2451 1714; x_wconf 88' lang='lat' dir='ltr'><strong>de</strong></span> <span class='ocrx_word' id='word_1_506' title='bbox 2474 1659 2677 1715; x_wconf 87' lang='lat' dir='ltr'><strong>eisdem</strong></span> <span class='ocrx_word' id='word_1_507' title='bbox 2717 1659 2887 1714; x_wconf 89' lang='lat' dir='ltr'><strong>sacris</strong></span> <span class='ocrx_word' id='word_1_508' title='bbox 2913 1659 3212 1715; x_wconf 90' lang='lat' dir='ltr'><strong>canonibus</strong></span> <span class='ocrx_word' id='word_1_509' title='bbox 3240 1658 3486 1731; x_wconf 89' lang='lat' dir='ltr'><strong>promul-</strong></span> 
     </span>
    </p>
   </div>
   <div class='ocr_carea' id='block_1_72' title="bbox 1903 1751 3483 1827">
    <p class='ocr_par' dir='ltr' id='par_1_72' title="bbox 1903 1751 3483 1827">
     <span class='ocr_line' id='line_1_72' title="bbox 1903 1751 3483 1827; baseline -0.001 -19"><span class='ocrx_word' id='word_1_510' title='bbox 1903 1762 2027 1827; x_wconf 87' lang='lat' dir='ltr'><strong>gata</strong></span> <span class='ocrx_word' id='word_1_511' title='bbox 2052 1760 2371 1818; x_wconf 81' lang='lat' dir='ltr'><strong>sanxerunt,</strong></span> <span class='ocrx_word' id='word_1_512' title='bbox 2397 1753 2537 1809; x_wconf 89' lang='lat' dir='ltr'><strong>sicut</strong></span> <span class='ocrx_word' id='word_1_513' title='bbox 2561 1752 2809 1816; x_wconf 88' lang='lat' dir='ltr'><strong>Siricius,</strong></span> <span class='ocrx_word' id='word_1_514' title='bbox 2826 1751 3197 1818; x_wconf 88' lang='lat' dir='ltr'><strong>Innocentius,</strong></span> <span class='ocrx_word' id='word_1_515' title='bbox 3218 1752 3483 1817; x_wconf 85' lang='lat' dir='ltr'><strong>Zosimus,</strong></span> 
     </span>
    </p>
   </div>
   <div class='ocr_carea' id='block_1_73' title="bbox 1906 1841 3485 1916">
    <p class='ocr_par' dir='ltr' id='par_1_73' title="bbox 1906 1841 3485 1916">
     <span class='ocr_line' id='line_1_73' title="bbox 1906 1841 3485 1916; baseline -0.002 -16"><span class='ocrx_word' id='word_1_516' title='bbox 1906 1844 2247 1910; x_wconf 75' lang='lat' dir='ltr'><strong>Bonifacius,</strong></span> <span class='ocrx_word' id='word_1_517' title='bbox 2278 1844 2602 1901; x_wconf 72' lang='lat' dir='ltr'><strong>Cteiestinus</strong></span> <span class='ocrx_word' id='word_1_518' title='bbox 2620 1884 2634 1910; x_wconf 93' lang='lat'><strong>,</strong></span> <span class='ocrx_word' id='word_1_519' title='bbox 2658 1841 2768 1899; x_wconf 88' lang='lat' dir='ltr'><strong>Leo</strong></span> <span class='ocrx_word' id='word_1_520' title='bbox 2788 1885 2803 1910; x_wconf 94' lang='lat'><strong>,</strong></span> <span class='ocrx_word' id='word_1_521' title='bbox 2827 1842 3071 1910; x_wconf 85' lang='lat' dir='ltr'><strong>Hilarus,</strong></span> <span class='ocrx_word' id='word_1_522' title='bbox 3104 1843 3485 1916; x_wconf 86' lang='lat' dir='ltr'><strong>Symmachus,</strong></span> 
     </span>
    </p>
   </div>
   <div class='ocr_carea' id='block_1_74' title="bbox 1834 1924 3490 2006">
    <p class='ocr_par' dir='ltr' id='par_1_74' title="bbox 1834 1924 3490 2006">
     <span class='ocr_line' id='line_1_74' title="bbox 1834 1924 3490 2006; baseline 0.001 -18"><span class='ocrx_word' id='word_1_523' title='bbox 1834 1924 1884 1988; x_wconf 70' lang='grc' dir='ltr'><strong>Ι</strong></span> <span class='ocrx_word' id='word_1_524' title='bbox 1908 1936 2175 2003; x_wconf 86' lang='lat' dir='ltr'><strong>Gelasius,</strong></span> <span class='ocrx_word' id='word_1_525' title='bbox 2206 1935 2513 2001; x_wconf 81' lang='lat' dir='ltr'><strong>Hormisda,</strong></span> <span class='ocrx_word' id='word_1_526' title='bbox 2540 1935 2859 2006; x_wconf 80' lang='lat' dir='ltr'><strong>Gregorius,</strong></span> <span class='ocrx_word' id='word_1_527' title='bbox 2894 1944 2949 1991; x_wconf 90' lang='lat' dir='ltr'><strong>et</strong></span> <span class='ocrx_word' id='word_1_528' title='bbox 2983 1935 3184 2006; x_wconf 81' lang='lat' dir='ltr'><strong>quique</strong></span> <span class='ocrx_word' id='word_1_529' title='bbox 3212 1934 3324 2001; x_wconf 87' lang='lat' dir='ltr'><strong>alii,</strong></span> <span class='ocrx_word' id='word_1_530' title='bbox 3357 1932 3490 2002; x_wconf 59' lang='lat' dir='ltr'><strong>quo-‘</strong></span> 
     </span>
    </p>
   </div>
   <div class='ocr_carea' id='block_1_75' title="bbox 1906 2024 3487 2096">
    <p class='ocr_par' dir='ltr' id='par_1_75' title="bbox 1906 2024 3487 2096">
     <span class='ocr_line' id='line_1_75' title="bbox 1906 2024 3487 2096; baseline -0.003 -12"><span class='ocrx_word' id='word_1_531' title='bbox 1906 2043 2029 2084; x_wconf 89' lang='lat' dir='ltr'><strong>rum</strong></span> <span class='ocrx_word' id='word_1_532' title='bbox 2058 2029 2275 2083; x_wconf 88' lang='lat' dir='ltr'><strong>decreta</strong></span> <span class='ocrx_word' id='word_1_533' title='bbox 2312 2025 2550 2083; x_wconf 85' lang='lat' dir='ltr'><strong>Ecclesia</strong></span> <span class='ocrx_word' id='word_1_534' title='bbox 2576 2026 2861 2089; x_wconf 85' lang='lat' dir='ltr'><strong>catholica,</strong></span> <span class='ocrx_word' id='word_1_535' title='bbox 2897 2035 2951 2081; x_wconf 89' lang='lat' dir='ltr'><strong>et</strong></span> <span class='ocrx_word' id='word_1_536' title='bbox 2977 2026 3166 2082; x_wconf 85' lang='lat' dir='ltr'><strong>Patres</strong></span> <span class='ocrx_word' id='word_1_537' title='bbox 3193 2040 3256 2081; x_wconf 88' lang='lat' dir='ltr'><strong>ac</strong></span> <span class='ocrx_word' id='word_1_538' title='bbox 3279 2024 3487 2096; x_wconf 75' lang='lat' dir='ltr'><strong>praede-</strong></span> 
     </span>
    </p>
   </div>
   <div class='ocr_carea' id='block_1_76' title="bbox 1906 2117 3489 2185">
    <p class='ocr_par' dir='ltr' id='par_1_76' title="bbox 1906 2117 3489 2185">
     <span class='ocr_line' id='line_1_76' title="bbox 1906 2117 3489 2185; baseline -0.001 -10"><span class='ocrx_word' id='word_1_539' title='bbox 1906 2135 2154 2177; x_wconf 90' lang='lat' dir='ltr'><strong>cessores</strong></span> <span class='ocrx_word' id='word_1_540' title='bbox 2181 2129 2352 2177; x_wconf 76' lang='lat' dir='ltr'><strong>nostri</strong></span> <span class='ocrx_word' id='word_1_541' title='bbox 2380 2123 2640 2177; x_wconf 88' lang='lat' dir='ltr'><strong>servanda</strong></span> <span class='ocrx_word' id='word_1_542' title='bbox 2666 2128 2971 2185; x_wconf 89' lang='lat' dir='ltr'><strong>tenuerunt,</strong></span> <span class='ocrx_word' id='word_1_543' title='bbox 2999 2128 3053 2177; x_wconf 89' lang='lat' dir='ltr'><strong>et</strong></span> <span class='ocrx_word' id='word_1_544' title='bbox 3077 2118 3317 2176; x_wconf 87' lang='lat' dir='ltr'><strong>venerati</strong></span> <span class='ocrx_word' id='word_1_545' title='bbox 3340 2117 3489 2175; x_wconf 78' lang='lat' dir='ltr'><strong>sunt.’</strong></span> 
     </span>
    </p>
   </div>
   <div class='ocr_carea' id='block_1_77' title="bbox 1905 2194 3488 2284">
    <p class='ocr_par' dir='ltr' id='par_1_77' title="bbox 1905 2194 3488 2284">
     <span class='ocr_line' id='line_1_77' title="bbox 1905 2194 3488 2284; baseline -0.001 -15"><span class='ocrx_word' id='word_1_546' title='bbox 1905 2212 1972 2269; x_wconf 86' lang='lat' dir='ltr'><strong>Et</strong></span> <span class='ocrx_word' id='word_1_547' title='bbox 2001 2214 2256 2284; x_wconf 90' lang='lat' dir='ltr'><strong>quoniam</strong></span> <span class='ocrx_word' id='word_1_548' title='bbox 2287 2215 2341 2270; x_wconf 92' lang='lat' dir='ltr'><strong>in</strong></span> <span class='ocrx_word' id='word_1_549' title='bbox 2372 2215 2695 2284; x_wconf 88' lang='lat' dir='ltr'><strong>quibusdam</strong></span> <span class='ocrx_word' id='word_1_550' title='bbox 2732 2229 2762 2269; x_wconf 88' lang='lat' dir='ltr'><strong>a</strong></span> <span class='ocrx_word' id='word_1_551' title='bbox 2791 2194 3060 2284; x_wconf 65' lang='lat' dir='ltr'><strong>praefatis,</strong></span> <span class='ocrx_word' id='word_1_552' title='bbox 3089 2228 3224 2284; x_wconf 91' lang='lat' dir='ltr'><strong>quos</strong></span> <span class='ocrx_word' id='word_1_553' title='bbox 3251 2211 3488 2283; x_wconf 87' lang='lat' dir='ltr'><strong>appellas</strong></span> 
     </span>
    </p>
   </div>
   <div class='ocr_carea' id='block_1_78' title="bbox 1904 2305 3483 2377">
    <p class='ocr_par' dir='ltr' id='par_1_78' title="bbox 1904 2305 3483 2377">
     <span class='ocr_line' id='line_1_78' title="bbox 1904 2305 3483 2377; baseline -0.003 -15"><span class='ocrx_word' id='word_1_554' title='bbox 1904 2321 2172 2374; x_wconf 88' lang='lat' dir='ltr'><strong>canones,</strong></span> <span class='ocrx_word' id='word_1_555' title='bbox 2223 2307 2535 2372; x_wconf 89' lang='lat' dir='ltr'><strong>dissonant,</strong></span> <span class='ocrx_word' id='word_1_556' title='bbox 2590 2305 2886 2377; x_wconf 87' lang='lat' dir='ltr'><strong>magistrali</strong></span> <span class='ocrx_word' id='word_1_557' title='bbox 2945 2320 3172 2361; x_wconf 90' lang='lat' dir='ltr'><strong>censura</strong></span> <span class='ocrx_word' id='word_1_558' title='bbox 3221 2305 3483 2367; x_wconf 89' lang='lat' dir='ltr'><strong>decerne,</strong></span> 
     </span>
    </p>
   </div>
   <div class='ocr_carea' id='block_1_79' title="bbox 1904 2398 3483 2478">
    <p class='ocr_par' dir='ltr' id='par_1_79' title="bbox 1904 2398 3483 2478">
     <span class='ocr_line' id='line_1_79' title="bbox 1904 2398 3483 2478; baseline -0.001 -26"><span class='ocrx_word' id='word_1_559' title='bbox 1904 2414 2025 2469; x_wconf 85' lang='lat' dir='ltr'><strong>quae</strong></span> <span class='ocrx_word' id='word_1_560' title='bbox 2061 2413 2125 2455; x_wconf 78' lang='lat' dir='ltr'><strong>ex</strong></span> <span class='ocrx_word' id='word_1_561' title='bbox 2161 2399 2247 2455; x_wconf 92' lang='lat' dir='ltr'><strong>bis</strong></span> <span class='ocrx_word' id='word_1_562' title='bbox 2286 2401 2437 2471; x_wconf 89' lang='lat' dir='ltr'><strong>sequi</strong></span> <span class='ocrx_word' id='word_1_563' title='bbox 2467 2409 2520 2455; x_wconf 91' lang='lat' dir='ltr'><strong>et</strong></span> <span class='ocrx_word' id='word_1_564' title='bbox 2558 2416 2678 2471; x_wconf 65' lang='lat' dir='ltr'><strong>quae</strong></span> <span class='ocrx_word' id='word_1_565' title='bbox 2713 2399 2950 2455; x_wconf 82' lang='lat' dir='ltr'><strong>refutare</strong></span> <span class='ocrx_word' id='word_1_566' title='bbox 2979 2398 3270 2478; x_wconf 82' lang='lat' dir='ltr'><strong>debeamus</strong></span> <span class='ocrx_word' id='word_1_567' title='bbox 3302 2415 3314 2451; x_wconf 92' lang='lat'>:</span> <span class='ocrx_word' id='word_1_568' title='bbox 3347 2406 3483 2467; x_wconf 63' lang='lat' dir='ltr'><strong>quo-3</strong></span> 
     </span>
    </p>
   </div>
   <div class='ocr_carea' id='block_1_80' title="bbox 1905 2489 3483 2563">
    <p class='ocr_par' dir='ltr' id='par_1_80' title="bbox 1905 2489 3483 2563">
     <span class='ocr_line' id='line_1_80' title="bbox 1905 2489 3483 2563; baseline -0.002 -18"><span class='ocrx_word' id='word_1_569' title='bbox 1905 2491 2052 2546; x_wconf 91' lang='lat' dir='ltr'><strong>niam</strong></span> <span class='ocrx_word' id='word_1_570' title='bbox 2079 2491 2181 2547; x_wconf 91' lang='lat' dir='ltr'><strong>nisi</strong></span> <span class='ocrx_word' id='word_1_571' title='bbox 2225 2499 2280 2547; x_wconf 92' lang='lat' dir='ltr'><strong>tu</strong></span> <span class='ocrx_word' id='word_1_572' title='bbox 2316 2492 2485 2547; x_wconf 79' lang='lat' dir='ltr'><strong>ferula</strong></span> <span class='ocrx_word' id='word_1_573' title='bbox 2527 2492 2816 2563; x_wconf 83' lang='lat' dir='ltr'><strong>singularis</strong></span> <span class='ocrx_word' id='word_1_574' title='bbox 2842 2490 3179 2546; x_wconf 86' lang='lat' dir='ltr'><strong>auctoritatis</strong></span> <span class='ocrx_word' id='word_1_575' title='bbox 3204 2489 3269 2544; x_wconf 90' lang='lat' dir='ltr'><strong>de</strong></span> <span class='ocrx_word' id='word_1_576' title='bbox 3298 2496 3483 2543; x_wconf 90' lang='lat' dir='ltr'><strong>nostra</strong></span> 
     </span>
    </p>
   </div>
   <div class='ocr_carea' id='block_1_81' title="bbox 1905 2581 3477 2656">
    <p class='ocr_par' dir='ltr' id='par_1_81' title="bbox 1905 2581 3477 2656">
     <span class='ocr_line' id='line_1_81' title="bbox 1905 2581 3477 2656; baseline -0.003 -17"><span class='ocrx_word' id='word_1_577' title='bbox 1905 2584 2294 2640; x_wconf 86' lang='lat' dir='ltr'><strong>consuetudine</strong></span> <span class='ocrx_word' id='word_1_578' title='bbox 2320 2584 2423 2640; x_wconf 89' lang='lat' dir='ltr'><strong>ista</strong></span> <span class='ocrx_word' id='word_1_579' title='bbox 2455 2586 2735 2656; x_wconf 88' lang='lat' dir='ltr'><strong>rejeceris,</strong></span> <span class='ocrx_word' id='word_1_580' title='bbox 2763 2600 2884 2656; x_wconf 82' lang='lat' dir='ltr'><strong>quae</strong></span> <span class='ocrx_word' id='word_1_581' title='bbox 2907 2584 3047 2640; x_wconf 90' lang='lat' dir='ltr'><strong>sicut</strong></span> <span class='ocrx_word' id='word_1_582' title='bbox 3069 2592 3125 2638; x_wconf 92' lang='lat' dir='ltr'><strong>et</strong></span> <span class='ocrx_word' id='word_1_583' title='bbox 3158 2581 3348 2637; x_wconf 85' lang='lat' dir='ltr'><strong>Patres</strong></span> <span class='ocrx_word' id='word_1_584' title='bbox 3376 2594 3477 2635; x_wconf 89' lang='lat' dir='ltr'><strong>no-</strong></span> 
     </span>
    </p>
   </div>
   <div class='ocr_carea' id='block_1_82' title="bbox 1906 2670 3481 2742">
    <p class='ocr_par' dir='ltr' id='par_1_82' title="bbox 1906 2670 3481 2742">
     <span class='ocr_line' id='line_1_82' title="bbox 1906 2670 3481 2742; baseline -0.004 -11"><span class='ocrx_word' id='word_1_585' title='bbox 1906 2675 2029 2742; x_wconf 90' lang='lat' dir='ltr'><strong>stri,</strong></span> <span class='ocrx_word' id='word_1_586' title='bbox 2060 2676 2334 2731; x_wconf 90' lang='lat' dir='ltr'><strong>mentibus</strong></span> <span class='ocrx_word' id='word_1_587' title='bbox 2363 2672 2564 2732; x_wconf 89' lang='lat' dir='ltr'><strong>nostris</strong></span> <span class='ocrx_word' id='word_1_588' title='bbox 2608 2677 2834 2732; x_wconf 89' lang='lat' dir='ltr'><strong>tenenda</strong></span> <span class='ocrx_word' id='word_1_589' title='bbox 2879 2682 2933 2731; x_wconf 90' lang='lat' dir='ltr'><strong>et</strong></span> <span class='ocrx_word' id='word_1_590' title='bbox 2976 2673 3237 2730; x_wconf 86' lang='lat' dir='ltr'><strong>servanda</strong></span> <span class='ocrx_word' id='word_1_591' title='bbox 3270 2670 3481 2727; x_wconf 83' lang='lat' dir='ltr'><strong>imbibi-</strong></span> 
     </span>
    </p>
   </div>
   <div class='ocr_carea' id='block_1_83' title="bbox 1906 2764 3485 2835">
    <p class='ocr_par' dir='ltr' id='par_1_83' title="bbox 1906 2764 3485 2835">
     <span class='ocr_line' id='line_1_83' title="bbox 1906 2764 3485 2835; baseline -0.004 -11"><span class='ocrx_word' id='word_1_592' title='bbox 1906 2784 2048 2835; x_wconf 87' lang='lat' dir='ltr'><strong>mus,</strong></span> <span class='ocrx_word' id='word_1_593' title='bbox 2074 2784 2180 2825; x_wconf 91' lang='lat' dir='ltr'><strong>non</strong></span> <span class='ocrx_word' id='word_1_594' title='bbox 2212 2769 2426 2825; x_wconf 89' lang='lat' dir='ltr'><strong>videtur</strong></span> <span class='ocrx_word' id='word_1_595' title='bbox 2452 2768 2584 2825; x_wconf 88' lang='lat' dir='ltr'><strong>mihi</strong></span> <span class='ocrx_word' id='word_1_596' title='bbox 2614 2778 2673 2825; x_wconf 90' lang='lat' dir='ltr'><strong>ut</strong></span> <span class='ocrx_word' id='word_1_597' title='bbox 2698 2767 2858 2824; x_wconf 78' lang='lat' dir='ltr'><strong>facile</strong></span> <span class='ocrx_word' id='word_1_598' title='bbox 2893 2768 2961 2822; x_wconf 89' lang='lat' dir='ltr'><strong>ab</strong></span> <span class='ocrx_word' id='word_1_599' title='bbox 2987 2764 3356 2823; x_wconf 88' lang='lat' dir='ltr'><strong>ecclesiastico</strong></span> <span class='ocrx_word' id='word_1_600' title='bbox 3384 2778 3485 2819; x_wconf 89' lang='lat' dir='ltr'><strong>usu</strong></span> 
     </span>
    </p>
   </div>
   <div class='ocr_carea' id='block_1_84' title="bbox 1905 2853 3485 2931">
    <p class='ocr_par' dir='ltr' id='par_1_84' title="bbox 1905 2853 3485 2931">
     <span class='ocr_line' id='line_1_84' title="bbox 1905 2853 3485 2931; baseline -0.004 -17"><span class='ocrx_word' id='word_1_601' title='bbox 1905 2859 1995 2914; x_wconf 89' lang='lat' dir='ltr'><strong>illa</strong></span> <span class='ocrx_word' id='word_1_602' title='bbox 2047 2873 2166 2929; x_wconf 84' lang='lat' dir='ltr'><strong>quae</strong></span> <span class='ocrx_word' id='word_1_603' title='bbox 2212 2867 2457 2915; x_wconf 91' lang='lat' dir='ltr'><strong>tenemus</strong></span> <span class='ocrx_word' id='word_1_604' title='bbox 2497 2858 2819 2931; x_wconf 80' lang='lat' dir='ltr'><strong>generaliter</strong></span> <span class='ocrx_word' id='word_1_605' title='bbox 2855 2857 3034 2912; x_wconf 89' lang='lat' dir='ltr'><strong>valeas</strong></span> <span class='ocrx_word' id='word_1_606' title='bbox 3079 2868 3376 2919; x_wconf 90' lang='lat' dir='ltr'><strong>removere,</strong></span> <span class='ocrx_word' id='word_1_607' title='bbox 3421 2853 3485 2908; x_wconf 89' lang='lat' dir='ltr'><strong>de</strong></span> 
     </span>
    </p>
   </div>
   <div class='ocr_carea' id='block_1_85' title="bbox 1904 2946 3486 3022">
    <p class='ocr_par' dir='ltr' id='par_1_85' title="bbox 1904 2946 3486 3022">
     <span class='ocr_line' id='line_1_85' title="bbox 1904 2946 3486 3022; baseline -0.004 -19"><span class='ocrx_word' id='word_1_608' title='bbox 1904 2951 2097 3020; x_wconf 87' lang='lat' dir='ltr'><strong>quibus</strong></span> <span class='ocrx_word' id='word_1_609' title='bbox 2136 2946 2267 3006; x_wconf 88' lang='lat' dir='ltr'><strong>satis</strong></span> <span class='ocrx_word' id='word_1_610' title='bbox 2295 2964 2564 3022; x_wconf 90' lang='lat' dir='ltr'><strong>superque</strong></span> <span class='ocrx_word' id='word_1_611' title='bbox 2606 2950 2852 3020; x_wconf 88' lang='lat' dir='ltr'><strong>superius</strong></span> <span class='ocrx_word' id='word_1_612' title='bbox 2894 2953 3045 3019; x_wconf 86' lang='lat' dir='ltr'><strong>potes</strong></span> <span class='ocrx_word' id='word_1_613' title='bbox 3077 2946 3337 3018; x_wconf 76' lang='lat' dir='ltr'><strong>relegere,</strong></span> <span class='ocrx_word' id='word_1_614' title='bbox 3368 2956 3486 3015; x_wconf 72' lang='lat' dir='ltr'><strong>qua:</strong></span> 
     </span>
    </p>
   </div>
   <div class='ocr_carea' id='block_1_86' title="bbox 1904 3035 3485 3110">
    <p class='ocr_par' dir='ltr' id='par_1_86' title="bbox 1904 3035 3485 3110">
     <span class='ocr_line' id='line_1_86' title="bbox 1904 3035 3485 3110; baseline -0.004 -15"><span class='ocrx_word' id='word_1_615' title='bbox 1904 3040 1951 3096; x_wconf 92' lang='lat' dir='ltr'><strong>si</strong></span> <span class='ocrx_word' id='word_1_616' title='bbox 1984 3040 2076 3095; x_wconf 87' lang='lat' dir='ltr'><strong>tibi</strong></span> <span class='ocrx_word' id='word_1_617' title='bbox 2110 3054 2214 3095; x_wconf 89' lang='lat' dir='ltr'><strong>non</strong></span> <span class='ocrx_word' id='word_1_618' title='bbox 2240 3037 2569 3106; x_wconf 73' lang='lat' dir='ltr'><strong>suﬁecerint,</strong></span> <span class='ocrx_word' id='word_1_619' title='bbox 2604 3054 2704 3095; x_wconf 90' lang='lat' dir='ltr'><strong>nec</strong></span> <span class='ocrx_word' id='word_1_620' title='bbox 2743 3038 2898 3110; x_wconf 90' lang='lat' dir='ltr'><strong>plura</strong></span> <span class='ocrx_word' id='word_1_621' title='bbox 2937 3036 3222 3094; x_wconf 82' lang='lat' dir='ltr'><strong>sullicient.</strong></span> <span class='ocrx_word' id='word_1_622' title='bbox 3254 3035 3485 3091; x_wconf 83' lang='lat' dir='ltr'><strong>Tantum</strong></span> 
     </span>
    </p>
   </div>
   <div class='ocr_carea' id='block_1_87' title="bbox 1904 3127 3487 3203">
    <p class='ocr_par' dir='ltr' id='par_1_87' title="bbox 1904 3127 3487 3203">
     <span class='ocr_line' id='line_1_87' title="bbox 1904 3127 3487 3203; baseline -0.004 -16"><span class='ocrx_word' id='word_1_623' title='bbox 1904 3132 1971 3187; x_wconf 90' lang='lat' dir='ltr'><strong>de</strong></span> <span class='ocrx_word' id='word_1_624' title='bbox 2001 3145 2105 3186; x_wconf 91' lang='lat' dir='ltr'><strong>una</strong></span> <span class='ocrx_word' id='word_1_625' title='bbox 2138 3145 2197 3185; x_wconf 89' lang='lat' dir='ltr'><strong>re</strong></span> <span class='ocrx_word' id='word_1_626' title='bbox 2237 3132 2675 3203; x_wconf 87' lang='lat' dir='ltr'><strong>supera&#39;djiciam,</strong></span> <span class='ocrx_word' id='word_1_627' title='bbox 2705 3130 2954 3186; x_wconf 88' lang='lat' dir='ltr'><strong>videlicet</strong></span> <span class='ocrx_word' id='word_1_628' title='bbox 2988 3130 3239 3201; x_wconf 86' lang='lat' dir='ltr'><strong>quoniam</strong></span> <span class='ocrx_word' id='word_1_629' title='bbox 3275 3128 3367 3199; x_wconf 87' lang='lat' dir='ltr'><strong>qui</strong></span> <span class='ocrx_word' id='word_1_630' title='bbox 3407 3127 3487 3182; x_wconf 84' lang='lat' dir='ltr'><strong>di-</strong></span> 
     </span>
    </p>
   </div>
   <div class='ocr_carea' id='block_1_88' title="bbox 1904 3221 3487 3295">
    <p class='ocr_par' dir='ltr' id='par_1_88' title="bbox 1904 3221 3487 3295">
     <span class='ocr_line' id='line_1_88' title="bbox 1904 3221 3487 3295; baseline -0.003 -16"><span class='ocrx_word' id='word_1_631' title='bbox 1904 3224 1985 3280; x_wconf 90' lang='lat' dir='ltr'><strong>cis</strong></span> <span class='ocrx_word' id='word_1_632' title='bbox 2016 3240 2029 3277; x_wconf 88' lang='lat'><strong>:</strong></span> <span class='ocrx_word' id='word_1_633' title='bbox 2063 3242 2082 3274; x_wconf 76' lang='grc' dir='ltr'><strong><em>ι</em></strong></span> <span class='ocrx_word' id='word_1_634' title='bbox 2117 3222 2256 3279; x_wconf 88' lang='lat' dir='ltr'><strong>Ecce</strong></span> <span class='ocrx_word' id='word_1_635' title='bbox 2300 3224 2391 3295; x_wconf 93' lang='lat' dir='ltr'><strong>qui</strong></span> <span class='ocrx_word' id='word_1_636' title='bbox 2428 3238 2666 3281; x_wconf 90' lang='lat' dir='ltr'><strong>canones</strong></span> <span class='ocrx_word' id='word_1_637' title='bbox 2710 3223 3043 3293; x_wconf 88' lang='lat' dir='ltr'><strong>recipiendi,</strong></span> <span class='ocrx_word' id='word_1_638' title='bbox 3075 3221 3389 3288; x_wconf 86' lang='lat' dir='ltr'><strong>venerandi,</strong></span> <span class='ocrx_word' id='word_1_639' title='bbox 3423 3232 3487 3274; x_wconf 89' lang='lat' dir='ltr'><strong>ac</strong></span> 
     </span>
    </p>
   </div>
   <div class='ocr_carea' id='block_1_89' title="bbox 1903 3312 3487 3380">
    <p class='ocr_par' dir='ltr' id='par_1_89' title="bbox 1903 3312 3487 3380">
     <span class='ocr_line' id='line_1_89' title="bbox 1903 3312 3487 3380; baseline -0.002 -11"><span class='ocrx_word' id='word_1_640' title='bbox 1903 3312 2227 3369; x_wconf 88' lang='lat' dir='ltr'><strong>observandi</strong></span> <span class='ocrx_word' id='word_1_641' title='bbox 2259 3314 2615 3380; x_wconf 68' lang='lat' dir='ltr'><strong>habeantur,»</strong></span> <span class='ocrx_word' id='word_1_642' title='bbox 2659 3328 2765 3370; x_wconf 92' lang='lat' dir='ltr'><strong>non</strong></span> <span class='ocrx_word' id='word_1_643' title='bbox 2801 3315 2936 3371; x_wconf 88' lang='lat' dir='ltr'><strong>satis</strong></span> <span class='ocrx_word' id='word_1_644' title='bbox 2983 3313 3200 3370; x_wconf 89' lang='lat' dir='ltr'><strong>eosdem</strong></span> <span class='ocrx_word' id='word_1_645' title='bbox 3252 3325 3487 3369; x_wconf 89' lang='lat' dir='ltr'><strong>canones</strong></span> 
     </span>
    </p>
   </div>
   <div class='ocr_carea' id='block_1_90' title="bbox 1905 3406 3488 3480">
    <p class='ocr_par' dir='ltr' id='par_1_90' title="bbox 1905 3406 3488 3480">
     <span class='ocr_line' id='line_1_90' title="bbox 1905 3406 3488 3480; baseline -0.003 -17"><span class='ocrx_word' id='word_1_646' title='bbox 1905 3418 2281 3480; x_wconf 88' lang='lat' dir='ltr'><strong>perscrutatus</strong></span> <span class='ocrx_word' id='word_1_647' title='bbox 2310 3425 2389 3476; x_wconf 87' lang='lat' dir='ltr'><strong>es,</strong></span> <span class='ocrx_word' id='word_1_648' title='bbox 2418 3410 2473 3465; x_wconf 91' lang='lat' dir='ltr'><strong>in</strong></span> <span class='ocrx_word' id='word_1_649' title='bbox 2502 3409 2730 3480; x_wconf 86' lang='lat' dir='ltr'><strong>quibus,</strong></span> <span class='ocrx_word' id='word_1_650' title='bbox 2762 3410 2905 3466; x_wconf 87' lang='lat' dir='ltr'><strong>sicut</strong></span> <span class='ocrx_word' id='word_1_651' title='bbox 2934 3408 3221 3479; x_wconf 87' lang='lat' dir='ltr'><strong>scripsisti,</strong></span> <span class='ocrx_word' id='word_1_652' title='bbox 3256 3406 3488 3463; x_wconf 86' lang='lat' dir='ltr'><strong>habetur</strong></span> 
     </span>
    </p>
   </div>
   <div class='ocr_carea' id='block_1_91' title="bbox 1904 3495 3488 3574">
    <p class='ocr_par' dir='ltr' id='par_1_91' title="bbox 1904 3495 3488 3574">
     <span class='ocr_line' id='line_1_91' title="bbox 1904 3495 3488 3574; baseline -0.003 -17"><span class='ocrx_word' id='word_1_653' title='bbox 1904 3511 1964 3557; x_wconf 93' lang='lat' dir='ltr'><strong>ut</strong></span> <span class='ocrx_word' id='word_1_654' title='bbox 2010 3503 2101 3573; x_wconf 87' lang='lat' dir='ltr'><strong>qui</strong></span> <span class='ocrx_word' id='word_1_655' title='bbox 2145 3517 2405 3559; x_wconf 88' lang='lat' dir='ltr'><strong>accusare</strong></span> <span class='ocrx_word' id='word_1_656' title='bbox 2454 3502 2618 3558; x_wconf 90' lang='lat' dir='ltr'><strong>alium</strong></span> <span class='ocrx_word' id='word_1_657' title='bbox 2648 3502 2895 3572; x_wconf 81' lang='lat' dir='ltr'><strong>elegerit,</strong></span> <span class='ocrx_word' id='word_1_658' title='bbox 2924 3495 3162 3574; x_wconf 80' lang='lat' dir='ltr'><strong>praesens</strong></span> <span class='ocrx_word' id='word_1_659' title='bbox 3198 3513 3299 3572; x_wconf 88' lang='lat' dir='ltr'><strong>per</strong></span> <span class='ocrx_word' id='word_1_660' title='bbox 3328 3512 3387 3554; x_wconf 91' lang='lat' dir='ltr'><strong>se</strong></span> <span class='ocrx_word' id='word_1_661' title='bbox 3433 3504 3488 3553; x_wconf 90' lang='lat' dir='ltr'><strong>et</strong></span> 
     </span>
    </p>
   </div>
   <div class='ocr_carea' id='block_1_92' title="bbox 1904 3590 3486 3667">
    <p class='ocr_par' dir='ltr' id='par_1_92' title="bbox 1904 3590 3486 3667">
     <span class='ocr_line' id='line_1_92' title="bbox 1904 3590 3486 3667; baseline -0.004 -18"><span class='ocrx_word' id='word_1_662' title='bbox 1904 3611 2010 3649; x_wconf 92' lang='lat' dir='ltr'><strong>non</strong></span> <span class='ocrx_word' id='word_1_663' title='bbox 2039 3612 2137 3667; x_wconf 86' lang='lat' dir='ltr'><strong>per</strong></span> <span class='ocrx_word' id='word_1_664' title='bbox 2182 3596 2344 3651; x_wconf 89' lang='lat' dir='ltr'><strong>alium</strong></span> <span class='ocrx_word' id='word_1_665' title='bbox 2381 3604 2631 3661; x_wconf 89' lang='lat' dir='ltr'><strong>accuset,</strong></span> <span class='ocrx_word' id='word_1_666' title='bbox 2669 3594 3021 3666; x_wconf 90' lang='lat' dir='ltr'><strong>inscriptione</strong></span> <span class='ocrx_word' id='word_1_667' title='bbox 3061 3590 3313 3648; x_wconf 81' lang='lat' dir='ltr'><strong>videlicet</strong></span> <span class='ocrx_word' id='word_1_668' title='bbox 3351 3604 3486 3660; x_wconf 84' lang='lat' dir='ltr'><strong>prae-</strong></span> 
     </span>
    </p>
   </div>
   <div class='ocr_carea' id='block_1_93' title="bbox 1904 3686 3488 3759">
    <p class='ocr_par' dir='ltr' id='par_1_93' title="bbox 1904 3686 3488 3759">
     <span class='ocr_line' id='line_1_93' title="bbox 1904 3686 3488 3759; baseline -0.009 -15"><span class='ocrx_word' id='word_1_669' title='bbox 1904 3690 2092 3745; x_wconf 90' lang='lat' dir='ltr'><strong>missa.</strong></span> <span class='ocrx_word' id='word_1_670' title='bbox 2122 3689 2276 3757; x_wconf 87' lang='lat' dir='ltr'><strong>Quod</strong></span> <span class='ocrx_word' id='word_1_671' title='bbox 2311 3689 2437 3759; x_wconf 88' lang='lat' dir='ltr'><strong>quia</strong></span> <span class='ocrx_word' id='word_1_672' title='bbox 2467 3688 2536 3742; x_wconf 87' lang='lat' dir='ltr'><strong>ad</strong></span> <span class='ocrx_word' id='word_1_673' title='bbox 2580 3688 2858 3742; x_wconf 88' lang='lat' dir='ltr'><strong>munimen</strong></span> <span class='ocrx_word' id='word_1_674' title='bbox 2905 3686 2980 3740; x_wconf 90' lang='lat' dir='ltr'><strong>tui</strong></span> <span class='ocrx_word' id='word_1_675' title='bbox 3024 3690 3337 3739; x_wconf 88' lang='lat' dir='ltr'><strong>convertere</strong></span> <span class='ocrx_word' id='word_1_676' title='bbox 3376 3687 3488 3734; x_wconf 80' lang='lat' dir='ltr'><strong>stu—</strong></span> 
     </span>
    </p>
   </div>
   <div class='ocr_carea' id='block_1_94' title="bbox 1903 3768 3485 3851">
    <p class='ocr_par' dir='ltr' id='par_1_94' title="bbox 1903 3768 3485 3851">
     <span class='ocr_line' id='line_1_94' title="bbox 1903 3768 3485 3851; baseline -0.009 -15"><span class='ocrx_word' id='word_1_677' title='bbox 1903 3782 2091 3846; x_wconf 86' lang='lat' dir='ltr'><strong>duisti,</strong></span> <span class='ocrx_word' id='word_1_678' title='bbox 2123 3780 2301 3851; x_wconf 74' lang='lat' dir='ltr'><strong>legere</strong></span> <span class='ocrx_word' id='word_1_679' title='bbox 2326 3779 2610 3843; x_wconf 87' lang='lat' dir='ltr'><strong>debueras,</strong></span> <span class='ocrx_word' id='word_1_680' title='bbox 2634 3777 2759 3847; x_wconf 91' lang='lat' dir='ltr'><strong>quia</strong></span> <span class='ocrx_word' id='word_1_681' title='bbox 2802 3777 2918 3846; x_wconf 86' lang='lat' dir='ltr'><strong>ipsa</strong></span> <span class='ocrx_word' id='word_1_682' title='bbox 2947 3772 3212 3831; x_wconf 86' lang='lat' dir='ltr'><strong>sententia</strong></span> <span class='ocrx_word' id='word_1_683' title='bbox 3241 3771 3308 3825; x_wconf 92' lang='lat' dir='ltr'><strong>de</strong></span> <span class='ocrx_word' id='word_1_684' title='bbox 3340 3768 3485 3824; x_wconf 81' lang='lat' dir='ltr'><strong>anti-</strong></span> 
     </span>
    </p>
   </div>
   <div class='ocr_carea' id='block_1_95' title="bbox 1903 3859 3485 3943">
    <p class='ocr_par' dir='ltr' id='par_1_95' title="bbox 1903 3859 3485 3943">
     <span class='ocr_line' id='line_1_95' title="bbox 1903 3859 3485 3943; baseline -0.01 -14"><span class='ocrx_word' id='word_1_685' title='bbox 1903 3873 2025 3943; x_wconf 86' lang='lat' dir='ltr'><strong>quis</strong></span> <span class='ocrx_word' id='word_1_686' title='bbox 2042 3870 2255 3943; x_wconf 82' lang='lat' dir='ltr'><strong>legibus</strong></span> <span class='ocrx_word' id='word_1_687' title='bbox 2287 3868 2547 3925; x_wconf 80' lang='lat' dir='ltr'><strong>Romanis</strong></span> <span class='ocrx_word' id='word_1_688' title='bbox 2581 3868 2683 3923; x_wconf 77' lang='lat' dir='ltr'><strong>mit</strong></span> <span class='ocrx_word' id='word_1_689' title='bbox 2719 3876 3021 3937; x_wconf 86' lang='lat' dir='ltr'><strong>assumpta,</strong></span> <span class='ocrx_word' id='word_1_690' title='bbox 3052 3864 3105 3919; x_wconf 93' lang='lat' dir='ltr'><strong>in</strong></span> <span class='ocrx_word' id='word_1_691' title='bbox 3130 3863 3326 3934; x_wconf 87' lang='lat' dir='ltr'><strong>quibus</strong></span> <span class='ocrx_word' id='word_1_692' title='bbox 3352 3859 3485 3930; x_wconf 61' lang='lat' dir='ltr'><strong>legi-</strong></span> 
     </span>
    </p>
   </div>
   <div class='ocr_carea' id='block_1_96' title="bbox 1902 3950 3486 4035">
    <p class='ocr_par' dir='ltr' id='par_1_96' title="bbox 1902 3950 3486 4035">
     <span class='ocr_line' id='line_1_96' title="bbox 1902 3950 3486 4035; baseline -0.009 -15"><span class='ocrx_word' id='word_1_693' title='bbox 1902 3965 2023 4020; x_wconf 90' lang='lat' dir='ltr'><strong>bus.</strong></span> <span class='ocrx_word' id='word_1_694' title='bbox 2048 3963 2105 4019; x_wconf 91' lang='lat' dir='ltr'><strong>In</strong></span> <span class='ocrx_word' id='word_1_695' title='bbox 2126 3962 2347 4035; x_wconf 88' lang='lat' dir='ltr'><strong>capituli</strong></span> <span class='ocrx_word' id='word_1_696' title='bbox 2372 3959 2819 4032; x_wconf 87' lang='lat' dir='ltr'><strong>interpretatione</strong></span> <span class='ocrx_word' id='word_1_697' title='bbox 2848 3957 3009 4014; x_wconf 89' lang='lat' dir='ltr'><strong>edicti</strong></span> <span class='ocrx_word' id='word_1_698' title='bbox 3038 3951 3399 4011; x_wconf 75' lang='lat' dir='ltr'><strong>Valentiniani</strong></span> <span class='ocrx_word' id='word_1_699' title='bbox 3418 3950 3486 4006; x_wconf 80' lang='lat' dir='ltr'><strong>de</strong></span> 
     </span>
    </p>
   </div>
   <div class='ocr_carea' id='block_1_97' title="bbox 1903 4046 3483 4130">
    <p class='ocr_par' dir='ltr' id='par_1_97' title="bbox 1903 4046 3483 4130">
     <span class='ocr_line' id='line_1_97' title="bbox 1903 4046 3483 4130; baseline -0.009 -16"><span class='ocrx_word' id='word_1_700' title='bbox 1903 4056 2196 4130; x_wconf 85' lang='lat' dir='ltr'><strong>episcopali</strong></span> <span class='ocrx_word' id='word_1_701' title='bbox 2224 4055 2450 4128; x_wconf 85' lang='lat' dir='ltr'><strong>judicio,</strong></span> <span class='ocrx_word' id='word_1_702' title='bbox 2481 4054 2785 4124; x_wconf 83' lang='lat' dir='ltr'><strong>posteriore</strong></span> <span class='ocrx_word' id='word_1_703' title='bbox 2804 4050 3054 4106; x_wconf 86' lang='lat' dir='ltr'><strong>videlicet</strong></span> <span class='ocrx_word' id='word_1_704' title='bbox 3079 4046 3483 4112; x_wconf 86' lang='lat' dir='ltr'><strong>constitutione,</strong></span> 
     </span>
    </p>
   </div>
   <div class='ocr_carea' id='block_1_98' title="bbox 1905 4136 3484 4219">
    <p class='ocr_par' dir='ltr' id='par_1_98' title="bbox 1905 4136 3484 4219">
     <span class='ocr_line' id='line_1_98' title="bbox 1905 4136 3484 4219; baseline -0.011 -14"><span class='ocrx_word' id='word_1_705' title='bbox 1905 4148 1981 4205; x_wconf 86' lang='lat' dir='ltr'><strong>ita</strong></span> <span class='ocrx_word' id='word_1_706' title='bbox 2031 4149 2293 4219; x_wconf 80' lang='lat' dir='ltr'><strong>scriptum</strong></span> <span class='ocrx_word' id='word_1_707' title='bbox 2346 4146 2576 4201; x_wconf 85' lang='lat' dir='ltr'><strong>habetur</strong></span> <span class='ocrx_word' id='word_1_708' title='bbox 2626 4143 2851 4217; x_wconf 71' lang='lat' dir='ltr'><strong>(Interp.</strong></span> <span class='ocrx_word' id='word_1_709' title='bbox 2901 4139 3132 4196; x_wconf 71' lang='lat' dir='ltr'><strong>Novella:</strong></span> <span class='ocrx_word' id='word_1_710' title='bbox 3187 4136 3422 4208; x_wconf 77' lang='lat' dir='ltr'><strong>Valent.)</strong></span> <span class='ocrx_word' id='word_1_711' title='bbox 3469 4151 3484 4188; x_wconf 73' lang='grc' dir='ltr'><em>ε</em></span> 
     </span>
    </p>
   </div>
   <div class='ocr_carea' id='block_1_99' title="bbox 1910 4227 3517 4295">
    <p class='ocr_par' dir='ltr' id='par_1_99' title="bbox 1910 4227 3517 4295">
     <span class='ocr_line' id='line_1_99' title="bbox 1910 4227 3517 4295; baseline -0.007 -3"><span class='ocrx_word' id='word_1_712' title='bbox 1910 4257 1930 4292; x_wconf 72' lang='grc' dir='ltr'>ι</span> <span class='ocrx_word' id='word_1_713' title='bbox 1959 4240 2068 4295; x_wconf 79' lang='lat' dir='ltr'><strong>Lex</strong></span> <span class='ocrx_word' id='word_1_714' title='bbox 2103 4240 2206 4295; x_wconf 90' lang='lat' dir='ltr'><strong>ista</strong></span> <span class='ocrx_word' id='word_1_715' title='bbox 2235 4240 2300 4294; x_wconf 89' lang='lat' dir='ltr'><strong>de</strong></span> <span class='ocrx_word' id='word_1_716' title='bbox 2328 4236 2560 4293; x_wconf 87' lang='lat' dir='ltr'><strong>diversis</strong></span> <span class='ocrx_word' id='word_1_717' title='bbox 2588 4236 2748 4291; x_wconf 81' lang='lat' dir='ltr'><strong>rebus</strong></span> <span class='ocrx_word' id='word_1_718' title='bbox 2777 4232 2942 4288; x_wconf 87' lang='lat' dir='ltr'><strong>multa</strong></span> <span class='ocrx_word' id='word_1_719' title='bbox 2970 4230 3270 4294; x_wconf 90' lang='lat' dir='ltr'><strong>constituit,</strong></span> <span class='ocrx_word' id='word_1_720' title='bbox 3309 4227 3404 4284; x_wconf 86' lang='lat' dir='ltr'><strong>sed</strong></span> <span class='ocrx_word' id='word_1_721' title='bbox 3432 4227 3486 4282; x_wconf 90' lang='lat' dir='ltr'><strong>in</strong></span> <span class='ocrx_word' id='word_1_722' title='bbox 3510 4260 3517 4263; x_wconf 62' lang='grc' dir='ltr'><em>ι</em></span> 
     </span>
    </p>
   </div>
   <div class='ocr_carea' id='block_1_100' title="bbox 1905 4319 3488 4402">
    <p class='ocr_par' dir='ltr' id='par_1_100' title="bbox 1905 4319 3488 4402">
     <span class='ocr_line' id='line_1_100' title="bbox 1905 4319 3488 4402; baseline -0.008 -17"><span class='ocrx_word' id='word_1_723' title='bbox 1905 4331 2100 4402; x_wconf 91' lang='lat' dir='ltr'><strong>primis</strong></span> <span class='ocrx_word' id='word_1_724' title='bbox 2129 4331 2194 4385; x_wconf 89' lang='lat' dir='ltr'><strong>de</strong></span> <span class='ocrx_word' id='word_1_725' title='bbox 2234 4328 2448 4384; x_wconf 86' lang='lat' dir='ltr'><strong>clericis</strong></span> <span class='ocrx_word' id='word_1_726' title='bbox 2475 4324 2618 4398; x_wconf 91' lang='lat' dir='ltr'><strong>quod</strong></span> <span class='ocrx_word' id='word_1_727' title='bbox 2644 4325 2847 4380; x_wconf 89' lang='lat' dir='ltr'><strong>dictum</strong></span> <span class='ocrx_word' id='word_1_728' title='bbox 2875 4331 2974 4387; x_wconf 91' lang='lat' dir='ltr'><strong>est,</strong></span> <span class='ocrx_word' id='word_1_729' title='bbox 3001 4329 3062 4375; x_wconf 91' lang='lat' dir='ltr'><strong>ut</strong></span> <span class='ocrx_word' id='word_1_730' title='bbox 3090 4319 3190 4376; x_wconf 90' lang='lat' dir='ltr'><strong>nisi</strong></span> <span class='ocrx_word' id='word_1_731' title='bbox 3219 4334 3318 4390; x_wconf 86' lang='lat' dir='ltr'><strong>per</strong></span> <span class='ocrx_word' id='word_1_732' title='bbox 3340 4332 3488 4373; x_wconf 48' lang='lat' dir='ltr'><strong>mm.</strong></span> 
     </span>
    </p>
   </div>
   <div class='ocr_carea' id='block_1_101' title="bbox 1904 4410 3486 4496">
    <p class='ocr_par' dir='ltr' id='par_1_101' title="bbox 1904 4410 3486 4496">
     <span class='ocr_line' id='line_1_101' title="bbox 1904 4410 3486 4496; baseline -0.009 -18"><span class='ocrx_word' id='word_1_733' title='bbox 1904 4422 2158 4496; x_wconf 84' lang='lat' dir='ltr'><strong>promissi</strong></span> <span class='ocrx_word' id='word_1_734' title='bbox 2202 4421 2476 4476; x_wconf 84' lang='lat' dir='ltr'><strong>vinculum</strong></span> <span class='ocrx_word' id='word_1_735' title='bbox 2500 4418 2765 4488; x_wconf 82' lang='lat' dir='ltr'><strong>judicium</strong></span> <span class='ocrx_word' id='word_1_736' title='bbox 2805 4413 3107 4486; x_wconf 88' lang='lat' dir='ltr'><strong>episcopale</strong></span> <span class='ocrx_word' id='word_1_737' title='bbox 3134 4428 3240 4468; x_wconf 92' lang='lat' dir='ltr'><strong>non</strong></span> <span class='ocrx_word' id='word_1_738' title='bbox 3270 4410 3486 4475; x_wconf 86' lang='lat' dir='ltr'><strong>adeant,</strong></span> 
     </span>
    </p>
   </div>
   <div class='ocr_carea' id='block_1_102' title="bbox 1903 4503 3485 4588">
    <p class='ocr_par' dir='ltr' id='par_1_102' title="bbox 1903 4503 3485 4588">
     <span class='ocr_line' id='line_1_102' title="bbox 1903 4503 3485 4588; baseline -0.008 -17"><span class='ocrx_word' id='word_1_739' title='bbox 1903 4515 2206 4588; x_wconf 89' lang='lat' dir='ltr'><strong>posteriore</strong></span> <span class='ocrx_word' id='word_1_740' title='bbox 2249 4513 2367 4585; x_wconf 87' lang='lat' dir='ltr'><strong>lege</strong></span> <span class='ocrx_word' id='word_1_741' title='bbox 2411 4510 2696 4583; x_wconf 71' lang='lat' dir='ltr'><strong>Maioriani</strong></span> <span class='ocrx_word' id='word_1_742' title='bbox 2747 4510 3060 4580; x_wconf 85' lang='lat' dir='ltr'><strong>abrogatum</strong></span> <span class='ocrx_word' id='word_1_743' title='bbox 3105 4514 3209 4561; x_wconf 90' lang='lat' dir='ltr'><strong>est.</strong></span> <span class='ocrx_word' id='word_1_744' title='bbox 3257 4524 3274 4557; x_wconf 74' lang='grc' dir='ltr'><strong><em>ι</em></strong></span> <span class='ocrx_word' id='word_1_745' title='bbox 3313 4503 3485 4572; x_wconf 80' lang='lat' dir='ltr'><strong>Quam</strong></span> 
     </span>
    </p>
   </div>
   <div class='ocr_carea' id='block_1_103' title="bbox 1909 4598 3488 4673">
    <p class='ocr_par' dir='ltr' id='par_1_103' title="bbox 1909 4598 3488 4673">
     <span class='ocr_line' id='line_1_103' title="bbox 1909 4598 3488 4673; baseline -0.008 -9"><span class='ocrx_word' id='word_1_746' title='bbox 1909 4605 2371 4671; x_wconf 86' lang='lat' dir='ltr'><strong>constitutionem,</strong></span> <span class='ocrx_word' id='word_1_747' title='bbox 2403 4605 2544 4660; x_wconf 88' lang='lat' dir='ltr'><strong>sicut</strong></span> <span class='ocrx_word' id='word_1_748' title='bbox 2576 4600 2731 4673; x_wconf 86' lang='lat' dir='ltr'><strong>petiit</strong></span> <span class='ocrx_word' id='word_1_749' title='bbox 2773 4608 2830 4655; x_wconf 89' lang='lat' dir='ltr'><strong>et</strong></span> <span class='ocrx_word' id='word_1_750' title='bbox 2871 4598 3132 4665; x_wconf 86' lang='lat' dir='ltr'><strong>obtinuit,</strong></span> <span class='ocrx_word' id='word_1_751' title='bbox 3161 4598 3235 4652; x_wconf 88' lang='lat' dir='ltr'><strong>ita</strong></span> <span class='ocrx_word' id='word_1_752' title='bbox 3266 4613 3332 4652; x_wconf 76' lang='lat' dir='ltr'><strong>ex</strong></span> <span class='ocrx_word' id='word_1_753' title='bbox 3362 4608 3488 4652; x_wconf 92' lang='lat' dir='ltr'><strong>tunc</strong></span> 
     </span>
    </p>
   </div>
   <div class='ocr_carea' id='block_1_104' title="bbox 1908 4687 3489 4758">
    <p class='ocr_par' dir='ltr' id='par_1_104' title="bbox 1908 4687 3489 4758">
     <span class='ocr_line' id='line_1_104' title="bbox 1908 4687 3489 4758; baseline -0.006 -1"><span class='ocrx_word' id='word_1_754' title='bbox 1908 4700 2171 4758; x_wconf 91' lang='lat' dir='ltr'><strong>hactenus</strong></span> <span class='ocrx_word' id='word_1_755' title='bbox 2192 4697 2435 4755; x_wconf 87' lang='lat' dir='ltr'><strong>Ecclesia</strong></span> <span class='ocrx_word' id='word_1_756' title='bbox 2459 4694 2819 4752; x_wconf 78' lang='lat' dir='ltr'><strong>conservavit.</strong></span> <span class='ocrx_word' id='word_1_757' title='bbox 2850 4691 2955 4747; x_wconf 88' lang='lat' dir='ltr'><strong>Sed</strong></span> <span class='ocrx_word' id='word_1_758' title='bbox 2977 4699 3033 4746; x_wconf 85' lang='lat' dir='ltr'><strong>et</strong></span> <span class='ocrx_word' id='word_1_759' title='bbox 3054 4690 3191 4746; x_wconf 85' lang='lat' dir='ltr'><strong>sicut</strong></span> <span class='ocrx_word' id='word_1_760' title='bbox 3219 4690 3273 4743; x_wconf 89' lang='lat' dir='ltr'><strong>in</strong></span> <span class='ocrx_word' id='word_1_761' title='bbox 3294 4687 3489 4747; x_wconf 80' lang='lat' dir='ltr'><strong>litteris</strong></span> 
     </span>
    </p>
   </div>
   <div class='ocr_carea' id='block_1_105' title="bbox 1909 4784 3489 4869">
    <p class='ocr_par' dir='ltr' id='par_1_105' title="bbox 1909 4784 3489 4869">
     <span class='ocr_line' id='line_1_105' title="bbox 1909 4784 3489 4869; baseline -0.009 -18"><span class='ocrx_word' id='word_1_762' title='bbox 1909 4795 2049 4851; x_wconf 90' lang='lat' dir='ltr'><strong>meis</strong></span> <span class='ocrx_word' id='word_1_763' title='bbox 2074 4792 2274 4865; x_wconf 84' lang='lat' dir='ltr'><strong>legisti,</strong></span> <span class='ocrx_word' id='word_1_764' title='bbox 2304 4790 2659 4848; x_wconf 67' lang='lat' dir='ltr'><strong>differentiam</strong></span> <span class='ocrx_word' id='word_1_765' title='bbox 2708 4788 3011 4869; x_wconf 82' lang='lat' dir='ltr'><strong>intelligere</strong></span> <span class='ocrx_word' id='word_1_766' title='bbox 3057 4786 3319 4869; x_wconf 89' lang='lat' dir='ltr'><strong>debueras</strong></span> <span class='ocrx_word' id='word_1_767' title='bbox 3348 4784 3489 4857; x_wconf 76' lang='lat' dir='ltr'><strong>inter</strong></span> 
     </span>
    </p>
   </div>
   <div class='ocr_carea' id='block_1_106' title="bbox 1910 4868 3492 4952">
    <p class='ocr_par' dir='ltr' id='par_1_106' title="bbox 1910 4868 3492 4952">
     <span class='ocr_line' id='line_1_106' title="bbox 1910 4868 3492 4952; baseline -0.008 -11"><span class='ocrx_word' id='word_1_768' title='bbox 1910 4882 2336 4941; x_wconf 84' lang='lat' dir='ltr'><strong>admonitionem</strong></span> <span class='ocrx_word' id='word_1_769' title='bbox 2388 4890 2443 4937; x_wconf 81' lang='lat' dir='ltr'><strong>et</strong></span> <span class='ocrx_word' id='word_1_770' title='bbox 2491 4882 2557 4937; x_wconf 88' lang='lat' dir='ltr'><strong>de</strong></span> <span class='ocrx_word' id='word_1_771' title='bbox 2592 4868 2940 4937; x_wconf 82' lang='lat' dir='ltr'><strong>accusatione</strong></span> <span class='ocrx_word' id='word_1_772' title='bbox 2974 4868 3390 4952; x_wconf 79' lang='lat' dir='ltr'><strong>judicatiouem,</strong></span> <span class='ocrx_word' id='word_1_773' title='bbox 3435 4878 3492 4931; x_wconf 78' lang='lat' dir='ltr'><strong>et</strong></span> 
     </span>
    </p>
   </div>
   <div class='ocr_carea' id='block_1_107' title="bbox 1912 4966 3490 5055">
    <p class='ocr_par' dir='ltr' id='par_1_107' title="bbox 1912 4966 3490 5055">
     <span class='ocr_line' id='line_1_107' title="bbox 1912 4966 3490 5055; baseline -0.008 -22"><span class='ocrx_word' id='word_1_774' title='bbox 1912 4977 2057 5033; x_wconf 89' lang='lat' dir='ltr'><strong>inter</strong></span> <span class='ocrx_word' id='word_1_775' title='bbox 2081 4978 2185 5032; x_wconf 84' lang='lat' dir='ltr'><strong>hoc</strong></span> <span class='ocrx_word' id='word_1_776' title='bbox 2211 4974 2354 5047; x_wconf 87' lang='lat' dir='ltr'><strong>quod</strong></span> <span class='ocrx_word' id='word_1_777' title='bbox 2381 4973 2513 5038; x_wconf 76' lang='lat' dir='ltr'><strong>dixi,</strong></span> <span class='ocrx_word' id='word_1_778' title='bbox 2542 4972 2589 5030; x_wconf 90' lang='lat' dir='ltr'><strong>si</strong></span> <span class='ocrx_word' id='word_1_779' title='bbox 2615 4974 2690 5029; x_wconf 88' lang='lat' dir='ltr'><strong>ita</strong></span> <span class='ocrx_word' id='word_1_780' title='bbox 2715 4970 2895 5028; x_wconf 69' lang='lat' dir='ltr'><strong>est‘ut</strong></span> <span class='ocrx_word' id='word_1_781' title='bbox 2931 4972 3133 5044; x_wconf 84' lang='lat' dir='ltr'><strong>passim</strong></span> <span class='ocrx_word' id='word_1_782' title='bbox 3158 4985 3188 5024; x_wconf 91' lang='lat' dir='ltr'><strong>a</strong></span> <span class='ocrx_word' id='word_1_783' title='bbox 3210 4966 3411 5055; x_wconf 80' lang='lat' dir='ltr'><strong>multis</strong></span> <span class='ocrx_word' id='word_1_784' title='bbox 3435 4974 3490 5045; x_wconf 79' lang='lat' dir='ltr'><strong>et</strong></span> 
     </span>
    </p>
   </div>
   <div class='ocr_carea' id='block_1_108' title="bbox 1912 5057 3489 5147">
    <p class='ocr_par' dir='ltr' id='par_1_108' title="bbox 1912 5057 3489 5147">
     <span class='ocr_line' id='line_1_108' title="bbox 1912 5057 3489 5147; baseline -0.009 -22"><span class='ocrx_word' id='word_1_785' title='bbox 1912 5070 2078 5125; x_wconf 91' lang='lat' dir='ltr'><strong>etiam</strong></span> <span class='ocrx_word' id='word_1_786' title='bbox 2106 5068 2319 5139; x_wconf 89' lang='lat' dir='ltr'><strong>publice</strong></span> <span class='ocrx_word' id='word_1_787' title='bbox 2362 5067 2417 5122; x_wconf 93' lang='lat' dir='ltr'><strong>in</strong></span> <span class='ocrx_word' id='word_1_788' title='bbox 2447 5065 2679 5138; x_wconf 83' lang='lat' dir='ltr'><strong>publicis</strong></span> <span class='ocrx_word' id='word_1_789' title='bbox 2708 5064 2921 5136; x_wconf 89' lang='lat' dir='ltr'><strong>placitis</strong></span> <span class='ocrx_word' id='word_1_790' title='bbox 2948 5062 3272 5135; x_wconf 84' lang='lat' dir='ltr'><strong>divulgatur,</strong></span> <span class='ocrx_word' id='word_1_791' title='bbox 3305 5067 3358 5114; x_wconf 90' lang='lat' dir='ltr'><strong>et</strong></span> <span class='ocrx_word' id='word_1_792' title='bbox 3388 5057 3489 5147; x_wconf 79' lang='lat' dir='ltr'><strong>hoc</strong></span> 
     </span>
    </p>
   </div>
   <div class='ocr_carea' id='block_1_109' title="bbox 1911 5147 3484 5233">
    <p class='ocr_par' dir='ltr' id='par_1_109' title="bbox 1911 5147 3484 5233">
     <span class='ocr_line' id='line_1_109' title="bbox 1911 5147 3484 5233; baseline -0.008 -19"><span class='ocrx_word' id='word_1_793' title='bbox 1911 5155 2055 5232; x_wconf 82' lang='lat' dir='ltr'><strong>quod</strong></span> <span class='ocrx_word' id='word_1_794' title='bbox 2087 5175 2192 5215; x_wconf 92' lang='lat' dir='ltr'><strong>non</strong></span> <span class='ocrx_word' id='word_1_795' title='bbox 2219 5159 2352 5225; x_wconf 81' lang='lat' dir='ltr'><strong>dixi,</strong></span> <span class='ocrx_word' id='word_1_796' title='bbox 2379 5158 2505 5228; x_wconf 89' lang='lat' dir='ltr'><strong>quia</strong></span> <span class='ocrx_word' id='word_1_797' title='bbox 2536 5159 2608 5212; x_wconf 87' lang='lat' dir='ltr'><strong>ita</strong></span> <span class='ocrx_word' id='word_1_798' title='bbox 2638 5164 2739 5213; x_wconf 89' lang='lat' dir='ltr'><strong>est.</strong></span> <span class='ocrx_word' id='word_1_799' title='bbox 2769 5148 2924 5211; x_wconf 76' lang='lat' dir='ltr'><strong>Unde</strong></span> <span class='ocrx_word' id='word_1_800' title='bbox 2964 5168 2995 5208; x_wconf 89' lang='lat' dir='ltr'><strong>a</strong></span> <span class='ocrx_word' id='word_1_801' title='bbox 3024 5150 3207 5207; x_wconf 90' lang='lat' dir='ltr'><strong>multis</strong></span> <span class='ocrx_word' id='word_1_802' title='bbox 3244 5158 3297 5205; x_wconf 90' lang='lat' dir='ltr'><strong>et</strong></span> <span class='ocrx_word' id='word_1_803' title='bbox 3324 5147 3484 5233; x_wconf 82' lang='lat' dir='ltr'><strong>etiam</strong></span> 
     </span>
    </p>
   </div>
   <div class='ocr_carea' id='block_1_110' title="bbox 1909 5228 3490 5326">
    <p class='ocr_par' dir='ltr' id='par_1_110' title="bbox 1909 5228 3490 5326">
     <span class='ocr_line' id='line_1_110' title="bbox 1909 5228 3490 5326; baseline -0.008 -17"><span class='ocrx_word' id='word_1_804' title='bbox 1909 5228 2124 5326; x_wconf 81' lang='lat' dir='ltr'><strong>publice</strong></span> <span class='ocrx_word' id='word_1_805' title='bbox 2177 5251 2321 5322; x_wconf 91' lang='lat' dir='ltr'><strong>quod</strong></span> <span class='ocrx_word' id='word_1_806' title='bbox 2363 5242 2474 5307; x_wconf 76' lang='lat' dir='ltr'><strong>non</strong></span> <span class='ocrx_word' id='word_1_807' title='bbox 2516 5250 2662 5315; x_wconf 88' lang='lat' dir='ltr'><strong>licet,</strong></span> <span class='ocrx_word' id='word_1_808' title='bbox 2710 5250 2762 5304; x_wconf 88' lang='lat' dir='ltr'><strong>in</strong></span> <span class='ocrx_word' id='word_1_809' title='bbox 2809 5236 3038 5319; x_wconf 85' lang='lat' dir='ltr'><strong>publicis</strong></span> <span class='ocrx_word' id='word_1_810' title='bbox 3072 5243 3154 5298; x_wconf 87' lang='lat' dir='ltr'><strong>vel</strong></span> <span class='ocrx_word' id='word_1_811' title='bbox 3195 5259 3226 5298; x_wconf 88' lang='lat' dir='ltr'><strong>a</strong></span> <span class='ocrx_word' id='word_1_812' title='bbox 3263 5228 3490 5313; x_wconf 82' lang='lat' dir='ltr'><strong>publicis</strong></span> 
     </span>
    </p>
   </div>
   <div class='ocr_carea' id='block_1_111' title="bbox 1909 5333 3488 5418">
    <p class='ocr_par' dir='ltr' id='par_1_111' title="bbox 1909 5333 3488 5418">
     <span class='ocr_line' id='line_1_111' title="bbox 1909 5333 3488 5418; baseline -0.008 -19"><span class='ocrx_word' id='word_1_813' title='bbox 1909 5346 2124 5418; x_wconf 89' lang='lat' dir='ltr'><strong>placitis</strong></span> <span class='ocrx_word' id='word_1_814' title='bbox 2153 5344 2445 5400; x_wconf 86' lang='lat' dir='ltr'><strong>accusaris.</strong></span> <span class='ocrx_word' id='word_1_815' title='bbox 2475 5343 2543 5398; x_wconf 88' lang='lat' dir='ltr'><strong>Et</strong></span> <span class='ocrx_word' id='word_1_816' title='bbox 2568 5342 2712 5413; x_wconf 90' lang='lat' dir='ltr'><strong>quod</strong></span> <span class='ocrx_word' id='word_1_817' title='bbox 2740 5338 2963 5397; x_wconf 75' lang='lat' dir='ltr'><strong>confuse</strong></span> <span class='ocrx_word' id='word_1_818' title='bbox 2988 5336 3191 5401; x_wconf 81' lang='lat' dir='ltr'><strong>dixisti,</strong></span> <span class='ocrx_word' id='word_1_819' title='bbox 3225 5333 3488 5413; x_wconf 78' lang='lat' dir='ltr'><strong>temirari</strong></span> 
     </span>
    </p>
   </div>
   <div class='ocr_carea' id='block_1_112' title="bbox 1902 5424 3490 5513">
    <p class='ocr_par' dir='ltr' id='par_1_112' title="bbox 1902 5424 3490 5513">
     <span class='ocr_line' id='line_1_112' title="bbox 1902 5424 3490 5513; baseline -0.009 -21"><span class='ocrx_word' id='word_1_820' title='bbox 1902 5438 1955 5493; x_wconf 77' lang='lat' dir='ltr'><strong>&#39;si</strong></span> <span class='ocrx_word' id='word_1_821' title='bbox 1989 5436 2150 5505; x_wconf 85' lang='lat' dir='ltr'><strong>aliqui</strong></span> <span class='ocrx_word' id='word_1_822' title='bbox 2182 5451 2249 5491; x_wconf 83' lang='lat' dir='ltr'><strong>ex</strong></span> <span class='ocrx_word' id='word_1_823' title='bbox 2270 5436 2357 5491; x_wconf 85' lang='lat' dir='ltr'><strong>bis</strong></span> <span class='ocrx_word' id='word_1_824' title='bbox 2378 5435 2594 5507; x_wconf 74' lang='lat' dir='ltr'><strong>plaCitis</strong></span> <span class='ocrx_word' id='word_1_825' title='bbox 2618 5431 2874 5489; x_wconf 75' lang='lat' dir='ltr'><strong>fecissent</strong></span> <span class='ocrx_word' id='word_1_826' title='bbox 2902 5444 2933 5483; x_wconf 89' lang='lat' dir='ltr'><strong>a</strong></span> <span class='ocrx_word' id='word_1_827' title='bbox 2961 5424 3112 5482; x_wconf 87' lang='lat' dir='ltr'><strong>vobis</strong></span> <span class='ocrx_word' id='word_1_828' title='bbox 3141 5424 3375 5513; x_wconf 78' lang='lat' dir='ltr'><strong>prohoc</strong></span> <span class='ocrx_word' id='word_1_829' title='bbox 3392 5438 3490 5494; x_wconf 55' lang='lat' dir='ltr'><strong>per</strong></span> 
     </span>
    </p>
   </div>
   <div class='ocr_carea' id='block_1_113' title="bbox 1911 5516 3489 5600">
    <p class='ocr_par' dir='ltr' id='par_1_113' title="bbox 1911 5516 3489 5600">
     <span class='ocr_line' id='line_1_113' title="bbox 1911 5516 3489 5600; baseline -0.01 -15"><span class='ocrx_word' id='word_1_830' title='bbox 1911 5531 2157 5585; x_wconf 87' lang='lat' dir='ltr'><strong>titionem</strong></span> <span class='ocrx_word' id='word_1_831' title='bbox 2186 5529 2435 5600; x_wconf 86' lang='lat' dir='ltr'><strong>negotio,</strong></span> <span class='ocrx_word' id='word_1_832' title='bbox 2467 5544 2534 5582; x_wconf 80' lang='lat' dir='ltr'><strong>ex</strong></span> <span class='ocrx_word' id='word_1_833' title='bbox 2576 5526 2756 5581; x_wconf 85' lang='lat' dir='ltr'><strong>verbis</strong></span> <span class='ocrx_word' id='word_1_834' title='bbox 2779 5520 2984 5579; x_wconf 83' lang='lat' dir='ltr'><strong>Callisti</strong></span> <span class='ocrx_word' id='word_1_835' title='bbox 3013 5516 3339 5593; x_wconf 77' lang='lat' dir='ltr'><strong>adjungens,</strong></span> <span class='ocrx_word' id='word_1_836' title='bbox 3370 5516 3489 5597; x_wconf 35' lang='lat' dir='ltr'><strong>nul;-</strong></span> 
     </span>
    </p>
   </div>
   <div class='ocr_carea' id='block_1_114' title="bbox 1911 5610 3490 5697">
    <p class='ocr_par' dir='ltr' id='par_1_114' title="bbox 1911 5610 3490 5697">
     <span class='ocr_line' id='line_1_114' title="bbox 1911 5610 3490 5697; baseline -0.007 -21"><span class='ocrx_word' id='word_1_837' title='bbox 1911 5622 1994 5677; x_wconf 85' lang='lat' dir='ltr'><strong>lus</strong></span> <span class='ocrx_word' id='word_1_838' title='bbox 2015 5623 2209 5685; x_wconf 88' lang='lat' dir='ltr'><strong>doctor</strong></span> <span class='ocrx_word' id='word_1_839' title='bbox 2222 5622 2323 5692; x_wconf 83' lang='lat' dir='ltr'><strong>per</strong></span> <span class='ocrx_word' id='word_1_840' title='bbox 2339 5619 2541 5690; x_wconf 86' lang='lat' dir='ltr'><strong>scripta</strong></span> <span class='ocrx_word' id='word_1_841' title='bbox 2562 5623 2864 5697; x_wconf 85' lang='lat' dir='ltr'><strong>accusetur,</strong></span> <span class='ocrx_word' id='word_1_842' title='bbox 2889 5628 2996 5670; x_wconf 87' lang='lat' dir='ltr'><strong>non</strong></span> <span class='ocrx_word' id='word_1_843' title='bbox 3018 5611 3158 5667; x_wconf 90' lang='lat' dir='ltr'><strong>bene</strong></span> <span class='ocrx_word' id='word_1_844' title='bbox 3175 5610 3299 5667; x_wconf 84' lang='lat' dir='ltr'><strong>disti</strong></span> <span class='ocrx_word' id='word_1_845' title='bbox 3308 5610 3490 5676; x_wconf 78' lang='lat' dir='ltr'><strong>misti,</strong></span> 
     </span>
    </p>
   </div>
   <div class='ocr_carea' id='block_1_115' title="bbox 198 5702 3495 5791">
    <p class='ocr_par' dir='ltr' id='par_1_115' title="bbox 198 5702 3495 5791">
     <span class='ocr_line' id='line_1_115' title="bbox 198 5702 3495 5791; baseline -0.004 -20"><span class='ocrx_word' id='word_1_846' title='bbox 198 5732 323 5788; x_wconf 83' lang='lat' dir='ltr'><strong>qua</strong></span> <span class='ocrx_word' id='word_1_847' title='bbox 364 5724 492 5773; x_wconf 89' lang='lat' dir='ltr'><strong>sunt</strong></span> <span class='ocrx_word' id='word_1_848' title='bbox 524 5717 753 5774; x_wconf 83' lang='lat' dir='ltr'><strong>concilia</strong></span> <span class='ocrx_word' id='word_1_849' title='bbox 791 5731 825 5773; x_wconf 85' lang='lat' dir='ltr'><strong>a</strong></span> <span class='ocrx_word' id='word_1_850' title='bbox 855 5718 1060 5774; x_wconf 73' lang='lat' dir='ltr'><strong>sanctis</strong></span> <span class='ocrx_word' id='word_1_851' title='bbox 1079 5716 1331 5773; x_wconf 83' lang='lat' dir='ltr'><strong>Patribus</strong></span> <span class='ocrx_word' id='word_1_852' title='bbox 1378 5716 1619 5772; x_wconf 83' lang='lat' dir='ltr'><strong>instituta</strong></span> <span class='ocrx_word' id='word_1_853' title='bbox 1643 5757 1657 5782; x_wconf 93' lang='lat'><strong>,</strong></span> <span class='ocrx_word' id='word_1_854' title='bbox 1686 5704 1808 5787; x_wconf 83' lang='lat' dir='ltr'><strong>post</strong></span> <span class='ocrx_word' id='word_1_855' title='bbox 1904 5716 2035 5787; x_wconf 87' lang='lat' dir='ltr'><strong>quia</strong></span> <span class='ocrx_word' id='word_1_856' title='bbox 2074 5731 2175 5771; x_wconf 86' lang='lat' dir='ltr'><strong>nec</strong></span> <span class='ocrx_word' id='word_1_857' title='bbox 2223 5716 2359 5771; x_wconf 90' lang='lat' dir='ltr'><strong>bene</strong></span> <span class='ocrx_word' id='word_1_858' title='bbox 2406 5708 2717 5791; x_wconf 83' lang='lat' dir='ltr'><strong>intellexisti</strong></span> <span class='ocrx_word' id='word_1_859' title='bbox 2764 5722 2831 5764; x_wconf 82' lang='lat' dir='ltr'><strong>ex</strong></span> <span class='ocrx_word' id='word_1_860' title='bbox 2862 5707 3073 5783; x_wconf 81' lang='lat' dir='ltr'><strong>legibus</strong></span> <span class='ocrx_word' id='word_1_861' title='bbox 3114 5714 3170 5781; x_wconf 80' lang='lat' dir='ltr'><strong>et</strong></span> <span class='ocrx_word' id='word_1_862' title='bbox 3198 5702 3495 5765; x_wconf 78' lang='lat' dir='ltr'><strong>canonibus</strong></span> 
     </span>
    </p>
   </div>
   <div class='ocr_carea' id='block_1_116' title="bbox 208 5796 3495 5883">
    <p class='ocr_par' dir='ltr' id='par_1_116' title="bbox 208 5796 3495 5883">
     <span class='ocr_line' id='line_1_116' title="bbox 208 5796 3495 5883; baseline -0.004 -19"><span class='ocrx_word' id='word_1_863' title='bbox 208 5809 416 5864; x_wconf 75' lang='lat' dir='ltr'><strong>borum</strong></span> <span class='ocrx_word' id='word_1_864' title='bbox 468 5818 707 5880; x_wconf 81' lang='lat' dir='ltr'><strong>quatuor</strong></span> <span class='ocrx_word' id='word_1_865' title='bbox 769 5810 1169 5873; x_wconf 82' lang='lat' dir='ltr'><strong>auctoritatem,</strong></span> <span class='ocrx_word' id='word_1_866' title='bbox 1226 5815 1281 5863; x_wconf 87' lang='lat' dir='ltr'><strong>et</strong></span> <span class='ocrx_word' id='word_1_867' title='bbox 1337 5807 1686 5863; x_wconf 85' lang='lat' dir='ltr'><strong>custodienda</strong></span> <span class='ocrx_word' id='word_1_868' title='bbox 1746 5814 1804 5863; x_wconf 79' lang='lat' dir='ltr'><strong>et</strong></span> <span class='ocrx_word' id='word_1_869' title='bbox 1902 5808 2261 5865; x_wconf 68' lang='lat' dir='ltr'><strong>dides-entiam</strong></span> <span class='ocrx_word' id='word_1_870' title='bbox 2306 5806 2452 5861; x_wconf 79' lang='lat' dir='ltr'><strong>inter</strong></span> <span class='ocrx_word' id='word_1_871' title='bbox 2480 5803 2793 5875; x_wconf 87' lang='lat' dir='ltr'><strong>petitionem</strong></span> <span class='ocrx_word' id='word_1_872' title='bbox 2840 5808 2893 5883; x_wconf 85' lang='lat' dir='ltr'><strong>et</strong></span> <span class='ocrx_word' id='word_1_873' title='bbox 2937 5800 3360 5857; x_wconf 80' lang='lat' dir='ltr'><strong>accusationem.</strong></span> <span class='ocrx_word' id='word_1_874' title='bbox 3391 5796 3495 5853; x_wconf 78' lang='lat' dir='ltr'><strong>[le-</strong></span> 
     </span>
    </p>
   </div>
   <div class='ocr_carea' id='block_1_117' title="bbox 208 5889 3491 5977">
    <p class='ocr_par' dir='ltr' id='par_1_117' title="bbox 208 5889 3491 5977">
     <span class='ocr_line' id='line_1_117' title="bbox 208 5889 3491 5977; baseline -0.004 -16"><span class='ocrx_word' id='word_1_875' title='bbox 208 5900 532 5977; x_wconf 74' lang='lat' dir='ltr'><strong>reci&#39;plenda</strong></span> <span class='ocrx_word' id='word_1_876' title='bbox 562 5902 920 5961; x_wconf 64' lang='lat' dir='ltr'><strong>deet-erimus.</strong></span> <span class='ocrx_word' id='word_1_877' title='bbox 960 5914 983 5954; x_wconf 67' lang='grc' dir='ltr'><strong>ν</strong></span> <span class='ocrx_word' id='word_1_878' title='bbox 1012 5902 1161 5975; x_wconf 66' lang='lat' dir='ltr'><strong>ipsa</strong></span> <span class='ocrx_word' id='word_1_879' title='bbox 1192 5909 1390 5961; x_wconf 65' lang='lat' dir='ltr'><strong>autem</strong></span> <span class='ocrx_word' id='word_1_880' title='bbox 1432 5900 1712 5976; x_wconf 74' lang='lat' dir='ltr'><strong>epistolas,</strong></span> <span class='ocrx_word' id='word_1_881' title='bbox 1736 5900 1798 5967; x_wconf 75' lang='lat' dir='ltr'><strong>ut</strong></span> <span class='ocrx_word' id='word_1_882' title='bbox 1896 5903 2062 5967; x_wconf 71' lang='lat' dir='ltr'><strong>volve</strong></span> <span class='ocrx_word' id='word_1_883' title='bbox 2102 5902 2235 5959; x_wconf 64' lang='lat' dir='ltr'><strong>hinc</strong></span> <span class='ocrx_word' id='word_1_884' title='bbox 2274 5900 2455 5976; x_wconf 72' lang='lat' dir='ltr'><strong>leges,</strong></span> <span class='ocrx_word' id='word_1_885' title='bbox 2494 5906 2550 5956; x_wconf 79' lang='lat' dir='ltr'><strong>et</strong></span> <span class='ocrx_word' id='word_1_886' title='bbox 2597 5897 2819 5967; x_wconf 61' lang='lat' dir='ltr'><strong>deum:</strong></span> <span class='ocrx_word' id='word_1_887' title='bbox 2862 5894 3012 5967; x_wconf 77' lang='lat' dir='ltr'><strong>sedis</strong></span> <span class='ocrx_word' id='word_1_888' title='bbox 3063 5889 3406 5965; x_wconf 67' lang='lat' dir='ltr'><strong>apostolicae,</strong></span> <span class='ocrx_word' id='word_1_889' title='bbox 3435 5900 3491 5960; x_wconf 63' lang='lat' dir='ltr'><strong>at</strong></span> 
     </span>
    </p>
   </div>
  </div>
