3990 6300
492 390 614 456 Μ,

1337 443 1340 452 .
1359 417 1370 426 ’
1387 417 1412 457 ί,
1455 389 1810 457 ΗΝΟΜΔΒΙκ
1823 389 2216 460 RHEMENSIS
2264 391 2784 452 ARCHIEPISCOPI

3658 408 3766 463 448

673 516 797 586 quae
821 505 1022 574 nescis.
1061 503 1214 576 Unde
1243 507 1442 564 iterum
1463 507 1626 580 quasi
1654 505 1961 578 vestigans,
1993 519 2077 576 se-
2102 509 2306 572 Asens
2329 505 2376 560 si
2403 502 2630 561 conlidit
2667 506 2736 563 ad
2761 505 2972 576 objecta
3013 510 3356 581 respondeat,
3384 511 3592 570 scilicet
3629 531 3768 586 prte-

495 611 640 670 quar
665 606 714 654 te
760 613 864 670 per.
887 599 1174 671 angulosos
1220 599 1527 672 anfractus,
1560 609 1628 660 et.
1655 600 1833 666 dicam
1864 599 1962 666 tibi
1997 601 2080 658 .ad

391 745 395 748 .
495 690 947 768 notitiampauca
969 693 1042 754 de
1071 693 1340 764 pluribus,
1373 695 1469 752 sed
1504 695 1703 766 quibus
1737 703 1791 754 te
1819 694 2080 764 consequi

496 780 728 856 valeam.
753 781 1097 850 Innocentius
1141 785 1210 843 ad
1255 784 1546 846 Maximum
1591 794 1647 842 et
1680 784 1940 842 Severum
1967 784 2081 856 cpi.-

497 875 944 946 scoposscripsit
993 877 1177 949 (epist.
1217 878 1353 951 tv):
1391 899 1409 932 ι
1454 879 1637 952 Nuper
1684 880 2082 937 Maximilianus

497 963 874 1033 filiusnoster.
922 985 1089 1042 agens
1135 972 1192 1027 in
1247 973 1410 1030 rebus
1455 972 1757 1043 cuiusmodi
1804 973 2079 1046 querelam

497 1055 786 1126 detulerit,
835 1060 998 1118 libelli
1037 1063 1152 1134 ejus
1203 1066 1372 1122 series
1418 1082 1628 1124 annexa
1663 1068 1922 1124 declarat.
1963 1089 1982 1123 ι
2016 1069 2082 1126 Et

496 1147 788 1222 Gregorius
816 1151 1019 1212 Sabino
1047 1156 1381 1214 subdiacono
1403 1158 1516 1231 (lib.
1547 1175 1644 1227 vn,
1671 1159 1784 1214 ind.
1812 1161 1899 1227 Η,
1926 1162 2075 1232 epist.

495 1240 590 1312 46),
623 1260 636 1296 :
672 1264 689 1296 ι
729 1243 916 1310 Clerus
936 1248 1183 1303 ecclesiae
1210 1247 1484 1319 Regitanze
1517 1250 1685 1305 multa
1708 1262 1895 1307 contra
1930 1268 2081 1309 reve-

496 1335 864 1398 rentissimum
893 1338 1119 1396 fratrem
1145 1350 1389 1397 nostrum
1411 1341 1748 1398 Bonifacium
1769 1344 2080 1416 episcopum

496 1439 678 1493 suum,
703 1429 826 1486 data
843 1431 998 1488 nobis
1024 1432 1302 1503 petitione,
1334 1443 1663 1505 conquestus
1687 1443 1788 1499 est,
1806 1445 1996 1507 petens
2022 1446 2082 1493 ut

495 1519 563 1574 ad
593 1537 692 1578 nos
722 1523 997 1580 debuisset
1039 1526 1239 1586 habere
1277 1528 1539 1593 veniendi
1569 1528 1862 1596 licentiam,
1895 1539 2080 1602 quate-

495 1625 598 1686 nus
623 1627 802 1688 causre
831 1614 960 1684 ipsae
995 1615 1086 1672 hic
1110 1617 1384 1674 subtiliter
1407 1619 1786 1690 probarentur.
1820 1620 1926 1677 Sed
1953 1623 2082 1693 quia

494 1718 592 1758 nos
624 1703 840 1760 interim
871 1708 1186 1776 praedictum
1218 1710 1442 1766 fratrem
1491 1719 1736 1766 nostrum
1776 1711 1881 1768 huc
1919 1713 2081 1768 modo

496 1811 602 1852 non
639 1798 986 1866 praevidimus
1017 1801 1411 1868 deducendum,
1439 1804 1614 1859 visum
1645 1802 1799 1859 nobis
1843 1815 1926 1859 est
1971 1805 2081 1861 illic

2179 596 2319 650 senti
2362 595 2665 652 accusatori
2714 617 2725 651 :
2771 598 2817 652 si
2864 597 3056 655 adesse
3102 589 3423 672 neglexerit,
3456 590 3767 664 dilationem

2180 687 2464 742 sententiae
2510 687 2577 744 de
2612 690 2866 758 absentia
2907 705 3015 746 non
3049 691 3309 750 lucretur.
3343 715 3362 749 ο
3401 695 3767 756 Accommoda

2179 789 2308 847 ergo
2338 784 2560 833 sensum
2587 786 2739 835 tuum
2763 778 2903 836 bene
2930 781 3112 850 dictis,
3138 794 3194 839 et
3212 801 3320 842 non
3344 802 3509 858 prave
3543 789 3766 864 intelligi

2180 870 2365 928 tradas
2407 873 2547 928 bene
2592 874 2764 940 dicta,
2795 876 2862 930 ad
2891 885 3042 932 tuum
3068 893 3282 934 sensum
3326 880 3416 936 illa
3461 881 3761 941 inﬂectens.

2181 962 2328 1018 Velis
2341 964 2486 1019 enim
2505 965 2590 1021 vel
2606 966 2765 1033 nolis,
2789 967 2865 1022 illi
2885 977 3046 1024 erunt
3063 985 3318 1038 canones,
3341 988 3480 1042 quos
3499 974 3766 1032 catholica

2181 1052 2425 1110 Ecclesia
2440 1071 2674 1113 canones
2686 1068 2864 1126 vocat,
2880 1069 2935 1115 et
2956 1077 3062 1116 non
3079 1072 3239 1118 erunt
3260 1064 3334 1119 illi
3358 1079 3622 1132 canones,
3638 1082 3768 1136 quos

2182 1153 2272 1200 tua
2313 1149 2558 1204 socordia
2585 1150 2651 1204 ad
2673 1149 3043 1209 eﬂ‘renationis
3068 1161 3173 1210 tute
3197 1154 3509 1212 libertatem
3537 1173 3769 1214 canones

2183 1241 2437 1296 advocas.
2485 1241 2659 1297 Erunt
2696 1251 2877 1299 autem
2912 1245 3154 1314 epistolae
3185 1248 3576 1304 venerabiliter
3606 1252 3770 1306 susci-

2181 1334 2410 1406 piendae,
2456 1351 2486 1390 a
2531 1336 2659 1392 sede
2689 1338 2983 1408 apostolica
3019 1354 3117 1408 pro
3162 1339 3502 1396 diversorum
3551 1339 3770 1396 Patrum

2183 1427 2554 1484 consolatione
2589 1429 2746 1496 datae,
2788 1446 2922 1499 quas
2949 1447 3188 1489 canones
3219 1448 3410 1500 vocas;
3461 1442 3520 1488 et
3546 1436 3771 1490 concilia

2185 1535 2214 1574 a
2245 1523 2446 1577 sanctis
2484 1522 2738 1580 Patribus
2785 1525 3052 1592 instituta,
3093 1528 3159 1581 ad
3204 1529 3587 1583 auctoritatem
3618 1538 3772 1584 erunt

2185 1614 2536 1670 custodienda
2582 1623 2638 1670 et
2666 1617 3002 1686 recipienda,
3041 1620 3181 1674 sicut
3221 1621 3464 1676 decrevit
3500 1621 3768 1687 Gelasius,

2184 1713 2239 1760 et
2273 1707 2450 1760 eteteri
2490 1708 2634 1762 sedis
2660 1707 2920 1764 Romana:
2951 1711 3255 1781 pontiﬁces,
3283 1721 3446 1782 atque
3487 1713 3567 1767 illi
3602 1714 3694 1782 qui
3724 1715 3770 1767 in

2185 1797 2385 1852 eisdem
2411 1798 2675 1864 conciliis,
2703 1810 3027 1871 suggerente
3055 1803 3271 1857 sibimet
3315 1811 3508 1858 sancto
3548 1803 3771 1873 Spiritu,

493 1903 783 1961 personam
811 1892 1068 1964 deputare
1111 1894 1177 1950 ad
1214 1909 1435 1953 causam
1475 1898 1720 1952 eamdem
1751 1913 2079 1970 cognoscen-

2185 1906 2372 1946 sacros
2411 1907 2647 1948 canones
2684 1895 3064 1962 condiderunt,
3096 1906 3151 1952 et
3192 1912 3328 1967 quos
3357 1898 3518 1952 sedes
3557 1907 3769 1966 aposto-

496 1982 639 2039 dam.
668 1983 737 2039 Et
767 1985 887 2040 ideo
915 1986 1108 2042 mediis
1153 1989 1518 2045 sacrosanctis
1545 1990 1882 2063 Evangeliis,
1917 2006 2076 2061 expe-

493 2073 689 2131 rientia
737 2085 846 2144 tua,
878 2094 985 2134 una
1035 2095 1157 2134 cum
1208 2080 1456 2150 Paulino,
1502 2081 1764 2150 Proculo,
1796 2085 2076 2152 Palumbo,

493 2164 749 2234 Venerio,
795 2179 955 2241 atque
1007 2168 1274 2227 Martiano
1316 2171 1775 2231 reverentissimis
1807 2176 2077 2243 fratribus

493 2262 932 2334 coepiscopisque
960 2265 1160 2321 nostris
1177 2307 1192 2330 ,
1243 2267 1359 2322 sine
1381 2266 1696 2339 cujusquam
1728 2283 1973 2338 personae
2000 2284 2081 2324 reo

493 2363 705 2422 spectu,
753 2363 862 2410 tam
908 2355 1229 2413 clericorum
1279 2359 1574 2429 querelam,
1617 2376 1782 2431 quam
1823 2362 2080 2418 adversus

493 2461 670 2514 suum,
699 2440 840 2504 sicut
865 2449 1120 2517 diximus,
1153 2450 1356 2508 habent
1377 2452 1709 2524 episcopum,
1735 2455 1821 2509 vel
1843 2455 1886 2511 si
1917 2470 2078 2526 quam

492 2535 633 2592 forte
661 2547 851 2594 contra
881 2555 976 2596 eos
1008 2541 1098 2596 ille
1145 2542 1425 2609 habuerit,
1469 2559 1592 2599 cum
1635 2545 1781 2600 omni
1829 2545 2080 2615 aequitate

496 2643 558 2684 ac
586 2629 948 2687 sollicitudine
974 2642 1384 2703 perscrutetur:
1412 2643 1467 2691 et
1486 2636 1745 2707 quidquid
1769 2637 1823 2692 in
1853 2639 2080 2693 veritate

497 2723 844 2793 cognoverit,
877 2725 1032 2780 nobis
1078 2740 1182 2781 una
1233 2741 1356 2781 cum
1401 2727 1674 2798 praedictis
1721 2729 1919 2783 nostris
1966 2728 2096 2788 fra-.

497 2813 671 2868 tribus
717 2814 988 2875 subtiliter
1024 2816 1418 2889 diligenterque
1468 2818 1754 2890 signiﬁcet,
1787 2831 1845 2874 ut
1883 2835 2079 2876 renun-

493 2905 722 2962 tiatione
766 2917 946 2965 vestra
999 2909 1196 2964 redditi
1241 2911 1520 2977 certiores,
1568 2912 1694 2981 quid
1729 2911 1846 2967 ﬁeri
1889 2913 2083 2968 debeat

495 2997 870 3058 decernamus.
904 3021 936 3053 ·›
990 3001 1058 3056 Ει
1097 3002 1166 3057 ad
1209 3002 1496 3072 praedictos
1539 3003 1856 3074 episcopos,
1904 3003 2080 3059 clerus

498 3093 744 3150 ecclesiae
778 3092 1059 3165 Regitana:
1095 3103 1283 3150 contra
1315 3096 1812 3151 reverentissimum
1857 3095 2080 3152 fratrem

497 3197 744 3246 nostrum
765 3189 1104 3245 Bonifacium
1127 3188 1436 3260 episcopum
1469 3205 1624 3244 suum
1659 3190 1783 3245 data
1813 3188 1969 3258 nobis
1993 3203 2081 3260 pe-

2183 1981 2310 2048 lica,
2338 1991 2393 2038 et
2418 1983 2665 2041 Ecclesia
2685 1987 2954 2042 catholica
2976 2003 3210 2043 canones
3237 1997 3414 2044 vocat.
3441 1987 3622 2043 Verba
3649 2003 3773 2058 quo-

2183 2089 2289 2145 que
2315 2076 2591 2142 obstrusa,
2631 2088 2687 2134 et
2712 2081 3068 2150 undecunque
3095 2097 3191 2152 per
3227 2081 3494 2152 glossulas
3522 2081 3770 2145 collecta,

2183 2175 2237 2221 et
2262 2167 2378 2223 sine
2401 2169 2616 2224 ratione
2644 2171 2846 2241 posita,
2873 2187 2994 2242 quae
3025 2172 3080 2226 in
3107 2174 3208 2228 hoc
3235 2174 3437 2244 scripto
3466 2181 3563 2226 tuo
3591 2171 3769 2242 posui-

2183 2259 2276 2325 sti,
2310 2260 2450 2315 sicut
2477 2271 2532 2316 et
2570 2262 2626 2318 in
2657 2263 2780 2318 aliis
2809 2264 3008 2319 domno
3054 2265 3165 2336 regi
3205 2273 3259 2320 et
3305 2265 3438 2320 mihi
3469 2265 3606 2320 olim
3635 2265 3770 2319 dire-

2183 2353 2287 2408 ctis
2312 2354 2660 2425 congessisti,
2700 2356 3033 2426 redarguunt
3065 2366 3117 2411 te
3164 2367 3288 2428 typo
3308 2357 3620 2428 iactantiae,
3658 2371 3772 2412 cum

2183 2444 2331 2500 dicat
2361 2446 2652 2517 Apostolus
2676 2466 2688 2501 :
2723 2447 2921 2503 Vocum
2945 2450 3196 2505 novitates
3220 2451 3392 2505 devita
3419 2451 3470 2522 (I
3501 2450 3642 2504 Tim.
3668 2453 3770 2522 v1);

2183 2545 2236 2591 et
2262 2555 2275 2589 :
2301 2536 2449 2591 Malo
2472 2541 2700 2611 quinque
2729 2541 2883 2596 verba
2913 2541 3055 2613 loqui
3090 2543 3143 2596 in
3167 2540 3408 2597 Ecclesia
3440 2544 3512 2597 ad
3544 2545 3772 2613 adi/ita-

2183 2629 2396 2694 tionem,
2419 2647 2577 2700 quam
2597 2632 2770 2687 decem
2796 2632 2965 2689 millia
2986 2635 3257 2689 verborum
3279 2625 3542 2706 in‘lingua
3565 2636 3628 2708 (1
3649 2636 3772 2691 Cor.

2181 2723 2318 2794 xw).
2353 2722 2455 2790 Qui
2501 2724 2648 2780 enim
2679 2725 2938 2797 linguam,
2974 2728 3027 2782 in
3074 2743 3180 2799 qua
3214 2737 3376 2784 natus
3425 2744 3508 2796 es,
3554 2744 3666 2784 non
3698 2745 3777 2785 so-

2182 2811 2294 2866 lum
2328 2829 2435 2868 non
2466 2813 2632 2884 loqui,
2664 2825 2850 2872 verum
2880 2832 2982 2873 nec
3017 2819 3319 2891 intelligere
3351 2819 3457 2876 nisi
3482 2834 3583 2890 per
3615 2820 3777 2875 inter-

2181 2911 2388 2971 pretem
2438 2913 2614 2976 potes,
2669 2921 2792 2962 cum
2843 2917 3191 2980 suppeterent
3229 2909 3564 2966 suﬂicienter
3616 2912 3777 2966 verba

2182 2993 2398 3062 Latina,
2429 3012 2550 3067 quae
2576 2999 2632 3052 in
2664 2999 2750 3054 bis
2779 2999 2913 3056 locis
2939 3016 3143 3071 ponere
3172 3010 3414 3072 poteras,
3448 3003 3545 3058 ubi
3567 3002 3776 3070 (ἓνκαὶ,

2181 3097 2237 3140 et
2272 3088 2548 3156 obstrusa,
2600 3098 2656 3144 et
2687 3090 2959 3147 interdum
2991 3091 3232 3148 Scottica
3273 3104 3330 3148 et
3383 3093 3490 3148 alia
3519 3093 3775 3158 barbara,

2183 3190 2243 3235 ut
2275 3181 2370 3236 tibi
2397 3183 2575 3238 visum
2605 3182 2727 3250 fuit,
2778 3185 3001 3242 nothata
3045 3195 3209 3258 atque
3245 3196 3500 3259 corrupta
3528 3189 3774 3258 posuisti,

497 3281 684 3337 titione
715 3291 1041 3353 conquestus
1091 3292 1194 3348 est,
1232 3291 1288 3339 et
1315 3283 1541 3354 reliqua.
1575 3282 1682 3339 Sed
1727 3293 1782 3339 et
1825 3285 1891 3339 de
1925 3284 2078 3338 audi-
2109 3273 2153 3338 C
2186 3283 2343 3345 paret
2381 3277 2510 3346 quia
2543 3291 2650 3332 non
2681 3292 2746 3332 ex
2781 3278 3110 3346 humilitate.
3150 3279 3233 3336 vel
3264 3280 3329 3334 ad
3378 3279 3776 3335 manifestam-

495 3374 645 3429 tione
665 3414 680 3437 ,
710 3373 825 3429 sine
855 3375 1113 3444 petitione
1140 3373 1228 3431 vel
1275 3375 1651 3440 accusatione,
1696 3375 1765 3429 ad
1814 3373 2075 3430 Sabinum

497 3467 640 3523 idem
675 3466 866 3523 beatus
902 3466 1196 3540 Gregorius
1236 3469 1454 3538 scripsit
1483 3467 1596 3538 (lib.
1629 3484 1703 3530 x1,
1748 3470 1896 3538 epist.
1939 3467 2030 3538 28)
2061 3485 2076 3525 :

505 3577 524 3612 ι
546 3559 802 3616 Pervenit
829 3560 895 3616 ad
918 3576 1039 3628 nos,
1056 3561 1325 3632 inquiens,
1346 3561 1841 3631 reverentissimum
1870 3560 2082 3618 Palum-

495 3652 647 3718 bum,
674 3650 896 3707 fratrem
943 3663 998 3708 et
1039 3653 1415 3724 coepiscopum
1459 3661 1738 3718 nostrum,
1784 3653 1927 3723 quod
1976 3655 2080 3710 dici

497 3761 660 3818 grave
697 3754 812 3813 est,
842 3747 1098 3804 Ecclesia:
1141 3763 1286 3815 suae,
1335 3747 1420 3802 vel
1462 3748 1842 3820 parochiarum
1892 3763 2083 3805 causas

495 3838 864 3910 utilitatesque
894 3839 1182 3911 negligere.
1214 3861 1234 3894 ι
1263 3840 1332 3896 Ει
1368 3847 1489 3910 post
1527 3839 1798 3911 aliquanta
1829 3859 1842 3895 :
1875 3861 1894 3893 ι
1930 3840 2082 3896 Ideo.

497 3946 603 4002 que
649 3931 986 4002 experientia
1041 3939 1132 3986 tua
1183 3933 1501 4001 praedictum
1556 3931 1780 3987 fratrem
1833 3941 2080 3988 nostrum

499 4021 712 4080 studeat
739 4037 1088 4077 commonere
1111 4062 1126 4088 ,
1155 4032 1216 4077 ut
1259 4039 1347 4079 res
1375 4023 1654 4088 Ecclesiae,
1682 4026 1768 4079 vel
1802 4026 2084 4094 parochia-

500 4126 620 4166 rum
650 4127 893 4178 suarum,
927 4112 1040 4167 sive
1069 4112 1391 4179 ministeria,
1428 4114 1825 4172 rationabiliter
1848 4116 2086 4173 vindicet

500 4213 664 4274 atque
705 4203 978 4272 defendat,
1007 4225 1026 4258 ι
1069 4214 1124 4261 et
1159 4205 1388 4278 reliqua.
1412 4207 1489 4263 De
1519 4208 1862 4263 accusatione
1904 4217 2082 4266 autem

502 4295 760 4367 episcopi,
811 4305 905 4353 aut
945 4298 1232 4367 cujuslibet
1282 4298 1490 4354 ordinis
1538 4299 1743 4366 clerici,
1795 4316 1862 4356 ex
1911 4302 2084 4358 sacris

501 4375 1157 4451 canonibustsuliieienter
1182 4407 1344 4463 supra
1371 4399 1526 4464 potes
1566 4392 1826 4465 relegere.
1860 4392 2085 4450 Verum-

503 4488 681 4535 tamen
712 4490 926 4556 oportet
968 4490 1021 4552 te
1062 4482 1297 4554 discrete
1344 4482 1644 4555 intelligere
1668 4482 1811 4554 quod
1841 4483 1908 4539 de
1930 4499 2086 4540 accu-

503 4574 893 4648 sationeleges
923 4575 1109 4632 dicunt
1149 4593 1164 4630 :
1206 4595 1229 4640 ν(
1266 4575 1322 4630 1η
1373 4577 1777 4645 criminalibus,
1809 4578 2080 4649 inquiunt,

2185 3380 2331 3430 nem,
2362 3380 2426 3420 ea
2457 3382 2580 3437 quae
2603 3367 2785 3423 dicere
2813 3368 3029 3425 voluisti
3059 3369 3245 3427 Grieca
3267 3372 3460 3437 verba,
3509 3387 3636 3442 quae
3670 3372 3776 3440 ipse

2185 3471 2292 3510 non
2335 3457 2609 3528 intelligis,
2661 3460 3232 3518 iuconvenientissime
3270 3463 3525 3533 posuisti,
3568 3463 3669 3518 sed
3715 3462 3778 3516 ad

2183 3550 2603 3605 ostentationem
2633 3550 2721 3606 illa
2754 3553 3196 3622 insipientissime
3236 3555 3534 3622 inseruisti,
3568 3566 3631 3611 ut
3661 3572 3781 3613 om-

2185 3657 2281 3696 nes
2310 3643 2403 3714 qui
2435 3642 2523 3697 illa
2569 3643 2802 3715 legerint
2831 3646 3135 3717 intelligere
3159 3647 3389 3717 possint,
3425 3659 3475 3704 te
3503 3649 3594 3705 illa
3636 3654 3779 3710 velle

2184 3750 2406 3792 vomere
2457 3753 2578 3808 quae
2626 3753 2732 3794 non
2784 3739 3030 3810 glutiisti.
3083 3741 3238 3797 Hunc
3289 3757 3523 3814 namque
3568 3762 3773 3804 morem

2185 3829 2350 3882 etiam
2395 3844 2426 3882 a
2457 3830 2691 3899 pueritia
2719 3831 2954 3888 habuisti
2993 3833 3046 3887 in
3076 3833 3160 3888 his
3197 3850 3317 3905 quae
3343 3843 3396 3890 te
3425 3836 3638 3894 dictare
3685 3855 3767 3894 ro-

2186 3920 2400 3990 gabam,
2431 3923 2659 3977 maxime
2701 3931 2881 3979 autem
2922 3926 2978 3980 in
3002 3926 3269 3992 versibus,
3317 3935 3372 3982 et
3400 3930 3678 3999 praecipue
3722 3931 3772 3985 in

2185 4011 2376 4080 figuris
2403 4012 2798 4084 porphyriacis,
2840 4014 2893 4068 in
2923 4016 3118 4085 quibus
3147 4017 3310 4072 verba
3338 4017 3540 4089 linguae
3566 4019 3772 4088 alienat,

2189 4115 2352 4175 atque
2378 4107 2652 4173 obstrusa,
2692 4108 2988 4181 impropria
3015 4118 3070 4165 et
3094 4111 3329 4166 utilitate
3361 4127 3561 4168 sensus
3587 4129 3773 4169 caren-

2168 4197 2284 4264 -tia,
2335 4213 2455 4268 qua:
2510 4214 2611 4255 nec
2660 4199 2770 4270 ipse
2820 4201 3180 4273 intelligebas,
3229 4203 3470 4259 studiose
3517 4207 3773 4275 ponebas.

2187 4292 2341 4360 Quod
2373 4303 2554 4349 mente
2581 4294 2965 4365 percipiebam,
3005 4304 3059 4351 et
3104 4296 3235 4351 mihi
3263 4297 3559 4354 admodum
3593 4299 3776 4369 displi—

2188 4385 2500 4441 cebat:sed
2547 4401 2670 4442 cum
2700 4387 2941 4444 viderem
2981 4394 3032 4444 te
3069 4403 3167 4458 per
3207 4385 3534 4459 iactantiam
3580 4405 3766 4447 amore

2187 4473 2362 4530 laudis
2390 4475 2643 4547 ﬂagrare,
2682 4485 2739 4532 et
2772 4492 2857 4532 me
2890 4492 2995 4533 non
3027 4493 3187 4549 posse
3224 4479 3487 4535 sentirem
3511 4479 3568 4535 in
3597 4480 3770 4536 aetatis

2187 4567 2552 4626 adolescentia
2589 4579 2642 4628 te
2667 4571 2735 4626 ad
2763 4579 2972 4626 tantum
3011 4573 3177 4629 robur
3217 4573 3417 4628 mentis
3453 4573 3775 4638 accendere.

503 4645 827 4746 causis,i:vel
873 4666 1284 4736 objectionibus,
1317 4684 1414 4740 per
1442 4671 1754 4724 mandatum
1781 4670 1959 4725 nullus
1994 4687 2082 4726 ac-

2186 4672 2248 4717 ut
2284 4663 2351 4718 ad
2372 4662 2615 4718 discendi
2652 4677 2716 4719 ac
2745 4663 3090 4719 versiﬁcandi
3132 4664 3369 4720 studium
3412 4674 3465 4720 te
3513 4679 3775 4736 provoca-

503 4768 672 4832 cuset,
717 4775 818 4816 nec
860 4759 905 4826 si
935 4775 1035 4832 per
1062 4761 1382 4834 rescriptum
1413 4761 1674 4833 principis
1707 4763 1811 4818 hoc
1847 4764 2086 4833 potuerit

503 4854 792 4926 impetrare
822 4871 835 4907 :
863 4853 958 4908 sed
1007 4853 1123 4924 ipse
1166 4855 1256 4925 qui
1300 4854 1508 4910 crimen
1553 4854 1802 4920 intendit,
1846 4871 2086 4926 praesens

502 4958 615 5018 per
637 4954 971 5020 sedaccuset,
999 4954 1062 5012 ut
1094 4944 1235 5002 scias
1262 4961 1370 5018 quo
1419 4961 1583 5014 sensu
1637 4945 1704 5020 de
1739 4947 2085 5018 accusatione

503 5039 608 5106 hoc
647 5037 846 5102 dicant.
871 5057 920 5106 ε»
967 5036 1036 5099 Et
1079 5053 1317 5108 canones
1353 5021 1540 5098 dicunt
1580 5037 1760 5109 (conc.
1809 5035 2084 5112 Carthag.,

501 5145 550 5186 c.
597 5128 682 5203 19)
712 5146 726 5184 :
761 5148 791 5196 ‹
817 5129 1090 5210 Quisquis.
1115 5131 1490 5204 episcoporum
1532 5137 1837 5199 accusatur,
1873 5130 1940 5185 ad
1971 5132 2086 5202 pri-

449 5241 452 5244 ’
499 5229 708 5294 matem
747 5223 1041 5298 provinciae
1077 5223 1246 5294 ipsius
1280 5237 1498 5288 causam
1535 5215 1742 5308 deferat
1781 5232 2084 5308 accusator,

499 5327 602 5376 nec
629 5331 662 5370 a
707 5316 1090 5386 communione
1130 5315 1497 5388 suspendatur
1541 5314 1627 5370 cui
1655 5305 1875 5372 crimen
1917 5305 2088 5370 inten-

499 5407 832 5476 ditur,,nisi
875 5409 945 5466 ad
989 5424 1208 5467 causam
1251 5423 1408 5466 suam
1458 5407 1741 5472 dicendam
1791 5407 2086 5478 electorum

496 5501 738 5574 iudicum
780 5503 869 5560 die
900 5512 1115 5576 statuta
1146 5503 1347 5560 litteris
1369 5511 1626 5560 evocatus
1652 5500 1874 5560 minime
1902 5515 2088 5558 occur-

504 5593 656 5648 rerit.
699 5613 717 5645 »
745 5592 1088 5671 Manifestum
1115 5604 1200 5651 est
1223 5603 1404 5671 autem
1423 5635 1440 5662 ,
1467 5593 1591 5668 quia
1619 5595 1906 5666 episcopus
1929 5608 2088 5650 accu-

501 5695 653 5754 satus
677 5688 821 5770 apud
847 5690 1144 5762 primatem
1189 5705 1296 5746 non
1340 5704 1460 5746 esse
1487 5704 1730 5761 praesens
1758 5687 2083 5755 ostenditur,

501 5780 595 5851 qui
643 5779 842 5852 litteris
886 5783 1104 5857 evocari.
1153 5782 1600 5859 prmcipitur._Et
1646 5779 1958 5859 Bonifacius
2020 5782 2085 5838 de

503 5871 752 5948 Maximo.
781 5871 917 5945 dicit
955 5873 1126 5948 (φίας
1159 5874 1215 5943 2)
1237 5892 1314 5951 is!
1341 5874 2091 5953 -δὶ-λςιβεεθηνοιιιετὶινριπεθτ

2189 4770 2326 4820 rem,
2377 4763 2432 4811 et
2469 4755 2748 4826 iactantiae
2791 4771 2821 4809 a
2880 4763 2933 4810 te
2983 4756 3308 4825 pravitatem
3353 4756 3666 4820 eraderem,
3715 4769 3778 4810 ne

2189 4845 2387 4901 acriori
2433 4847 2779 4918 correptione
2816 4847 3023 4903 fractus
3079 4848 3418 4902 revocareris
3463 4846 3537 4901 ab
3575 4846 3776 4911 studio,

2188 4940 2410 5009 permisi
2431 4947 2485 4996 te
2505 4941 2723 4996 interim
2755 4948 2989 5006 tantum,
3017 4949 3078 4995 ut
3107 4939 3286 5014 studio
3311 4939 3539 4995 litterali
3567 4940 3774 4995 incum-

2189 5030 2368 5097 beres,
2425 5031 2492 5086 de
2550 5031 2780 5087 scientia
2823 5029 3101 5100 iactitare,
3155 5031 3329 5086 donec
3377 5030 3435 5085 in
3495 5031 3774 5085 maturiori

2187 5130 2348 5177 aetate
2377 5120 2446 5196 ab
2479 5121 2571 5176 illo
2597 5123 2760 5176 etiam
2806 5120 2940 5176 vitio
2968 5135 3181 5192 possem
3228 5135 3602 5191 compescere,
3630 5135 3778 5176 secu-

2188 5224 2275 5271 tus
2299 5232 2399 5286 pro
2435 5217 2652 5282 modulo
2688 5233 2809 5275 meo
2849 5217 3188 5289 Apostolum,
3218 5218 3312 5288 qui
3345 5231 3471 5274 cum
3505 5217 3776 5274 inﬁrmum

2191 5311 2490 5366 auditorem
2515 5326 2672 5368 suum
2699 5311 3081 5383 perpenderet,
3109 5319 3205 5366 aut
3230 5326 3402 5382 prava
3431 5313 3612 5368 adhuc
3644 5311 3775 5368 velle

2191 5417 2374 5475 agere,
2403 5414 2499 5460 aut
2523 5405 2598 5474 de,
2630 5405 2845 5462 actione
2874 5413 3026 5462 recta
3055 5406 3306 5460 humanae
3333 5404 3516 5463 laudis
3546 5405 3778 5461 retribu-

2193 5500 2340 5555 tione
2364 5499 2622 5569 gaudere,
2665 5500 2789 5556 ait:
2825 5497 2917 5554 Vis
2946 5515 3050 5554 non
3081 5498 3262 5554 timere
3300 5499 3655 5568 potestatem!
3691 5499 3778 5552 bo-

2191 5611 2316 5651 num
2357 5595 2464 5667 fac,
2495 5605 2543 5650 et
2586 5595 2797 5652 habebis
2835 5593 3046 5648 laudent
3078 5610 3143 5649 ea:
3184 5592 3278 5648 illa
3310 5591 3487 5666 (Rom.
3535 5594 3658 5663 rm).
3692 5592 3774 5647 ln-

2193 5695 2363 5755 terea,
2393 5687 2521 5758 quia
2547 5686 2707 5750 illud,
2725 5700 2832 5756 quo
2869 5687 2985 5741 haec
3008 5701 3170 5761 agere
3208 5685 3542 5756 cogitabam,
3567 5695 3780 5754 tempus

2191 5788 2318 5836 ante
2367 5787 2581 5850 tempus
2624 5777 2882 5843 excessit,
2934 5791 3058 5834 cum
3095 5777 3460 5849 praeceptione
3507 5775 3774 5846 Apostoli,

2185 5873 2429 5951 iubentis
2457 5888 2651 5951 vocum
2691 5873 2963 5949 novitates
2983 5873 3193 5948 (vitare,
3217 5873 3286 5930 ab
3311 5871 3416 5929 hac
3432 5869 3697 5940 iactantia
3721 5873 3776 5922 et
