3990 6300
509 451 605 515 451

1469 439 1799 505 lilNCMAl’l-l
1839 426 2237 503 RHEMENSlS
2274 426 2790 503 ARCHIEPISCOPI

3656 445 3768 504 451

506 573 766 638 sensisse,
799 572 994 642 saepius
1019 570 1085 626 de
1127 577 1180 626 te
1223 567 1416 624 similia
1444 583 1529 622 me
1579 567 1816 634 audisse,
1851 581 1915 622 ac
1945 565 2079 620 falso
2107 563 2161 623 Α
2183 564 2579 634 correptionem
2631 579 2827 631 meam,
2884 571 2942 618 ut
2987 570 3320 634 optaveram,
3372 565 3632 642 prodesse
3669 565 3764 622 tibi

505 668 686 724 audita
714 682 811 736 pro
857 665 998 720 veris
1053 661 1336 734 recepisse,
1371 670 1533 732 atque
1563 660 1826 727 tenuisse,
1877 669 1932 715 et
1953 659 2079 729 quia

504 757 806 816 voluntarie
861 755 1019 809 audio
1043 753 1206 809 verba
1236 753 1524 818 mendacii,
1579 760 1634 808 et
1683 751 2091 807 detractoribus

505 849 611 905 tuis
657 861 842 901 aurem
885 845 1114 902 libenter
1156 844 1526 910 accommodo,
1575 860 1681 899 non
1719 858 1806 898 me
1845 842 1913 898 ad
1942 843 2079 897 iram

502 953 836 1007 commoveo,
889 938 1015 1009 quia
1055 944 1110 992 et
1165 937 1327 1008 capiti
1377 945 1564 991 nostro
1608 935 1763 1006 plura
1793 943 1848 989 et
1875 931 2078 1002 majora

506 1032 838 1088 mendaciter
868 1030 1079 1100 objecta
1128 1029 1296 1098 fuere,
1327 1030 1553 1095 scilicet,
1600 1028 1726 1100 quia
1755 1026 2077 1083 daemonium

508 1122 755 1190 haberet,
803 1130 858 1178 et
894 1120 1300 1193 publicanorum
1347 1131 1511 1191 atque
1557 1129 1905 1191 peccatorum
1935 1125 2079 1174 esset

497 1220 703 1275 amicus
749 1217 964 1290 (Matth.
999 1218 1076 1286 χι)
1106 1235 1120 1283 ;
1149 1228 1205 1272 et
1242 1217 1408 1272 multa
1459 1217 1582 1272 alia.
1629 1216 1780 1273 Unde
1828 1225 1884 1272 et
1909 1217 1962 1271 in
1993 1215 2078 1271 his

497 1313 708 1369 titulum
765 1311 870 1367 mei
927 1311 1135 1366 Domini
1193 1325 1542 1381 recognosco,
1591 1319 1645 1364 et
1676 1317 1826 1363 tanta
1857 1323 1921 1363 ac
1949 1308 2076 1364 talia

494 1405 627 1460 mihi
675 1412 729 1458 et
758 1401 921 1478 facta,
954 1409 1007 1457 et
1030 1402 1192 1466 dicta,
1231 1409 1286 1456 et
1315 1399 1567 1455 mandata
1599 1399 1792 1464 habes,
1815 1407 1874 1453 ut
1899 1398 1966 1455 de
1991 1399 2076 1454 bis

493 1495 822 1551 commoveri
852 1509 956 1548 non
984 1495 1184 1563 possim
1211 1509 1223 1545 :
1258 1489 1354 1546 sed
1383 1490 1526 1561 quod
1566 1487 1631 1544 ad
1658 1489 1954 1545 remedium
1979 1489 2074 1545 tibi

494 1587 840 1653 adinvenisti,
892 1570 1311 1641 remediabiliter
1360 1585 1561 1640 dictum
1614 1584 1823 1654 accipio
1874 1601 1888 1638 :
1945 1583 2074 1654 quia

491 1678 631 1735 sicut
650 1677 805 1734 Heliu
827 1677 1060 1748 praevius
1079 1676 1467 1747 arrogantium,
1495 1674 1589 1746 qui
1624 1691 1732 1731 non
1761 1675 1958 1732 meruit
1976 1690 2076 1748 per

488 1773 706 1827 beatum
747 1769 872 1835 Job,
904 1768 1045 1823 sicut
1063 1769 1244 1823 caeteri
1287 1767 1448 1823 amici
1474 1767 1612 1838 ejus,
1643 1783 1675 1823 a
1703 1783 1798 1824 sua
1845 1767 2074 1823 stultitia

490 1863 683 1919 hostiis
710 1863 940 1934 expiari,
963 1862 1030 1918 de
1049 1879 1108 1919 se
1128 1864 1288 1918 dicit:
1323 1863 1512 1919 Venter
1531 1874 1650 1919 tuus
1670 1865 1821 1937 quasi
1843 1874 2073 1919 mustum

2187 675 2291 716 non
2338 660 2469 727 vidi,
2503 661 2569 717 de
2595 661 2790 730 quibus
2817 661 3135 731 reprehendi
3161 669 3212 717 te
3251 661 3433 726 audio,
3468 637 3648 716 tacere
3672 660 3766 716 tibi

2186 767 2292 806 non
2320 753 2512 820 audeo,
2542 761 2596 809 et
2627 768 2746 822 qua:
2775 753 3061 808 adversum
3094 767 3201 820 me,
3227 753 3422 808 rationi
3452 761 3505 808 et
3530 751 3766 807 auctori-

2184 845 2283 899 tati
2309 853 2473 915 atque
2519 845 2679 901 saluti
2726 853 2830 900 tuae
2859 847 3153 911 contraria,
3181 855 3480 915 contraque
3507 844 3646 900 alios
3674 845 3765 899 tibi

2183 935 2325 990 male
2346 951 2451 990 non
2476 937 2719 1003 meritos,
2746 937 2940 1007 quibus
2973 945 3126 1008 potes
3151 936 3517 992 molitionibus
3544 936 3763 1005 satagis,

2183 1031 2323 1085 unde
2353 1031 2494 1101 apud
2538 1031 2785 1088 homines
2826 1033 3210 1089 inconveniens
3245 1049 3445 1088 nomen
3488 1033 3766 1104 episcopo,

2180 1131 2236 1178 et
2261 1125 2559 1194 periculum
2590 1125 2759 1181 habes
2802 1141 2987 1181 coram
3035 1121 3283 1191 Domino,
3312 1141 3434 1196 quas
3458 1124 3611 1180 nullo
3641 1140 3761 1178 ran-

2169 1216 2308 1270 ‘core
2336 1215 2429 1270 sed
2474 1217 2563 1285 pio
2605 1215 2773 1271 animi
2823 1216 3007 1272 dolore
3035 1231 3422 1281 commemoro,
3457 1214 3559 1271 tibi
3588 1221 3768 1270 tacere

2181 1320 2287 1360 non
2316 1305 2505 1378 debeo,
2537 1321 2658 1360 cum
2693 1306 2950 1362 Dominus
2995 1306 3174 1361 dicat:
3204 1303 3289 1360 Ne
3337 1303 3511 1360 oderis
3548 1305 3765 1374 fratres

2179 1406 2326 1450 tuum
2383 1397 2439 1452 in
2496 1399 2651 1452 corde
2703 1407 2814 1464 tuo,
2875 1397 2964 1452 sed
3021 1396 3222 1467 publice
3283 1413 3446 1466 argue
3501 1411 3650 1461 eum,
3709 1409 3766 1448 ne

2177 1491 2369 1545 habeas
2414 1501 2570 1562 super
2611 1490 2702 1545 illo
2750 1501 3020 1562 peccatum
3070 1489 3258 1558 (Leuit.
3302 1491 3448 1560 xu);
3501 1500 3558 1545 et
3590 1491 3762 1544 item:

2183 1581 2241 1638 Si
2299 1585 2584 1653 peccaverit
2643 1585 2698 1639 in
2753 1593 2800 1639 te
2855 1584 3021 1654 frater
3077 1591 3230 1650 tuus,
3296 1585 3510 1651 increpa
3575 1581 3766 1647 illum;

2177 1675 2222 1729 si
2281 1675 2635 1745 paenitentiam
2695 1677 2886 1747 egerit,
2950 1677 3150 1732 dimitte
3213 1676 3293 1730 illi
3355 1674 3518 1748 (Luc.
3592 1673 3761 1744 xvu).

2176 1765 2293 1822 Non
2323 1767 2485 1838 igitur
2522 1769 2678 1824 nobis
2708 1769 2991 1824 tacendum
3019 1777 3104 1824 est
3131 1784 3195 1823 ea
3225 1784 3345 1840 quae
3376 1769 3444 1822 ad
3472 1767 3763 1823 dicendum

2181 1869 2307 1914 sunt
2332 1861 2657 1926 necessaria,
2689 1860 2774 1916 vel
2806 1861 2889 1916 his
2911 1877 2940 1914 a
2965 1861 3160 1930 quibus
3182 1862 3538 1925 honoramur,
3564 1858 3657 1914 vel
3685 1858 3762 1913 his

489 1953 682 2022 absque
719 1952 1008 2024 spiracula,
1049 1952 1189 2024 quod
1232 1951 1542 2024 lagunculas
1587 1925 1744 2009 novas
1795 1955 2076 2024 disrumpit
2103 1925 2151 1986 Β
2178 1966 2206 2006 a
2232 1951 2427 2020 quibus
2460 1953 2876 2020 contemnimur,
2906 1969 3029 2009 cum
3059 1952 3317 2008 Dominus
3343 1952 3644 2022 unicuique
3675 1966 3763 2007 no-

489 2043 612 2117 (Job
661 2045 859 2115 χχιιι),
904 2043 1010 2099 nisi
1059 2059 1118 2100 se
1166 2044 1347 2100 verbis
1391 2053 1649 2115 evaporet
1678 2041 1863 2099 inﬂata
1884 2045 2075 2100 adver-

486 2154 605 2193 sum
646 2154 733 2194 me
786 2147 878 2194 tua
932 2137 1310 2204 stomachatio,
1365 2147 1460 2194 aut
1509 2138 1690 2195 follem
1741 2137 1911 2214 inﬂati
1943 2153 2075 2194 ven-

487 2229 587 2284 tris
627 2231 702 2288 tui
742 2230 1129 2302 disrumperet,
1167 2238 1262 2286 aut
1293 2229 1428 2287 alias
1465 2232 1760 2289 secundum
1790 2231 2072 2303 antiquum

484 2333 723 2393 poetam,

610 2458 675 2513 Ut
695 2460 907 2525 displosa
923 2465 1066 2513 sonat
1088 2466 1325 2526 quantum
1351 2465 1537 2514 vessica
1557 2467 1773 2514 sonaret.

483 2593 681 2652 Factus
731 2611 849 2652 sum
894 2597 1178 2669 insipiens,
1225 2607 1282 2653 tu
1333 2613 1420 2654 me
1450 2599 1702 2670 coegisti.
1730 2597 1836 2654 Sed
1887 2608 2070 2654 necte

482 2695 710 2758 cogente
744 2691 840 2745 tibi
882 2689 1065 2747 taliter
1111 2693 1514 2762 responderem,
1568 2691 1672 2746 nisi
1710 2690 1928 2747 beatum
1961 2691 2070 2746 Au-

480 2785 753 2852 gustinum
783 2777 1018 2853 Iuliano,
1063 2779 1205 2842 elato
1253 2802 1318 2841 ac
1367 2785 1514 2841 durae
1557 2785 1755 2842 mentis
1796 2785 1982 2854 juveni
2011 2793 2066 2841 et

481 2876 827 2947 exepiscopo,
857 2877 1200 2948 respondisse
1229 2875 1539 2948 hujusmodi
1584 2893 1747 2934 sensu
1781 2885 1831 2934 et
1864 2879 2064 2949 partim

479 2969 640 3025 etiam
671 2971 854 3027 verbis
889 2970 1161 3043 legissem,
1187 2973 1412 3028 docente
1440 2972 1626 3039 Paulo,
1660 2978 1716 3030 et
1740 2973 2063 3044 explanante

478 3061 776 3136 Gregorio,
832 3063 1069 3135 qualiter
1124 3066 1196 3121 sit
1248 3067 1683 3137 respondendum
1747 3068 2060 3125 Galatarum

479 3167 687 3212 mentes
737 3159 1082 3215 habentibus.
1119 3155 1501 3219 Verumtamen
1549 3162 1676 3233 quia
1728 3161 2061 3233 sapientibus

478 3256 534 3303 et
560 3249 940 3318 insipientibus
963 3251 1175 3308 debitor
1199 3267 1340 3320 sum,
1367 3253 1636 3325 praecipue
1657 3254 1906 3311 omnibus
1927 3269 2057 3311 con-
2085 3295 2129 3357 Ο

477 3339 793 3396 sistentibus
820 3343 872 3397 in
905 3345 1182 3413 provincia
1227 3345 1542 3410 Rhemensi,
1569 3345 1723 3416 cujus
1749 3345 2056 3404 sollicitudo

476 3443 611 3485 meae
641 3430 946 3503 indignitati
996 3443 1080 3490 est
1125 3451 1155 3490 a
1205 3435 1316 3492 Deo
1340 3437 1652 3503 commissa,
1684 3443 1739 3493 et
1766 3437 2058 3508 unicuique

477 3521 773 3578 secundum
799 3525 1042 3582 ordinem
1070 3536 1125 3582 et
1148 3542 1437 3596 personam
1460 3545 1523 3585 ac
1541 3531 1855 3601 qualitatem
1880 3546 2054 3598 suam,

476 3612 621 3669 inter
659 3629 795 3686 quos
838 3625 894 3672 et
925 3625 980 3672 tu
1015 3621 1415 3689 annumeraris,
1471 3637 1552 3678 vae
1579 3622 1711 3677 mihi
1737 3631 1842 3686 est,
1875 3623 1917 3678 si
1949 3639 2055 3680 non

477 3701 738 3774 docendo,
771 3703 1145 3779 custodiendo,
1206 3717 1502 3781 suadendo,
1535 3716 1879 3787 increpando,
1911 3718 2055 3772 mul-

479 3801 670 3868 cendo,
705 3806 974 3872 terrendo,
1016 3796 1306 3877 aliquando
1348 3809 1562 3876 leniter,
1603 3809 1888 3880 aliquando
1928 3827 2057 3867 vero

474 3894 718 3949 severius
746 3899 973 3964 agendo,
1002 3914 1101 3967 pro
1125 3901 1331 3956 viribus
1366 3912 1420 3957 et
1448 3911 1611 3973 captu
1633 3919 1754 3959 meo
1782 3905 2056 3974 evangeli-

474 3998 672 4039 zavero
701 3987 796 4041 tibi
821 4003 944 4042 cum
974 3987 1114 4053 aliis,
1139 4007 1258 4060 quae
1285 3993 1352 4048 ad
1374 3995 1534 4049 ﬁdem
1559 4007 1782 4068 rectam.
1810 4007 1864 4053 et
1887 3998 2057 4055 bonos

477 4082 674 4139 mores,
698 4085 858 4145 atque
882 4077 948 4132 ad
985 4079 1154 4135 bonas
1182 4081 1424 4138 actiones
1453 4086 1740 4154 pertinent,
1777 4088 1830 4142 in
1855 4092 2058 4146 sanctis

477 4161 774 4234 Scripturis
826 4176 989 4238 atque
1032 4171 1203 4226 sacris
1250 4175 1552 4231 canonibus
1593 4187 1797 4232 rectam
1854 4179 2056 4236 habere

475 4255 909 4329 intelligentiam,
939 4267 992 4317 et
1014 4264 1326 4320 continuam
1353 4267 1775 4338 observantiam,
1795 4279 1849 4327 et
1872 4272 2054 4327 humi-

475 4346 703 4414 litatem,
738 4359 901 4422 atque
929 4355 1288 4412 obedientiam
1341 4358 1434 4414 tibi
1467 4358 1722 4430 praelatis,
1755 4367 2054 4421 secundum

477 4447 695 4496 sanctas
722 4440 1057 4514 Scripturas,
1079 4456 1134 4502 et
1153 4449 1369 4504 eosdem
1396 4465 1581 4508 sacros
1601 4467 1836 4511 canones
1857 4456 2056 4527 depen-

475 4529 726 4599 dendam,
758 4541 813 4589 et
841 4535 936 4591 tibi
958 4535 1189 4594 subditis
1226 4543 1587 4598 necessariam
1619 4544 2052 4616 sollicitudinem,

2177 2051 2347 2098 strum
2373 2043 2518 2098 dicat
2553 2061 2565 2096 :
2604 2041 2741 2098 Ecce
2774 2044 2894 2098 dedi
2931 2045 3119 2114 faciem
3141 2054 3284 2099 luant
3311 2043 3657 2100 valentiorem
3686 2043 3760 2113 fa-

2173 2137 2349 2192 ciebus
2394 2153 2602 2202 eorum,
2642 2146 2690 2192 et
2744 2138 2964 2206 frontem
3001 2147 3147 2192 tuam
3188 2137 3454 2192 duriorem
3498 2136 3759 2208 frontibus

2172 2243 2353 2282 eorum
2385 2242 2403 2282 :
2435 2236 2492 2281 ut
2533 2226 2868 2283 addmantem
2895 2237 2943 2283 et
2981 2228 3180 2284 silicem
3219 2228 3344 2282 dedi
3393 2227 3587 2297 faciem
3618 2237 3759 2281 tum

2173 2316 2393 2388 (Ezech.
2435 2316 2544 2389 ut),
2585 2327 2644 2373 ut
2685 2334 2785 2374 nec
2812 2319 3146 2374 subditorum
3173 2317 3536 2373 humilitatem
3563 2317 3757 2372 debea-

2171 2422 2292 2463 mus
2319 2409 2672 2475 erubescere,
2704 2423 2804 2465 nec
2841 2410 3152 2477 superbiam
3178 2407 3492 2465 formidare.
3525 2409 3635 2464 Sed
3666 2423 3758 2464 nec

2171 2500 2527 2569 honorantes,
2560 2519 2659 2559 nec
2691 2514 3096 2561 contemnentes
3130 2519 3230 2560 nos
3266 2505 3563 2560 admonere
3589 2504 3756 2560 debe-

2169 2609 2293 2650 mus
2334 2597 2683 2663 erubescere,
2729 2613 2852 2654 cum
2895 2593 3108 2656 Veritas
3147 2600 3336 2656 dicat:
3371 2599 3476 2665 Qui
3520 2615 3599 2654 me
3644 2617 3757 2654 eru-

2171 2689 2338 2743 buerit
2367 2701 2414 2744 et
2443 2707 2585 2746 meos
2621 2709 2885 2748 sermones
2908 2734 2923 2760 ,
2969 2693 3105 2748 hunc
3138 2693 3280 2762 ﬁlius
3315 2694 3542 2748 hominis
3568 2693 3755 2749 erube-

2168 2789 2292 2848 scet,
2339 2797 2459 2836 cum
2495 2785 2687 2837 venerit
2715 2784 2770 2838 in
2799 2784 3072 2855 majestate
3095 2803 3192 2840 sua
3226 2784 3375 2856 (Luc.
3414 2785 3516 2856 rx).
3553 2784 3666 2842 Sed
3705 2795 3755 2841 et

2167 2887 2329 2942 quem
2364 2873 2418 2928 in
2449 2875 2560 2929 suis
2600 2875 2812 2932 actibus
2839 2876 3125 2944 inﬁrmari,
3179 2878 3260 2934 vel
3309 2879 3360 2932 in
3409 2876 3754 2933 contumacia

2165 2972 2489 3034 permanere“
2511 2969 2897 3039 conspicimus,
2931 2971 3269 3026 remissiores
3291 2979 3345 3026 et
3371 2970 3755 3025 clementiores

2165 3072 2264 3112 nos
2286 3057 2414 3125 illis,
2437 3074 2607 3130 usque
2633 3061 2760 3115 dum
2790 3061 3072 3118 ﬁrmentur
3092 3077 3156 3118 ac
3182 3062 3546 3133 corrigantur,
3570 3069 3756 3116 osten~

2165 3150 2294 3206 dere
2332 3167 2441 3208 non
2483 3153 2758 3210 debemus.
2806 3155 2958 3213 Unde
3003 3157 3262 3228 scriptum
3298 3166 3380 3212 est
3411 3154 3619 3211 :Filite
3666 3156 3754 3210 tibi

2162 3254 2305 3311 sunt,
2347 3262 2494 3301 serva
2525 3263 2710 3317 corpus
2743 3247 2988 3314 illarum,
3031 3259 3077 3304 et
3115 3266 3219 3304 non
3248 3251 3494 3304 ostendas
3532 3247 3749 3303 hilarent

2161 3338 2349 3407 facient
2399 3352 2544 3394 tuam
2605 3342 2674 3396 ad
2720 3342 2840 3398 illas
2887 3342 3079 3414 (Eccli.
3113 3344 3230 3414 V11).
3274 3344 3507 3399 Inﬁrmze
3556 3344 3752 3414 quippe

2159 3429 2371 3496 animae,
2397 3441 2559 3501 atque
2583 3433 2652 3487 ad
2671 3433 2970 3505 appetitum
3003 3435 3192 3490 mundi
3217 3434 3427 3499 deditae,
3445 3423 3750 3504 aliquando

2159 3523 2350 3579 melius
2380 3539 2446 3579 ex
2469 3527 2756 3582 severitate
2777 3539 3084 3593 servantur,
3115 3538 3174 3583 ut
3194 3529 3477 3584 obfirmata
3508 3525 3672 3594 facie,
3698 3526 3750 3581 id

2157 3624 2242 3672 est
2277 3631 2376 3688 per
2412 3617 2716 3674 severitatis
2765 3621 3085 3686 custodiam,
3132 3623 3200 3677 ab
3230 3621 3378 3677 omni
3413 3635 3501 3692 spe
3538 3619 3752 3674 frivolae

2161 3711 2502 3767 remissionis
2535 3711 2767 3773 obducta
2787 3755 2802 3780 ,
2831 3715 3227 3771 inconstantem
3255 3720 3488 3769 animam
3520 3722 3753 3780 terreat,

2160 3814 2324 3875 atque
2369 3819 2398 3858 a
2447 3804 2806 3862 delectatione
2851 3807 3104 3863 vitiorum
3149 3807 3505 3862 districtionis
3563 3807 3751 3877 vigore

2158 3899 2516 3969 constringat.
2549 3899 2701 3966 Quod
2740 3915 2862 3955 cum
2890 3917 2920 3954 a
2944 3901 3164 3956 doctore
3193 3900 3388 3972 agitur,
3415 3915 3635 3972 semper
3660 3915 3750 3955 ne-

2161 4007 2314 4048 cesse
2343 3999 2425 4048 est
2451 4002 2510 4048 ut
2537 3992 2763 4049 dulcedo
2789 4002 2844 4048 et
2878 3994 3157 4049 humilitas
3188 3996 3241 4048 in
3279 3994 3442 4050 corde
3471 4002 3749 4059 teneatur,

2160 4095 2428 4154 quatenus
2456 4095 2510 4141 Cl
2533 4087 2756 4142 multum
2788 4096 2954 4153 amet,
2990 4096 3045 4142 ει
3083 4102 3357 4158 nunquam
3388 4094 3584 4142 contra
3627 4101 3747 4140 eum

2160 4193 2319 4249 quem
2349 4180 2593 4251 corrigit,
2637 4195 2734 4250 per
2773 4179 3063 4236 elationem
3108 4178 3402 4251 superbiat,
3442 4179 3534 4234 cui
3571 4183 3752 4233 tamen

2163 4287 2404 4328 amorem
2455 4290 2646 4339 suum,
2696 4282 2750 4329 et
2793 4273 3300 4345 humilitatem’pro
3348 4272 3586 4327 utilitate
3641 4272 3756 4342 ejus

2159 4368 2388 4438 prodere
2409 4376 2644 4423 recusat.
2668 4367 2796 4422 Mihi
2823 4384 2975 4440 ergo,
2999 4366 3073 4421 ﬁli
3101 4377 3154 4422 et
3175 4374 3542 4436 contemptor,
3572 4376 3630 4419 et
3653 4362 3746 4418 tibi

2161 4477 2369 4532 parces,
2404 4463 2447 4517 si
2479 4479 2509 4518 a
2543 4463 2884 4517 contumacia
2914 4462 3114 4526 cordis,
3150 4469 3204 4516 et
3230 4461 3296 4516 ab
3319 4459 3614 4514 inconditis
3643 4472 3753 4513 mo-

2161 4557 2334 4622 ribus,
2352 4567 2511 4627 atque
2530 4557 3036 4614 inconvenientibus
3051 4557 3258 4613 actibus
3283 4557 3604 4628 resipueris.
3630 4555 3746 4611 Tibi

475 4627 531 4723 ξπ
558 4621 965 4723 [δέηίμῖιδεθωί
996 4636 1158 4723 at{ille
1180 4631 1500 4689 ωοάεειίθιη
1540 4635 1974 4707 ίωρθηάθηάθιῐιν
1997 4650 2052 4697 ει
2078 4653 2133 4714 D
2159 4659 2213 4707 et
2243 4621 2372 4706 mihi
2403 4621 2640 4722 parcam,
2677 4651 2892 4723 quando
2932 4667 3017 4716 ea,
3066 4667 3184 4720 qua:
3229 4652 3294 4705 de
3338 4621 3752 4718 te-displicenda

475 4714 529 4768 in
572 4716 656 4772 his
703 4721 1017 4775 continuum
1063 4721 1300 4779 laborem
1351 4736 1514 4798 atque
1565 4733 2050 4798 perseverantiam.

473 4807 612 4874 Quia
637 4823 760 4864 cum
788 4811 984 4867 dicitur
1008 4814 1164 4871 nobis
1195 4818 1660 4892 quaiibuscunque
1696 4825 2048 4894 speculatori-

475 4899 576 4956 bus
627 4920 639 4955 :
698 4902 836 4969 Quia
883 4908 1097 4977 sanguis
1148 4910 1293 4965 nobis
1334 4911 1684 4979 subditorum,
1729 4919 1775 4970 si
1815 4935 1919 4973 non
1961 4899 2086 4974 an;

475 4995 885 5051 nuntiaverimus
941 5001 1051 5066 eis,
1106 4999 1170 5055 de
1225 5005 1468 5060 manibus
1527 5010 1716 5064 nostris
1765 5013 2058 5082 requiratur

475 5085 819 5160 (Ezeclmu),
853 5101 1079 5162 augetur
1100 5103 1295 5150 metus.
1325 5095 1461 5164 Quia
1493 5100 1536 5156 si
1563 5101 1617 5155 in
1639 5103 1895 5174 subjectis
1916 5106 2047 5173 suis,

474 5179 521 5234 is
548 5180 641 5250 qui
664 5181 919 5252 praelatus
953 5186 1020 5240 ad
1049 5188 1433 5256 speculandum
1464 5201 1564 5260 est,
1594 5195 1759 5251 etiam
1780 5197 1846 5251 de
1875 5207 2052 5254 morte

474 5273 716 5343 Corporis
739 5276 1063 5346 quandoque
1089 5280 1334 5336 morituri
1361 5292 1469 5340 tam
1491 5288 1730 5356 graviter
1752 5305 1878 5346 reus
1905 5300 2054 5347 tene-

477 5373 582 5436 tur,
611 5388 718 5444 quo
763 5385 916 5431 reatu
950 5379 1031 5433 de
1082 5388 1258 5434 morte
1285 5381 1480 5438 animae
1531 5397 1898 5456 subjeCtorum
1927 5379 2080 5444 con-i

477 5472 783 5542 stringitur,
836 5491 955 5546 qua:
1007 5477 1272 5548 potuisset
1325 5494 1542 5551 semper
1582 5483 1784 5550 vivere,
1817 5483 1861 5540 si
1891 5485 2056 5541 verba

480 5565 836 5636 correptionis
877 5569 1177 5628 audisset?
1221 5569 1452 5644 Sanguis
1500 5589 1629 5647 ergo
1673 5577 1952 5634 morientis
1989 5579 2056 5635 de

477 5658 726 5715 manibus
755 5663 1108 5732 speculatoris
1129 5667 1447 5737 requiritur,
1475 5675 1600 5739 quia
1623 5680 1904 5740 peccatum
1931 5665 2080 5727 sub?

478 5749 576 5808 diti
625 5750 794 5822 culpae
841 5756 1113 5826 praepositi
1144 5757 1190 5813 si
1237 5761 1470 5816 tacuerit
1503 5771 1798 5831 reputatur.
1838 5763 1905 5818 Et
1931 5763 2057 5834 quia
2105 5819 2116 5831 ,

479 5841 815 5914 frequenter,
841 5844 994 5914 juxta
1039 5851 1454 5919 praeceptionem
1500 5852 1736 5919 Domini,
1785 5852 1966 5910 verbis
2002 5862 2058 5911 et

482 5935 698 6002 litteris,
726 5945 936 5992 secreto
961 5953 1054 6006 per
1082 5951 1165 5992 me
1193 5947 1245 5993 et
1286 5958 1408 6000 cum
1439 5942 1574 6010 aliis,
1602 5955 1652 6000 te
1681 5947 1936 6018 corripui,
1963 5944 2078 6006 sed.

2160 4741 2401 4807 audiero,
2433 4751 2528 4796 aut
2553 4742 2876 4813 corrigenda
2909 4742 2962 4795 in
2996 4750 3047 4796 te
3083 4741 3266 4796 videro
3300 4739 3384 4794 vcl
3422 4755 3751 4811 cognovero,

2159 4849 2264 4890 non
2295 4834 2500 4889 tacebo.
2533 4832 2600 4889 Ut
2635 4834 2796 4904 igitur
2828 4850 2929 4905 ego
2958 4849 3064 4887 non
3095 4841 3326 4898 taceam,
3351 4842 3406 4886 et
3431 4840 3486 4886 tu
3519 4831 3751 4886 libenter

2160 4924 2370 4990 audias,
2401 4935 2563 4996 atque
2586 4927 2880 4991 obaudias,
2917 4925 3324 4981 consideremus
3354 4923 3563 4993 pariter
3588 4936 3751 4992 quam

2159 5018 2296 5073 liber
2323 5033 2352 5072 a
2383 5019 2794 5074 commissorum
2821 5019 2920 5073 sibi
2945 5019 3206 5088 sanguine
3231 5016 3406 5071 fuerat
3427 5014 3754 5086 praedicator

2163 5111 2411 5182 egregius
2431 5151 2445 5178 ,
2483 5112 2574 5181 qui
2614 5112 2827 5166 dicebat
2864 5130 2876 5165 :
2913 5110 3146 5165 Mundus
3175 5126 3286 5163 sum
3311 5127 3342 5161 a
3364 5109 3619 5177 sanguine
3649 5123 3734 5160 om

2166 5204 2308 5257 nium
2338 5213 2588 5270 vestrum,
2611 5221 2713 5258 non
2741 5205 2876 5259 enim
2900 5203 3190 5274 subterfugi
3213 5219 3313 5274 quo
3338 5203 3511 5256 minus
3539 5217 3753 5254 annun-

2164 5295 2348 5349 tiarem
2362 5312 2513 5350 omne
2534 5295 2810 5351 consilium
2831 5291 2928 5352 Dei
2942 5295 3080 5350 vobis
3103 5294 3238 5365 (Act.
3266 5293 3377 5364 xx).
3405 5291 3623 5358 Stenitn
3645 5304 3751 5344 non

2167 5387 2558 5454 annuntiasset,
2598 5389 2830 5444 mundus
2852 5404 2884 5443 a
2913 5388 3175 5459 sanguine
3204 5401 3391 5441 eorum
3423 5400 3530 5439 non
3558 5391 3702 5438 esset
3731 5399 3746 5435 :

2169 5481 2262 5536 sed
2293 5481 2488 5552 quibus
2518 5497 2678 5536 omne
2703 5481 2986 5536 consilium
3030 5479 3126 5534 Dei
3158 5477 3478 5533 annuntiare
3522 5476 3749 5538 studuit,

2167 5562 2235 5628 ab
2276 5587 2461 5627 eorum
2506 5571 2768 5642 sanguine
2795 5572 3027 5628 mundus
3065 5569 3182 5624 fuit.
3227 5568 3282 5623 In
3330 5583 3434 5640 qua
3480 5581 3612 5622 voce
3651 5578 3752 5620 nos

2167 5651 2537 5729 convenimur,
2566 5680 2665 5720 nos
2689 5664 3134 5735 constringimur,
3155 5677 3255 5717 nos
3277 5661 3352 5716 rei
3377 5674 3499 5715 esse
3519 5656 3754 5714 ostendi-

2167 5775 2310 5827 mur,
2337 5759 2429 5831 qui
2469 5759 2776 5815 sacerdotes
2814 5764 2870 5813 et
2901 5755 3110 5828 praelati
3139 5768 3418 5820 vocamur,
3459 5751 3553 5822 qui
3589 5763 3753 5818 super

2166 5868 2232 5909 ea
2256 5853 2396 5908 mala
2434 5869 2554 5924 quae
2582 5852 2803 5926 propria
2833 5851 3098 5909 habemus
3123 5847 3332 5908 alienas
3356 5863 3571 5920 quoque
3598 5859 3747 5899 mor-

2169 5954 2252 6002 tes
2278 5945 2546 6014 addimus,
2569 5947 2695 6017 quia
2721 5952 2800 6002 tot
2826 5945 3145 6012 occidimus,
3170 5952 3300 6016 quot
3324 5941 3391 5999 ad
3410 5947 3638 5998 mortem
3663 5935 3746 5992 ire
