3990 6300
150 458 284 518 ass
958 463 1202 523 opusc.
1242 464 1331 521 s'r
1368 463 1586 523 EPIST.
1627 462 1693 520 IN
1730 462 1957 524 causa
1994 467 2329 527 lllNCMARl
2367 456 2674 530 LAUDUN.
2756 413 2769 425 ⁸
3342 478 3453 543 tsi

148 576 425 646 quotidie
459 577 624 649 tepidi
652 584 707 635 et
737 585 978 637 tacentes
1005 580 1270 647 videmus,
1317 588 1372 636 et
1415 580 1764 637 solertissime
1791 581 1840 645 A
1869 580 1969 638 bus
1999 582 2131 640 dicit
2171 583 2341 657 (epist.
2394 587 2480 655 l5,
2515 588 2586 642 ad
2619 584 2980 661 Pulcheriam)
3013 608 3029 647 :
3080 609 3101 645 ι
3137 590 3316 659 Sedis,
3361 595 3448 651 in-

151 669 562 737 attendamus,
598 670 726 741 quia
763 687 871 729 non
898 671 1095 729 sufﬁcit
1134 681 1343 729 tantum
1374 673 1420 730 si
1456 675 1623 730 verbo
1650 673 1768 737 sine
1874 676 2100 745 quiens,
2158 679 2468 749 apostolicae
2514 681 2817 737 moderatio
2855 681 2996 739 hanc
3041 687 3449 756 temperantiam

150 763 323 821 bono
345 762 595 834 exemplo
615 763 993 834 prmdicemus,
1007 765 1133 835 quia
1154 765 1308 836 cujus
1327 765 1435 821 vita
1455 765 1765 836 despicitur,
1875 770 2147 837 observat,
2183 779 2243 825 ut
2270 772 2511 829 severius
2539 782 2665 845 agat
2692 790 2811 829 cum
2843 775 3142 843 obduratis,
3166 787 3220 832 et
3238 779 3451 835 veniam

152 866 359 915 restat
387 866 448 914 ut
480 867 532 914 et
558 857 875 928 praedicatio
903 868 1310 928 contemnatur;
1343 868 1399 916 et
1429 877 1442 914 :
1478 858 1580 926 Qui
1620 876 1769 914 man-
1875 863 2061 935 cupiat
2085 873 2344 937 praestare
2371 866 2653 923 correctis.
2689 887 2709 919 ι
2742 865 2913 933 Quam
2940 870 3352 940 temperantiam
3382 887 3449 927 cx

154 952 371 1009 datum
405 953 614 1011 solverit
639 964 690 1010 et
716 954 978 1022 docuerit,
1015 955 1099 1011 hic
1134 955 1383 1017 "sinimus
1419 956 1684 1012 vocabitur
1715 955 1768 1010 in
1876 954 2058 1010 divino
2094 955 2405 1029 magisterio
2433 958 2589 1012 sedes
2621 957 2915 1028 apostolica
2943 959 3199 1030 suscepit,
3229 968 3284 1016 et
3311 960 3452 1017 hanc

157 1060 343 1114 regno
371 1044 619 1101 calorum
645 1061 663 1112 ;
689 1044 780 1116 qui
799 1056 973 1103 autem
999 1045 1176 1117 fecerit
1201 1054 1259 1111 et,
1271 1046 1529 1113 docuerit,
1554 1046 1638 1099 hic
1657 1062 1770 1100 ma-
1876 1047 2126 1103 omnibus
2149 1048 2367 1103 sedibus
2401 1046 2714 1115 imitandam
2742 1051 3017 1120 proposuit
3047 1068 3062 1105 :
3087 1050 3342 1122 quoniam
3368 1067 3453 1108 er-

157 1153 314 1208 gnits
335 1138 610 1195 vocabitur
630 1139 689 1195 in
715 1150 873 1210 regno
896 1137 1143 1195 calorum
1174 1138 1393 1210 (Matth.
1416 1136 1496 1210 v),
1521 1137 1573 1193 id
1603 1145 1687 1192 est
1714 1136 1767 1191 iu
1878 1154 1970 1194 ror
1990 1138 2268 1195 confessus
2300 1148 2355 1197 et
2380 1149 2660 1197 correctus
2682 1141 2794 1213 jam
2828 1143 2984 1216 culpa
3010 1153 3182 1213 caret,
3210 1145 3336 1223 quia
3364 1160 3454 1202 ve-

161 1227 423 1286 Ecciesia
432 1230 726 1303 iustorum.
745 1229 912 1301 Igitur
930 1230 1145 1300 corrige
1160 1230 1420 1299 hmc‘quae
1438 1227 1617 1301 egisti,
1631 1234 1695 1283 et‘
1706 1228 1770 1283 de

164 1331 381 1379 caetero
405 1322 640 1380 sollicite
653 1323 830 1390 stude,
855 1339 926 1380 ne
950 1320 1256 1391 huiusmodi
1272 1321 1471 1391 probra
1497 1321 1769 1384 incurras,

167 1423 269 1470 aut
301 1416 607 1486 scripturas
629 1414 1002 1480 authenticas,
1026 1421 1121 1469 aut
1155 1428 1219 1470 ea
1242 1427 1363 1483 quae
1388 1411 1648 1477 Dominus
1676 1425 1772 1483 per

168 1515 402 1565 sanans
428 1516 561 1566 suos
579 1509 793 1566 locutus
818 1517 902 1566 est
921 1507 1336 1579 corrumpendo,
1359 1507 1486 1577 quia
1510 1505 1770 1574 scriptum

168 1611 301 1658 est:
337 1600 468 1658 Non
502 1603 673 1659 addas
697 1602 983 1675 quidquam
1020 1601 1189 1658 verbis
1217 1600 1385 1666 illius,
1423 1609 1471 1654 et
1502 1598 1768 1669 arguatis,

169 1694 565 1767 inscitiamque
589 1694 818 1767 etaim
842 1692 1028 1766 (Prov.
1055 1693 1210 1764 xxx).
1241 1691 1393 1759 Quod
1414 1690 1491 1746 ita
1513 1688 1770 1747 catholici

170 1784 433 1843 doctores
452 1793 761 1858 exponunt:
782 1785 859 1842 Ne
880 1799 1197 1855 corrumpas
1217 1783 1433 1856 eloquia
1456 1790 1770 1841 sanctarum

174 1864 616 1949 Scripturamni,
638 1877 782 1950 quod
801 1878 1019 1949 quidam
1045 1876 1304 1944 haeretici,
1335 1890 1403 1935 ne
1436 1874 1523 1934 his
1545 1873 1772 1933 convin-

173 1980 457 2040 cerentur»,
480 1970 681 2029 fecisse
701 1978 1017 2030 noscuntur.

755 2081 983 2141 CAPUT
1019 2079 1202 2137 XLIV.

173 2192 429 2262 Qualiter
473 2193 641 2259 redire
682 2193 851 2252 ualeat
1001 2204 1234 2264 paterna:
1276 2175 1547 2247 charitatis
1591 2188 1770 2245 dulce-

917 2280 1073 2319 mem.
1134 2284 1141 2289 ν

917 2280 1073 2319 mem.
1134 2284 1141 2289 “

248 2352 439 2427 Unde,
465 2355 635 2415 frater
670 2360 727 2414 et
758 2358 1027 2430 quondam
1051 2354 1361 2413 dulcissime
1386 2353 1461 2411 ﬁli
1490 2390 1503 2421 ,
1536 2368 1629 2425 qm
1655 2352 1770 2411 exi-

175 2449 432 2523 gentibus
465 2447 704 2522 peecatis
736 2448 803 2505 de
830 2447 956 2505 nido
985 2454 1234 2519 paterno,
1278 2446 1428 2502 velut
1469 2445 1768 2516 implumis,

176 2542 343 2600 citius
376 2557 539 2617 quam
560 2554 782 2599 necesse
811 2540 990 2597 fuerat
1013 2538 1259 2606 evolasti,
1282 2545 1338 2594 et
1359 2546 1651 2610 antequam
1675 2552 1765 2594 so-

178 2634 391 2691 liditate
432 2633 873 2707 plumarum,‘id
917 2640 1004 2689 est
1040 2630 1365 2688 humilitatis
1411 2639 1562 2686 veste
1609 2629 1793 2686 ﬁeres

175 2735 482 2799 protectus,
523 2726 681 2800 quasi
705 2727 882 2784 nudus
909 2725 995 2783 his
1018 2724 1428 2781 animositatum
1454 2732 1509 2779 et
1543 2722 1768 2779 saecula-

177 2822 319 2878 rium
358 2822 714 2896 cupiditatum
734 2822 903 2894 spinis
936 2836 1001 2878 ac
1018 2818 1308 2891 vepribus,
1342 2818 1538 2891 quibus
1565 2816 1771 2874 lacera-

178 2914 272 2980 ris,
303 2912 574 2983 insedisti,
596 2917 691 2974 sed
714 2917 761 2973 si
783 2913 1019 2973 volueris
1040 2915 1211 2971 sacris
1233 2912 1432 2986 regulis
1451 2920 1506 2969 et
1525 2911 1769 2984 religioni

178 3000 521 3075 eoucordari,
551 3008 723 3080 gratia
749 3008 847 3065 Dei
882 3009 999 3067 sine
1035 3006 1348 3065 difficultate
1376 3006 1444 3062 ad
1473 3005 1652 3062 cubile
1675 3022 1769 3077 pa-

181 3111 356 3156 ternae
383 3096 688 3156 dulcedinis
727 3096 904 3158 redire
926 3100 1152 3167 valebis,
1191 3108 1245 3156 te
1270 3104 1397 3155 ante
1425 3097 1654 3170 teipsum
1686 3111 1771 3154 re-

176 3210 342 3268 pone,
371 3200 427 3252 et
464 3194 737 3251 memento
765 3194 908 3252 unde
934 3193 1224 3261 excideris,
1258 3202 1314 3249 et
1363 3206 1463 3264 age
1494 3189 1766 3262 paeniten-

178 3293 329 3348 tiam.
357 3280 514 3361 Quod
541 3288 587 3347 si
623 3289 879 3355 volueris,
914 3302 1140 3345 necesse
1170 3293 1259 3344 est
1286 3288 1347 3341 ut
1378 3282 1646 3355 intelligas
1669 3298 1768 3355 per

174 3383 362 3456 qualia
404 3392 463 3441 et
507 3391 710 3455 quanta
756 3376 1059 3454 delinquas,
1109 3378 1200 3451 qui
1248 3376 1391 3450 apud
1427 3382 1482 3434 te
1528 3385 1761 3443 tumens,

174 3473 308 3531 nulli
330 3476 553 3532 subesse
585 3472 756 3540 voles,
780 3480 834 3530 et
853 3472 1065 3529 cunctis
1085 3480 1322 3542 praeeSse
1351 3482 1459 3525 non
1485 3477 1640 3540 potes
1671 3485 1685 3523 :
1710 3473 1766 3522 et

175 3564 383 3621 idcirco
427 3580 612 3622 sacras
652 3563 885 3637 regulas,
936 3574 1192 3634 perverse
1232 3557 1665 3632 interpretando,
1708 3566 1766 3615 et

171 3673 318 3730 quas
336 3672 505 3729 prave
529 3656 875 3729 interpretari
897 3670 1004 3711 non
1026 3662 1199 3725 potes,
1232 3652 1388 3723 quasi
1411 3666 1519 3708 non
1550 3652 1682 3718 sint,
1709 3650 1765 3706 in

176 3750 294 3806 tuis
322 3748 720 3806 collectionibus
743 3763 810 3804 ex
832 3745 1009 3804 studio
1035 3744 1522 3819 prsetermittcndo,
1547 3742 1767 3799 convel-

172 3842 299 3900 lere
328 3843 534 3916 satagis
552 3885 567 3911 ,
592 3843 912 3916 quibusdam
940 3842 1105 3898 etiam
1139 3840 1206 3896 de
1233 3851 1328 3895 tuo
1355 3836 1602 3911 quaedam
1635 3851 1766 3892 con-

173 3944 261 3991 tra
282 3935 570 4016 veritatem
596 3934 874 4001 immittis,
900 3941 956 3990 et
977 3933 1102 3989 dum
1128 3930 1362 3987 invictus
1394 3943 1516 3985 esse
1552 3926 1763 3983 deside-

176 4042 289 4097 ras,
320 4029 564 4086 exterius
592 4044 711 4102 qua:
734 4045 843 4085 non
868 4027 1031 4084 debes
1059 4023 1325 4089 defendis,
1353 4030 1408 4080 et
1429 4022 1658 4080 interius
1678 4036 1768 4078 ve-

173 4136 295 4177 ram
323 4120 662 4180 dilectionem
701 4120 934 4190 amittis,
970 4128 1024 4177 et
1068 4129 1118 4177 te
1144 4136 1175 4176 a
1204 4128 1466 4192 Compage
1505 4115 1789 4173 fraternae

175 4210 554 4271 unanimitatis
576 4208 824 4288 prmeidis
851 4233 863 4270 :
892 4213 1035 4286 quod
1059 4212 1176 4270 sine
1201 4213 1310 4267 ulla
1336 4204 1674 4267 dubitatione
1699 4208 1767 4264 de

176 4302 319 4360 illius
346 4305 658 4378 magisterio
683 4306 780 4362 tibi
804 4305 1105 4371 descendit,
1125 4302 1237 4375 qui,
1262 4301 1610 4372 inscriptum
1635 4305 1722 4355 est
1745 4312 1760 4353 :

178 4395 346 4453 Omne
376 4398 599 4455 sublime
631 4399 793 4468 videt,
830 4407 878 4456 et
905 4406 979 4454 est
1022 4414 1113 4453 rea:
1139 4398 1296 4467 super
1327 4395 1594 4449 universos
1621 4390 1764 4462 ﬁlios

170 4491 456 4566 superbire,
495 4491 764 4566 factusque
785 4501 860 4548 est
888 4500 944 4546 ut
974 4489 1179 4547 nullum
1207 4484 1409 4545 timeret
1453 4485 1574 4559 (Job
1605 4483 1717 4554 xu)
1743 4500 1758 4552 ;

170 4585 377 4658 quique
424 4584 560 4640 dixit
600 4604 615 4640 :
658 4584 949 4641 Ascendam
980 4598 1137 4654 super
1163 4578 1492 4636 altitudinem
1521 4576 1756 4644 nubium,

170 4676 363 4733 similis
395 4692 484 4732 ero
514 4675 780 4732 Altissimo
810 4675 944 4748 (Isti.
974 4672 1108 4745 XIV).
1142 4672 1209 4727 Et
1233 4671 1359 4741 quia
1390 4668 1585 4725 divinae
1610 4667 1760 4723 drdi-
1786 4689 1842 4752 D

171 4771 414 4827 nationis
431 4766 841 4843 dispositionem
866 4783 1109 4835 servare,
1138 4775 1193 4822 et
1223 4763 1479 4821 socialem
1506 4764 1673 4817 vitam
1705 4763 1779 4817 in»

171 4859 313 4917 uelo
336 4869 521 4917 tenere
548 4877 655 4917 non
692 4859 881 4925 voluit,
913 4856 1132 4914 Lucifer
1161 4854 1253 4926 (ιιιί
1296 4868 1454 4909 mane
1487 4852 1767 4909 oriebatur

170 4953 237 5010 de
275 4954 420 5011 casio
468 4953 680 5018 cecidit,
730 4963 784 5011 et
828 4969 1012 5008 veram
1059 4942 1451 5006 beatitudinem
1502 4948 1760 5019 perdens,

171 5048 451 5104 miseriam
494 5047 878 5120 sempiternam
922 5044 1179 5107 incurrit,
1217 5042 1319 5097 sibi
1359 5040 1765 5097 consentientes

169 5150 225 5198 et
258 5140 627 5213 obsequentes
669 5148 830 5210 atque
867 5135 1162 5208 complices
1199 5135 1267 5189 de
1312 5133 1488 5188 beatis
1532 5131 1763 5185 miseros

168 5234 302 5292 fecit
321 5275 338 5303 ,
368 5242 428 5290 et
455 5234 591 5290 adeo
623 5234 677 5289 in
706 5230 981 5288 miseriam
1012 5242 1167 5286 suam
1198 5224 1472 5290 excrevit,
1503 5230 1561 5278 ut
1584 5238 1642 5279 se
1680 5237 1768 5277 re-

169 5337 503 5395 cognoscere
545 5333 598 5378 et
644 5320 933 5378 humiliare
979 5336 1086 5376 non
1130 5317 1320 5390 possit.
1372 5313 1526 5382 Quod
1570 5313 1763 5369 vitium

168 5414 365 5488 primis
387 5414 703 5486 parentibus
736 5414 936 5468 nostris
990 5407 1237 5473 immisit,
1268 5415 1330 5462 ut
1368 5420 1520 5462 suam
1552 5402 1780 5476 culpam-

170 5502 551 5576 delinquentes
588 5504 698 5562 non
724 5503 988 5569 dicerent,
1018 5502 1112 5559 sed
1137 5501 1190 5555 in
1224 5498 1412 5565 alium,
1439 5496 1688 5553 videlicet
1708 5496 1777 5551 in'

167 5606 456 5653 auctorem
502 5612 613 5653 suae
662 5596 1007 5660 conditionis,
1058 5609 1164 5649 non
1206 5600 1385 5647 autem
1438 5588 1761 5660 iniquitatis,

169 5698 496 5761 retorquere
524 5690 821 5745 studerent.
875 5687 993 5755 Quo
1023 5686 1155 5741 vitio
1186 5684 1361 5739 adhuc
1405 5698 1510 5737 non
1540 5669 1769 5736 minime

166 5780 385 5839 laborat
409 5799 581 5856 genus
608 5782 925 5849 humanum,
954 5789 1011 5837 et
1041 5780 1205 5836 timeo
1241 5794 1306 5833 ac
1330 5775 1484 5832 doleo
1519 5774 1644 5846 quia
1666 5788 1766 5845 ego

167 5884 221 5930 et
248 5885 305 5931 tu
339 5876 408 5933 ab
436 5877 540 5934 hoc
560 5876 694 5935 vitio
715 5875 770 5930 in
796 5881 965 5930 totum
993 5871 1158 5928 alieni
1186 5886 1292 5926 non
1316 5874 1505 5925 simus.
1533 5866 1767 5922 Attende

167 5968 337 6039 igitur
365 5979 475 6028 tota
500 5969 696 6027 mentis
717 5967 1019 6027 intentione
1037 5964 1203 6022 verba
1233 5962 1379 6021 beati
1403 5959 1620 6029 Leonis,
1645 5959 1765 6031 qui-

1877 1230 2023 1287 niam
2054 1232 2217 1288 habet
2249 1250 2262 1286 :
2287 1248 2442 1288 error
2467 1250 2596 1290 vero
2619 1236 2899 1293 convictus
2927 1252 3029 1294 nec
3054 1237 3133 1294 sic
3150 1247 3449 1305 correctus,

1877 1330 1934 1378 et
1980 1323 2191 1394 culpam
2251 1324 2417 1381 habet
2468 1335 2523 1382 et
2565 1328 2722 1383 venia
2752 1338 2923 1384 caret.
2962 1350 2980 1382 ι
3016 1329 3102 1396 Ει,
3154 1340 3215 1387 ιιι
3252 1312 3446 1403 ‘Augu-

1877 1412 2051 1469 stinus
2105 1413 2271 1481 dicit,
2328 1414 2523 1472 melius
2565 1426 2651 1473 est
2699 1417 2755 1472 in
2810 1417 2967 1477 factis
3027 1419 3183 1477 malis
3231 1421 3451 1479 humilis

1877 1503 2181 1573 confessio,
2243 1522 2408 1576 quam
2476 1507 2529 1562 in
2595 1508 2751 1564 bonis
2807 1510 3037 1581 superba
3098 1511 3369 1583 gloriatio.
3427 1530 3448 1567 ι

1877 1595 1945 1651 Ει
1995 1596 2188 1652 beatus
2214 1596 2452 1654 Joannes
2502 1597 2557 1652 in
2606 1597 2931 1673 Apocalypsi
2967 1615 3097 1657 voce
3135 1601 3318 1659 divina
3355 1616 3453 1657 an-

1877 1688 2027 1762 gelo,
2090 1690 2145 1745 id
2189 1699 2274 1747 est
2303 1690 2556 1763 episcopo
2596 1691 2797 1763 Ephesi
2850 1693 2982 1753 dicit
3033 1713 3047 1749 :
3097 1693 3300 1751 Memor
3344 1684 3452 1751 esto

1877 1782 2016 1839 unde
2066 1783 2351 1853 excideris,
2395 1794 2444 1840 et
2467 1801 2564 1857 age
2598 1786 2951 1858 paenitentiam
2971 1828 2985 1854 ,
3019 1797 3067 1845 et
3099 1790 3269 1860 prima
3295 1806 3454 1861 opera

1877 1875 1963 1946 fac
1988 1891 2007 1930 :
2046 1877 2131 1932 sin
2170 1887 2364 1943 autem,
2416 1878 2562 1933 venio
2597 1878 2689 1933 tibi
2728 1888 2795 1934 et,
2824 1880 3032 1936 ntovebo
3082 1880 3455 1937 candelabrum

1791 1957 1841 2022 B
1869 1977 2017 2023 tuum
2044 1970 2108 2022 de
2134 1968 2247 2025 loco
2273 1986 2392 2035 suo,
2426 1968 2527 2025 nisi
2554 1971 2909 2041 paenitentiam
2922 1972 3087 2046 egeris
3134 1971 3318 2044 (Apoc.
3364 1971 3452 2043 ιι).

1867 2058 1936 2114 Et
1960 2059 2172 2133 angelo,
2212 2061 2268 2116 id
2305 2071 2389 2118 est
2427 2062 2680 2136 episcopo
2722 2062 2994 2120 Laodicia:
3012 2065 3257 2123 ecclesiae
3283 2065 3452 2133 dicit;

1868 2146 2103 2219 Collyrio
2150 2150 2341 2221 inunge
2390 2150 2567 2207 oculos
2609 2163 2726 2208 tuos
2774 2162 2829 2208 ut
2882 2154 3057 2211 videas
3102 2154 3286 2229 (Apoc.
3342 2156 3450 2226 ιιι).

1869 2241 2104 2314 Collyrio
2136 2244 2334 2315 quippe
2357 2246 2541 2313 oculos
2570 2255 2630 2302 ut
2657 2247 2937 2303 videamus
2958 2248 3299 2321 inungimns,
3320 2264 3449 2304 cuin
3494 2312 3495 2319 γ

1869 2335 1938 2391 ad
1961 2337 2401 2407 conspiciendam
2428 2340 2540 2395 veri
2572 2340 2789 2397 luminis
2809 2341 3113 2399 claritatem
3138 2342 3451 2401 intellectus

1869 2429 2045 2489 nostri
2102 2429 2272 2487 aciem
2333 2432 2688 2488 medicamine
2742 2435 3071 2504 operationis
3114 2434 3453 2504 adjuvamus.

1871 2521 2071 2594 Sicque
2094 2522 2148 2579 in
2173 2532 2412 2579 mutuam
2442 2526 2673 2597 gratiam
2703 2526 2879 2582 redire
2909 2526 3228 2594 valebimus,
3266 2527 3316 2584 si
3336 2528 3454 2585 haec

1869 2624 1925 2672 et
1958 2616 2063 2671 alia
2094 2615 2191 2673 tibi
2220 2615 2475 2684 salubria,
2508 2627 2563 2674 et
2600 2618 2903 2676 ministerio
2923 2628 3112 2677 nostro
3140 2629 3455 2691 competen-

1870 2710 1969 2777 tia,
2001 2725 2163 2781 agere
2186 2719 2241 2767 et
2291 2711 2445 2782 sequi
2490 2712 2726 2769 volueris
2755 2730 2771 2767 ι
2805 2715 2953 2783 quia,
2992 2722 3053 2770 ut
3101 2713 3232 2771 item
3258 2714 3452 2779 beatus

1871 2803 1982 2860 Leo
2001 2804 2163 2860 dicit:
2186 2821 2207 2856 ο
2227 2804 2447 2861 Dulcius
2466 2821 2689 2863 munera
2705 2806 2891 2879 gratia:
2906 2806 3103 2865 divinas
3111 2809 3453 2879 provmiunt,

1870 2895 2084 2966 quoties
2118 2910 2224 2952 non
2254 2895 2372 2952 siue
2401 2898 2612 2969 magnis
2634 2884 2936 2955 sudoribus
2981 2899 3357 2969 acquiruntur,
3398 2906 3457 2957 et
3486 2946 3491 2947 ν

1871 2986 2053 3042 minus
2080 2986 2250 3042 videri
2270 2986 2471 3045 bonum
2503 2987 2638 3045 solet
2664 3002 2771 3059 pax
2815 2990 3131 3046 continuata
3156 3004 3255 3061 per
3281 2988 3454 3046 otium
3548 3064 3549 3067 η

1870 3095 2034 3152 quam
2084 3080 2293 3137 reddita
2323 3076 2422 3151 per
2459 3079 2719 3139 labores:
2767 3081 2883 3152 ipsa
2932 3094 3146 3154 quoque
3172 3083 3375 3141 veritas
3400 3090 3458 3140 et

1871 3174 2071 3231 clarius
2123 3174 2423 3242 renitescit,
2473 3182 2528 3230 et
2567 3173 2760 3231 fortius
2813 3175 3098 3243 retinetur,
3150 3176 3277 3237 dum
3331 3191 3455 3247 quae

1870 3266 2029 3337 prius
2050 3265 2186 3323 ﬁdes
2213 3266 2481 3334 docuerit,
2519 3267 2637 3323 haec
2663 3274 2849 3338 postea
2887 3268 3220 3327 examinatio
3257 3268 3457 3325 contir-

1868 3357 2050 3415 marit.
2083 3375 2105 3413 ι
2157 3356 2276 3414 Noli
2300 3372 2431 3430 ergo
2456 3358 2678 3426 diutius,
2707 3368 2964 3431 tanquam
2990 3354 3135 3417 civili
3159 3359 3320 3427 bello,
3352 3375 3453 3416 no-

1867 3451 1996 3506 stris
2023 3458 2213 3507 contra
2238 3465 2338 3508 nos
2364 3450 2563 3508 erectis
2580 3450 2749 3524 signis
2794 3452 3072 3524 armisque
3107 3467 3370 3526 pugnare,
3399 3459 3456 3509 et

1868 3541 2161 3599 seditiones
2194 3559 2226 3597 a
2254 3543 2438 3600 multis
2465 3551 2521 3600 et
2556 3558 2655 3615 per
2673 3544 2869 3600 multos
2892 3559 3055 3614 super
3079 3544 3277 3602 multos
3303 3559 3454 3601 com-

1867 3647 2109 3703 pressas,
2157 3634 2401 3689 redivivo
2448 3634 2811 3691 contumaciae
2846 3635 3031 3690 furore
3058 3635 3115 3689 in
3155 3635 3455 3705 perniciem

1869 3737 2039 3794 tuam,
2071 3736 2126 3783 et
2156 3728 2412 3784 Ecclesiae
2457 3728 2741 3803 catholica:
2784 3730 3206 3785 commotionem
3248 3728 3453 3784 reexci-

1868 3829 2002 3877 tare.
2028 3818 2162 3876 Redi
2185 3818 2251 3875 ad
2276 3830 2556 3890 paternam
2587 3819 2909 3876 charitatem
2962 3820 3258 3887 humiliter,
3290 3835 3467 3891 quam-

1868 3911 2238 3981 contempsisti
2269 3912 2683 3969 contumaciter.
2710 3912 2834 3967 Fiat
2859 3928 2990 3984 pax,
3020 3920 3079 3967 ut
3111 3912 3243 3969 dicit
3263 3912 3454 3968 beatus

1866 4001 2201 4073 Augustinus
2249 4003 2319 4058 de
2354 4003 2650 4059 Donatistis
2699 4011 2889 4061 contra
2926 4002 3228 4063 Ecclesia!!!
3252 4016 3313 4060 se
3337 4002 3449 4057 eri-

1868 4094 2139 4167 gentibus,
2171 4095 2223 4150 ln
2269 4095 2470 4153 virtute
2511 4096 2833 4165 Jerusalem,
2857 4113 2980 4168 quae
3006 4097 3178 4155 virtus
3216 4097 3465 4173 charitas.

1868 4196 1970 4253 est,
1992 4188 2080 4243 cui
2110 4195 2312 4244 sanctae
2339 4188 2554 4244 civitati
2580 4189 2783 4245 dictum
2816 4198 2903 4245 est
2938 4208 2952 4245 :
2986 4187 3112 4244 Fiat
3130 4204 3237 4262 pas:
3263 4189 3321 4249 in
3344 4189 3450 4246 uir-

1868 4289 1977 4334 tute
1997 4289 2109 4346 tua,
2138 4289 2186 4335 et
2237 4280 2564 4336 abundantia
2589 4282 2646 4336 in
2692 4280 2923 4335 turribus
2950 4281 3055 4336 tuis
3083 4278 3258 4353 (Psal.
3282 4276 3451 4351 cm).

1867 4373 1936 4427 Et
1964 4372 2072 4427 noli
2104 4381 2156 4427 te
2181 4374 2441 4431 extollere
2464 4382 2653 4430 contra
2685 4382 2984 4429 maternam
3005 4372 3321 4442 metropolis
3347 4380 3453 4429 tute

1867 4464 2175 4536 generalem
2206 4467 2373 4521 totius
2412 4465 2702 4535 provincia:
2741 4464 3192 4531 sollicitudinem,
3229 4474 3286 4520 et
3323 4478 3456 4520 con-

1869 4570 1950 4616 tra
1981 4569 2260 4631 paternam
2288 4562 2574 4616 nutritoris
2599 4564 2654 4615 et
2693 4559 3022 4616 ordinatoris
3054 4559 3131 4614 tui
3154 4559 3459 4631 benignita-

1869 4667 1998 4722 tem,
2026 4669 2189 4726 quam
2213 4653 2309 4709 tibi
2331 4667 2456 4708 cum
2477 4652 2706 4719 caeteris,
2739 4653 2857 4708 sine
2900 4652 3084 4722 aliquo
3108 4652 3452 4715 detrimento,

1873 4758 2078 4825 tantum
2100 4756 2160 4805 ut
2185 4758 2237 4804 te
2260 4761 2640 4819 recognoscas,
2680 4753 2734 4802 et
2756 4745 3069 4817 tnetropohs
3088 4745 3453 4817 privilegium,

1870 4851 1927 4898 et
1951 4840 2348 4912 metropolitani
2374 4839 2609 4902 dilectio,
2642 4839 2760 4894 sine
2785 4837 3100 4894 diliicuitate
3118 4837 3344 4908 cupiunt
3363 4849 3463 4891 ex-

1871 4932 2080 4990 hibere.
2113 4931 2305 4988 Sciunt
2333 4930 2477 4987 enim
2502 4938 2557 4984 et
2584 4929 2881 4986 auctoritas
2906 4928 3224 4999 metropolis
3250 4934 3309 4982 et
3340 4939 3459 4981 mea

1874 5026 2247 5095 tropolitanus,
2289 5022 2440 5078 illum
2474 5036 2604 5077 vere
2646 5034 2768 5076 esse
2811 5034 3085 5092 magnum,
3140 5016 3234 5086 qui
3290 5014 3463 5070 totius

1874 5114 2183 5172 ambitionis
2212 5113 2375 5170 fuerit
2417 5112 2645 5178 alienus,
2672 5111 2887 5168 dicente
2926 5107 3187 5163 Domino:
3221 5103 3459 5170 Quicum-

1869 5220 1968 5277 que
1988 5205 2207 5261 voluerit
2226 5206 2363 5261 inter
2390 5220 2479 5259 vos
2499 5203 2675 5275 major
2684 5202 2823 5271 ﬁeri,
2840 5201 2911 5255 sit
2932 5208 3095 5255 vester
3106 5197 3344 5253 minister
3365 5207 3384 5248 .'
3404 5202 3457 5248 et

1867 5300 2162 5371 quicunque
2196 5298 2416 5354 voluerit
2447 5299 2584 5353 inter
2609 5310 2697 5353 vos
2740 5295 2941 5366 primus
2985 5305 3097 5347 esse
3120 5290 3263 5358 ,ιι-ξι
3290 5296 3456 5343 vester

1869 5412 2066 5463 servus,
2099 5396 2234 5451 sicut
2258 5395 2399 5465 [ilius
2428 5394 2655 5448 hominis
2692 5406 2797 5445 non
2819 5391 2954 5445 venit
2987 5384 3277 5441 ministrari
3300 5420 3317 5450 ,
3362 5380 3457 5437 sed

1868 5493 2167 5546 ministrare
2199 5488 2416 5560 (Matth.
2456 5487 2574 5559 xx).
2610 5503 2630 5537 ι
2661 5484 2727 5540 Et
2750 5490 2951 5547 tamen,
2981 5477 3315 5550 inquit-Leo,
3338 5475 3457 5531 hinc

1870 5585 1977 5643 illis
2024 5592 2151 5641 tunc
2205 5582 2640 5645 insinuabantur,
2695 5576 2788 5647 qui
2826 5568 3166 5643 'depnsillo
3203 5567 3458 5625 volebant

1868 5676 2137 5743 crescere,
2165 5682 2219 5732 et
2247 5675 2312 5731 de
2338 5668 2630 5728 inﬁmis-ad
2674 5677 2884 5725 summa
2912 5662 3164 5720 transite.
3200 5680 3239 5714 »ι
3259 5655 3338 5714 Tu
3364 5672 3457 5712 au-t

1870 5785 2002 5841 tem,
2024 5780 2085 5828 ut
2107 5770 2365 5842 scriptum
2385 5772 2489 5833 est,
2505 5762 2617 5835 jam
2651 5759 2911 5833 magister
2948 5756 3256 5821 infantium,
3278 5760 3334 5808 et
3354 5749 3456 5806 do-

1870 5873 1990 5921 ctor
2011 5860 2376 5934 insipientium
2404 5856 2601 5920 factus,
2649 5853 2815 5909 debes
2832 5852 3050 5907 modum
3076 5856 3228 5904 tuum
3252 5853 3453 5934 cogno-

1872 5971 2043 6024 scere,
2075 5932 2131 6011 et
2158 5954 2254 6011 tibi
2282 5950 2529 6017 subditis,
2569 5963 2599 6004 a
2636 5947 2837 6018 quibus
2870 5942 3231 6004 obedientiam
3258 5932 3457 6007 exigis,

2225 6113 2362 6135 «ςὶριμ
