  <div class='ocr_page' id='page_1' title='image "/cluster/home/n/w/nwhite01/storage/ocr_20150623/126/hvd.32044015471675/233.png"; bbox 0 0 3948 5376; ppageno 0'>
   <div class='ocr_carea' id='block_1_1' title="bbox 516 464 622 522">
    <p class='ocr_par' dir='ltr' id='par_1_1' title="bbox 516 464 622 522">
     <span class='ocr_line' id='line_1_1' title="bbox 516 464 622 522; baseline 0 0"><span class='ocrx_word' id='word_1_1' title='bbox 516 464 622 522; x_wconf 69' lang='grc'><strong>455</strong></span> 
     </span>
    </p>
   </div>
   <div class='ocr_carea' id='block_1_2' title="bbox 1465 464 2775 526">
    <p class='ocr_par' dir='ltr' id='par_1_2' title="bbox 1465 464 2775 526">
     <span class='ocr_line' id='line_1_2' title="bbox 1465 464 2775 526; baseline 0.003 -4"><span class='ocrx_word' id='word_1_2' title='bbox 1465 464 1799 524; x_wconf 80' lang='lat' dir='ltr'><strong>HINCMARI</strong></span> <span class='ocrx_word' id='word_1_3' title='bbox 1833 466 2226 526; x_wconf 78' lang='lat' dir='ltr'><strong>RHEMENSIS</strong></span> <span class='ocrx_word' id='word_1_4' title='bbox 2261 466 2775 526; x_wconf 78' lang='lat' dir='ltr'><strong>ARCHIEPlSCOPl</strong></span> 
     </span>
    </p>
   </div>
   <div class='ocr_carea' id='block_1_3' title="bbox 3696 471 3800 528">
    <p class='ocr_par' dir='ltr' id='par_1_3' title="bbox 3696 471 3800 528">
     <span class='ocr_line' id='line_1_3' title="bbox 3696 471 3800 528; baseline 0.019 -2"><span class='ocrx_word' id='word_1_5' title='bbox 3696 471 3800 528; x_wconf 77' lang='grc'><strong>456</strong></span> 
     </span>
    </p>
   </div>
   <div class='ocr_carea' id='block_1_4' title="bbox 518 576 3800 652">
    <p class='ocr_par' dir='ltr' id='par_1_4' title="bbox 518 576 3800 652">
     <span class='ocr_line' id='line_1_4' title="bbox 518 576 3800 652; baseline 0 -16"><span class='ocrx_word' id='word_1_6' title='bbox 518 578 874 636; x_wconf 74' lang='lat' dir='ltr'><strong>humilitatem</strong></span> <span class='ocrx_word' id='word_1_7' title='bbox 897 576 1214 634; x_wconf 71' lang='lat' dir='ltr'><strong>obedientite</strong></span> <span class='ocrx_word' id='word_1_8' title='bbox 1238 576 1332 634; x_wconf 92' lang='lat' dir='ltr'><strong>tibi</strong></span> <span class='ocrx_word' id='word_1_9' title='bbox 1363 579 1600 648; x_wconf 70' lang='lat' dir='ltr'><strong>praelatis</strong></span> <span class='ocrx_word' id='word_1_10' title='bbox 1639 581 2090 652; x_wconf 88' lang='lat' dir='ltr'><strong>dependendoin-</strong></span> <span class='ocrx_word' id='word_1_11' title='bbox 2116 585 2167 642; x_wconf 76' lang='grc' dir='ltr'><strong>Α</strong></span> <span class='ocrx_word' id='word_1_12' title='bbox 2194 580 2293 636; x_wconf 91' lang='lat' dir='ltr'><strong>tibi</strong></span> <span class='ocrx_word' id='word_1_13' title='bbox 2330 581 2526 637; x_wconf 91' lang='lat' dir='ltr'><strong>collum</strong></span> <span class='ocrx_word' id='word_1_14' title='bbox 2556 581 2950 646; x_wconf 76' lang='lat' dir='ltr'><strong>abscideretur,</strong></span> <span class='ocrx_word' id='word_1_15' title='bbox 2990 593 3155 651; x_wconf 89' lang='lat' dir='ltr'><strong>quam</strong></span> <span class='ocrx_word' id='word_1_16' title='bbox 3175 580 3242 635; x_wconf 92' lang='lat' dir='ltr'><strong>ad</strong></span> <span class='ocrx_word' id='word_1_17' title='bbox 3279 578 3368 635; x_wconf 90' lang='lat' dir='ltr'><strong>illa</strong></span> <span class='ocrx_word' id='word_1_18' title='bbox 3408 577 3800 649; x_wconf 74' lang='lat' dir='ltr'><strong>perducereris</strong></span> 
     </span>
    </p>
   </div>
   <div class='ocr_carea' id='block_1_5' title="bbox 518 665 2091 742">
    <p class='ocr_par' dir='ltr' id='par_1_5' title="bbox 518 665 2091 742">
     <span class='ocr_line' id='line_1_5' title="bbox 518 665 2091 742; baseline 0.001 -14"><span class='ocrx_word' id='word_1_19' title='bbox 518 673 736 728; x_wconf 83' lang='lat' dir='ltr'><strong>sinuare</strong></span> <span class='ocrx_word' id='word_1_20' title='bbox 786 690 800 726; x_wconf 88' lang='lat'><strong>:</strong></span> <span class='ocrx_word' id='word_1_21' title='bbox 848 665 1145 742; x_wconf 71' lang='lat' dir='ltr'><strong>praesertim</strong></span> <span class='ocrx_word' id='word_1_22' title='bbox 1185 687 1308 726; x_wconf 91' lang='lat' dir='ltr'><strong>cum</strong></span> <span class='ocrx_word' id='word_1_23' title='bbox 1357 672 1578 730; x_wconf 84' lang='lat' dir='ltr'><strong>ordines</strong></span> <span class='ocrx_word' id='word_1_24' title='bbox 1620 682 1674 728; x_wconf 92' lang='lat' dir='ltr'><strong>et</strong></span> <span class='ocrx_word' id='word_1_25' title='bbox 1720 673 2091 730; x_wconf 82' lang='lat' dir='ltr'><strong>distinctiones</strong></span> 
     </span>
    </p>
   </div>
   <div class='ocr_carea' id='block_1_6' title="bbox 517 762 2095 835">
    <p class='ocr_par' dir='ltr' id='par_1_6' title="bbox 517 762 2095 835">
     <span class='ocr_line' id='line_1_6' title="bbox 517 762 2095 835; baseline 0 -16"><span class='ocrx_word' id='word_1_26' title='bbox 517 765 888 835; x_wconf 90' lang='lat' dir='ltr'><strong>episcoporum</strong></span> <span class='ocrx_word' id='word_1_27' title='bbox 917 762 1056 818; x_wconf 81' lang='lat' dir='ltr'><strong>sacri</strong></span> <span class='ocrx_word' id='word_1_28' title='bbox 1079 777 1314 819; x_wconf 88' lang='lat' dir='ltr'><strong>canones</strong></span> <span class='ocrx_word' id='word_1_29' title='bbox 1343 772 1399 820; x_wconf 91' lang='lat' dir='ltr'><strong>et</strong></span> <span class='ocrx_word' id='word_1_30' title='bbox 1418 764 1637 821; x_wconf 90' lang='lat' dir='ltr'><strong>decreta</strong></span> <span class='ocrx_word' id='word_1_31' title='bbox 1665 764 1808 820; x_wconf 88' lang='lat' dir='ltr'><strong>sedis</strong></span> <span class='ocrx_word' id='word_1_32' title='bbox 1836 763 2095 820; x_wconf 64' lang='lat' dir='ltr'><strong>Romanae</strong></span> 
     </span>
    </p>
   </div>
   <div class='ocr_carea' id='block_1_7' title="bbox 518 857 2094 930">
    <p class='ocr_par' dir='ltr' id='par_1_7' title="bbox 518 857 2094 930">
     <span class='ocr_line' id='line_1_7' title="bbox 518 857 2094 930; baseline -0.001 -17"><span class='ocrx_word' id='word_1_33' title='bbox 518 858 853 930; x_wconf 88' lang='lat' dir='ltr'><strong>pontiﬁcum,</strong></span> <span class='ocrx_word' id='word_1_34' title='bbox 903 872 1114 914; x_wconf 88' lang='lat' dir='ltr'><strong>necnon</strong></span> <span class='ocrx_word' id='word_1_35' title='bbox 1143 867 1198 914; x_wconf 92' lang='lat' dir='ltr'><strong>et</strong></span> <span class='ocrx_word' id='word_1_36' title='bbox 1221 857 1364 930; x_wconf 90' lang='lat' dir='ltr'><strong>leges</strong></span> <span class='ocrx_word' id='word_1_37' title='bbox 1380 875 1515 929; x_wconf 90' lang='lat' dir='ltr'><strong>quas</strong></span> <span class='ocrx_word' id='word_1_38' title='bbox 1551 858 1790 915; x_wconf 82' lang='lat' dir='ltr'><strong>Ecclesia</strong></span> <span class='ocrx_word' id='word_1_39' title='bbox 1818 861 2014 929; x_wconf 84' lang='lat' dir='ltr'><strong>probat</strong></span> <span class='ocrx_word' id='word_1_40' title='bbox 2039 866 2094 913; x_wconf 91' lang='lat' dir='ltr'><strong>et</strong></span> 
     </span>
    </p>
   </div>
   <div class='ocr_carea' id='block_1_8' title="bbox 517 948 2097 1021">
    <p class='ocr_par' dir='ltr' id='par_1_8' title="bbox 517 948 2097 1021">
     <span class='ocr_line' id='line_1_8' title="bbox 517 948 2097 1021; baseline -0.001 -16"><span class='ocrx_word' id='word_1_41' title='bbox 517 957 715 1015; x_wconf 85' lang='lat' dir='ltr'><strong>servat,</strong></span> <span class='ocrx_word' id='word_1_42' title='bbox 745 948 1194 1007; x_wconf 82' lang='lat' dir='ltr'><strong>suﬁicientissime</strong></span> <span class='ocrx_word' id='word_1_43' title='bbox 1217 951 1526 1015; x_wconf 87' lang='lat' dir='ltr'><strong>ostendant,</strong></span> <span class='ocrx_word' id='word_1_44' title='bbox 1566 961 1622 1006; x_wconf 92' lang='lat' dir='ltr'><strong>et</strong></span> <span class='ocrx_word' id='word_1_45' title='bbox 1646 949 2097 1021; x_wconf 85' lang='lat' dir='ltr'><strong>irrefragabiliter</strong></span> 
     </span>
    </p>
   </div>
   <div class='ocr_carea' id='block_1_9' title="bbox 516 1039 2098 1111">
    <p class='ocr_par' dir='ltr' id='par_1_9' title="bbox 516 1039 2098 1111">
     <span class='ocr_line' id='line_1_9' title="bbox 516 1039 2098 1111; baseline -0.001 -16"><span class='ocrx_word' id='word_1_46' title='bbox 516 1039 824 1095; x_wconf 81' lang='lat' dir='ltr'><strong>conservari</strong></span> <span class='ocrx_word' id='word_1_47' title='bbox 863 1040 1157 1094; x_wconf 87' lang='lat' dir='ltr'><strong>decernant</strong></span> <span class='ocrx_word' id='word_1_48' title='bbox 1201 1055 1358 1110; x_wconf 67' lang='lat' dir='ltr'><strong>:quae</strong></span> <span class='ocrx_word' id='word_1_49' title='bbox 1409 1040 1455 1095; x_wconf 87' lang='lat' dir='ltr'><strong>si</strong></span> <span class='ocrx_word' id='word_1_50' title='bbox 1495 1040 1616 1111; x_wconf 91' lang='lat' dir='ltr'><strong>quis</strong></span> <span class='ocrx_word' id='word_1_51' title='bbox 1653 1041 1932 1110; x_wconf 77' lang='lat' dir='ltr'><strong>przesumit</strong></span> <span class='ocrx_word' id='word_1_52' title='bbox 1966 1054 2098 1094; x_wconf 90' lang='lat' dir='ltr'><strong>con-</strong></span> 
     </span>
    </p>
   </div>
   <div class='ocr_carea' id='block_1_10' title="bbox 515 1126 2096 1199">
    <p class='ocr_par' dir='ltr' id='par_1_10' title="bbox 515 1126 2096 1199">
     <span class='ocr_line' id='line_1_10' title="bbox 515 1126 2096 1199; baseline 0.001 -19"><span class='ocrx_word' id='word_1_53' title='bbox 515 1126 735 1193; x_wconf 87' lang='lat' dir='ltr'><strong>vellere,</strong></span> <span class='ocrx_word' id='word_1_54' title='bbox 784 1127 912 1197; x_wconf 91' lang='lat' dir='ltr'><strong>quid</strong></span> <span class='ocrx_word' id='word_1_55' title='bbox 963 1127 1218 1183; x_wconf 87' lang='lat' dir='ltr'><strong>estaliud</strong></span> <span class='ocrx_word' id='word_1_56' title='bbox 1263 1129 1364 1183; x_wconf 87' lang='lat' dir='ltr'><strong>nisi</strong></span> <span class='ocrx_word' id='word_1_57' title='bbox 1399 1129 1633 1199; x_wconf 90' lang='lat' dir='ltr'><strong>seipsum</strong></span> <span class='ocrx_word' id='word_1_58' title='bbox 1689 1130 1757 1184; x_wconf 88' lang='lat' dir='ltr'><strong>ab</strong></span> <span class='ocrx_word' id='word_1_59' title='bbox 1806 1126 2096 1182; x_wconf 82' lang='lat' dir='ltr'><strong>universali</strong></span> 
     </span>
    </p>
   </div>
   <div class='ocr_carea' id='block_1_11' title="bbox 515 1219 2096 1290">
    <p class='ocr_par' dir='ltr' id='par_1_11' title="bbox 515 1219 2096 1290">
     <span class='ocr_line' id='line_1_11' title="bbox 515 1219 2096 1290; baseline 0.001 -16"><span class='ocrx_word' id='word_1_60' title='bbox 515 1219 777 1284; x_wconf 88' lang='lat' dir='ltr'><strong>Ecclesia,</strong></span> <span class='ocrx_word' id='word_1_61' title='bbox 821 1235 941 1289; x_wconf 66' lang='lat' dir='ltr'><strong>qua:</strong></span> <span class='ocrx_word' id='word_1_62' title='bbox 967 1221 1162 1290; x_wconf 87' lang='lat' dir='ltr'><strong>partim</strong></span> <span class='ocrx_word' id='word_1_63' title='bbox 1207 1220 1318 1290; x_wconf 88' lang='lat' dir='ltr'><strong>jam</strong></span> <span class='ocrx_word' id='word_1_64' title='bbox 1350 1222 1402 1277; x_wconf 93' lang='lat' dir='ltr'><strong>in</strong></span> <span class='ocrx_word' id='word_1_65' title='bbox 1432 1221 1569 1278; x_wconf 67' lang='lat' dir='ltr'><strong>cutio</strong></span> <span class='ocrx_word' id='word_1_66' title='bbox 1598 1237 1720 1277; x_wconf 92' lang='lat' dir='ltr'><strong>cum</strong></span> <span class='ocrx_word' id='word_1_67' title='bbox 1747 1223 1858 1278; x_wconf 89' lang='lat' dir='ltr'><strong>Deo</strong></span> <span class='ocrx_word' id='word_1_68' title='bbox 1889 1230 2096 1290; x_wconf 86' lang='lat' dir='ltr'><strong>regnat,</strong></span> 
     </span>
    </p>
   </div>
   <div class='ocr_carea' id='block_1_12' title="bbox 514 1312 2095 1384">
    <p class='ocr_par' dir='ltr' id='par_1_12' title="bbox 514 1312 2095 1384">
     <span class='ocr_line' id='line_1_12' title="bbox 514 1312 2095 1384; baseline -0.001 -17"><span class='ocrx_word' id='word_1_69' title='bbox 514 1312 711 1384; x_wconf 87' lang='lat' dir='ltr'><strong>partim</strong></span> <span class='ocrx_word' id='word_1_70' title='bbox 735 1320 914 1368; x_wconf 90' lang='lat' dir='ltr'><strong>autem</strong></span> <span class='ocrx_word' id='word_1_71' title='bbox 943 1312 1118 1368; x_wconf 90' lang='lat' dir='ltr'><strong>adhuc</strong></span> <span class='ocrx_word' id='word_1_72' title='bbox 1148 1313 1202 1367; x_wconf 93' lang='lat' dir='ltr'><strong>in</strong></span> <span class='ocrx_word' id='word_1_73' title='bbox 1226 1314 1387 1369; x_wconf 91' lang='lat' dir='ltr'><strong>terris</strong></span> <span class='ocrx_word' id='word_1_74' title='bbox 1412 1313 1804 1384; x_wconf 81' lang='lat' dir='ltr'><strong>peregrinatur,</strong></span> <span class='ocrx_word' id='word_1_75' title='bbox 1834 1323 1889 1370; x_wconf 92' lang='lat' dir='ltr'><strong>et</strong></span> <span class='ocrx_word' id='word_1_76' title='bbox 1913 1313 1978 1368; x_wconf 91' lang='lat' dir='ltr'><strong>ad</strong></span> <span class='ocrx_word' id='word_1_77' title='bbox 2000 1328 2095 1383; x_wconf 87' lang='lat' dir='ltr'><strong>pa-</strong></span> 
     </span>
    </p>
   </div>
   <div class='ocr_carea' id='block_1_13' title="bbox 517 1403 2096 1475">
    <p class='ocr_par' dir='ltr' id='par_1_13' title="bbox 517 1403 2096 1475">
     <span class='ocr_line' id='line_1_13' title="bbox 517 1403 2096 1475; baseline 0 -17"><span class='ocrx_word' id='word_1_78' title='bbox 517 1405 676 1459; x_wconf 90' lang='lat' dir='ltr'><strong>triam</strong></span> <span class='ocrx_word' id='word_1_79' title='bbox 725 1404 1004 1458; x_wconf 78' lang='lat' dir='ltr'><strong>ccelestem</strong></span> <span class='ocrx_word' id='word_1_80' title='bbox 1031 1404 1289 1474; x_wconf 89' lang='lat' dir='ltr'><strong>suspirat,</strong></span> <span class='ocrx_word' id='word_1_81' title='bbox 1339 1404 1632 1475; x_wconf 66' lang='lat' dir='ltr'><strong>praecidere</strong></span> <span class='ocrx_word' id='word_1_82' title='bbox 1657 1405 1680 1458; x_wconf 79' lang='grc'><strong>7</strong></span> <span class='ocrx_word' id='word_1_83' title='bbox 1703 1403 1878 1468; x_wconf 88' lang='lat' dir='ltr'><strong>Unde,</strong></span> <span class='ocrx_word' id='word_1_84' title='bbox 1909 1403 2096 1470; x_wconf 90' lang='lat' dir='ltr'><strong>frater,</strong></span> 
     </span>
    </p>
   </div>
   <div class='ocr_carea' id='block_1_14' title="bbox 516 1497 2100 1569">
    <p class='ocr_par' dir='ltr' id='par_1_14' title="bbox 516 1497 2100 1569">
     <span class='ocr_line' id='line_1_14' title="bbox 516 1497 2100 1569; baseline 0 -18"><span class='ocrx_word' id='word_1_85' title='bbox 516 1500 753 1552; x_wconf 84' lang='lat' dir='ltr'><strong>maximo</strong></span> <span class='ocrx_word' id='word_1_86' title='bbox 784 1497 964 1553; x_wconf 87' lang='lat' dir='ltr'><strong>cordis</strong></span> <span class='ocrx_word' id='word_1_87' title='bbox 1009 1497 1194 1553; x_wconf 91' lang='lat' dir='ltr'><strong>dolore</strong></span> <span class='ocrx_word' id='word_1_88' title='bbox 1239 1497 1541 1567; x_wconf 90' lang='lat' dir='ltr'><strong>perculsus,</strong></span> <span class='ocrx_word' id='word_1_89' title='bbox 1573 1512 1738 1569; x_wconf 90' lang='lat' dir='ltr'><strong>cogor</strong></span> <span class='ocrx_word' id='word_1_90' title='bbox 1775 1498 1869 1554; x_wconf 92' lang='lat' dir='ltr'><strong>tibi</strong></span> <span class='ocrx_word' id='word_1_91' title='bbox 1921 1498 2100 1553; x_wconf 89' lang='lat' dir='ltr'><strong>dicere</strong></span> 
     </span>
    </p>
   </div>
   <div class='ocr_carea' id='block_1_15' title="bbox 515 1589 2103 1662">
    <p class='ocr_par' dir='ltr' id='par_1_15' title="bbox 515 1589 2103 1662">
     <span class='ocr_line' id='line_1_15' title="bbox 515 1589 2103 1662; baseline 0 -19"><span class='ocrx_word' id='word_1_92' title='bbox 515 1591 657 1661; x_wconf 89' lang='lat' dir='ltr'><strong>quod</strong></span> <span class='ocrx_word' id='word_1_93' title='bbox 686 1590 896 1662; x_wconf 84' lang='lat' dir='ltr'><strong>Moyses</strong></span> <span class='ocrx_word' id='word_1_94' title='bbox 920 1598 974 1644; x_wconf 92' lang='lat' dir='ltr'><strong>et</strong></span> <span class='ocrx_word' id='word_1_95' title='bbox 1001 1589 1178 1644; x_wconf 84' lang='lat' dir='ltr'><strong>Aaron</strong></span> <span class='ocrx_word' id='word_1_96' title='bbox 1205 1589 1389 1644; x_wconf 86' lang='lat' dir='ltr'><strong>rebelli</strong></span> <span class='ocrx_word' id='word_1_97' title='bbox 1420 1599 1478 1645; x_wconf 91' lang='lat' dir='ltr'><strong>et</strong></span> <span class='ocrx_word' id='word_1_98' title='bbox 1507 1590 1608 1644; x_wconf 89' lang='lat' dir='ltr'><strong>sibi</strong></span> <span class='ocrx_word' id='word_1_99' title='bbox 1632 1589 1826 1660; x_wconf 89' lang='lat' dir='ltr'><strong>populo</strong></span> <span class='ocrx_word' id='word_1_100' title='bbox 1849 1590 2103 1645; x_wconf 89' lang='lat' dir='ltr'><strong>resisten-</strong></span> 
     </span>
    </p>
   </div>
   <div class='ocr_carea' id='block_1_16' title="bbox 520 1678 2100 1746">
    <p class='ocr_par' dir='ltr' id='par_1_16' title="bbox 520 1678 2100 1746">
     <span class='ocr_line' id='line_1_16' title="bbox 520 1678 2100 1746; baseline -0.002 -11"><span class='ocrx_word' id='word_1_101' title='bbox 520 1682 560 1735; x_wconf 94' lang='lat' dir='ltr'><strong>ti</strong></span> <span class='ocrx_word' id='word_1_102' title='bbox 589 1681 840 1737; x_wconf 76' lang='lat' dir='ltr'><strong>dixerunt</strong></span> <span class='ocrx_word' id='word_1_103' title='bbox 866 1694 881 1734; x_wconf 89' lang='lat'><strong>:</strong></span> <span class='ocrx_word' id='word_1_104' title='bbox 909 1679 1021 1734; x_wconf 86' lang='lat' dir='ltr'><strong>Nec</strong></span> <span class='ocrx_word' id='word_1_105' title='bbox 1043 1689 1222 1734; x_wconf 87' lang='lat' dir='ltr'><strong>contra</strong></span> <span class='ocrx_word' id='word_1_106' title='bbox 1252 1696 1343 1734; x_wconf 82' lang='lat' dir='ltr'><strong>nos</strong></span> <span class='ocrx_word' id='word_1_107' title='bbox 1368 1691 1442 1734; x_wconf 88' lang='lat' dir='ltr'><strong>est</strong></span> <span class='ocrx_word' id='word_1_108' title='bbox 1471 1697 1712 1734; x_wconf 84' lang='lat' dir='ltr'><strong>murmur</strong></span> <span class='ocrx_word' id='word_1_109' title='bbox 1733 1691 1980 1746; x_wconf 84' lang='lat' dir='ltr'><strong>vestrum,</strong></span> <span class='ocrx_word' id='word_1_110' title='bbox 2011 1678 2100 1733; x_wconf 81' lang='lat' dir='ltr'><strong>sed</strong></span> 
     </span>
    </p>
   </div>
   <div class='ocr_carea' id='block_1_17' title="bbox 515 1773 2099 1846">
    <p class='ocr_par' dir='ltr' id='par_1_17' title="bbox 515 1773 2099 1846">
     <span class='ocr_line' id='line_1_17' title="bbox 515 1773 2099 1846; baseline 0 -18"><span class='ocrx_word' id='word_1_111' title='bbox 515 1786 696 1828; x_wconf 88' lang='lat' dir='ltr'><strong>contra</strong></span> <span class='ocrx_word' id='word_1_112' title='bbox 715 1774 1016 1829; x_wconf 83' lang='lat' dir='ltr'><strong>Dominum.</strong></span> <span class='ocrx_word' id='word_1_113' title='bbox 1048 1773 1161 1829; x_wconf 90' lang='lat' dir='ltr'><strong>Nos</strong></span> <span class='ocrx_word' id='word_1_114' title='bbox 1181 1776 1317 1828; x_wconf 85' lang='lat' dir='ltr'><strong>enim</strong></span> <span class='ocrx_word' id='word_1_115' title='bbox 1335 1775 1462 1845; x_wconf 83' lang='lat' dir='ltr'><strong>quid</strong></span> <span class='ocrx_word' id='word_1_116' title='bbox 1486 1790 1665 1829; x_wconf 83' lang='lat' dir='ltr'><strong>sumus</strong></span> <span class='ocrx_word' id='word_1_117' title='bbox 1681 1775 1708 1829; x_wconf 70' lang='lat'><strong>.9</strong></span> <span class='ocrx_word' id='word_1_118' title='bbox 1733 1773 1930 1846; x_wconf 78' lang='lat' dir='ltr'><strong>(Exod.</strong></span> <span class='ocrx_word' id='word_1_119' title='bbox 1964 1773 2099 1844; x_wconf 77' lang='lat' dir='ltr'><strong>1m.)</strong></span> 
     </span>
    </p>
   </div>
   <div class='ocr_carea' id='block_1_18' title="bbox 525 1865 2098 1934">
    <p class='ocr_par' dir='ltr' id='par_1_18' title="bbox 525 1865 2098 1934">
     <span class='ocr_line' id='line_1_18' title="bbox 525 1865 2098 1934; baseline -0.001 -14"><span class='ocrx_word' id='word_1_120' title='bbox 525 1865 737 1922; x_wconf 84' lang='lat' dir='ltr'><strong>Etlicet</strong></span> <span class='ocrx_word' id='word_1_121' title='bbox 764 1865 1022 1921; x_wconf 83' lang='lat' dir='ltr'><strong>tne-nihil</strong></span> <span class='ocrx_word' id='word_1_122' title='bbox 1042 1879 1163 1921; x_wconf 90' lang='lat' dir='ltr'><strong>esse</strong></span> <span class='ocrx_word' id='word_1_123' title='bbox 1216 1881 1560 1934; x_wconf 72' lang='lat' dir='ltr'><strong>cognoscam,</strong></span> <span class='ocrx_word' id='word_1_124' title='bbox 1611 1865 1725 1920; x_wconf 92' lang='lat' dir='ltr'><strong>scio</strong></span> <span class='ocrx_word' id='word_1_125' title='bbox 1768 1874 1948 1920; x_wconf 91' lang='lat' dir='ltr'><strong>tamen</strong></span> <span class='ocrx_word' id='word_1_126' title='bbox 1973 1865 2098 1934; x_wconf 91' lang='lat' dir='ltr'><strong>quia</strong></span> 
     </span>
    </p>
   </div>
   <div class='ocr_carea' id='block_1_19' title="bbox 2193 672 3800 746">
    <p class='ocr_par' dir='ltr' id='par_1_19' title="bbox 2193 672 3800 746">
     <span class='ocr_line' id='line_1_19' title="bbox 2193 672 3800 746; baseline -0.001 -16"><span class='ocrx_word' id='word_1_127' title='bbox 2193 675 2417 746; x_wconf 87' lang='lat' dir='ltr'><strong>agenda,</strong></span> <span class='ocrx_word' id='word_1_128' title='bbox 2447 691 2565 746; x_wconf 72' lang='lat' dir='ltr'><strong>qua:</strong></span> <span class='ocrx_word' id='word_1_129' title='bbox 2592 675 2746 732; x_wconf 92' lang='lat' dir='ltr'><strong>multi</strong></span> <span class='ocrx_word' id='word_1_130' title='bbox 2769 675 2956 731; x_wconf 91' lang='lat' dir='ltr'><strong>dicunt</strong></span> <span class='ocrx_word' id='word_1_131' title='bbox 2980 690 3010 728; x_wconf 91' lang='lat' dir='ltr'><strong>a</strong></span> <span class='ocrx_word' id='word_1_132' title='bbox 3035 685 3086 730; x_wconf 92' lang='lat' dir='ltr'><strong>te</strong></span> <span class='ocrx_word' id='word_1_133' title='bbox 3113 673 3274 729; x_wconf 91' lang='lat' dir='ltr'><strong>etiam</strong></span> <span class='ocrx_word' id='word_1_134' title='bbox 3302 675 3530 729; x_wconf 87' lang='lat' dir='ltr'><strong>iterata.</strong></span> <span class='ocrx_word' id='word_1_135' title='bbox 3559 672 3637 728; x_wconf 84' lang='lat' dir='ltr'><strong>Et</strong></span> <span class='ocrx_word' id='word_1_136' title='bbox 3666 673 3800 729; x_wconf 88' lang='lat' dir='ltr'><strong>sicut</strong></span> 
     </span>
    </p>
   </div>
   <div class='ocr_carea' id='block_1_20' title="bbox 2196 763 3797 834">
    <p class='ocr_par' dir='ltr' id='par_1_20' title="bbox 2196 763 3797 834">
     <span class='ocr_line' id='line_1_20' title="bbox 2196 763 3797 834; baseline -0.002 -14"><span class='ocrx_word' id='word_1_137' title='bbox 2196 765 2285 820; x_wconf 92' lang='lat' dir='ltr'><strong>illa</strong></span> <span class='ocrx_word' id='word_1_138' title='bbox 2320 781 2428 821; x_wconf 92' lang='lat' dir='ltr'><strong>non</strong></span> <span class='ocrx_word' id='word_1_139' title='bbox 2470 765 2696 822; x_wconf 86' lang='lat' dir='ltr'><strong>servasti</strong></span> <span class='ocrx_word' id='word_1_140' title='bbox 2741 780 2886 826; x_wconf 87' lang='lat' dir='ltr'><strong>vera,</strong></span> <span class='ocrx_word' id='word_1_141' title='bbox 2940 779 3060 834; x_wconf 66' lang='lat' dir='ltr'><strong>quae</strong></span> <span class='ocrx_word' id='word_1_142' title='bbox 3107 764 3264 818; x_wconf 89' lang='lat' dir='ltr'><strong>toties</strong></span> <span class='ocrx_word' id='word_1_143' title='bbox 3302 773 3474 833; x_wconf 90' lang='lat' dir='ltr'><strong>atque</strong></span> <span class='ocrx_word' id='word_1_144' title='bbox 3523 763 3797 834; x_wconf 79' lang='lat' dir='ltr'><strong>tantiSper</strong></span> 
     </span>
    </p>
   </div>
   <div class='ocr_carea' id='block_1_21' title="bbox 2194 855 3794 928">
    <p class='ocr_par' dir='ltr' id='par_1_21' title="bbox 2194 855 3794 928">
     <span class='ocr_line' id='line_1_21' title="bbox 2194 855 3794 928; baseline 0.003 -20"><span class='ocrx_word' id='word_1_145' title='bbox 2194 855 2414 928; x_wconf 80' lang='lat' dir='ltr'><strong>alligare</strong></span> <span class='ocrx_word' id='word_1_146' title='bbox 2433 858 2658 926; x_wconf 88' lang='lat' dir='ltr'><strong>curasti,</strong></span> <span class='ocrx_word' id='word_1_147' title='bbox 2700 858 2790 928; x_wconf 86' lang='lat' dir='ltr'><strong>qui</strong></span> <span class='ocrx_word' id='word_1_148' title='bbox 2828 857 3042 912; x_wconf 90' lang='lat' dir='ltr'><strong>solebas</strong></span> <span class='ocrx_word' id='word_1_149' title='bbox 3077 856 3257 911; x_wconf 90' lang='lat' dir='ltr'><strong>dicere</strong></span> <span class='ocrx_word' id='word_1_150' title='bbox 3279 864 3337 912; x_wconf 92' lang='lat' dir='ltr'><strong>et</strong></span> <span class='ocrx_word' id='word_1_151' title='bbox 3363 857 3645 922; x_wconf 85' lang='lat' dir='ltr'><strong>scribere,</strong></span> <span class='ocrx_word' id='word_1_152' title='bbox 3679 858 3794 926; x_wconf 81' lang='lat' dir='ltr'><strong>quia</strong></span> 
     </span>
    </p>
   </div>
   <div class='ocr_carea' id='block_1_22' title="bbox 2195 947 3793 1018">
    <p class='ocr_par' dir='ltr' id='par_1_22' title="bbox 2195 947 3793 1018">
     <span class='ocr_line' id='line_1_22' title="bbox 2195 947 3793 1018; baseline 0 -16"><span class='ocrx_word' id='word_1_153' title='bbox 2195 947 2356 1003; x_wconf 89' lang='lat' dir='ltr'><strong>verba</strong></span> <span class='ocrx_word' id='word_1_154' title='bbox 2403 949 2702 1004; x_wconf 88' lang='lat' dir='ltr'><strong>sacerdotis</strong></span> <span class='ocrx_word' id='word_1_155' title='bbox 2753 957 2846 1003; x_wconf 85' lang='lat' dir='ltr'><strong>aut</strong></span> <span class='ocrx_word' id='word_1_156' title='bbox 2883 962 3012 1003; x_wconf 84' lang='lat' dir='ltr'><strong>vera</strong></span> <span class='ocrx_word' id='word_1_157' title='bbox 3062 955 3190 1002; x_wconf 89' lang='lat' dir='ltr'><strong>sunt</strong></span> <span class='ocrx_word' id='word_1_158' title='bbox 3227 956 3322 1001; x_wconf 87' lang='lat' dir='ltr'><strong>aut</strong></span> <span class='ocrx_word' id='word_1_159' title='bbox 3372 947 3686 1018; x_wconf 78' lang='lat' dir='ltr'><strong>sacrilega,</strong></span> <span class='ocrx_word' id='word_1_160' title='bbox 3731 950 3793 1002; x_wconf 77' lang='lat' dir='ltr'><strong>ita</strong></span> 
     </span>
    </p>
   </div>
   <div class='ocr_carea' id='block_1_23' title="bbox 2197 1037 3794 1109">
    <p class='ocr_par' dir='ltr' id='par_1_23' title="bbox 2197 1037 3794 1109">
     <span class='ocr_line' id='line_1_23' title="bbox 2197 1037 3794 1109; baseline 0.001 -17"><span class='ocrx_word' id='word_1_161' title='bbox 2197 1047 2322 1093; x_wconf 91' lang='lat' dir='ltr'><strong>sunt</strong></span> <span class='ocrx_word' id='word_1_162' title='bbox 2348 1039 2700 1094; x_wconf 89' lang='lat' dir='ltr'><strong>nihilominus</strong></span> <span class='ocrx_word' id='word_1_163' title='bbox 2726 1037 2862 1094; x_wconf 86' lang='lat' dir='ltr'><strong>falsa</strong></span> <span class='ocrx_word' id='word_1_164' title='bbox 2892 1054 3013 1109; x_wconf 69' lang='lat' dir='ltr'><strong>quae</strong></span> <span class='ocrx_word' id='word_1_165' title='bbox 3054 1037 3250 1092; x_wconf 90' lang='lat' dir='ltr'><strong>diceris</strong></span> <span class='ocrx_word' id='word_1_166' title='bbox 3275 1054 3373 1108; x_wconf 91' lang='lat' dir='ltr'><strong>per</strong></span> <span class='ocrx_word' id='word_1_167' title='bbox 3402 1037 3596 1107; x_wconf 82' lang='lat' dir='ltr'><strong>plures</strong></span> <span class='ocrx_word' id='word_1_168' title='bbox 3631 1038 3794 1094; x_wconf 87' lang='lat' dir='ltr'><strong>disse-</strong></span> 
     </span>
    </p>
   </div>
   <div class='ocr_carea' id='block_1_24' title="bbox 2198 1129 3790 1204">
    <p class='ocr_par' dir='ltr' id='par_1_24' title="bbox 2198 1129 3790 1204">
     <span class='ocr_line' id='line_1_24' title="bbox 2198 1129 3790 1204; baseline -0.002 -17"><span class='ocrx_word' id='word_1_169' title='bbox 2198 1132 2427 1198; x_wconf 90' lang='lat' dir='ltr'><strong>minare,</strong></span> <span class='ocrx_word' id='word_1_170' title='bbox 2457 1133 2664 1189; x_wconf 89' lang='lat' dir='ltr'><strong>scilicet</strong></span> <span class='ocrx_word' id='word_1_171' title='bbox 2690 1133 2816 1204; x_wconf 90' lang='lat' dir='ltr'><strong>quia</strong></span> <span class='ocrx_word' id='word_1_172' title='bbox 2846 1132 2980 1188; x_wconf 86' lang='lat' dir='ltr'><strong>nihil</strong></span> <span class='ocrx_word' id='word_1_173' title='bbox 3019 1129 3165 1188; x_wconf 88' lang='lat' dir='ltr'><strong>aliud</strong></span> <span class='ocrx_word' id='word_1_174' title='bbox 3191 1131 3482 1188; x_wconf 89' lang='lat' dir='ltr'><strong>adversum</strong></span> <span class='ocrx_word' id='word_1_175' title='bbox 3511 1141 3570 1186; x_wconf 91' lang='lat' dir='ltr'><strong>te</strong></span> <span class='ocrx_word' id='word_1_176' title='bbox 3599 1132 3790 1195; x_wconf 83' lang='lat' dir='ltr'><strong>habeo,</strong></span> 
     </span>
    </p>
   </div>
   <div class='ocr_carea' id='block_1_25' title="bbox 2198 1223 3794 1295">
    <p class='ocr_par' dir='ltr' id='par_1_25' title="bbox 2198 1223 3794 1295">
     <span class='ocr_line' id='line_1_25' title="bbox 2198 1223 3794 1295; baseline -0.002 -16"><span class='ocrx_word' id='word_1_177' title='bbox 2198 1225 2300 1279; x_wconf 92' lang='lat' dir='ltr'><strong>nisi</strong></span> <span class='ocrx_word' id='word_1_178' title='bbox 2344 1226 2600 1295; x_wconf 91' lang='lat' dir='ltr'><strong>quoniam</strong></span> <span class='ocrx_word' id='word_1_179' title='bbox 2660 1241 2766 1282; x_wconf 91' lang='lat' dir='ltr'><strong>non</strong></span> <span class='ocrx_word' id='word_1_180' title='bbox 2812 1226 2897 1281; x_wconf 88' lang='lat' dir='ltr'><strong>vis</strong></span> <span class='ocrx_word' id='word_1_181' title='bbox 2955 1226 3261 1282; x_wconf 85' lang='lat' dir='ltr'><strong>consentire</strong></span> <span class='ocrx_word' id='word_1_182' title='bbox 3313 1233 3376 1281; x_wconf 87' lang='lat' dir='ltr'><strong>ut</strong></span> <span class='ocrx_word' id='word_1_183' title='bbox 3447 1223 3618 1280; x_wconf 86' lang='lat' dir='ltr'><strong>sedes</strong></span> <span class='ocrx_word' id='word_1_184' title='bbox 3679 1239 3794 1291; x_wconf 85' lang='lat' dir='ltr'><strong>apo-</strong></span> 
     </span>
    </p>
   </div>
   <div class='ocr_carea' id='block_1_26' title="bbox 2199 1315 3792 1389">
    <p class='ocr_par' dir='ltr' id='par_1_26' title="bbox 2199 1315 3792 1389">
     <span class='ocr_line' id='line_1_26' title="bbox 2199 1315 3792 1389; baseline -0.002 -18"><span class='ocrx_word' id='word_1_185' title='bbox 2199 1316 2386 1372; x_wconf 91' lang='lat' dir='ltr'><strong>stolica</strong></span> <span class='ocrx_word' id='word_1_186' title='bbox 2415 1332 2568 1372; x_wconf 92' lang='lat' dir='ltr'><strong>suam</strong></span> <span class='ocrx_word' id='word_1_187' title='bbox 2612 1324 2938 1389; x_wconf 89' lang='lat' dir='ltr'><strong>potestatem</strong></span> <span class='ocrx_word' id='word_1_188' title='bbox 2989 1333 3094 1373; x_wconf 92' lang='lat' dir='ltr'><strong>non</strong></span> <span class='ocrx_word' id='word_1_189' title='bbox 3139 1317 3356 1372; x_wconf 90' lang='lat' dir='ltr'><strong>habeat.</strong></span> <span class='ocrx_word' id='word_1_190' title='bbox 3399 1315 3450 1371; x_wconf 83' lang='grc' dir='ltr'><strong>Δ</strong></span> <span class='ocrx_word' id='word_1_191' title='bbox 3505 1316 3792 1383; x_wconf 83' lang='lat' dir='ltr'><strong>temetipso</strong></span> 
     </span>
    </p>
   </div>
   <div class='ocr_carea' id='block_1_27' title="bbox 2199 1407 3790 1476">
    <p class='ocr_par' dir='ltr' id='par_1_27' title="bbox 2199 1407 3790 1476">
     <span class='ocr_line' id='line_1_27' title="bbox 2199 1407 3790 1476; baseline -0.004 -13"><span class='ocrx_word' id='word_1_192' title='bbox 2199 1410 2342 1465; x_wconf 89' lang='lat' dir='ltr'><strong>enim</strong></span> <span class='ocrx_word' id='word_1_193' title='bbox 2367 1411 2480 1465; x_wconf 73' lang='lat' dir='ltr'><strong>haec</strong></span> <span class='ocrx_word' id='word_1_194' title='bbox 2503 1409 2659 1476; x_wconf 90' lang='lat' dir='ltr'><strong>dicis,</strong></span> <span class='ocrx_word' id='word_1_195' title='bbox 2690 1418 2748 1465; x_wconf 91' lang='lat' dir='ltr'><strong>et</strong></span> <span class='ocrx_word' id='word_1_196' title='bbox 2779 1424 2885 1465; x_wconf 91' lang='lat' dir='ltr'><strong>non</strong></span> <span class='ocrx_word' id='word_1_197' title='bbox 2913 1408 3004 1463; x_wconf 88' lang='lat' dir='ltr'><strong>alii</strong></span> <span class='ocrx_word' id='word_1_198' title='bbox 3042 1409 3139 1464; x_wconf 89' lang='lat' dir='ltr'><strong>tibi</strong></span> <span class='ocrx_word' id='word_1_199' title='bbox 3173 1408 3432 1464; x_wconf 78' lang='lat' dir='ltr'><strong>dixerunt</strong></span> <span class='ocrx_word' id='word_1_200' title='bbox 3456 1407 3528 1462; x_wconf 86' lang='lat' dir='ltr'><strong>de</strong></span> <span class='ocrx_word' id='word_1_201' title='bbox 3563 1422 3678 1462; x_wconf 89' lang='lat' dir='ltr'><strong>me.</strong></span> <span class='ocrx_word' id='word_1_202' title='bbox 3703 1419 3790 1459; x_wconf 83' lang='lat' dir='ltr'><strong>nec</strong></span> 
     </span>
    </p>
   </div>
   <div class='ocr_carea' id='block_1_28' title="bbox 2201 1495 3788 1566">
    <p class='ocr_par' dir='ltr' id='par_1_28' title="bbox 2201 1495 3788 1566">
     <span class='ocr_line' id='line_1_28' title="bbox 2201 1495 3788 1566; baseline -0.003 -12"><span class='ocrx_word' id='word_1_203' title='bbox 2201 1499 2492 1555; x_wconf 76' lang='lat' dir='ltr'><strong>didicisti‘a</strong></span> <span class='ocrx_word' id='word_1_204' title='bbox 2522 1516 2629 1566; x_wconf 90' lang='lat' dir='ltr'><strong>me,</strong></span> <span class='ocrx_word' id='word_1_205' title='bbox 2658 1516 2762 1557; x_wconf 91' lang='lat' dir='ltr'><strong>nec</strong></span> <span class='ocrx_word' id='word_1_206' title='bbox 2808 1500 2973 1555; x_wconf 89' lang='lat' dir='ltr'><strong>etiam</strong></span> <span class='ocrx_word' id='word_1_207' title='bbox 2996 1499 3178 1555; x_wconf 85' lang='lat' dir='ltr'><strong>vidisti</strong></span> <span class='ocrx_word' id='word_1_208' title='bbox 3221 1499 3276 1554; x_wconf 92' lang='lat' dir='ltr'><strong>in</strong></span> <span class='ocrx_word' id='word_1_209' title='bbox 3307 1513 3416 1564; x_wconf 87' lang='lat' dir='ltr'><strong>me,</strong></span> <span class='ocrx_word' id='word_1_210' title='bbox 3465 1496 3550 1552; x_wconf 80' lang='lat' dir='ltr'><strong>vel</strong></span> <span class='ocrx_word' id='word_1_211' title='bbox 3598 1495 3788 1551; x_wconf 67' lang='lat' dir='ltr'><strong>audisti</strong></span> 
     </span>
    </p>
   </div>
   <div class='ocr_carea' id='block_1_29' title="bbox 2201 1589 3790 1648">
    <p class='ocr_par' dir='ltr' id='par_1_29' title="bbox 2201 1589 3790 1648">
     <span class='ocr_line' id='line_1_29' title="bbox 2201 1589 3790 1648; baseline -0.003 -3"><span class='ocrx_word' id='word_1_212' title='bbox 2201 1605 2264 1645; x_wconf 76' lang='lat' dir='ltr'><strong>ex</strong></span> <span class='ocrx_word' id='word_1_213' title='bbox 2297 1605 2385 1646; x_wconf 88' lang='lat' dir='ltr'><strong>me</strong></span> <span class='ocrx_word' id='word_1_214' title='bbox 2407 1607 2419 1644; x_wconf 92' lang='lat'>:</span> <span class='ocrx_word' id='word_1_215' title='bbox 2443 1591 2536 1648; x_wconf 89' lang='lat' dir='ltr'><strong>sed</strong></span> <span class='ocrx_word' id='word_1_216' title='bbox 2559 1600 2615 1646; x_wconf 93' lang='lat' dir='ltr'><strong>tu</strong></span> <span class='ocrx_word' id='word_1_217' title='bbox 2636 1590 2924 1646; x_wconf 80' lang='lat' dir='ltr'><strong>auxiliator</strong></span> <span class='ocrx_word' id='word_1_218' title='bbox 2947 1589 3371 1646; x_wconf 87' lang='lat' dir='ltr'><strong>bumanusillam</strong></span> <span class='ocrx_word' id='word_1_219' title='bbox 3405 1602 3689 1643; x_wconf 82' lang='lat' dir='ltr'><strong>summam</strong></span> <span class='ocrx_word' id='word_1_220' title='bbox 3713 1601 3790 1640; x_wconf 87' lang='lat' dir='ltr'><strong>se-</strong></span> 
     </span>
    </p>
   </div>
   <div class='ocr_carea' id='block_1_30' title="bbox 2202 1676 3786 1751">
    <p class='ocr_par' dir='ltr' id='par_1_30' title="bbox 2202 1676 3786 1751">
     <span class='ocr_line' id='line_1_30' title="bbox 2202 1676 3786 1751; baseline -0.005 -15"><span class='ocrx_word' id='word_1_221' title='bbox 2202 1682 2322 1736; x_wconf 89' lang='lat' dir='ltr'><strong>dem</strong></span> <span class='ocrx_word' id='word_1_222' title='bbox 2351 1696 2455 1736; x_wconf 92' lang='lat' dir='ltr'><strong>non</strong></span> <span class='ocrx_word' id='word_1_223' title='bbox 2485 1683 2685 1751; x_wconf 90' lang='lat' dir='ltr'><strong>petitus</strong></span> <span class='ocrx_word' id='word_1_224' title='bbox 2712 1681 2837 1737; x_wconf 89' lang='lat' dir='ltr'><strong>inde</strong></span> <span class='ocrx_word' id='word_1_225' title='bbox 2871 1680 3096 1751; x_wconf 86' lang='lat' dir='ltr'><strong>adjuvas</strong></span> <span class='ocrx_word' id='word_1_226' title='bbox 3154 1683 3295 1736; x_wconf 89' lang='lat' dir='ltr'><strong>unde</strong></span> <span class='ocrx_word' id='word_1_227' title='bbox 3317 1695 3352 1734; x_wconf 85' lang='lat' dir='ltr'><strong>a</strong></span> <span class='ocrx_word' id='word_1_228' title='bbox 3378 1690 3434 1735; x_wconf 91' lang='lat' dir='ltr'><strong>te</strong></span> <span class='ocrx_word' id='word_1_229' title='bbox 3458 1695 3520 1734; x_wconf 88' lang='lat' dir='ltr'><strong>se</strong></span> <span class='ocrx_word' id='word_1_230' title='bbox 3547 1676 3786 1747; x_wconf 77' lang='lat' dir='ltr'><strong>adjuvari</strong></span> 
     </span>
    </p>
   </div>
   <div class='ocr_carea' id='block_1_31' title="bbox 2203 1769 3786 1843">
    <p class='ocr_par' dir='ltr' id='par_1_31' title="bbox 2203 1769 3786 1843">
     <span class='ocr_line' id='line_1_31' title="bbox 2203 1769 3786 1843; baseline -0.003 -17"><span class='ocrx_word' id='word_1_231' title='bbox 2203 1787 2307 1826; x_wconf 93' lang='lat' dir='ltr'><strong>non</strong></span> <span class='ocrx_word' id='word_1_232' title='bbox 2323 1770 2630 1828; x_wconf 77' lang='lat' dir='ltr'><strong>sentitJam</strong></span> <span class='ocrx_word' id='word_1_233' title='bbox 2648 1787 2744 1843; x_wconf 87' lang='lat' dir='ltr'><strong>per</strong></span> <span class='ocrx_word' id='word_1_234' title='bbox 2757 1787 3022 1828; x_wconf 92' lang='lat' dir='ltr'><strong>annorum</strong></span> <span class='ocrx_word' id='word_1_235' title='bbox 3038 1770 3204 1826; x_wconf 86' lang='lat' dir='ltr'><strong>millia</strong></span> <span class='ocrx_word' id='word_1_236' title='bbox 3218 1769 3381 1826; x_wconf 88' lang='lat' dir='ltr'><strong>etiam</strong></span> <span class='ocrx_word' id='word_1_237' title='bbox 3401 1770 3459 1824; x_wconf 91' lang='lat' dir='ltr'><strong>in</strong></span> <span class='ocrx_word' id='word_1_238' title='bbox 3473 1769 3786 1840; x_wconf 84' lang='lat' dir='ltr'><strong>paganismo</strong></span> 
     </span>
    </p>
   </div>
   <div class='ocr_carea' id='block_1_32' title="bbox 2203 1859 3781 1933">
    <p class='ocr_par' dir='ltr' id='par_1_32' title="bbox 2203 1859 3781 1933">
     <span class='ocr_line' id='line_1_32' title="bbox 2203 1859 3781 1933; baseline -0.004 -15"><span class='ocrx_word' id='word_1_239' title='bbox 2203 1863 2351 1918; x_wconf 90' lang='lat' dir='ltr'><strong>orbis</strong></span> <span class='ocrx_word' id='word_1_240' title='bbox 2385 1872 2543 1933; x_wconf 90' lang='lat' dir='ltr'><strong>caput</strong></span> <span class='ocrx_word' id='word_1_241' title='bbox 2573 1863 2832 1929; x_wconf 79' lang='lat' dir='ltr'><strong>existens,</strong></span> <span class='ocrx_word' id='word_1_242' title='bbox 2860 1877 2961 1918; x_wconf 91' lang='lat' dir='ltr'><strong>nec</strong></span> <span class='ocrx_word' id='word_1_243' title='bbox 2987 1877 3055 1918; x_wconf 76' lang='lat' dir='ltr'><strong>ex</strong></span> <span class='ocrx_word' id='word_1_244' title='bbox 3096 1877 3204 1932; x_wconf 89' lang='lat' dir='ltr'><strong>quo</strong></span> <span class='ocrx_word' id='word_1_245' title='bbox 3236 1861 3462 1917; x_wconf 88' lang='lat' dir='ltr'><strong>Petrum</strong></span> <span class='ocrx_word' id='word_1_246' title='bbox 3507 1859 3781 1928; x_wconf 86' lang='lat' dir='ltr'><strong>apostolo-</strong></span> 
     </span>
    </p>
   </div>
   <div class='ocr_carea' id='block_1_33' title="bbox 516 1950 3782 2028">
    <p class='ocr_par' dir='ltr' id='par_1_33' title="bbox 516 1950 3782 2028">
     <span class='ocr_line' id='line_1_33' title="bbox 516 1950 3782 2028; baseline -0.004 -13"><span class='ocrx_word' id='word_1_247' title='bbox 516 1960 778 2016; x_wconf 89' lang='lat' dir='ltr'><strong>servanda</strong></span> <span class='ocrx_word' id='word_1_248' title='bbox 822 1970 906 2015; x_wconf 87' lang='lat' dir='ltr'><strong>est</strong></span> <span class='ocrx_word' id='word_1_249' title='bbox 951 1959 1083 2014; x_wconf 88' lang='lat' dir='ltr'><strong>mihi</strong></span> <span class='ocrx_word' id='word_1_250' title='bbox 1132 1959 1184 2014; x_wconf 93' lang='lat' dir='ltr'><strong>in</strong></span> <span class='ocrx_word' id='word_1_251' title='bbox 1225 1959 1388 2014; x_wconf 92' lang='lat' dir='ltr'><strong>corde</strong></span> <span class='ocrx_word' id='word_1_252' title='bbox 1436 1958 1732 2024; x_wconf 87' lang='lat' dir='ltr'><strong>humilitas,</strong></span> <span class='ocrx_word' id='word_1_253' title='bbox 1784 1967 1840 2013; x_wconf 91' lang='lat' dir='ltr'><strong>et</strong></span> <span class='ocrx_word' id='word_1_254' title='bbox 1881 1957 2098 2028; x_wconf 91' lang='lat' dir='ltr'><strong>quando</strong></span> <span class='ocrx_word' id='word_1_255' title='bbox 2129 1950 2173 2010; x_wconf 86' lang='grc' dir='ltr'><strong>Β</strong></span> <span class='ocrx_word' id='word_1_256' title='bbox 2203 1972 2318 2012; x_wconf 92' lang='lat' dir='ltr'><strong>rum</strong></span> <span class='ocrx_word' id='word_1_257' title='bbox 2345 1956 2605 2027; x_wconf 89' lang='lat' dir='ltr'><strong>Cepham,</strong></span> <span class='ocrx_word' id='word_1_258' title='bbox 2632 1957 2759 2026; x_wconf 92' lang='lat' dir='ltr'><strong>quin</strong></span> <span class='ocrx_word' id='word_1_259' title='bbox 2781 1963 2942 2025; x_wconf 90' lang='lat' dir='ltr'><strong>caput</strong></span> <span class='ocrx_word' id='word_1_260' title='bbox 2965 1963 3019 2011; x_wconf 92' lang='lat' dir='ltr'><strong>et</strong></span> <span class='ocrx_word' id='word_1_261' title='bbox 3049 1955 3370 2027; x_wconf 90' lang='lat' dir='ltr'><strong>principem,</strong></span> <span class='ocrx_word' id='word_1_262' title='bbox 3396 1953 3488 2008; x_wconf 91' lang='lat' dir='ltr'><strong>cui</strong></span> <span class='ocrx_word' id='word_1_263' title='bbox 3529 1951 3782 2005; x_wconf 75' lang='lat' dir='ltr'><strong>Dominus</strong></span> 
     </span>
    </p>
   </div>
   <div class='ocr_carea' id='block_1_34' title="bbox 514 2052 2099 2126">
    <p class='ocr_par' dir='ltr' id='par_1_34' title="bbox 514 2052 2099 2126">
     <span class='ocr_line' id='line_1_34' title="bbox 514 2052 2099 2126; baseline -0.004 -16"><span class='ocrx_word' id='word_1_264' title='bbox 514 2070 674 2110; x_wconf 89' lang='lat' dir='ltr'><strong>causa</strong></span> <span class='ocrx_word' id='word_1_265' title='bbox 705 2055 890 2126; x_wconf 84' lang='lat' dir='ltr'><strong>exigit,</strong></span> <span class='ocrx_word' id='word_1_266' title='bbox 947 2053 999 2108; x_wconf 94' lang='lat' dir='ltr'><strong>in</strong></span> <span class='ocrx_word' id='word_1_267' title='bbox 1042 2053 1301 2124; x_wconf 89' lang='lat' dir='ltr'><strong>regimine</strong></span> <span class='ocrx_word' id='word_1_268' title='bbox 1347 2052 1643 2121; x_wconf 69' lang='lat' dir='ltr'><strong>disciplina:</strong></span> <span class='ocrx_word' id='word_1_269' title='bbox 1691 2052 1967 2108; x_wconf 90' lang='lat' dir='ltr'><strong>miscenda</strong></span> <span class='ocrx_word' id='word_1_270' title='bbox 2014 2059 2099 2106; x_wconf 92' lang='lat' dir='ltr'><strong>est</strong></span> 
     </span>
    </p>
   </div>
   <div class='ocr_carea' id='block_1_35' title="bbox 515 2142 2099 2213">
    <p class='ocr_par' dir='ltr' id='par_1_35' title="bbox 515 2142 2099 2213">
     <span class='ocr_line' id='line_1_35' title="bbox 515 2142 2099 2213; baseline -0.002 -15"><span class='ocrx_word' id='word_1_271' title='bbox 515 2143 708 2200; x_wconf 86' lang='lat' dir='ltr'><strong>lenitas</strong></span> <span class='ocrx_word' id='word_1_272' title='bbox 731 2161 852 2198; x_wconf 89' lang='lat' dir='ltr'><strong>cum</strong></span> <span class='ocrx_word' id='word_1_273' title='bbox 875 2144 1176 2200; x_wconf 89' lang='lat' dir='ltr'><strong>severitate.</strong></span> <span class='ocrx_word' id='word_1_274' title='bbox 1207 2142 1534 2198; x_wconf 86' lang='lat' dir='ltr'><strong>Faciendum</strong></span> <span class='ocrx_word' id='word_1_275' title='bbox 1561 2142 1828 2213; x_wconf 86' lang='lat' dir='ltr'><strong>quoddam</strong></span> <span class='ocrx_word' id='word_1_276' title='bbox 1853 2158 1917 2196; x_wconf 75' lang='lat' dir='ltr'><strong>ex</strong></span> <span class='ocrx_word' id='word_1_277' title='bbox 1950 2149 2099 2195; x_wconf 84' lang='lat' dir='ltr'><strong>utro-</strong></span> 
     </span>
    </p>
   </div>
   <div class='ocr_carea' id='block_1_36' title="bbox 513 2234 2097 2307">
    <p class='ocr_par' dir='ltr' id='par_1_36' title="bbox 513 2234 2097 2307">
     <span class='ocr_line' id='line_1_36' title="bbox 513 2234 2097 2307; baseline -0.002 -18"><span class='ocrx_word' id='word_1_278' title='bbox 513 2251 618 2307; x_wconf 86' lang='lat' dir='ltr'><strong>que</strong></span> <span class='ocrx_word' id='word_1_279' title='bbox 682 2245 1185 2307; x_wconf 86' lang='lat' dir='ltr'><strong>temperamentum,</strong></span> <span class='ocrx_word' id='word_1_280' title='bbox 1235 2244 1293 2289; x_wconf 91' lang='lat' dir='ltr'><strong>ut</strong></span> <span class='ocrx_word' id='word_1_281' title='bbox 1348 2249 1524 2305; x_wconf 90' lang='lat' dir='ltr'><strong>neque</strong></span> <span class='ocrx_word' id='word_1_282' title='bbox 1587 2234 1750 2289; x_wconf 89' lang='lat' dir='ltr'><strong>multa</strong></span> <span class='ocrx_word' id='word_1_283' title='bbox 1805 2234 2097 2304; x_wconf 87' lang='lat' dir='ltr'><strong>asperitate</strong></span> 
     </span>
    </p>
   </div>
   <div class='ocr_carea' id='block_1_37' title="bbox 517 2324 2095 2397">
    <p class='ocr_par' dir='ltr' id='par_1_37' title="bbox 517 2324 2095 2397">
     <span class='ocr_line' id='line_1_37' title="bbox 517 2324 2095 2397; baseline -0.004 -13"><span class='ocrx_word' id='word_1_284' title='bbox 517 2328 896 2384; x_wconf 81' lang='lat' dir='ltr'><strong>exulcerentur</strong></span> <span class='ocrx_word' id='word_1_285' title='bbox 919 2327 1140 2392; x_wconf 86' lang='lat' dir='ltr'><strong>subditi,</strong></span> <span class='ocrx_word' id='word_1_286' title='bbox 1192 2342 1366 2397; x_wconf 86' lang='lat' dir='ltr'><strong>neque</strong></span> <span class='ocrx_word' id='word_1_287' title='bbox 1395 2326 1560 2381; x_wconf 85' lang='lat' dir='ltr'><strong>nimia</strong></span> <span class='ocrx_word' id='word_1_288' title='bbox 1606 2326 1940 2396; x_wconf 83' lang='lat' dir='ltr'><strong>benignitate</strong></span> <span class='ocrx_word' id='word_1_289' title='bbox 1985 2324 2095 2379; x_wconf 86' lang='lat' dir='ltr'><strong>sol-</strong></span> 
     </span>
    </p>
   </div>
   <div class='ocr_carea' id='block_1_38' title="bbox 518 2414 2093 2490">
    <p class='ocr_par' dir='ltr' id='par_1_38' title="bbox 518 2414 2093 2490">
     <span class='ocr_line' id='line_1_38' title="bbox 518 2414 2093 2490; baseline -0.002 -19"><span class='ocrx_word' id='word_1_290' title='bbox 518 2428 714 2474; x_wconf 79' lang='lat' dir='ltr'><strong>vantur</strong></span> <span class='ocrx_word' id='word_1_291' title='bbox 729 2417 850 2488; x_wconf 84' lang='lat' dir='ltr'><strong>jura</strong></span> <span class='ocrx_word' id='word_1_292' title='bbox 873 2417 1168 2490; x_wconf 85' lang='lat' dir='ltr'><strong>regiminis.</strong></span> <span class='ocrx_word' id='word_1_293' title='bbox 1187 2416 1339 2484; x_wconf 85' lang='lat' dir='ltr'><strong>Quod</strong></span> <span class='ocrx_word' id='word_1_294' title='bbox 1357 2414 1511 2484; x_wconf 80' lang='lat' dir='ltr'><strong>juxta</strong></span> <span class='ocrx_word' id='word_1_295' title='bbox 1533 2416 1682 2470; x_wconf 86' lang='lat' dir='ltr'><strong>Pauli</strong></span> <span class='ocrx_word' id='word_1_296' title='bbox 1697 2432 1881 2472; x_wconf 87' lang='lat' dir='ltr'><strong>vocem</strong></span> <span class='ocrx_word' id='word_1_297' title='bbox 1907 2415 2093 2487; x_wconf 82' lang='lat' dir='ltr'><strong>(Hebr.</strong></span> 
     </span>
    </p>
   </div>
   <div class='ocr_carea' id='block_1_39' title="bbox 515 2508 2095 2581">
    <p class='ocr_par' dir='ltr' id='par_1_39' title="bbox 515 2508 2095 2581">
     <span class='ocr_line' id='line_1_39' title="bbox 515 2508 2095 2581; baseline -0.003 -16"><span class='ocrx_word' id='word_1_298' title='bbox 515 2509 613 2581; x_wconf 76' lang='lat' dir='ltr'><strong>lx),</strong></span> <span class='ocrx_word' id='word_1_299' title='bbox 651 2511 787 2565; x_wconf 88' lang='lat' dir='ltr'><strong>bene</strong></span> <span class='ocrx_word' id='word_1_300' title='bbox 816 2509 904 2564; x_wconf 90' lang='lat' dir='ltr'><strong>illa</strong></span> <span class='ocrx_word' id='word_1_301' title='bbox 941 2508 1270 2563; x_wconf 87' lang='lat' dir='ltr'><strong>tabernaculi</strong></span> <span class='ocrx_word' id='word_1_302' title='bbox 1296 2523 1421 2563; x_wconf 91' lang='lat' dir='ltr'><strong>arca</strong></span> <span class='ocrx_word' id='word_1_303' title='bbox 1444 2508 1741 2580; x_wconf 83' lang='lat' dir='ltr'><strong>signiﬁcat,</strong></span> <span class='ocrx_word' id='word_1_304' title='bbox 1771 2509 1824 2562; x_wconf 91' lang='lat' dir='ltr'><strong>in</strong></span> <span class='ocrx_word' id='word_1_305' title='bbox 1847 2523 1953 2578; x_wconf 91' lang='lat' dir='ltr'><strong>qua</strong></span> <span class='ocrx_word' id='word_1_306' title='bbox 1974 2523 2095 2562; x_wconf 90' lang='lat' dir='ltr'><strong>cum</strong></span> 
     </span>
    </p>
   </div>
   <div class='ocr_carea' id='block_1_40' title="bbox 513 2599 2095 2672">
    <p class='ocr_par' dir='ltr' id='par_1_40' title="bbox 513 2599 2095 2672">
     <span class='ocr_line' id='line_1_40' title="bbox 513 2599 2095 2672; baseline -0.001 -16"><span class='ocrx_word' id='word_1_307' title='bbox 513 2601 709 2657; x_wconf 89' lang='lat' dir='ltr'><strong>tabulis</strong></span> <span class='ocrx_word' id='word_1_308' title='bbox 731 2602 881 2672; x_wconf 90' lang='lat' dir='ltr'><strong>virga</strong></span> <span class='ocrx_word' id='word_1_309' title='bbox 911 2599 1071 2655; x_wconf 89' lang='lat' dir='ltr'><strong>simul</strong></span> <span class='ocrx_word' id='word_1_310' title='bbox 1098 2607 1154 2654; x_wconf 91' lang='lat' dir='ltr'><strong>et</strong></span> <span class='ocrx_word' id='word_1_311' title='bbox 1197 2614 1392 2654; x_wconf 85' lang='lat' dir='ltr'><strong>manna</strong></span> <span class='ocrx_word' id='word_1_312' title='bbox 1443 2609 1561 2654; x_wconf 89' lang='lat' dir='ltr'><strong>est:</strong></span> <span class='ocrx_word' id='word_1_313' title='bbox 1599 2601 1725 2670; x_wconf 93' lang='lat' dir='ltr'><strong>quia</strong></span> <span class='ocrx_word' id='word_1_314' title='bbox 1775 2615 1897 2655; x_wconf 93' lang='lat' dir='ltr'><strong>cum</strong></span> <span class='ocrx_word' id='word_1_315' title='bbox 1927 2614 2095 2655; x_wconf 72' lang='lat' dir='ltr'><strong>sacra:</strong></span> 
     </span>
    </p>
   </div>
   <div class='ocr_carea' id='block_1_41' title="bbox 514 2690 2096 2764">
    <p class='ocr_par' dir='ltr' id='par_1_41' title="bbox 514 2690 2096 2764">
     <span class='ocr_line' id='line_1_41' title="bbox 514 2690 2096 2764; baseline -0.004 -14"><span class='ocrx_word' id='word_1_316' title='bbox 514 2692 812 2764; x_wconf 69' lang='lat' dir='ltr'><strong>Scriptura:</strong></span> <span class='ocrx_word' id='word_1_317' title='bbox 841 2693 1064 2749; x_wconf 89' lang='lat' dir='ltr'><strong>scientia</strong></span> <span class='ocrx_word' id='word_1_318' title='bbox 1093 2693 1147 2746; x_wconf 93' lang='lat' dir='ltr'><strong>in</strong></span> <span class='ocrx_word' id='word_1_319' title='bbox 1171 2693 1399 2748; x_wconf 86' lang='lat' dir='ltr'><strong>rectoris</strong></span> <span class='ocrx_word' id='word_1_320' title='bbox 1436 2701 1657 2762; x_wconf 87' lang='lat' dir='ltr'><strong>pectore</strong></span> <span class='ocrx_word' id='word_1_321' title='bbox 1688 2691 1766 2746; x_wconf 92' lang='lat' dir='ltr'><strong>sic</strong></span> <span class='ocrx_word' id='word_1_322' title='bbox 1788 2707 1910 2747; x_wconf 91' lang='lat' dir='ltr'><strong>esse</strong></span> <span class='ocrx_word' id='word_1_323' title='bbox 1936 2690 2096 2745; x_wconf 82' lang='lat' dir='ltr'><strong>debet</strong></span> 
     </span>
    </p>
   </div>
   <div class='ocr_carea' id='block_1_42' title="bbox 512 2782 2091 2854">
    <p class='ocr_par' dir='ltr' id='par_1_42' title="bbox 512 2782 2091 2854">
     <span class='ocr_line' id='line_1_42' title="bbox 512 2782 2091 2854; baseline -0.002 -16"><span class='ocrx_word' id='word_1_324' title='bbox 512 2785 664 2854; x_wconf 87' lang='lat' dir='ltr'><strong>virga</strong></span> <span class='ocrx_word' id='word_1_325' title='bbox 711 2784 1082 2848; x_wconf 87' lang='lat' dir='ltr'><strong>districtionis,</strong></span> <span class='ocrx_word' id='word_1_326' title='bbox 1133 2793 1194 2837; x_wconf 89' lang='lat' dir='ltr'><strong>ut</strong></span> <span class='ocrx_word' id='word_1_327' title='bbox 1215 2783 1286 2838; x_wconf 89' lang='lat' dir='ltr'><strong>sit</strong></span> <span class='ocrx_word' id='word_1_328' title='bbox 1310 2783 1474 2838; x_wconf 91' lang='lat' dir='ltr'><strong>etiam</strong></span> <span class='ocrx_word' id='word_1_329' title='bbox 1519 2797 1718 2837; x_wconf 87' lang='lat' dir='ltr'><strong>manna</strong></span> <span class='ocrx_word' id='word_1_330' title='bbox 1751 2782 2091 2837; x_wconf 89' lang='lat' dir='ltr'><strong>dulcedinis:</strong></span> 
     </span>
    </p>
   </div>
   <div class='ocr_carea' id='block_1_43' title="bbox 513 2871 2097 2938">
    <p class='ocr_par' dir='ltr' id='par_1_43' title="bbox 513 2871 2097 2938">
     <span class='ocr_line' id='line_1_43' title="bbox 513 2871 2097 2938; baseline 0.001 -11"><span class='ocrx_word' id='word_1_331' title='bbox 513 2881 569 2927; x_wconf 91' lang='lat' dir='ltr'><strong>et</strong></span> <span class='ocrx_word' id='word_1_332' title='bbox 595 2889 808 2928; x_wconf 90' lang='lat' dir='ltr'><strong>rursum</strong></span> <span class='ocrx_word' id='word_1_333' title='bbox 837 2887 942 2926; x_wconf 93' lang='lat' dir='ltr'><strong>non</strong></span> <span class='ocrx_word' id='word_1_334' title='bbox 970 2874 1040 2927; x_wconf 90' lang='lat' dir='ltr'><strong>sit</strong></span> <span class='ocrx_word' id='word_1_335' title='bbox 1069 2880 1218 2926; x_wconf 88' lang='lat' dir='ltr'><strong>tanta</strong></span> <span class='ocrx_word' id='word_1_336' title='bbox 1242 2871 1485 2938; x_wconf 90' lang='lat' dir='ltr'><strong>dulcedo,</strong></span> <span class='ocrx_word' id='word_1_337' title='bbox 1515 2888 1584 2927; x_wconf 87' lang='lat' dir='ltr'><strong>ne</strong></span> <span class='ocrx_word' id='word_1_338' title='bbox 1616 2873 1718 2927; x_wconf 90' lang='lat' dir='ltr'><strong>hac</strong></span> <span class='ocrx_word' id='word_1_339' title='bbox 1748 2872 2097 2928; x_wconf 85' lang='lat' dir='ltr'><strong>dissolutione</strong></span> 
     </span>
    </p>
   </div>
   <div class='ocr_carea' id='block_1_44' title="bbox 516 2961 2098 3036">
    <p class='ocr_par' dir='ltr' id='par_1_44' title="bbox 516 2961 2098 3036">
     <span class='ocr_line' id='line_1_44' title="bbox 516 2961 2098 3036; baseline 0.003 -19"><span class='ocrx_word' id='word_1_340' title='bbox 516 2962 597 3017; x_wconf 87' lang='lat' dir='ltr'><strong>sui</strong></span> <span class='ocrx_word' id='word_1_341' title='bbox 625 2961 726 3018; x_wconf 93' lang='lat' dir='ltr'><strong>loci</strong></span> <span class='ocrx_word' id='word_1_342' title='bbox 757 2962 953 3017; x_wconf 91' lang='lat' dir='ltr'><strong>oblitus</strong></span> <span class='ocrx_word' id='word_1_343' title='bbox 982 2963 1103 3033; x_wconf 91' lang='lat' dir='ltr'><strong>quis</strong></span> <span class='ocrx_word' id='word_1_344' title='bbox 1130 2971 1334 3032; x_wconf 86' lang='lat' dir='ltr'><strong>pereat.</strong></span> <span class='ocrx_word' id='word_1_345' title='bbox 1367 2961 1500 3017; x_wconf 84' lang='lat' dir='ltr'><strong>Nam</strong></span> <span class='ocrx_word' id='word_1_346' title='bbox 1547 2962 1682 3018; x_wconf 88' lang='lat' dir='ltr'><strong>falsa</strong></span> <span class='ocrx_word' id='word_1_347' title='bbox 1712 2965 1911 3036; x_wconf 87' lang='lat' dir='ltr'><strong>pietate</strong></span> <span class='ocrx_word' id='word_1_348' title='bbox 1939 2981 2098 3035; x_wconf 91' lang='lat' dir='ltr'><strong>supe-</strong></span> 
     </span>
    </p>
   </div>
   <div class='ocr_carea' id='block_1_45' title="bbox 516 3051 2097 3124">
    <p class='ocr_par' dir='ltr' id='par_1_45' title="bbox 516 3051 2097 3124">
     <span class='ocr_line' id='line_1_45' title="bbox 516 3051 2097 3124; baseline 0.002 -17"><span class='ocrx_word' id='word_1_349' title='bbox 516 3061 686 3116; x_wconf 91' lang='lat' dir='ltr'><strong>ratus,</strong></span> <span class='ocrx_word' id='word_1_350' title='bbox 717 3051 842 3122; x_wconf 91' lang='lat' dir='ltr'><strong>quia</strong></span> <span class='ocrx_word' id='word_1_351' title='bbox 865 3051 1024 3106; x_wconf 91' lang='lat' dir='ltr'><strong>ferire</strong></span> <span class='ocrx_word' id='word_1_352' title='bbox 1043 3051 1162 3106; x_wconf 75' lang='lat' dir='ltr'><strong>Heli</strong></span> <span class='ocrx_word' id='word_1_353' title='bbox 1185 3052 1555 3122; x_wconf 83' lang='lat' dir='ltr'><strong>delinquentes</strong></span> <span class='ocrx_word' id='word_1_354' title='bbox 1579 3051 1717 3109; x_wconf 86' lang='lat' dir='ltr'><strong>ﬁlios</strong></span> <span class='ocrx_word' id='word_1_355' title='bbox 1739 3055 1929 3119; x_wconf 91' lang='lat' dir='ltr'><strong>noluit,</strong></span> <span class='ocrx_word' id='word_1_356' title='bbox 1956 3055 2097 3124; x_wconf 88' lang='lat' dir='ltr'><strong>apud</strong></span> 
     </span>
    </p>
   </div>
   <div class='ocr_carea' id='block_1_46' title="bbox 515 3143 2096 3216">
    <p class='ocr_par' dir='ltr' id='par_1_46' title="bbox 515 3143 2096 3216">
     <span class='ocr_line' id='line_1_46' title="bbox 515 3143 2096 3216; baseline 0.003 -18"><span class='ocrx_word' id='word_1_357' title='bbox 515 3144 818 3199; x_wconf 89' lang='lat' dir='ltr'><strong>districtum</strong></span> <span class='ocrx_word' id='word_1_358' title='bbox 829 3143 1062 3214; x_wconf 90' lang='lat' dir='ltr'><strong>judicem</strong></span> <span class='ocrx_word' id='word_1_359' title='bbox 1079 3145 1426 3216; x_wconf 88' lang='lat' dir='ltr'><strong>semetipsum</strong></span> <span class='ocrx_word' id='word_1_360' title='bbox 1441 3161 1564 3202; x_wconf 91' lang='lat' dir='ltr'><strong>cum</strong></span> <span class='ocrx_word' id='word_1_361' title='bbox 1588 3145 1712 3202; x_wconf 87' lang='lat' dir='ltr'><strong>ﬁliis</strong></span> <span class='ocrx_word' id='word_1_362' title='bbox 1725 3147 1927 3203; x_wconf 88' lang='lat' dir='ltr'><strong>crudeli</strong></span> <span class='ocrx_word' id='word_1_363' title='bbox 1947 3149 2096 3203; x_wconf 88' lang='lat' dir='ltr'><strong>dam-</strong></span> 
     </span>
    </p>
   </div>
   <div class='ocr_carea' id='block_1_47' title="bbox 515 3241 2092 3313">
    <p class='ocr_par' dir='ltr' id='par_1_47' title="bbox 515 3241 2092 3313">
     <span class='ocr_line' id='line_1_47' title="bbox 515 3241 2092 3313; baseline 0.002 -19"><span class='ocrx_word' id='word_1_364' title='bbox 515 3241 732 3296; x_wconf 89' lang='lat' dir='ltr'><strong>natione</strong></span> <span class='ocrx_word' id='word_1_365' title='bbox 752 3241 1033 3310; x_wconf 89' lang='lat' dir='ltr'><strong>percussit.</strong></span> <span class='ocrx_word' id='word_1_366' title='bbox 1068 3241 1125 3296; x_wconf 90' lang='lat' dir='ltr'><strong>Si</strong></span> <span class='ocrx_word' id='word_1_367' title='bbox 1157 3250 1335 3296; x_wconf 91' lang='lat' dir='ltr'><strong>autem</strong></span> <span class='ocrx_word' id='word_1_368' title='bbox 1360 3242 1654 3299; x_wconf 89' lang='lat' dir='ltr'><strong>mihilocus</strong></span> <span class='ocrx_word' id='word_1_369' title='bbox 1667 3251 1722 3297; x_wconf 91' lang='lat' dir='ltr'><strong>et</strong></span> <span class='ocrx_word' id='word_1_370' title='bbox 1744 3243 2092 3313; x_wconf 78' lang='lat' dir='ltr'><strong>possibilitas,</strong></span> 
     </span>
    </p>
   </div>
   <div class='ocr_carea' id='block_1_48' title="bbox 2204 2042 3776 2118">
    <p class='ocr_par' dir='ltr' id='par_1_48' title="bbox 2204 2042 3776 2118">
     <span class='ocr_line' id='line_1_48' title="bbox 2204 2042 3776 2118; baseline -0.004 -15"><span class='ocrx_word' id='word_1_371' title='bbox 2204 2049 2381 2104; x_wconf 79' lang='lat' dir='ltr'><strong>dixit:</strong></span> <span class='ocrx_word' id='word_1_372' title='bbox 2413 2048 2491 2102; x_wconf 81' lang='lat' dir='ltr'><strong>Tu</strong></span> <span class='ocrx_word' id='word_1_373' title='bbox 2531 2066 2583 2103; x_wconf 89' lang='lat' dir='ltr'><strong>es</strong></span> <span class='ocrx_word' id='word_1_374' title='bbox 2632 2047 2821 2103; x_wconf 79' lang='lat' dir='ltr'><strong>Petrus</strong></span> <span class='ocrx_word' id='word_1_375' title='bbox 2844 2057 2891 2103; x_wconf 87' lang='lat' dir='ltr'><strong>et</strong></span> <span class='ocrx_word' id='word_1_376' title='bbox 2921 2064 3078 2118; x_wconf 82' lang='lat' dir='ltr'><strong>super</strong></span> <span class='ocrx_word' id='word_1_377' title='bbox 3122 2049 3257 2102; x_wconf 72' lang='lat' dir='ltr'><strong>hanc</strong></span> <span class='ocrx_word' id='word_1_378' title='bbox 3297 2055 3526 2117; x_wconf 83' lang='lat' dir='ltr'><strong>petram,</strong></span> <span class='ocrx_word' id='word_1_379' title='bbox 3582 2042 3634 2098; x_wconf 91' lang='lat' dir='ltr'><strong>id</strong></span> <span class='ocrx_word' id='word_1_380' title='bbox 3681 2049 3776 2104; x_wconf 78' lang='lat' dir='ltr'><strong>est,</strong></span> 
     </span>
    </p>
   </div>
   <div class='ocr_carea' id='block_1_49' title="bbox 2203 2127 3774 2212">
    <p class='ocr_par' dir='ltr' id='par_1_49' title="bbox 2203 2127 3774 2212">
     <span class='ocr_line' id='line_1_49' title="bbox 2203 2127 3774 2212; baseline -0.004 -16"><span class='ocrx_word' id='word_1_381' title='bbox 2203 2157 2366 2212; x_wconf 87' lang='lat' dir='ltr'><strong>super</strong></span> <span class='ocrx_word' id='word_1_382' title='bbox 2394 2142 2534 2197; x_wconf 87' lang='lat' dir='ltr'><strong>hanc</strong></span> <span class='ocrx_word' id='word_1_383' title='bbox 2562 2127 2775 2196; x_wconf 71' lang='lat' dir='ltr'><strong>ﬁrmam</strong></span> <span class='ocrx_word' id='word_1_384' title='bbox 2821 2150 2877 2198; x_wconf 89' lang='lat' dir='ltr'><strong>et</strong></span> <span class='ocrx_word' id='word_1_385' title='bbox 2928 2140 3152 2196; x_wconf 91' lang='lat' dir='ltr'><strong>solidam</strong></span> <span class='ocrx_word' id='word_1_386' title='bbox 3184 2139 3309 2194; x_wconf 89' lang='lat' dir='ltr'><strong>ﬁdei</strong></span> <span class='ocrx_word' id='word_1_387' title='bbox 3359 2137 3774 2198; x_wconf 85' lang='lat' dir='ltr'><strong>confessionem.</strong></span> 
     </span>
    </p>
   </div>
   <div class='ocr_carea' id='block_1_50' title="bbox 2202 2230 3776 2301">
    <p class='ocr_par' dir='ltr' id='par_1_50' title="bbox 2202 2230 3776 2301">
     <span class='ocr_line' id='line_1_50' title="bbox 2202 2230 3776 2301; baseline -0.003 -15"><span class='ocrx_word' id='word_1_388' title='bbox 2202 2249 2361 2301; x_wconf 89' lang='lat' dir='ltr'><strong>quam</strong></span> <span class='ocrx_word' id='word_1_389' title='bbox 2405 2241 2460 2288; x_wconf 93' lang='lat' dir='ltr'><strong>tu</strong></span> <span class='ocrx_word' id='word_1_390' title='bbox 2501 2249 2560 2288; x_wconf 91' lang='lat' dir='ltr'><strong>es</strong></span> <span class='ocrx_word' id='word_1_391' title='bbox 2606 2235 2908 2299; x_wconf 76' lang='lat' dir='ltr'><strong>confessus,</strong></span> <span class='ocrx_word' id='word_1_392' title='bbox 2957 2232 3229 2301; x_wconf 65' lang='lat' dir='ltr'><strong>aediﬁcabo</strong></span> <span class='ocrx_word' id='word_1_393' title='bbox 3271 2230 3571 2285; x_wconf 80' lang='lat' dir='ltr'><strong>Ecclesium</strong></span> <span class='ocrx_word' id='word_1_394' title='bbox 3619 2243 3776 2282; x_wconf 58' lang='lat' dir='ltr'><strong>mea:</strong></span> 
     </span>
    </p>
   </div>
   <div class='ocr_carea' id='block_1_51' title="bbox 2203 2322 3775 2399">
    <p class='ocr_par' dir='ltr' id='par_1_51' title="bbox 2203 2322 3775 2399">
     <span class='ocr_line' id='line_1_51' title="bbox 2203 2322 3775 2399; baseline -0.004 -19"><span class='ocrx_word' id='word_1_395' title='bbox 2203 2325 2419 2399; x_wconf 83' lang='lat' dir='ltr'><strong>(Matth.</strong></span> <span class='ocrx_word' id='word_1_396' title='bbox 2460 2341 2548 2380; x_wconf 77' lang='lat' dir='ltr'><strong>xvr</strong></span> <span class='ocrx_word' id='word_1_397' title='bbox 2582 2324 2637 2397; x_wconf 91' lang='lat'><strong>);</strong></span> <span class='ocrx_word' id='word_1_398' title='bbox 2711 2333 2766 2381; x_wconf 93' lang='lat' dir='ltr'><strong>et</strong></span> <span class='ocrx_word' id='word_1_399' title='bbox 2834 2343 2846 2378; x_wconf 88' lang='lat'><strong>:</strong></span> <span class='ocrx_word' id='word_1_400' title='bbox 2908 2326 2984 2379; x_wconf 80' lang='lat' dir='ltr'><strong>Ac</strong></span> <span class='ocrx_word' id='word_1_401' title='bbox 3052 2335 3113 2378; x_wconf 85' lang='lat' dir='ltr'><strong>tu</strong></span> <span class='ocrx_word' id='word_1_402' title='bbox 3155 2322 3445 2393; x_wconf 80' lang='lat' dir='ltr'><strong>aliquando</strong></span> <span class='ocrx_word' id='word_1_403' title='bbox 3508 2335 3775 2375; x_wconf 64' lang='lat' dir='ltr'><strong>consents</strong></span> 
     </span>
    </p>
   </div>
   <div class='ocr_carea' id='block_1_52' title="bbox 2201 2411 3774 2488">
    <p class='ocr_par' dir='ltr' id='par_1_52' title="bbox 2201 2411 3774 2488">
     <span class='ocr_line' id='line_1_52' title="bbox 2201 2411 3774 2488; baseline -0.006 -14"><span class='ocrx_word' id='word_1_404' title='bbox 2201 2418 2456 2487; x_wconf 80' lang='lat' dir='ltr'><strong>conﬁrma</strong></span> <span class='ocrx_word' id='word_1_405' title='bbox 2495 2418 2686 2488; x_wconf 82' lang='lat' dir='ltr'><strong>fratres</strong></span> <span class='ocrx_word' id='word_1_406' title='bbox 2741 2427 2857 2472; x_wconf 86' lang='lat' dir='ltr'><strong>tuos</strong></span> <span class='ocrx_word' id='word_1_407' title='bbox 2901 2415 3053 2479; x_wconf 83' lang='lat' dir='ltr'><strong>(Luc.</strong></span> <span class='ocrx_word' id='word_1_408' title='bbox 3110 2418 3286 2482; x_wconf 74' lang='lat' dir='ltr'><strong>uti);</strong></span> <span class='ocrx_word' id='word_1_409' title='bbox 3335 2422 3441 2468; x_wconf 92' lang='lat' dir='ltr'><strong>et:</strong></span> <span class='ocrx_word' id='word_1_410' title='bbox 3492 2411 3553 2466; x_wconf 84' lang='lat' dir='ltr'><strong>Si</strong></span> <span class='ocrx_word' id='word_1_411' title='bbox 3612 2411 3774 2480; x_wconf 69' lang='lat' dir='ltr'><strong>diligis</strong></span> 
     </span>
    </p>
   </div>
   <div class='ocr_carea' id='block_1_53' title="bbox 2202 2503 3773 2579">
    <p class='ocr_par' dir='ltr' id='par_1_53' title="bbox 2202 2503 3773 2579">
     <span class='ocr_line' id='line_1_53' title="bbox 2202 2503 3773 2579; baseline -0.004 -16"><span class='ocrx_word' id='word_1_412' title='bbox 2202 2525 2301 2575; x_wconf 86' lang='lat' dir='ltr'><strong>me,</strong></span> <span class='ocrx_word' id='word_1_413' title='bbox 2354 2524 2506 2579; x_wconf 88' lang='lat' dir='ltr'><strong>pasce</strong></span> <span class='ocrx_word' id='word_1_414' title='bbox 2569 2523 2685 2562; x_wconf 79' lang='lat' dir='ltr'><strong>oves</strong></span> <span class='ocrx_word' id='word_1_415' title='bbox 2745 2524 2886 2561; x_wconf 83' lang='lat' dir='ltr'><strong>meas</strong></span> <span class='ocrx_word' id='word_1_416' title='bbox 2929 2505 3113 2578; x_wconf 82' lang='lat' dir='ltr'><strong>(Joan.</strong></span> <span class='ocrx_word' id='word_1_417' title='bbox 3176 2506 3298 2574; x_wconf 77' lang='lat' dir='ltr'><strong>xx),</strong></span> <span class='ocrx_word' id='word_1_418' title='bbox 3352 2503 3612 2558; x_wconf 83' lang='lat' dir='ltr'><strong>videlicet</strong></span> <span class='ocrx_word' id='word_1_419' title='bbox 3665 2517 3773 2572; x_wconf 67' lang='lat' dir='ltr'><strong>qua</strong></span> 
     </span>
    </p>
   </div>
   <div class='ocr_carea' id='block_1_54' title="bbox 2200 2594 3772 2670">
    <p class='ocr_par' dir='ltr' id='par_1_54' title="bbox 2200 2594 3772 2670">
     <span class='ocr_line' id='line_1_54' title="bbox 2200 2594 3772 2670; baseline -0.005 -12"><span class='ocrx_word' id='word_1_420' title='bbox 2200 2611 2327 2658; x_wconf 88' lang='lat' dir='ltr'><strong>sunt</strong></span> <span class='ocrx_word' id='word_1_421' title='bbox 2357 2603 2408 2656; x_wconf 91' lang='lat' dir='ltr'><strong>in</strong></span> <span class='ocrx_word' id='word_1_422' title='bbox 2439 2601 2692 2656; x_wconf 87' lang='lat' dir='ltr'><strong>universo</strong></span> <span class='ocrx_word' id='word_1_423' title='bbox 2717 2599 2934 2666; x_wconf 89' lang='lat' dir='ltr'><strong>mundo,</strong></span> <span class='ocrx_word' id='word_1_424' title='bbox 2965 2613 3398 2670; x_wconf 69' lang='lat' dir='ltr'><strong>quaquauersum</strong></span> <span class='ocrx_word' id='word_1_425' title='bbox 3427 2613 3490 2652; x_wconf 91' lang='lat' dir='ltr'><strong>se</strong></span> <span class='ocrx_word' id='word_1_426' title='bbox 3518 2594 3772 2652; x_wconf 79' lang='lat' dir='ltr'><strong>catholica</strong></span> 
     </span>
    </p>
   </div>
   <div class='ocr_carea' id='block_1_55' title="bbox 2199 2690 3773 2763">
    <p class='ocr_par' dir='ltr' id='par_1_55' title="bbox 2199 2690 3773 2763">
     <span class='ocr_line' id='line_1_55' title="bbox 2199 2690 3773 2763; baseline -0.004 -14"><span class='ocrx_word' id='word_1_427' title='bbox 2199 2695 2447 2750; x_wconf 75' lang='lat' dir='ltr'><strong>dill‘undit</strong></span> <span class='ocrx_word' id='word_1_428' title='bbox 2478 2695 2738 2760; x_wconf 71' lang='lat' dir='ltr'><strong>Eculesia,</strong></span> <span class='ocrx_word' id='word_1_429' title='bbox 2765 2694 2893 2750; x_wconf 87' lang='lat' dir='ltr'><strong>licet</strong></span> <span class='ocrx_word' id='word_1_430' title='bbox 2911 2709 3007 2763; x_wconf 89' lang='lat' dir='ltr'><strong>per</strong></span> <span class='ocrx_word' id='word_1_431' title='bbox 3025 2702 3292 2748; x_wconf 88' lang='lat' dir='ltr'><strong>terrarum</strong></span> <span class='ocrx_word' id='word_1_432' title='bbox 3321 2691 3509 2763; x_wconf 87' lang='lat' dir='ltr'><strong>plagas</strong></span> <span class='ocrx_word' id='word_1_433' title='bbox 3522 2690 3773 2760; x_wconf 78' lang='lat' dir='ltr'><strong>dispersa,</strong></span> 
     </span>
    </p>
   </div>
   <div class='ocr_carea' id='block_1_56' title="bbox 2199 2781 3768 2856">
    <p class='ocr_par' dir='ltr' id='par_1_56' title="bbox 2199 2781 3768 2856">
     <span class='ocr_line' id='line_1_56' title="bbox 2199 2781 3768 2856; baseline -0.008 -14"><span class='ocrx_word' id='word_1_434' title='bbox 2199 2788 2300 2842; x_wconf 90' lang='lat' dir='ltr'><strong>sub</strong></span> <span class='ocrx_word' id='word_1_435' title='bbox 2339 2801 2446 2842; x_wconf 90' lang='lat' dir='ltr'><strong>uno</strong></span> <span class='ocrx_word' id='word_1_436' title='bbox 2468 2795 2645 2842; x_wconf 89' lang='lat' dir='ltr'><strong>tamen</strong></span> <span class='ocrx_word' id='word_1_437' title='bbox 2673 2795 2888 2856; x_wconf 88' lang='lat' dir='ltr'><strong>pastore</strong></span> <span class='ocrx_word' id='word_1_438' title='bbox 2908 2800 2973 2840; x_wconf 90' lang='lat' dir='ltr'><strong>ac</strong></span> <span class='ocrx_word' id='word_1_439' title='bbox 2993 2794 3269 2854; x_wconf 91' lang='lat' dir='ltr'><strong>pastorum</strong></span> <span class='ocrx_word' id='word_1_440' title='bbox 3289 2781 3768 2853; x_wconf 84' lang='lat' dir='ltr'><strong>princichhristo.</strong></span> 
     </span>
    </p>
   </div>
   <div class='ocr_carea' id='block_1_57' title="bbox 2198 2868 3769 2942">
    <p class='ocr_par' dir='ltr' id='par_1_57' title="bbox 2198 2868 3769 2942">
     <span class='ocr_line' id='line_1_57' title="bbox 2198 2868 3769 2942; baseline -0.008 -10"><span class='ocrx_word' id='word_1_441' title='bbox 2198 2878 2406 2933; x_wconf 91' lang='lat' dir='ltr'><strong>unitate</strong></span> <span class='ocrx_word' id='word_1_442' title='bbox 2435 2879 2559 2933; x_wconf 83' lang='lat' dir='ltr'><strong>fidei</strong></span> <span class='ocrx_word' id='word_1_443' title='bbox 2589 2879 2641 2933; x_wconf 91' lang='lat' dir='ltr'><strong>in</strong></span> <span class='ocrx_word' id='word_1_444' title='bbox 2671 2878 2796 2933; x_wconf 89' lang='lat' dir='ltr'><strong>ovili</strong></span> <span class='ocrx_word' id='word_1_445' title='bbox 2827 2893 2935 2933; x_wconf 92' lang='lat' dir='ltr'><strong>uno</strong></span> <span class='ocrx_word' id='word_1_446' title='bbox 2965 2876 3242 2941; x_wconf 92' lang='lat' dir='ltr'><strong>conclusa,</strong></span> <span class='ocrx_word' id='word_1_447' title='bbox 3274 2874 3553 2942; x_wconf 81' lang='lat' dir='ltr'><strong>suscipere</strong></span> <span class='ocrx_word' id='word_1_448' title='bbox 3584 2868 3769 2923; x_wconf 85' lang='lat' dir='ltr'><strong>meruit</strong></span> 
     </span>
    </p>
   </div>
   <div class='ocr_carea' id='block_1_58' title="bbox 2197 2960 3771 3041">
    <p class='ocr_par' dir='ltr' id='par_1_58' title="bbox 2197 2960 3771 3041">
     <span class='ocr_line' id='line_1_58' title="bbox 2197 2960 3771 3041; baseline -0.008 -17"><span class='ocrx_word' id='word_1_449' title='bbox 2197 2971 2375 3041; x_wconf 91' lang='lat' dir='ltr'><strong>prima</strong></span> <span class='ocrx_word' id='word_1_450' title='bbox 2388 2971 2626 3034; x_wconf 85' lang='lat' dir='ltr'><strong>sedes,et</strong></span> <span class='ocrx_word' id='word_1_451' title='bbox 2639 2970 2878 3025; x_wconf 87' lang='lat' dir='ltr'><strong>omnium</strong></span> <span class='ocrx_word' id='word_1_452' title='bbox 2895 2967 3241 3024; x_wconf 84' lang='lat' dir='ltr'><strong>ecclesiarum</strong></span> <span class='ocrx_word' id='word_1_453' title='bbox 3259 2966 3323 3019; x_wconf 83' lang='lat' dir='ltr'><strong>in</strong></span> <span class='ocrx_word' id='word_1_454' title='bbox 3335 2971 3452 3018; x_wconf 89' lang='lat' dir='ltr'><strong>toto</strong></span> <span class='ocrx_word' id='word_1_455' title='bbox 3466 2960 3601 3016; x_wconf 89' lang='lat' dir='ltr'><strong>orbe</strong></span> <span class='ocrx_word' id='word_1_456' title='bbox 3621 2969 3771 3015; x_wconf 58' lang='lat' dir='ltr'><strong>terra.</strong></span> 
     </span>
    </p>
   </div>
   <div class='ocr_carea' id='block_1_59' title="bbox 2200 3050 3770 3131">
    <p class='ocr_par' dir='ltr' id='par_1_59' title="bbox 2200 3050 3770 3131">
     <span class='ocr_line' id='line_1_59' title="bbox 2200 3050 3770 3131; baseline -0.01 -16"><span class='ocrx_word' id='word_1_457' title='bbox 2200 3077 2320 3116; x_wconf 92' lang='lat' dir='ltr'><strong>rum</strong></span> <span class='ocrx_word' id='word_1_458' title='bbox 2345 3071 2516 3115; x_wconf 88' lang='lat' dir='ltr'><strong>mater</strong></span> <span class='ocrx_word' id='word_1_459' title='bbox 2530 3069 2692 3130; x_wconf 89' lang='lat' dir='ltr'><strong>atque</strong></span> <span class='ocrx_word' id='word_1_460' title='bbox 2711 3060 2989 3131; x_wconf 89' lang='lat' dir='ltr'><strong>magistra,</strong></span> <span class='ocrx_word' id='word_1_461' title='bbox 3006 3066 3290 3125; x_wconf 87' lang='lat' dir='ltr'><strong>antequam</strong></span> <span class='ocrx_word' id='word_1_462' title='bbox 3307 3053 3422 3109; x_wconf 88' lang='lat' dir='ltr'><strong>heri</strong></span> <span class='ocrx_word' id='word_1_463' title='bbox 3437 3067 3566 3108; x_wconf 82' lang='lat' dir='ltr'><strong>sero</strong></span> <span class='ocrx_word' id='word_1_464' title='bbox 3581 3050 3662 3105; x_wconf 84' lang='lat' dir='ltr'><strong>vel</strong></span> <span class='ocrx_word' id='word_1_465' title='bbox 3679 3064 3770 3102; x_wconf 84' lang='lat' dir='ltr'><strong>nu-</strong></span> 
     </span>
    </p>
   </div>
   <div class='ocr_carea' id='block_1_60' title="bbox 2198 3152 3768 3225">
    <p class='ocr_par' dir='ltr' id='par_1_60' title="bbox 2198 3152 3768 3225">
     <span class='ocr_line' id='line_1_60' title="bbox 2198 3152 3768 3225; baseline -0.008 -17"><span class='ocrx_word' id='word_1_466' title='bbox 2198 3153 2514 3208; x_wconf 87' lang='lat' dir='ltr'><strong>diustertius</strong></span> <span class='ocrx_word' id='word_1_467' title='bbox 2543 3162 2687 3208; x_wconf 90' lang='lat' dir='ltr'><strong>terra</strong></span> <span class='ocrx_word' id='word_1_468' title='bbox 2718 3162 2770 3209; x_wconf 91' lang='lat' dir='ltr'><strong>te</strong></span> <span class='ocrx_word' id='word_1_469' title='bbox 2815 3152 3162 3225; x_wconf 75' lang='lat' dir='ltr'><strong>gerntinaret,</strong></span> <span class='ocrx_word' id='word_1_470' title='bbox 3193 3157 3248 3203; x_wconf 90' lang='lat' dir='ltr'><strong>et</strong></span> <span class='ocrx_word' id='word_1_471' title='bbox 3270 3155 3458 3203; x_wconf 84' lang='lat' dir='ltr'><strong>uterus</strong></span> <span class='ocrx_word' id='word_1_472' title='bbox 3509 3153 3768 3200; x_wconf 87' lang='lat' dir='ltr'><strong>maternus</strong></span> 
     </span>
    </p>
   </div>
   <div class='ocr_carea' id='block_1_61' title="bbox 2200 3235 3766 3315">
    <p class='ocr_par' dir='ltr' id='par_1_61' title="bbox 2200 3235 3766 3315">
     <span class='ocr_line' id='line_1_61' title="bbox 2200 3235 3766 3315; baseline -0.008 -15"><span class='ocrx_word' id='word_1_473' title='bbox 2200 3247 2255 3300; x_wconf 91' lang='lat' dir='ltr'><strong>in</strong></span> <span class='ocrx_word' id='word_1_474' title='bbox 2284 3247 2424 3302; x_wconf 90' lang='lat' dir='ltr'><strong>hanc</strong></span> <span class='ocrx_word' id='word_1_475' title='bbox 2452 3246 2625 3302; x_wconf 91' lang='lat' dir='ltr'><strong>lucem</strong></span> <span class='ocrx_word' id='word_1_476' title='bbox 2648 3246 2992 3315; x_wconf 88' lang='lat' dir='ltr'><strong>produceret,</strong></span> <span class='ocrx_word' id='word_1_477' title='bbox 3010 3243 3204 3299; x_wconf 86' lang='lat' dir='ltr'><strong>mansit</strong></span> <span class='ocrx_word' id='word_1_478' title='bbox 3229 3249 3282 3296; x_wconf 92' lang='lat' dir='ltr'><strong>et</strong></span> <span class='ocrx_word' id='word_1_479' title='bbox 3315 3247 3623 3311; x_wconf 80' lang='lat' dir='ltr'><strong>permanet.</strong></span> <span class='ocrx_word' id='word_1_480' title='bbox 3652 3235 3766 3290; x_wconf 74' lang='lat' dir='ltr'><strong>Nam</strong></span> 
     </span>
    </p>
   </div>
   <div class='ocr_carea' id='block_1_62' title="bbox 517 3330 3768 3410">
    <p class='ocr_par' dir='ltr' id='par_1_62' title="bbox 517 3330 3768 3410">
     <span class='ocr_line' id='line_1_62' title="bbox 517 3330 3768 3410; baseline 0 -28"><span class='ocrx_word' id='word_1_481' title='bbox 517 3345 838 3401; x_wconf 89' lang='lat' dir='ltr'><strong>quocunque</strong></span> <span class='ocrx_word' id='word_1_482' title='bbox 871 3331 1150 3388; x_wconf 81' lang='lat' dir='ltr'><strong>obstaculo</strong></span> <span class='ocrx_word' id='word_1_483' title='bbox 1189 3332 1601 3400; x_wconf 90' lang='lat' dir='ltr'><strong>intercludente,</strong></span> <span class='ocrx_word' id='word_1_484' title='bbox 1627 3337 1694 3389; x_wconf 90' lang='lat' dir='ltr'><strong>ad</strong></span> <span class='ocrx_word' id='word_1_485' title='bbox 1724 3334 1775 3389; x_wconf 93' lang='lat' dir='ltr'><strong>id</strong></span> <span class='ocrx_word' id='word_1_486' title='bbox 1799 3349 2099 3404; x_wconf 82' lang='lat' dir='ltr'><strong>exsequen-</strong></span> <span class='ocrx_word' id='word_1_487' title='bbox 2124 3337 2172 3403; x_wconf 86' lang='lat' dir='ltr'><strong><em>C</em></strong></span> <span class='ocrx_word' id='word_1_488' title='bbox 2203 3353 2309 3393; x_wconf 94' lang='lat' dir='ltr'><strong>non</strong></span> <span class='ocrx_word' id='word_1_489' title='bbox 2337 3353 2461 3410; x_wconf 84' lang='lat' dir='ltr'><strong>ego,</strong></span> <span class='ocrx_word' id='word_1_490' title='bbox 2483 3339 2576 3393; x_wconf 91' lang='lat' dir='ltr'><strong>sed</strong></span> <span class='ocrx_word' id='word_1_491' title='bbox 2605 3347 2658 3392; x_wconf 91' lang='lat' dir='ltr'><strong>tu</strong></span> <span class='ocrx_word' id='word_1_492' title='bbox 2675 3336 2820 3391; x_wconf 90' lang='lat' dir='ltr'><strong>illius</strong></span> <span class='ocrx_word' id='word_1_493' title='bbox 2845 3335 3094 3406; x_wconf 87' lang='lat' dir='ltr'><strong>potestati</strong></span> <span class='ocrx_word' id='word_1_494' title='bbox 3126 3349 3190 3389; x_wconf 94' lang='lat' dir='ltr'><strong>ac</strong></span> <span class='ocrx_word' id='word_1_495' title='bbox 3215 3331 3504 3403; x_wconf 83' lang='lat' dir='ltr'><strong>privilegio</strong></span> <span class='ocrx_word' id='word_1_496' title='bbox 3529 3330 3768 3399; x_wconf 80' lang='lat' dir='ltr'><strong>derogare</strong></span> 
     </span>
    </p>
   </div>
   <div class='ocr_carea' id='block_1_63' title="bbox 515 3423 2095 3496">
    <p class='ocr_par' dir='ltr' id='par_1_63' title="bbox 515 3423 2095 3496">
     <span class='ocr_line' id='line_1_63' title="bbox 515 3423 2095 3496; baseline 0.001 -18"><span class='ocrx_word' id='word_1_497' title='bbox 515 3423 643 3478; x_wconf 90' lang='lat' dir='ltr'><strong>dum</strong></span> <span class='ocrx_word' id='word_1_498' title='bbox 667 3424 808 3495; x_wconf 89' lang='lat' dir='ltr'><strong>quod</strong></span> <span class='ocrx_word' id='word_1_499' title='bbox 833 3424 1000 3480; x_wconf 89' lang='lat' dir='ltr'><strong>debeo</strong></span> <span class='ocrx_word' id='word_1_500' title='bbox 1025 3423 1270 3489; x_wconf 84' lang='lat' dir='ltr'><strong>defuerit,</strong></span> <span class='ocrx_word' id='word_1_501' title='bbox 1299 3441 1493 3496; x_wconf 91' lang='lat' dir='ltr'><strong>ponam</strong></span> <span class='ocrx_word' id='word_1_502' title='bbox 1515 3427 1841 3494; x_wconf 88' lang='lat' dir='ltr'><strong>sartaginem</strong></span> <span class='ocrx_word' id='word_1_503' title='bbox 1857 3427 1996 3480; x_wconf 86' lang='lat' dir='ltr'><strong>inter</strong></span> <span class='ocrx_word' id='word_1_504' title='bbox 2010 3440 2095 3479; x_wconf 87' lang='lat' dir='ltr'><strong>me</strong></span> 
     </span>
    </p>
   </div>
   <div class='ocr_carea' id='block_1_64' title="bbox 514 3514 2096 3582">
    <p class='ocr_par' dir='ltr' id='par_1_64' title="bbox 514 3514 2096 3582">
     <span class='ocr_line' id='line_1_64' title="bbox 514 3514 2096 3582; baseline 0.001 -14"><span class='ocrx_word' id='word_1_505' title='bbox 514 3523 568 3568; x_wconf 91' lang='lat' dir='ltr'><strong>et</strong></span> <span class='ocrx_word' id='word_1_506' title='bbox 581 3514 932 3570; x_wconf 85' lang='lat' dir='ltr'><strong>obsistentem</strong></span> <span class='ocrx_word' id='word_1_507' title='bbox 951 3516 1102 3582; x_wconf 87' lang='lat' dir='ltr'><strong>mihi,</strong></span> <span class='ocrx_word' id='word_1_508' title='bbox 1121 3532 1331 3571; x_wconf 89' lang='lat' dir='ltr'><strong>murum</strong></span> <span class='ocrx_word' id='word_1_509' title='bbox 1348 3517 1667 3581; x_wconf 82' lang='lat' dir='ltr'><strong>ferreutn,ut</strong></span> <span class='ocrx_word' id='word_1_510' title='bbox 1681 3516 1780 3571; x_wconf 87' lang='lat' dir='ltr'><strong>zeli</strong></span> <span class='ocrx_word' id='word_1_511' title='bbox 1798 3516 2096 3570; x_wconf 88' lang='lat' dir='ltr'><strong>munitione</strong></span> 
     </span>
    </p>
   </div>
   <div class='ocr_carea' id='block_1_65' title="bbox 515 3600 2092 3672">
    <p class='ocr_par' dir='ltr' id='par_1_65' title="bbox 515 3600 2092 3672">
     <span class='ocr_line' id='line_1_65' title="bbox 515 3600 2092 3672; baseline 0.001 -17"><span class='ocrx_word' id='word_1_512' title='bbox 515 3600 792 3669; x_wconf 84' lang='lat' dir='ltr'><strong>defendar,</strong></span> <span class='ocrx_word' id='word_1_513' title='bbox 819 3617 886 3658; x_wconf 91' lang='lat' dir='ltr'><strong>ne</strong></span> <span class='ocrx_word' id='word_1_514' title='bbox 930 3602 1218 3658; x_wconf 89' lang='lat' dir='ltr'><strong>destitutus</strong></span> <span class='ocrx_word' id='word_1_515' title='bbox 1244 3618 1342 3672; x_wconf 90' lang='lat' dir='ltr'><strong>pro</strong></span> <span class='ocrx_word' id='word_1_516' title='bbox 1369 3602 1721 3658; x_wconf 87' lang='lat' dir='ltr'><strong>dissolutione</strong></span> <span class='ocrx_word' id='word_1_517' title='bbox 1747 3603 2092 3658; x_wconf 88' lang='lat' dir='ltr'><strong>condemner.</strong></span> 
     </span>
    </p>
   </div>
   <div class='ocr_carea' id='block_1_66' title="bbox 1093 3717 1506 3776">
    <p class='ocr_par' dir='ltr' id='par_1_66' title="bbox 1093 3717 1506 3776">
     <span class='ocr_line' id='line_1_66' title="bbox 1093 3717 1506 3776; baseline -0.007 -2"><span class='ocrx_word' id='word_1_518' title='bbox 1093 3717 1318 3776; x_wconf 84' lang='lat' dir='ltr'><strong>CAPUT</strong></span> <span class='ocrx_word' id='word_1_519' title='bbox 1350 3717 1506 3772; x_wconf 82' lang='lat' dir='ltr'><strong>XLV.</strong></span> 
     </span>
    </p>
   </div>
   <div class='ocr_carea' id='block_1_67' title="bbox 516 3805 2096 3882">
    <p class='ocr_par' dir='ltr' id='par_1_67' title="bbox 516 3805 2096 3882">
     <span class='ocr_line' id='line_1_67' title="bbox 516 3805 2096 3882; baseline 0.001 -19"><span class='ocrx_word' id='word_1_520' title='bbox 516 3805 585 3863; x_wconf 83' lang='lat' dir='ltr'><strong>Ut</strong></span> <span class='ocrx_word' id='word_1_521' title='bbox 623 3813 922 3865; x_wconf 83' lang='lat' dir='ltr'><strong>recordetur</strong></span> <span class='ocrx_word' id='word_1_522' title='bbox 957 3821 1152 3882; x_wconf 86' lang='lat' dir='ltr'><strong>quanta</strong></span> <span class='ocrx_word' id='word_1_523' title='bbox 1178 3812 1232 3864; x_wconf 88' lang='lat' dir='ltr'><strong>in</strong></span> <span class='ocrx_word' id='word_1_524' title='bbox 1269 3810 1541 3865; x_wconf 82' lang='lat' dir='ltr'><strong>dulcedine</strong></span> <span class='ocrx_word' id='word_1_525' title='bbox 1584 3812 1742 3881; x_wconf 80' lang='lat' dir='ltr'><strong>fuerit</strong></span> <span class='ocrx_word' id='word_1_526' title='bbox 1794 3812 1946 3867; x_wconf 83' lang='lat' dir='ltr'><strong>initio</strong></span> <span class='ocrx_word' id='word_1_527' title='bbox 1989 3812 2096 3882; x_wconf 86' lang='lat' dir='ltr'><strong>epi-</strong></span> 
     </span>
    </p>
   </div>
   <div class='ocr_carea' id='block_1_68' title="bbox 793 3883 1812 3951">
    <p class='ocr_par' dir='ltr' id='par_1_68' title="bbox 793 3883 1812 3951">
     <span class='ocr_line' id='line_1_68' title="bbox 793 3883 1812 3951; baseline 0.001 -16"><span class='ocrx_word' id='word_1_528' title='bbox 793 3891 1060 3951; x_wconf 84' lang='lat' dir='ltr'><strong>scopatus,</strong></span> <span class='ocrx_word' id='word_1_529' title='bbox 1085 3892 1133 3935; x_wconf 87' lang='lat' dir='ltr'><strong>et</strong></span> <span class='ocrx_word' id='word_1_530' title='bbox 1158 3883 1379 3950; x_wconf 86' lang='lat' dir='ltr'><strong>deponat</strong></span> <span class='ocrx_word' id='word_1_531' title='bbox 1407 3883 1812 3937; x_wconf 82' lang='lat' dir='ltr'><strong>animositatem.</strong></span> 
     </span>
    </p>
   </div>
   <div class='ocr_carea' id='block_1_69' title="bbox 587 3972 2096 4039">
    <p class='ocr_par' dir='ltr' id='par_1_69' title="bbox 587 3972 2096 4039">
     <span class='ocr_line' id='line_1_69' title="bbox 587 3972 2096 4039; baseline 0.003 -13"><span class='ocrx_word' id='word_1_532' title='bbox 587 3973 848 4037; x_wconf 88' lang='lat' dir='ltr'><strong>Tandem,</strong></span> <span class='ocrx_word' id='word_1_533' title='bbox 898 3972 1070 4026; x_wconf 78' lang='lat' dir='ltr'><strong>frater</strong></span> <span class='ocrx_word' id='word_1_534' title='bbox 1093 3981 1148 4027; x_wconf 91' lang='lat' dir='ltr'><strong>et</strong></span> <span class='ocrx_word' id='word_1_535' title='bbox 1177 3973 1269 4035; x_wconf 88' lang='lat' dir='ltr'><strong>ﬁli,</strong></span> <span class='ocrx_word' id='word_1_536' title='bbox 1298 3989 1491 4029; x_wconf 89' lang='lat' dir='ltr'><strong>moneo</strong></span> <span class='ocrx_word' id='word_1_537' title='bbox 1529 3984 1602 4039; x_wconf 86' lang='lat' dir='ltr'><strong>te,</strong></span> <span class='ocrx_word' id='word_1_538' title='bbox 1628 3976 1792 4031; x_wconf 89' lang='lat' dir='ltr'><strong>reduc</strong></span> <span class='ocrx_word' id='word_1_539' title='bbox 1816 3976 1870 4030; x_wconf 91' lang='lat' dir='ltr'><strong>in</strong></span> <span class='ocrx_word' id='word_1_540' title='bbox 1896 3991 2096 4032; x_wconf 91' lang='lat' dir='ltr'><strong>memo-</strong></span> 
     </span>
    </p>
   </div>
   <div class='ocr_carea' id='block_1_70' title="bbox 521 4063 2097 4135">
    <p class='ocr_par' dir='ltr' id='par_1_70' title="bbox 521 4063 2097 4135">
     <span class='ocr_line' id='line_1_70' title="bbox 521 4063 2097 4135; baseline 0.003 -16"><span class='ocrx_word' id='word_1_541' title='bbox 521 4067 681 4128; x_wconf 87' lang='lat' dir='ltr'><strong>riam,</strong></span> <span class='ocrx_word' id='word_1_542' title='bbox 713 4064 805 4133; x_wconf 90' lang='lat' dir='ltr'><strong>qui</strong></span> <span class='ocrx_word' id='word_1_543' title='bbox 836 4079 978 4118; x_wconf 93' lang='lat' dir='ltr'><strong>nunc</strong></span> <span class='ocrx_word' id='word_1_544' title='bbox 1009 4078 1070 4118; x_wconf 87' lang='lat' dir='ltr'><strong>es</strong></span> <span class='ocrx_word' id='word_1_545' title='bbox 1092 4063 1343 4119; x_wconf 88' lang='lat' dir='ltr'><strong>omnibus</strong></span> <span class='ocrx_word' id='word_1_546' title='bbox 1362 4065 1416 4118; x_wconf 90' lang='lat' dir='ltr'><strong>in</strong></span> <span class='ocrx_word' id='word_1_547' title='bbox 1439 4068 1746 4135; x_wconf 88' lang='lat' dir='ltr'><strong>proverbio,</strong></span> <span class='ocrx_word' id='word_1_548' title='bbox 1775 4074 1831 4121; x_wconf 90' lang='lat' dir='ltr'><strong>et</strong></span> <span class='ocrx_word' id='word_1_549' title='bbox 1858 4067 2097 4123; x_wconf 90' lang='lat' dir='ltr'><strong>motione</strong></span> 
     </span>
    </p>
   </div>
   <div class='ocr_carea' id='block_1_71' title="bbox 516 4153 2098 4224">
    <p class='ocr_par' dir='ltr' id='par_1_71' title="bbox 516 4153 2098 4224">
     <span class='ocr_line' id='line_1_71' title="bbox 516 4153 2098 4224; baseline 0.003 -15"><span class='ocrx_word' id='word_1_550' title='bbox 516 4154 728 4224; x_wconf 86' lang='lat' dir='ltr'><strong>capitis,</strong></span> <span class='ocrx_word' id='word_1_551' title='bbox 779 4162 940 4223; x_wconf 81' lang='lat' dir='ltr'><strong>atque</strong></span> <span class='ocrx_word' id='word_1_552' title='bbox 990 4153 1044 4208; x_wconf 92' lang='lat' dir='ltr'><strong>in</strong></span> <span class='ocrx_word' id='word_1_553' title='bbox 1094 4153 1273 4208; x_wconf 83' lang='lat' dir='ltr'><strong>fabula</strong></span> <span class='ocrx_word' id='word_1_554' title='bbox 1310 4164 1365 4211; x_wconf 94' lang='lat' dir='ltr'><strong>et</strong></span> <span class='ocrx_word' id='word_1_555' title='bbox 1405 4157 1617 4211; x_wconf 89' lang='lat' dir='ltr'><strong>cantico</strong></span> <span class='ocrx_word' id='word_1_556' title='bbox 1665 4165 1776 4211; x_wconf 91' lang='lat' dir='ltr'><strong>tota</strong></span> <span class='ocrx_word' id='word_1_557' title='bbox 1820 4158 1926 4222; x_wconf 91' lang='lat' dir='ltr'><strong>die,</strong></span> <span class='ocrx_word' id='word_1_558' title='bbox 1973 4174 2098 4215; x_wconf 90' lang='lat' dir='ltr'><strong>cum</strong></span> 
     </span>
    </p>
   </div>
   <div class='ocr_carea' id='block_1_72' title="bbox 517 4243 2098 4316">
    <p class='ocr_par' dir='ltr' id='par_1_72' title="bbox 517 4243 2098 4316">
     <span class='ocr_line' id='line_1_72' title="bbox 517 4243 2098 4316; baseline 0.006 -20"><span class='ocrx_word' id='word_1_559' title='bbox 517 4252 718 4312; x_wconf 87' lang='lat' dir='ltr'><strong>quanta</strong></span> <span class='ocrx_word' id='word_1_560' title='bbox 747 4243 930 4313; x_wconf 91' lang='lat' dir='ltr'><strong>quiete</strong></span> <span class='ocrx_word' id='word_1_561' title='bbox 950 4259 980 4298; x_wconf 93' lang='lat' dir='ltr'><strong>a</strong></span> <span class='ocrx_word' id='word_1_562' title='bbox 1011 4243 1236 4298; x_wconf 89' lang='lat' dir='ltr'><strong>tumultu</strong></span> <span class='ocrx_word' id='word_1_563' title='bbox 1268 4244 1680 4316; x_wconf 87' lang='lat' dir='ltr'><strong>cogitationum,</strong></span> <span class='ocrx_word' id='word_1_564' title='bbox 1720 4247 1915 4316; x_wconf 89' lang='lat' dir='ltr'><strong>quibus</strong></span> <span class='ocrx_word' id='word_1_565' title='bbox 1956 4264 2098 4306; x_wconf 87' lang='lat' dir='ltr'><strong>nunc</strong></span> 
     </span>
    </p>
   </div>
   <div class='ocr_carea' id='block_1_73' title="bbox 517 4335 2098 4408">
    <p class='ocr_par' dir='ltr' id='par_1_73' title="bbox 517 4335 2098 4408">
     <span class='ocr_line' id='line_1_73' title="bbox 517 4335 2098 4408; baseline 0.003 -18"><span class='ocrx_word' id='word_1_566' title='bbox 517 4335 572 4390; x_wconf 91' lang='lat' dir='ltr'><strong>in</strong></span> <span class='ocrx_word' id='word_1_567' title='bbox 625 4335 866 4390; x_wconf 86' lang='lat' dir='ltr'><strong>diversas</strong></span> <span class='ocrx_word' id='word_1_568' title='bbox 905 4335 1243 4402; x_wconf 86' lang='lat' dir='ltr'><strong>distenderis,</strong></span> <span class='ocrx_word' id='word_1_569' title='bbox 1288 4336 1516 4406; x_wconf 88' lang='lat' dir='ltr'><strong>degebas</strong></span> <span class='ocrx_word' id='word_1_570' title='bbox 1565 4336 1616 4391; x_wconf 92' lang='lat' dir='ltr'><strong>in</strong></span> <span class='ocrx_word' id='word_1_571' title='bbox 1666 4337 1853 4408; x_wconf 82' lang='lat' dir='ltr'><strong>primis</strong></span> <span class='ocrx_word' id='word_1_572' title='bbox 1909 4338 2098 4396; x_wconf 87' lang='lat' dir='ltr'><strong>diebus</strong></span> 
     </span>
    </p>
   </div>
   <div class='ocr_carea' id='block_1_74' title="bbox 518 4426 2100 4499">
    <p class='ocr_par' dir='ltr' id='par_1_74' title="bbox 518 4426 2100 4499">
     <span class='ocr_line' id='line_1_74' title="bbox 518 4426 2100 4499; baseline 0.006 -21"><span class='ocrx_word' id='word_1_573' title='bbox 518 4426 731 4497; x_wconf 84' lang='lat' dir='ltr'><strong>quando</strong></span> <span class='ocrx_word' id='word_1_574' title='bbox 779 4427 845 4482; x_wconf 91' lang='lat' dir='ltr'><strong>ad</strong></span> <span class='ocrx_word' id='word_1_575' title='bbox 881 4427 1247 4498; x_wconf 89' lang='lat' dir='ltr'><strong>episc0patum</strong></span> <span class='ocrx_word' id='word_1_576' title='bbox 1296 4427 1515 4492; x_wconf 90' lang='lat' dir='ltr'><strong>venisti,</strong></span> <span class='ocrx_word' id='word_1_577' title='bbox 1558 4443 1678 4483; x_wconf 90' lang='lat' dir='ltr'><strong>cum</strong></span> <span class='ocrx_word' id='word_1_578' title='bbox 1725 4438 1925 4499; x_wconf 88' lang='lat' dir='ltr'><strong>quanta</strong></span> <span class='ocrx_word' id='word_1_579' title='bbox 1946 4431 2100 4488; x_wconf 87' lang='lat' dir='ltr'><strong>beni-</strong></span> 
     </span>
    </p>
   </div>
   <div class='ocr_carea' id='block_1_75' title="bbox 518 4519 2100 4591">
    <p class='ocr_par' dir='ltr' id='par_1_75' title="bbox 518 4519 2100 4591">
     <span class='ocr_line' id='line_1_75' title="bbox 518 4519 2100 4591; baseline 0.004 -20"><span class='ocrx_word' id='word_1_580' title='bbox 518 4519 722 4590; x_wconf 85' lang='lat' dir='ltr'><strong>gnitate</strong></span> <span class='ocrx_word' id='word_1_581' title='bbox 741 4534 771 4576; x_wconf 90' lang='lat' dir='ltr'><strong>a</strong></span> <span class='ocrx_word' id='word_1_582' title='bbox 793 4519 988 4574; x_wconf 89' lang='lat' dir='ltr'><strong>domno</strong></span> <span class='ocrx_word' id='word_1_583' title='bbox 1014 4535 1136 4590; x_wconf 91' lang='lat' dir='ltr'><strong>rege</strong></span> <span class='ocrx_word' id='word_1_584' title='bbox 1160 4519 1564 4591; x_wconf 83' lang='lat' dir='ltr'><strong>suscipiebaris,</strong></span> <span class='ocrx_word' id='word_1_585' title='bbox 1591 4531 1788 4590; x_wconf 90' lang='lat' dir='ltr'><strong>quanta</strong></span> <span class='ocrx_word' id='word_1_586' title='bbox 1817 4523 2100 4579; x_wconf 89' lang='lat' dir='ltr'><strong>dulcedine</strong></span> 
     </span>
    </p>
   </div>
   <div class='ocr_carea' id='block_1_76' title="bbox 517 4610 2096 4681">
    <p class='ocr_par' dir='ltr' id='par_1_76' title="bbox 517 4610 2096 4681">
     <span class='ocr_line' id='line_1_76' title="bbox 517 4610 2096 4681; baseline 0.002 -15"><span class='ocrx_word' id='word_1_587' title='bbox 517 4627 636 4666; x_wconf 88' lang='lat' dir='ltr'><strong>mea</strong></span> <span class='ocrx_word' id='word_1_588' title='bbox 670 4610 957 4675; x_wconf 87' lang='lat' dir='ltr'><strong>fruebaris,</strong></span> <span class='ocrx_word' id='word_1_589' title='bbox 988 4623 1189 4681; x_wconf 89' lang='lat' dir='ltr'><strong>quanta</strong></span> <span class='ocrx_word' id='word_1_590' title='bbox 1219 4611 1573 4668; x_wconf 85' lang='lat' dir='ltr'><strong>unanimitate</strong></span> <span class='ocrx_word' id='word_1_591' title='bbox 1599 4628 1720 4668; x_wconf 88' lang='lat' dir='ltr'><strong>cum</strong></span> <span class='ocrx_word' id='word_1_592' title='bbox 1761 4612 2020 4669; x_wconf 81' lang='lat' dir='ltr'><strong>fratribus</strong></span> <span class='ocrx_word' id='word_1_593' title='bbox 2039 4624 2096 4669; x_wconf 87' lang='lat' dir='ltr'><strong>et</strong></span> 
     </span>
    </p>
   </div>
   <div class='ocr_carea' id='block_1_77' title="bbox 2201 3421 3769 3498">
    <p class='ocr_par' dir='ltr' id='par_1_77' title="bbox 2201 3421 3769 3498">
     <span class='ocr_line' id='line_1_77' title="bbox 2201 3421 3769 3498; baseline -0.004 -17"><span class='ocrx_word' id='word_1_594' title='bbox 2201 3429 2418 3494; x_wconf 88' lang='lat' dir='ltr'><strong>videris,</strong></span> <span class='ocrx_word' id='word_1_595' title='bbox 2448 3429 2539 3498; x_wconf 88' lang='lat' dir='ltr'><strong>qui</strong></span> <span class='ocrx_word' id='word_1_596' title='bbox 2594 3427 2690 3484; x_wconf 89' lang='lat' dir='ltr'><strong>Dei</strong></span> <span class='ocrx_word' id='word_1_597' title='bbox 2741 3426 3092 3492; x_wconf 89' lang='lat' dir='ltr'><strong>ordinationi,</strong></span> <span class='ocrx_word' id='word_1_598' title='bbox 3121 3439 3284 3495; x_wconf 89' lang='lat' dir='ltr'><strong>quam</strong></span> <span class='ocrx_word' id='word_1_599' title='bbox 3330 3439 3428 3493; x_wconf 90' lang='lat' dir='ltr'><strong>per</strong></span> <span class='ocrx_word' id='word_1_600' title='bbox 3459 3437 3585 3477; x_wconf 83' lang='lat' dir='ltr'><strong>eam</strong></span> <span class='ocrx_word' id='word_1_601' title='bbox 3615 3421 3769 3488; x_wconf 85' lang='lat' dir='ltr'><strong>dispo-</strong></span> 
     </span>
    </p>
   </div>
   <div class='ocr_carea' id='block_1_78' title="bbox 2199 3513 3768 3587">
    <p class='ocr_par' dir='ltr' id='par_1_78' title="bbox 2199 3513 3768 3587">
     <span class='ocr_line' id='line_1_78' title="bbox 2199 3513 3768 3587; baseline -0.009 -11"><span class='ocrx_word' id='word_1_602' title='bbox 2199 3521 2327 3585; x_wconf 91' lang='lat' dir='ltr'><strong>suit,</strong></span> <span class='ocrx_word' id='word_1_603' title='bbox 2352 3529 2411 3576; x_wconf 92' lang='lat' dir='ltr'><strong>ut</strong></span> <span class='ocrx_word' id='word_1_604' title='bbox 2425 3519 2554 3574; x_wconf 90' lang='lat' dir='ltr'><strong>nulli</strong></span> <span class='ocrx_word' id='word_1_605' title='bbox 2571 3520 2793 3576; x_wconf 89' lang='lat' dir='ltr'><strong>subesse</strong></span> <span class='ocrx_word' id='word_1_606' title='bbox 2809 3519 3010 3584; x_wconf 89' lang='lat' dir='ltr'><strong>valeas,</strong></span> <span class='ocrx_word' id='word_1_607' title='bbox 3027 3518 3279 3573; x_wconf 85' lang='lat' dir='ltr'><strong>resistere</strong></span> <span class='ocrx_word' id='word_1_608' title='bbox 3297 3524 3625 3587; x_wconf 87' lang='lat' dir='ltr'><strong>pt‘outpotes</strong></span> <span class='ocrx_word' id='word_1_609' title='bbox 3639 3513 3768 3565; x_wconf 78' lang='lat' dir='ltr'><strong>Iaho-</strong></span> 
     </span>
    </p>
   </div>
   <div class='ocr_carea' id='block_1_79' title="bbox 2201 3605 3772 3682">
    <p class='ocr_par' dir='ltr' id='par_1_79' title="bbox 2201 3605 3772 3682">
     <span class='ocr_line' id='line_1_79' title="bbox 2201 3605 3772 3682; baseline -0.006 -17"><span class='ocrx_word' id='word_1_610' title='bbox 2201 3627 2307 3667; x_wconf 91' lang='lat' dir='ltr'><strong>ras.</strong></span> <span class='ocrx_word' id='word_1_611' title='bbox 2326 3612 2646 3682; x_wconf 86' lang='lat' dir='ltr'><strong>Quanquam</strong></span> <span class='ocrx_word' id='word_1_612' title='bbox 2663 3626 2769 3666; x_wconf 88' lang='lat' dir='ltr'><strong>non</strong></span> <span class='ocrx_word' id='word_1_613' title='bbox 2785 3611 3054 3677; x_wconf 90' lang='lat' dir='ltr'><strong>unde,nec</strong></span> <span class='ocrx_word' id='word_1_614' title='bbox 3070 3612 3206 3664; x_wconf 89' lang='lat' dir='ltr'><strong>sicut</strong></span> <span class='ocrx_word' id='word_1_615' title='bbox 3221 3622 3466 3662; x_wconf 88' lang='lat' dir='ltr'><strong>canones</strong></span> <span class='ocrx_word' id='word_1_616' title='bbox 3481 3605 3772 3670; x_wconf 88' lang='lat' dir='ltr'><strong>sacri.quos</strong></span> 
     </span>
    </p>
   </div>
   <div class='ocr_carea' id='block_1_80' title="bbox 2197 3692 3770 3774">
    <p class='ocr_par' dir='ltr' id='par_1_80' title="bbox 2197 3692 3770 3774">
     <span class='ocr_line' id='line_1_80' title="bbox 2197 3692 3770 3774; baseline -0.008 -16"><span class='ocrx_word' id='word_1_617' title='bbox 2197 3705 2315 3774; x_wconf 88' lang='lat' dir='ltr'><strong>ipsa</strong></span> <span class='ocrx_word' id='word_1_618' title='bbox 2346 3713 2636 3759; x_wconf 89' lang='lat' dir='ltr'><strong>veneratur</strong></span> <span class='ocrx_word' id='word_1_619' title='bbox 2665 3711 2720 3758; x_wconf 90' lang='lat' dir='ltr'><strong>et</strong></span> <span class='ocrx_word' id='word_1_620' title='bbox 2752 3710 2969 3767; x_wconf 90' lang='lat' dir='ltr'><strong>servat,</strong></span> <span class='ocrx_word' id='word_1_621' title='bbox 3001 3699 3341 3772; x_wconf 77' lang='lat' dir='ltr'><strong>prtecipiunt,</strong></span> <span class='ocrx_word' id='word_1_622' title='bbox 3373 3698 3472 3753; x_wconf 88' lang='lat' dir='ltr'><strong>sed</strong></span> <span class='ocrx_word' id='word_1_623' title='bbox 3503 3711 3598 3767; x_wconf 90' lang='lat' dir='ltr'><strong>pro</strong></span> <span class='ocrx_word' id='word_1_624' title='bbox 3628 3692 3770 3747; x_wconf 86' lang='lat' dir='ltr'><strong>moti-</strong></span> 
     </span>
    </p>
   </div>
   <div class='ocr_carea' id='block_1_81' title="bbox 2167 3785 3770 3872">
    <p class='ocr_par' dir='ltr' id='par_1_81' title="bbox 2167 3785 3770 3872">
     <span class='ocr_line' id='line_1_81' title="bbox 2167 3785 3770 3872; baseline -0.007 -23"><span class='ocrx_word' id='word_1_625' title='bbox 2167 3864 2171 3872; x_wconf 22' lang='grc' dir='ltr'><strong>Δ</strong></span> <span class='ocrx_word' id='word_1_626' title='bbox 2199 3794 2300 3849; x_wconf 89' lang='lat' dir='ltr'><strong>bus</strong></span> <span class='ocrx_word' id='word_1_627' title='bbox 2323 3792 2660 3863; x_wconf 89' lang='lat' dir='ltr'><strong>incompositi</strong></span> <span class='ocrx_word' id='word_1_628' title='bbox 2682 3792 2847 3846; x_wconf 90' lang='lat' dir='ltr'><strong>animi</strong></span> <span class='ocrx_word' id='word_1_629' title='bbox 2886 3791 3359 3858; x_wconf 89' lang='lat' dir='ltr'><strong>tui,uudecunque</strong></span> <span class='ocrx_word' id='word_1_630' title='bbox 3379 3797 3437 3842; x_wconf 93' lang='lat' dir='ltr'><strong>et</strong></span> <span class='ocrx_word' id='word_1_631' title='bbox 3461 3803 3563 3858; x_wconf 90' lang='lat' dir='ltr'><strong>per</strong></span> <span class='ocrx_word' id='word_1_632' title='bbox 3592 3785 3770 3840; x_wconf 82' lang='lat' dir='ltr'><strong>andro-</strong></span> 
     </span>
    </p>
   </div>
   <div class='ocr_carea' id='block_1_82' title="bbox 2198 3879 3769 3954">
    <p class='ocr_par' dir='ltr' id='par_1_82' title="bbox 2198 3879 3769 3954">
     <span class='ocr_line' id='line_1_82' title="bbox 2198 3879 3769 3954; baseline -0.01 -10"><span class='ocrx_word' id='word_1_633' title='bbox 2198 3902 2298 3944; x_wconf 88' lang='lat' dir='ltr'><strong>nas</strong></span> <span class='ocrx_word' id='word_1_634' title='bbox 2321 3886 2386 3942; x_wconf 89' lang='lat' dir='ltr'><strong>de</strong></span> <span class='ocrx_word' id='word_1_635' title='bbox 2409 3887 2542 3940; x_wconf 89' lang='lat' dir='ltr'><strong>hora</strong></span> <span class='ocrx_word' id='word_1_636' title='bbox 2565 3885 2618 3938; x_wconf 93' lang='lat' dir='ltr'><strong>in</strong></span> <span class='ocrx_word' id='word_1_637' title='bbox 2653 3884 2840 3939; x_wconf 90' lang='lat' dir='ltr'><strong>horam</strong></span> <span class='ocrx_word' id='word_1_638' title='bbox 2872 3881 3128 3954; x_wconf 89' lang='lat' dir='ltr'><strong>appellas,</strong></span> <span class='ocrx_word' id='word_1_639' title='bbox 3161 3890 3216 3936; x_wconf 92' lang='lat' dir='ltr'><strong>et</strong></span> <span class='ocrx_word' id='word_1_640' title='bbox 3241 3880 3390 3934; x_wconf 90' lang='lat' dir='ltr'><strong>illam</strong></span> <span class='ocrx_word' id='word_1_641' title='bbox 3421 3879 3594 3935; x_wconf 88' lang='lat' dir='ltr'><strong>semel</strong></span> <span class='ocrx_word' id='word_1_642' title='bbox 3624 3880 3769 3933; x_wconf 85' lang='lat' dir='ltr'><strong>etiam</strong></span> 
     </span>
    </p>
   </div>
   <div class='ocr_carea' id='block_1_83' title="bbox 2197 3973 3767 4036">
    <p class='ocr_par' dir='ltr' id='par_1_83' title="bbox 2197 3973 3767 4036">
     <span class='ocr_line' id='line_1_83' title="bbox 2197 3973 3767 4036; baseline -0.011 0"><span class='ocrx_word' id='word_1_643' title='bbox 2197 3989 2253 4035; x_wconf 90' lang='lat' dir='ltr'><strong>et</strong></span> <span class='ocrx_word' id='word_1_644' title='bbox 2281 3977 2517 4036; x_wconf 91' lang='lat' dir='ltr'><strong>secundo</strong></span> <span class='ocrx_word' id='word_1_645' title='bbox 2555 3975 2623 4030; x_wconf 88' lang='lat' dir='ltr'><strong>ab</strong></span> <span class='ocrx_word' id='word_1_646' title='bbox 2651 3990 2715 4031; x_wconf 92' lang='lat' dir='ltr'><strong>ea</strong></span> <span class='ocrx_word' id='word_1_647' title='bbox 2745 3975 2942 4031; x_wconf 88' lang='lat' dir='ltr'><strong>litteris</strong></span> <span class='ocrx_word' id='word_1_648' title='bbox 2989 3982 3245 4030; x_wconf 88' lang='lat' dir='ltr'><strong>evocatus</strong></span> <span class='ocrx_word' id='word_1_649' title='bbox 3268 3973 3424 4028; x_wconf 88' lang='lat' dir='ltr'><strong>adire</strong></span> <span class='ocrx_word' id='word_1_650' title='bbox 3461 3973 3767 4028; x_wconf 70' lang='lat' dir='ltr'><strong>dett-ecus:</strong></span> 
     </span>
    </p>
   </div>
   <div class='ocr_carea' id='block_1_84' title="bbox 2200 4060 3771 4143">
    <p class='ocr_par' dir='ltr' id='par_1_84' title="bbox 2200 4060 3771 4143">
     <span class='ocr_line' id='line_1_84' title="bbox 2200 4060 3771 4143; baseline -0.01 -14"><span class='ocrx_word' id='word_1_651' title='bbox 2200 4088 2320 4129; x_wconf 92' lang='lat' dir='ltr'><strong>cum</strong></span> <span class='ocrx_word' id='word_1_652' title='bbox 2351 4088 2415 4128; x_wconf 90' lang='lat' dir='ltr'><strong>ea</strong></span> <span class='ocrx_word' id='word_1_653' title='bbox 2449 4085 2571 4143; x_wconf 75' lang='lat' dir='ltr'><strong>quae</strong></span> <span class='ocrx_word' id='word_1_654' title='bbox 2619 4067 2787 4136; x_wconf 87' lang='lat' dir='ltr'><strong>voles,</strong></span> <span class='ocrx_word' id='word_1_655' title='bbox 2840 4079 2897 4124; x_wconf 92' lang='lat' dir='ltr'><strong>et</strong></span> <span class='ocrx_word' id='word_1_656' title='bbox 2956 4084 3056 4139; x_wconf 91' lang='lat' dir='ltr'><strong>pro</strong></span> <span class='ocrx_word' id='word_1_657' title='bbox 3099 4067 3292 4138; x_wconf 89' lang='lat' dir='ltr'><strong>quibus</strong></span> <span class='ocrx_word' id='word_1_658' title='bbox 3336 4077 3389 4122; x_wconf 92' lang='lat' dir='ltr'><strong>te</strong></span> <span class='ocrx_word' id='word_1_659' title='bbox 3445 4065 3597 4120; x_wconf 82' lang='lat' dir='ltr'><strong>illam</strong></span> <span class='ocrx_word' id='word_1_660' title='bbox 3632 4060 3771 4132; x_wconf 81' lang='lat' dir='ltr'><strong>ﬁngis</strong></span> 
     </span>
    </p>
   </div>
   <div class='ocr_carea' id='block_1_85' title="bbox 2201 4161 3765 4238">
    <p class='ocr_par' dir='ltr' id='par_1_85' title="bbox 2201 4161 3765 4238">
     <span class='ocr_line' id='line_1_85' title="bbox 2201 4161 3765 4238; baseline -0.008 -16"><span class='ocrx_word' id='word_1_661' title='bbox 2201 4167 2515 4238; x_wconf 90' lang='lat' dir='ltr'><strong>appellando</strong></span> <span class='ocrx_word' id='word_1_662' title='bbox 2563 4165 2741 4230; x_wconf 89' lang='lat' dir='ltr'><strong>adire,</strong></span> <span class='ocrx_word' id='word_1_663' title='bbox 2791 4164 3031 4234; x_wconf 89' lang='lat' dir='ltr'><strong>quolibet</strong></span> <span class='ocrx_word' id='word_1_664' title='bbox 3090 4164 3249 4220; x_wconf 89' lang='lat' dir='ltr'><strong>modo</strong></span> <span class='ocrx_word' id='word_1_665' title='bbox 3299 4161 3444 4232; x_wconf 88' lang='lat' dir='ltr'><strong>apud</strong></span> <span class='ocrx_word' id='word_1_666' title='bbox 3522 4161 3765 4216; x_wconf 86' lang='lat' dir='ltr'><strong>domuum</strong></span> 
     </span>
    </p>
   </div>
   <div class='ocr_carea' id='block_1_86' title="bbox 2200 4250 3774 4333">
    <p class='ocr_par' dir='ltr' id='par_1_86' title="bbox 2200 4250 3774 4333">
     <span class='ocr_line' id='line_1_86' title="bbox 2200 4250 3774 4333; baseline -0.009 -17"><span class='ocrx_word' id='word_1_667' title='bbox 2200 4275 2384 4333; x_wconf 89' lang='lat' dir='ltr'><strong>regem</strong></span> <span class='ocrx_word' id='word_1_668' title='bbox 2427 4260 2658 4326; x_wconf 88' lang='lat' dir='ltr'><strong>obtines,</strong></span> <span class='ocrx_word' id='word_1_669' title='bbox 2697 4272 2798 4330; x_wconf 92' lang='lat' dir='ltr'><strong>pro</strong></span> <span class='ocrx_word' id='word_1_670' title='bbox 2843 4266 2994 4312; x_wconf 92' lang='lat' dir='ltr'><strong>certo</strong></span> <span class='ocrx_word' id='word_1_671' title='bbox 3041 4258 3218 4311; x_wconf 89' lang='lat' dir='ltr'><strong>sciens</strong></span> <span class='ocrx_word' id='word_1_672' title='bbox 3270 4254 3451 4310; x_wconf 88' lang='lat' dir='ltr'><strong>adhuc</strong></span> <span class='ocrx_word' id='word_1_673' title='bbox 3489 4252 3563 4309; x_wconf 90' lang='lat' dir='ltr'><strong>de</strong></span> <span class='ocrx_word' id='word_1_674' title='bbox 3611 4250 3774 4308; x_wconf 84' lang='lat' dir='ltr'><strong>causis</strong></span> 
     </span>
    </p>
   </div>
   <div class='ocr_carea' id='block_1_87' title="bbox 2200 4339 3772 4422">
    <p class='ocr_par' dir='ltr' id='par_1_87' title="bbox 2200 4339 3772 4422">
     <span class='ocr_line' id='line_1_87' title="bbox 2200 4339 3772 4422; baseline -0.009 -16"><span class='ocrx_word' id='word_1_675' title='bbox 2200 4350 2431 4422; x_wconf 87' lang='lat' dir='ltr'><strong>regulari</strong></span> <span class='ocrx_word' id='word_1_676' title='bbox 2460 4351 2650 4405; x_wconf 90' lang='lat' dir='ltr'><strong>ordine</strong></span> <span class='ocrx_word' id='word_1_677' title='bbox 2677 4365 2782 4405; x_wconf 92' lang='lat' dir='ltr'><strong>non</strong></span> <span class='ocrx_word' id='word_1_678' title='bbox 2815 4357 2868 4404; x_wconf 89' lang='lat' dir='ltr'><strong>te</strong></span> <span class='ocrx_word' id='word_1_679' title='bbox 2897 4346 3228 4418; x_wconf 85' lang='lat' dir='ltr'><strong>compellari,</strong></span> <span class='ocrx_word' id='word_1_680' title='bbox 3247 4360 3348 4416; x_wconf 89' lang='lat' dir='ltr'><strong>pro</strong></span> <span class='ocrx_word' id='word_1_681' title='bbox 3375 4343 3586 4414; x_wconf 86' lang='lat' dir='ltr'><strong>quibus</strong></span> <span class='ocrx_word' id='word_1_682' title='bbox 3614 4339 3772 4411; x_wconf 57' lang='lat' dir='ltr'><strong>appet</strong></span> 
     </span>
    </p>
   </div>
   <div class='ocr_carea' id='block_1_88' title="bbox 2200 4433 3770 4516">
    <p class='ocr_par' dir='ltr' id='par_1_88' title="bbox 2200 4433 3770 4516">
     <span class='ocr_line' id='line_1_88' title="bbox 2200 4433 3770 4516; baseline -0.008 -17"><span class='ocrx_word' id='word_1_683' title='bbox 2200 4445 2318 4500; x_wconf 90' lang='lat' dir='ltr'><strong>laus</strong></span> <span class='ocrx_word' id='word_1_684' title='bbox 2342 4445 2394 4498; x_wconf 93' lang='lat' dir='ltr'><strong>in</strong></span> <span class='ocrx_word' id='word_1_685' title='bbox 2423 4444 2648 4516; x_wconf 88' lang='lat' dir='ltr'><strong>synodo,</strong></span> <span class='ocrx_word' id='word_1_686' title='bbox 2667 4458 2788 4497; x_wconf 90' lang='lat' dir='ltr'><strong>cum</strong></span> <span class='ocrx_word' id='word_1_687' title='bbox 2812 4439 3172 4512; x_wconf 86' lang='lat' dir='ltr'><strong>appellatione</strong></span> <span class='ocrx_word' id='word_1_688' title='bbox 3198 4448 3287 4492; x_wconf 91' lang='lat' dir='ltr'><strong>tua</strong></span> <span class='ocrx_word' id='word_1_689' title='bbox 3311 4437 3488 4499; x_wconf 88' lang='lat' dir='ltr'><strong>illam,</strong></span> <span class='ocrx_word' id='word_1_690' title='bbox 3512 4437 3658 4491; x_wconf 88' lang='lat' dir='ltr'><strong>sicut</strong></span> <span class='ocrx_word' id='word_1_691' title='bbox 3674 4433 3770 4502; x_wconf 77' lang='lat' dir='ltr'><strong>ipsa</strong></span> 
     </span>
    </p>
   </div>
   <div class='ocr_carea' id='block_1_89' title="bbox 2200 4527 3771 4606">
    <p class='ocr_par' dir='ltr' id='par_1_89' title="bbox 2200 4527 3771 4606">
     <span class='ocr_line' id='line_1_89' title="bbox 2200 4527 3771 4606; baseline -0.008 -17"><span class='ocrx_word' id='word_1_692' title='bbox 2200 4551 2295 4606; x_wconf 90' lang='lat' dir='ltr'><strong>per</strong></span> <span class='ocrx_word' id='word_1_693' title='bbox 2336 4547 2570 4589; x_wconf 89' lang='lat' dir='ltr'><strong>canones</strong></span> <span class='ocrx_word' id='word_1_694' title='bbox 2635 4533 2896 4601; x_wconf 56' lang='lat' dir='ltr'><strong>pra&#39;cipit,</strong></span> <span class='ocrx_word' id='word_1_695' title='bbox 2941 4545 3099 4587; x_wconf 88' lang='lat' dir='ltr'><strong>cures</strong></span> <span class='ocrx_word' id='word_1_696' title='bbox 3142 4529 3308 4584; x_wconf 88' lang='lat' dir='ltr'><strong>adire.</strong></span> <span class='ocrx_word' id='word_1_697' title='bbox 3365 4528 3524 4582; x_wconf 92' lang='lat' dir='ltr'><strong>Licet</strong></span> <span class='ocrx_word' id='word_1_698' title='bbox 3583 4527 3771 4593; x_wconf 82' lang='lat' dir='ltr'><strong>absque</strong></span> 
     </span>
    </p>
   </div>
   <div class='ocr_carea' id='block_1_90' title="bbox 2203 4619 3770 4694">
    <p class='ocr_par' dir='ltr' id='par_1_90' title="bbox 2203 4619 3770 4694">
     <span class='ocr_line' id='line_1_90' title="bbox 2203 4619 3770 4694; baseline -0.004 -15"><span class='ocrx_word' id='word_1_699' title='bbox 2203 4625 2506 4680; x_wconf 87' lang='lat' dir='ltr'><strong>rationabili</strong></span> <span class='ocrx_word' id='word_1_700' title='bbox 2535 4624 2876 4688; x_wconf 88' lang='lat' dir='ltr'><strong>necessitate,</strong></span> <span class='ocrx_word' id='word_1_701' title='bbox 2910 4633 3169 4694; x_wconf 89' lang='lat' dir='ltr'><strong>quantum</strong></span> <span class='ocrx_word' id='word_1_702' title='bbox 3191 4637 3257 4678; x_wconf 81' lang='lat' dir='ltr'><strong>ex</strong></span> <span class='ocrx_word' id='word_1_703' title='bbox 3289 4630 3341 4676; x_wconf 93' lang='lat' dir='ltr'><strong>te</strong></span> <span class='ocrx_word' id='word_1_704' title='bbox 3363 4629 3607 4684; x_wconf 88' lang='lat' dir='ltr'><strong>constat,</strong></span> <span class='ocrx_word' id='word_1_705' title='bbox 3640 4619 3770 4673; x_wconf 85' lang='lat' dir='ltr'><strong>litte-</strong></span> 
     </span>
    </p>
   </div>
   <div class='ocr_carea' id='block_1_91' title="bbox 515 4698 2096 4784">
    <p class='ocr_par' dir='ltr' id='par_1_91' title="bbox 515 4703 2096 4775">
     <span class='ocr_line' id='line_1_91' title="bbox 515 4703 2096 4775; baseline 0.002 -16"><span class='ocrx_word' id='word_1_706' title='bbox 515 4703 848 4775; x_wconf 88' lang='lat' dir='ltr'><strong>coepiscopis</strong></span> <span class='ocrx_word' id='word_1_707' title='bbox 893 4705 1092 4760; x_wconf 88' lang='lat' dir='ltr'><strong>nostris</strong></span> <span class='ocrx_word' id='word_1_708' title='bbox 1121 4706 1378 4771; x_wconf 89' lang='lat' dir='ltr'><strong>utebaris,</strong></span> <span class='ocrx_word' id='word_1_709' title='bbox 1428 4721 1550 4761; x_wconf 90' lang='lat' dir='ltr'><strong>cum</strong></span> <span class='ocrx_word' id='word_1_710' title='bbox 1593 4715 1797 4775; x_wconf 90' lang='lat' dir='ltr'><strong>quanto</strong></span> <span class='ocrx_word' id='word_1_711' title='bbox 1833 4721 2020 4762; x_wconf 86' lang='lat' dir='ltr'><strong>amore</strong></span> <span class='ocrx_word' id='word_1_712' title='bbox 2065 4722 2096 4761; x_wconf 89' lang='lat' dir='ltr'><strong>a</strong></span> 
     </span>
    </p>
   </div>
   <div class='ocr_carea' id='block_1_92' title="bbox 2198 4698 3771 4784">
    <p class='ocr_par' dir='ltr' id='par_1_92' title="bbox 2202 4713 3771 4784">
     <span class='ocr_line' id='line_1_92' title="bbox 2202 4713 3771 4784; baseline -0.005 -12"><span class='ocrx_word' id='word_1_713' title='bbox 2202 4732 2292 4772; x_wconf 86' lang='lat' dir='ltr'><strong>ras</strong></span> <span class='ocrx_word' id='word_1_714' title='bbox 2331 4716 2666 4772; x_wconf 85' lang='lat' dir='ltr'><strong>evocationis</strong></span> <span class='ocrx_word' id='word_1_715' title='bbox 2696 4725 2802 4769; x_wconf 74' lang='lat' dir='ltr'><strong>tute</strong></span> <span class='ocrx_word' id='word_1_716' title='bbox 2825 4715 3138 4779; x_wconf 88' lang='lat' dir='ltr'><strong>obtinueris,</strong></span> <span class='ocrx_word' id='word_1_717' title='bbox 3171 4722 3228 4768; x_wconf 93' lang='lat' dir='ltr'><strong>ut</strong></span> <span class='ocrx_word' id='word_1_718' title='bbox 3267 4713 3442 4784; x_wconf 87' lang='lat' dir='ltr'><strong>ipsam</strong></span> <span class='ocrx_word' id='word_1_719' title='bbox 3470 4713 3700 4782; x_wconf 85' lang='lat' dir='ltr'><strong>primam</strong></span> <span class='ocrx_word' id='word_1_720' title='bbox 3725 4717 3771 4764; x_wconf 86' lang='lat' dir='ltr'><strong>et</strong></span> 
     </span>
    </p>
   </div>
   <div class='ocr_carea' id='block_1_93' title="bbox 513 4793 2097 4865">
    <p class='ocr_par' dir='ltr' id='par_1_93' title="bbox 513 4793 2097 4865">
     <span class='ocr_line' id='line_1_93' title="bbox 513 4793 2097 4865; baseline 0.003 -16"><span class='ocrx_word' id='word_1_721' title='bbox 513 4793 792 4860; x_wconf 87' lang='lat' dir='ltr'><strong>Palatinis,</strong></span> <span class='ocrx_word' id='word_1_722' title='bbox 823 4804 880 4850; x_wconf 91' lang='lat' dir='ltr'><strong>et</strong></span> <span class='ocrx_word' id='word_1_723' title='bbox 916 4797 984 4850; x_wconf 89' lang='lat' dir='ltr'><strong>ab</strong></span> <span class='ocrx_word' id='word_1_724' title='bbox 1015 4795 1133 4851; x_wconf 89' lang='lat' dir='ltr'><strong>aliis</strong></span> <span class='ocrx_word' id='word_1_725' title='bbox 1162 4796 1318 4865; x_wconf 84' lang='lat' dir='ltr'><strong>hujus</strong></span> <span class='ocrx_word' id='word_1_726' title='bbox 1349 4807 1507 4852; x_wconf 64' lang='lat' dir='ltr'><strong>terra:</strong></span> <span class='ocrx_word' id='word_1_727' title='bbox 1549 4797 1857 4854; x_wconf 89' lang='lat' dir='ltr'><strong>hominibus</strong></span> <span class='ocrx_word' id='word_1_728' title='bbox 1887 4800 2097 4855; x_wconf 86' lang='lat' dir='ltr'><strong>coleba-</strong></span> 
     </span>
    </p>
   </div>
   <div class='ocr_carea' id='block_1_94' title="bbox 516 4887 2093 4958">
    <p class='ocr_par' dir='ltr' id='par_1_94' title="bbox 516 4887 2093 4958">
     <span class='ocr_line' id='line_1_94' title="bbox 516 4887 2093 4958; baseline 0.003 -15"><span class='ocrx_word' id='word_1_729' title='bbox 516 4887 610 4951; x_wconf 90' lang='lat' dir='ltr'><strong>ris,</strong></span> <span class='ocrx_word' id='word_1_730' title='bbox 640 4905 760 4944; x_wconf 91' lang='lat' dir='ltr'><strong>cum</strong></span> <span class='ocrx_word' id='word_1_731' title='bbox 791 4897 994 4958; x_wconf 89' lang='lat' dir='ltr'><strong>quanta</strong></span> <span class='ocrx_word' id='word_1_732' title='bbox 1024 4889 1224 4942; x_wconf 90' lang='lat' dir='ltr'><strong>amoris</strong></span> <span class='ocrx_word' id='word_1_733' title='bbox 1256 4889 1554 4944; x_wconf 86' lang='lat' dir='ltr'><strong>reverentia</strong></span> <span class='ocrx_word' id='word_1_734' title='bbox 1580 4905 1610 4944; x_wconf 87' lang='lat' dir='ltr'><strong>a</strong></span> <span class='ocrx_word' id='word_1_735' title='bbox 1637 4891 1732 4945; x_wconf 90' lang='lat' dir='ltr'><strong>tibi</strong></span> <span class='ocrx_word' id='word_1_736' title='bbox 1769 4891 2093 4957; x_wconf 88' lang='lat' dir='ltr'><strong>commissis,</strong></span> 
     </span>
    </p>
   </div>
   <div class='ocr_carea' id='block_1_95' title="bbox 516 4976 2098 5049">
    <p class='ocr_par' dir='ltr' id='par_1_95' title="bbox 516 4976 2098 5049">
     <span class='ocr_line' id='line_1_95' title="bbox 516 4976 2098 5049; baseline 0.001 -16"><span class='ocrx_word' id='word_1_737' title='bbox 516 4978 611 5033; x_wconf 88' lang='lat' dir='ltr'><strong>sed</strong></span> <span class='ocrx_word' id='word_1_738' title='bbox 644 4987 698 5033; x_wconf 93' lang='lat' dir='ltr'><strong>et</strong></span> <span class='ocrx_word' id='word_1_739' title='bbox 725 4995 756 5033; x_wconf 89' lang='lat' dir='ltr'><strong>a</strong></span> <span class='ocrx_word' id='word_1_740' title='bbox 786 4978 1006 5042; x_wconf 88' lang='lat' dir='ltr'><strong>nostris,</strong></span> <span class='ocrx_word' id='word_1_741' title='bbox 1057 4993 1086 5031; x_wconf 94' lang='lat' dir='ltr'><strong>a</strong></span> <span class='ocrx_word' id='word_1_742' title='bbox 1131 4976 1325 5046; x_wconf 90' lang='lat' dir='ltr'><strong>quibus</strong></span> <span class='ocrx_word' id='word_1_743' title='bbox 1377 4987 1434 5032; x_wconf 92' lang='lat' dir='ltr'><strong>et</strong></span> <span class='ocrx_word' id='word_1_744' title='bbox 1473 4995 1595 5034; x_wconf 91' lang='lat' dir='ltr'><strong>cum</strong></span> <span class='ocrx_word' id='word_1_745' title='bbox 1641 4980 1838 5049; x_wconf 88' lang='lat' dir='ltr'><strong>quibus</strong></span> <span class='ocrx_word' id='word_1_746' title='bbox 1871 4990 1928 5035; x_wconf 91' lang='lat' dir='ltr'><strong>et</strong></span> <span class='ocrx_word' id='word_1_747' title='bbox 1957 4982 2098 5036; x_wconf 87' lang='lat' dir='ltr'><strong>inter</strong></span> 
     </span>
    </p>
   </div>
   <div class='ocr_carea' id='block_1_96' title="bbox 517 5068 2099 5141">
    <p class='ocr_par' dir='ltr' id='par_1_96' title="bbox 517 5068 2099 5141">
     <span class='ocr_line' id='line_1_96' title="bbox 517 5068 2099 5141; baseline 0.004 -21"><span class='ocrx_word' id='word_1_748' title='bbox 517 5083 654 5138; x_wconf 86' lang='lat' dir='ltr'><strong>quos</strong></span> <span class='ocrx_word' id='word_1_749' title='bbox 677 5071 915 5125; x_wconf 89' lang='lat' dir='ltr'><strong>nutritus</strong></span> <span class='ocrx_word' id='word_1_750' title='bbox 935 5068 1105 5134; x_wconf 90' lang='lat' dir='ltr'><strong>fuisti,</strong></span> <span class='ocrx_word' id='word_1_751' title='bbox 1128 5069 1496 5132; x_wconf 90' lang='lat' dir='ltr'><strong>venerabaris,</strong></span> <span class='ocrx_word' id='word_1_752' title='bbox 1523 5078 1813 5141; x_wconf 87' lang='lat' dir='ltr'><strong>antequam</strong></span> <span class='ocrx_word' id='word_1_753' title='bbox 1836 5072 2099 5127; x_wconf 85' lang='lat' dir='ltr'><strong>immode-</strong></span> 
     </span>
    </p>
   </div>
   <div class='ocr_carea' id='block_1_97' title="bbox 517 5159 2093 5232">
    <p class='ocr_par' dir='ltr' id='par_1_97' title="bbox 517 5159 2093 5232">
     <span class='ocr_line' id='line_1_97' title="bbox 517 5159 2093 5232; baseline 0.004 -21"><span class='ocrx_word' id='word_1_754' title='bbox 517 5168 666 5214; x_wconf 88' lang='lat' dir='ltr'><strong>ratus</strong></span> <span class='ocrx_word' id='word_1_755' title='bbox 709 5176 860 5216; x_wconf 91' lang='lat' dir='ltr'><strong>amor</strong></span> <span class='ocrx_word' id='word_1_756' title='bbox 904 5159 1084 5216; x_wconf 67' lang='lat' dir='ltr'><strong>saeculi</strong></span> <span class='ocrx_word' id='word_1_757' title='bbox 1134 5159 1228 5214; x_wconf 91' lang='lat' dir='ltr'><strong>tibi</strong></span> <span class='ocrx_word' id='word_1_758' title='bbox 1276 5159 1559 5228; x_wconf 88' lang='lat' dir='ltr'><strong>irreperet,</strong></span> <span class='ocrx_word' id='word_1_759' title='bbox 1599 5170 1655 5215; x_wconf 92' lang='lat' dir='ltr'><strong>et</strong></span> <span class='ocrx_word' id='word_1_760' title='bbox 1694 5176 1790 5231; x_wconf 91' lang='lat' dir='ltr'><strong>per</strong></span> <span class='ocrx_word' id='word_1_761' title='bbox 1833 5164 2093 5232; x_wconf 90' lang='lat' dir='ltr'><strong>quosdam</strong></span> 
     </span>
    </p>
   </div>
   <div class='ocr_carea' id='block_1_98' title="bbox 516 5249 2093 5321">
    <p class='ocr_par' dir='ltr' id='par_1_98' title="bbox 516 5249 2093 5321">
     <span class='ocr_line' id='line_1_98' title="bbox 516 5249 2093 5321; baseline 0.002 -17"><span class='ocrx_word' id='word_1_762' title='bbox 516 5249 841 5320; x_wconf 86' lang='lat' dir='ltr'><strong>subriperet,</strong></span> <span class='ocrx_word' id='word_1_763' title='bbox 883 5260 939 5307; x_wconf 92' lang='lat' dir='ltr'><strong>et</strong></span> <span class='ocrx_word' id='word_1_764' title='bbox 963 5252 1030 5306; x_wconf 92' lang='lat' dir='ltr'><strong>ad</strong></span> <span class='ocrx_word' id='word_1_765' title='bbox 1057 5260 1199 5307; x_wconf 87' lang='lat' dir='ltr'><strong>sete</strong></span> <span class='ocrx_word' id='word_1_766' title='bbox 1246 5258 1496 5321; x_wconf 88' lang='lat' dir='ltr'><strong>raperet;</strong></span> <span class='ocrx_word' id='word_1_767' title='bbox 1539 5259 1594 5304; x_wconf 87' lang='lat' dir='ltr'><strong>et</strong></span> <span class='ocrx_word' id='word_1_768' title='bbox 1637 5266 1760 5305; x_wconf 91' lang='lat' dir='ltr'><strong>cum</strong></span> <span class='ocrx_word' id='word_1_769' title='bbox 1793 5260 1844 5307; x_wconf 92' lang='lat' dir='ltr'><strong>te</strong></span> <span class='ocrx_word' id='word_1_770' title='bbox 1882 5263 2093 5321; x_wconf 89' lang='lat' dir='ltr'><strong>raptum</strong></span> 
     </span>
    </p>
   </div>
   <div class='ocr_carea' id='block_1_99' title="bbox 522 5339 2089 5376">
    <p class='ocr_par' dir='ltr' id='par_1_99' title="bbox 522 5339 2089 5376">
     <span class='ocr_line' id='line_1_99' title="bbox 522 5339 2089 5376; baseline 0 0"><span class='ocrx_word' id='word_1_771' title='bbox 522 5339 698 5376; x_wconf 58' lang='lat' dir='ltr'><strong>i&#39;l&#39;lilllil</strong></span> <span class='ocrx_word' id='word_1_772' title='bbox 757 5342 881 5376; x_wconf 56' lang='lat' dir='ltr'><strong>I‘Aﬂ;l</strong></span> <span class='ocrx_word' id='word_1_773' title='bbox 915 5345 1141 5376; x_wconf 66' lang='grc' dir='ltr'><strong>ιηιιηιῖηβ</strong></span> <span class='ocrx_word' id='word_1_774' title='bbox 1174 5343 1307 5376; x_wconf 54' lang='lat' dir='ltr'><strong>(ﬂaui</strong></span> <span class='ocrx_word' id='word_1_775' title='bbox 1340 5341 1468 5376; x_wconf 58' lang='lat' dir='ltr'><strong>enini</strong></span> <span class='ocrx_word' id='word_1_776' title='bbox 1509 5339 1684 5376; x_wconf 64' lang='grc' dir='ltr'><strong>ἷσιηοιιο</strong></span> <span class='ocrx_word' id='word_1_777' title='bbox 1727 5346 1952 5376; x_wconf 66' lang='grc' dir='ltr'><strong>Ιηηηιιηο</strong></span> <span class='ocrx_word' id='word_1_778' title='bbox 1990 5345 2089 5376; x_wconf 61' lang='grc' dir='ltr'><strong>ξηι-</strong></span> 
     </span>
    </p>
   </div>
   <div class='ocr_carea' id='block_1_100' title="bbox 2201 4802 3769 4874">
    <p class='ocr_par' dir='ltr' id='par_1_100' title="bbox 2201 4802 3769 4874">
     <span class='ocr_line' id='line_1_100' title="bbox 2201 4802 3769 4874; baseline -0.008 -10"><span class='ocrx_word' id='word_1_779' title='bbox 2201 4816 2442 4864; x_wconf 90' lang='lat' dir='ltr'><strong>sanctam</strong></span> <span class='ocrx_word' id='word_1_780' title='bbox 2484 4807 2668 4863; x_wconf 90' lang='lat' dir='ltr'><strong>sedem</strong></span> <span class='ocrx_word' id='word_1_781' title='bbox 2696 4807 2893 4862; x_wconf 89' lang='lat' dir='ltr'><strong>adires.</strong></span> <span class='ocrx_word' id='word_1_782' title='bbox 2927 4805 3189 4861; x_wconf 55' lang='lat' dir='ltr'><strong>Castorum</strong></span> <span class='ocrx_word' id='word_1_783' title='bbox 3235 4805 3352 4874; x_wconf 90' lang='lat' dir='ltr'><strong>ipsa</strong></span> <span class='ocrx_word' id='word_1_784' title='bbox 3387 4803 3536 4858; x_wconf 90' lang='lat' dir='ltr'><strong>unde</strong></span> <span class='ocrx_word' id='word_1_785' title='bbox 3564 4812 3622 4859; x_wconf 91' lang='lat' dir='ltr'><strong>et</strong></span> <span class='ocrx_word' id='word_1_786' title='bbox 3650 4802 3769 4857; x_wconf 82' lang='lat' dir='ltr'><strong>sicut</strong></span> 
     </span>
    </p>
   </div>
   <div class='ocr_carea' id='block_1_101' title="bbox 2201 4893 3769 4964">
    <p class='ocr_par' dir='ltr' id='par_1_101' title="bbox 2201 4893 3769 4964">
     <span class='ocr_line' id='line_1_101' title="bbox 2201 4893 3769 4964; baseline -0.007 -6"><span class='ocrx_word' id='word_1_787' title='bbox 2201 4903 2351 4958; x_wconf 90' lang='lat' dir='ltr'><strong>audit</strong></span> <span class='ocrx_word' id='word_1_788' title='bbox 2387 4903 2655 4958; x_wconf 79' lang='lat' dir='ltr'><strong>rescribit.</strong></span> <span class='ocrx_word' id='word_1_789' title='bbox 2705 4899 2878 4957; x_wconf 88' lang='lat' dir='ltr'><strong>Crede</strong></span> <span class='ocrx_word' id='word_1_790' title='bbox 2911 4899 3064 4964; x_wconf 91' lang='lat' dir='ltr'><strong>mihi,</strong></span> <span class='ocrx_word' id='word_1_791' title='bbox 3112 4897 3279 4952; x_wconf 87' lang='lat' dir='ltr'><strong>frater</strong></span> <span class='ocrx_word' id='word_1_792' title='bbox 3328 4913 3396 4952; x_wconf 91' lang='lat' dir='ltr'><strong>ac</strong></span> <span class='ocrx_word' id='word_1_793' title='bbox 3439 4895 3542 4959; x_wconf 87' lang='lat' dir='ltr'><strong>ﬁli,</strong></span> <span class='ocrx_word' id='word_1_794' title='bbox 3589 4896 3634 4950; x_wconf 88' lang='lat' dir='ltr'><strong>si</strong></span> <span class='ocrx_word' id='word_1_795' title='bbox 3689 4893 3769 4962; x_wconf 82' lang='lat' dir='ltr'><strong>qui</strong></span> 
     </span>
    </p>
   </div>
   <div class='ocr_carea' id='block_1_102' title="bbox 2202 4989 3770 5066">
    <p class='ocr_par' dir='ltr' id='par_1_102' title="bbox 2202 4989 3770 5066">
     <span class='ocr_line' id='line_1_102' title="bbox 2202 4989 3770 5066; baseline -0.007 -14"><span class='ocrx_word' id='word_1_796' title='bbox 2202 5005 2331 5052; x_wconf 91' lang='lat' dir='ltr'><strong>sunt</strong></span> <span class='ocrx_word' id='word_1_797' title='bbox 2387 4997 2476 5066; x_wconf 92' lang='lat' dir='ltr'><strong>qui</strong></span> <span class='ocrx_word' id='word_1_798' title='bbox 2506 5003 2558 5050; x_wconf 90' lang='lat' dir='ltr'><strong>te</strong></span> <span class='ocrx_word' id='word_1_799' title='bbox 2585 4995 2872 5051; x_wconf 86' lang='lat' dir='ltr'><strong>hortantur</strong></span> <span class='ocrx_word' id='word_1_800' title='bbox 2901 4995 2954 5048; x_wconf 95' lang='lat' dir='ltr'><strong>in</strong></span> <span class='ocrx_word' id='word_1_801' title='bbox 2999 4994 3099 5049; x_wconf 88' lang='lat' dir='ltr'><strong>hac</strong></span> <span class='ocrx_word' id='word_1_802' title='bbox 3147 4989 3476 5062; x_wconf 87' lang='lat' dir='ltr'><strong>pertinacia,</strong></span> <span class='ocrx_word' id='word_1_803' title='bbox 3505 5005 3669 5061; x_wconf 89' lang='lat' dir='ltr'><strong>quam</strong></span> <span class='ocrx_word' id='word_1_804' title='bbox 3700 4989 3770 5041; x_wconf 86' lang='lat' dir='ltr'><strong>in-</strong></span> 
     </span>
    </p>
   </div>
   <div class='ocr_carea' id='block_1_103' title="bbox 2202 5080 3770 5164">
    <p class='ocr_par' dir='ltr' id='par_1_103' title="bbox 2202 5080 3770 5164">
     <span class='ocr_line' id='line_1_103' title="bbox 2202 5080 3770 5164; baseline -0.006 -23"><span class='ocrx_word' id='word_1_805' title='bbox 2202 5087 2380 5142; x_wconf 91' lang='lat' dir='ltr'><strong>debite</strong></span> <span class='ocrx_word' id='word_1_806' title='bbox 2406 5094 2464 5142; x_wconf 93' lang='lat' dir='ltr'><strong>et</strong></span> <span class='ocrx_word' id='word_1_807' title='bbox 2493 5087 2610 5142; x_wconf 89' lang='lat' dir='ltr'><strong>sine</strong></span> <span class='ocrx_word' id='word_1_808' title='bbox 2639 5085 2743 5140; x_wconf 86' lang='lat' dir='ltr'><strong>ulla</strong></span> <span class='ocrx_word' id='word_1_809' title='bbox 2772 5085 3095 5142; x_wconf 90' lang='lat' dir='ltr'><strong>necessitate</strong></span> <span class='ocrx_word' id='word_1_810' title='bbox 3117 5080 3487 5153; x_wconf 90' lang='lat' dir='ltr'><strong>assumpsisti,</strong></span> <span class='ocrx_word' id='word_1_811' title='bbox 3513 5092 3570 5136; x_wconf 90' lang='lat' dir='ltr'><strong>et</strong></span> <span class='ocrx_word' id='word_1_812' title='bbox 3599 5082 3651 5136; x_wconf 88' lang='lat' dir='ltr'><strong>in</strong></span> <span class='ocrx_word' id='word_1_813' title='bbox 3677 5094 3770 5164; x_wconf 76' lang='lat' dir='ltr'><strong>qua</strong></span> 
     </span>
    </p>
   </div>
   <div class='ocr_carea' id='block_1_104' title="bbox 2196 5173 3771 5250">
    <p class='ocr_par' dir='ltr' id='par_1_104' title="bbox 2196 5173 3771 5250">
     <span class='ocr_line' id='line_1_104' title="bbox 2196 5173 3771 5250; baseline -0.005 -18"><span class='ocrx_word' id='word_1_814' title='bbox 2196 5192 2502 5250; x_wconf 88' lang='lat' dir='ltr'><strong>permanes,</strong></span> <span class='ocrx_word' id='word_1_815' title='bbox 2541 5177 2833 5248; x_wconf 88' lang='lat' dir='ltr'><strong>pertinere,</strong></span> <span class='ocrx_word' id='word_1_816' title='bbox 2879 5193 2986 5233; x_wconf 92' lang='lat' dir='ltr'><strong>non</strong></span> <span class='ocrx_word' id='word_1_817' title='bbox 3011 5193 3106 5245; x_wconf 89' lang='lat' dir='ltr'><strong>pro</strong></span> <span class='ocrx_word' id='word_1_818' title='bbox 3136 5184 3224 5229; x_wconf 88' lang='lat' dir='ltr'><strong>tua</strong></span> <span class='ocrx_word' id='word_1_819' title='bbox 3249 5173 3448 5236; x_wconf 92' lang='lat' dir='ltr'><strong>salute,</strong></span> <span class='ocrx_word' id='word_1_820' title='bbox 3479 5189 3659 5243; x_wconf 77' lang='lat' dir='ltr'><strong>neque</strong></span> <span class='ocrx_word' id='word_1_821' title='bbox 3685 5185 3771 5241; x_wconf 84' lang='lat' dir='ltr'><strong>pm</strong></span> 
     </span>
    </p>
   </div>
   <div class='ocr_carea' id='block_1_105' title="bbox 2199 5265 3767 5335">
    <p class='ocr_par' dir='ltr' id='par_1_105' title="bbox 2199 5265 3767 5335">
     <span class='ocr_line' id='line_1_105' title="bbox 2199 5265 3767 5335; baseline -0.004 -14"><span class='ocrx_word' id='word_1_822' title='bbox 2199 5275 2292 5322; x_wconf 92' lang='lat' dir='ltr'><strong>tuo</strong></span> <span class='ocrx_word' id='word_1_823' title='bbox 2323 5267 2527 5321; x_wconf 89' lang='lat' dir='ltr'><strong>honore</strong></span> <span class='ocrx_word' id='word_1_824' title='bbox 2573 5266 2674 5320; x_wconf 86' lang='lat' dir='ltr'><strong>hoc</strong></span> <span class='ocrx_word' id='word_1_825' title='bbox 2725 5265 2948 5320; x_wconf 87' lang='lat' dir='ltr'><strong>faciunt.</strong></span> <span class='ocrx_word' id='word_1_826' title='bbox 3001 5266 3066 5320; x_wconf 83' lang='lat' dir='ltr'><strong>Et</strong></span> <span class='ocrx_word' id='word_1_827' title='bbox 3128 5278 3233 5317; x_wconf 93' lang='lat' dir='ltr'><strong>non</strong></span> <span class='ocrx_word' id='word_1_828' title='bbox 3276 5265 3620 5335; x_wconf 89' lang='lat' dir='ltr'><strong>episcopum,</strong></span> <span class='ocrx_word' id='word_1_829' title='bbox 3675 5275 3767 5315; x_wconf 89' lang='lat' dir='ltr'><strong>non</strong></span> 
     </span>
    </p>
   </div>
  </div>
