3948 5376
159 235 270 291 457

938 232 1180 292 OPUSC.
1222 232 1315 288 ET
1349 229 1570 288 EPIST.
1611 229 1675 285 IN
1717 229 1945 288 CAUSA
1991 227 2325 287 HINCMARI
2363 225 2673 284 LAUDUN.

3346 226 3453 282 458

155 353 472 412 consilium.
526 353 745 425 Depone
803 355 1022 410 noxiam
1067 353 1166 409 tibi
1225 351 1650 412 animositatem,
1689 354 1745 401 et
1773 347 1819 406 Α
1850 344 2110 415 subjectis
2158 343 2450 399 intentaret
2508 340 2934 405 damnationem,
2997 347 3222 411 repente
3282 340 3451 402 fronti

157 445 282 500 illas
323 447 550 512 manias,
576 447 706 516 quin
732 449 908 517 potius
932 447 1248 518 tragoedias,
1286 460 1407 514 qua:
1453 442 1606 497 vadis
1653 454 1750 509 per

155 545 286 593 tuas
333 537 678 593 collectiones
735 548 791 594 et
841 538 1266 608 subscriptiones
1321 532 1748 604 interpretando,

152 631 296 685 mihi
326 631 576 696 ostende,
616 643 671 686 et
697 640 939 702 tempore
964 646 1224 702 congruo,
1273 646 1395 684 cum
1447 629 1645 697 quibus
1697 636 1752 680 et

153 737 286 778 cum
315 723 533 793 quantis
561 723 799 778 volueris
825 725 891 778 de
914 722 1176 778 fratribus
1199 730 1254 776 et
1278 719 1620 790 coepiscopis
1649 733 1750 772 no-

153 815 312 877 stris,
357 813 528 868 sedet
553 813 620 868 de
645 813 1024 869 communibus
1065 811 1272 866 nostris
1299 810 1566 875 fidelibus,
1596 809 1753 862 fami-

153 903 369 958 liariter
399 903 520 957 illas
546 903 808 974 legamus,
837 912 892 957 et
924 903 1265 957 inveniamus
1294 901 1420 955 inde
1441 897 1749 962 Consilium,

151 995 397 1064 qualiter
425 1002 479 1048 et
508 993 625 1048 sine
655 1003 747 1047 tuo
769 993 1032 1063 periculo,
1061 1001 1118 1048 et
1169 995 1288 1048 sine
1325 990 1618 1062 Opprobrio
1665 1004 1752 1044 so-

150 1087 397 1158 piantur,
429 1087 556 1156 quia
583 1087 670 1141 illa
701 1095 790 1141 tua
836 1087 1185 1157 subscriptio,
1217 1086 1416 1140 divinae
1446 1084 1742 1140 auctorita-

149 1179 245 1241 tis,
275 1193 398 1248 qua:
432 1194 530 1248 per
576 1177 792 1232 beatum
837 1177 1074 1233 Leonem
1103 1179 1257 1241 dicit,
1292 1177 1415 1246 quia
1449 1175 1502 1229 in
1537 1174 1746 1237 causis,

148 1283 276 1338 quae
304 1268 370 1322 ad
393 1269 698 1340 generalem
743 1268 1146 1324 observantiam
1193 1268 1469 1339 pertinent
1501 1267 1744 1320 omnium

147 1359 368 1414 Domini
411 1360 781 1424 sacerdotum,
838 1359 972 1414 nihil
1019 1359 1136 1414 sine
1167 1359 1490 1429 primatibus
1527 1364 1747 1426 oportet

147 1451 392 1523 impleri,
433 1462 516 1508 est
547 1453 925 1509 contradictio.
961 1453 1026 1507 Et
1069 1454 1114 1509 si
1154 1453 1208 1508 in
1250 1452 1606 1522 plurimorum
1664 1467 1750 1506 sa-

145 1546 398 1616 pientum
458 1547 704 1601 notitiam
735 1545 943 1614 perlata
993 1546 1156 1600 fuerit
1206 1553 1294 1599 tua
1346 1544 1566 1610 derisio,
1619 1544 1750 1597 inci-

144 1639 314 1708 pient,
340 1638 516 1707 inquit
573 1638 850 1700 Dominus,
885 1653 1061 1690 omnes
1098 1636 1320 1690 illudere
1359 1637 1426 1700 ei,
1469 1635 1740 1690 dicentes:

1857 438 2012 506 signo
2042 436 2220 490 crucis
2251 436 2514 504 impresso
2536 449 2697 489 omne
2726 433 2779 487 in
2809 448 2867 488 se
2895 434 3208 489 incendium
3254 435 3454 492 furoris

1855 528 2224 592 exstinxisset,
2249 538 2302 583 et
2326 529 2498 582 minas
2525 527 2883 598 deposuisset.
2903 527 3025 582 Etsi
3045 529 3250 584 homini
3279 547 3454 585 smon-

1856 621 1955 675 lari
1981 629 2251 691 potestate
2290 621 2515 691 praedito
2545 621 2623 676 sic
2655 621 2842 689 utique
2889 627 2976 673 est
3002 621 3291 689 agendum,
3322 623 3452 693 qni-l

1857 730 1957 769 nos
1984 715 2166 769 miseri
2185 716 2495 770 sacerdotes
2511 713 2784 782 injudicio
2808 712 2901 765 Dei
2921 713 3190 778 dicemus,
3212 713 3304 783 qui
3330 713 3454 770 loco

1857 804 2182 860 sacerdotali
2201 804 2456 870 devincti,
2475 819 2580 858 non
2601 812 2814 858 nostras
2841 802 2949 857 ullo
2980 803 3160 870 modo,
3189 805 3280 860 sed
3312 806 3453 860 divi-

1857 916 1958 955 nas
1986 900 2213 971 injurias
2231 917 2353 955 cum
2379 900 2753 955 misericordia
2775 908 2830 954 et
2858 899 3186 956 discretione
3215 900 3268 954 in
3295 899 3450 968 alios,

1857 1003 2065 1049 etcum
2119 996 2409 1049 severitate
2442 993 2494 1046 in
2523 993 2910 1063 nosmetipsos,
2965 993 3247 1050 vindicare
3285 995 3450 1050 debes

1857 1099 2001 1148 mus,
2028 1083 2072 1137 si
2103 1085 2171 1137 ad
2200 1083 2650 1139 evindicationem
2687 1085 2862 1154 parati
2897 1100 3116 1156 semper
3143 1085 3453 1152 existimus,

1859 1174 2058 1245 quibus
2083 1174 2284 1228 dicitur
2326 1193 2338 1227 :
2376 1173 2676 1242 Benefacite
2711 1174 2792 1228 his
2838 1176 2928 1246 qui
2956 1175 3179 1230 oderunt
3208 1193 3318 1244 vos,
3351 1195 3455 1232 non

1859 1271 2130 1324 reddentes
2161 1270 2360 1324 malum
2385 1287 2479 1338 pro
2507 1269 2646 1323 malo
2676 1269 2894 1341 (Matth.
2941 1270 3022 1340 v).
3055 1269 3333 1340 Scriptum
3372 1280 3458 1326 cst

1857 1365 2003 1419 enim
2033 1382 2045 1417 :
2075 1363 2206 1418 Mihi
2239 1364 2542 1429 vindictam,
2573 1374 2622 1418 et
2645 1381 2737 1435 ego
2765 1365 3075 1430 retribuam,
3100 1367 3228 1420 dicit
3278 1367 3459 1421 Domi—

1856 1475 1956 1512 nus
1981 1477 1993 1512 :
2019 1459 2109 1513 sed
2124 1459 2170 1512 si
2183 1459 2423 1514 esurierit
2442 1458 2684 1512 inimicus
2714 1470 2856 1524 tuus,
2889 1459 3002 1513 ciba
3028 1459 3220 1526 illum;
3249 1463 3294 1515 si
3323 1463 3460 1527 sitit,

1855 1560 2037 1620 potum
2083 1549 2152 1603 da
2196 1549 2275 1602 illi
2307 1549 2360 1618 (Ι
2394 1549 2539 1603 Petr.
2596 1565 2679 1613 ηις
2737 1547 2890 1604 Rom.
2934 1556 3056 1621 xu).
3095 1552 3159 1607 Et
3193 1552 3455 1608 Salomon

1858 1640 2028 1695 dicit:
2055 1639 2246 1694 Melior
2271 1650 2346 1695 est
2385 1641 2592 1710 patiens
2624 1642 2732 1696 viro
2763 1643 2916 1711 forte,
2949 1653 2997 1697 et
3023 1647 3114 1714 qui
3146 1645 3465 1699 dominatur

145 1728 291 1796 Quia
322 1731 406 1783 hic
433 1732 587 1784 homo
611 1731 764 1798 carpit
794 1730 1080 1797 wdiﬁcare,
1109 1740 1155 1782 et
1185 1745 1287 1781 non
1313 1729 1480 1798 potuit
1509 1744 1749 1781 consum-
1784 1715 1831 1774 Β
1857 1733 2034 1786 animo
2058 1750 2152 1787 suo
2205 1743 2562 1803 ea‘pugnatore
2606 1734 2816 1787 urbium
2860 1733 3049 1802 (Prov.
3098 1737 3234 1808 XVI).
3280 1735 3463 1791 Minor

142 1821 466 1894 mare(Luc.
485 1824 617 1893 xw).
645 1822 782 1889 Quia
806 1822 952 1876 enim
974 1821 1106 1875 nihil
1125 1822 1202 1883 lit,
1233 1821 1334 1875 nisi
1361 1820 1503 1888 quod
1527 1828 1619 1874 aut
1649 1821 1754 1874 Do-

138 1915 334 1970 minus
347 1915 619 1970 voluntate
637 1915 785 1980 facit,
802 1926 894 1968 aut
909 1915 1021 1969 fieri
1037 1925 1229 1969 contra
1242 1913 1574 1968 voluntatem
1595 1929 1751 1967 suam

139 2007 424 2064 interdum
451 2007 595 2077 juste
618 2008 901 2078 permittit,
925 2017 976 2062 et
1007 2009 1142 2062 miro
1166 2009 1328 2062 modo
1365 2007 1447 2072 lit,
1471 2007 1599 2077 quia
1639 1989 1756 2076 ejus

139 2101 380 2157 consilio
414 2102 646 2156 militant
679 2101 842 2156 etiam
875 2115 996 2171 qua:
1017 2101 1135 2170 ejus
1169 2099 1398 2154 consilio
1431 2107 1752 2170 repugnant,

141 2195 189 2249 si
216 2194 470 2264 quaedam
494 2193 788 2262 aliquando
809 2206 1065 2262 perverse
1091 2206 1120 2244 a
1137 2191 1407 2260 perversis
1421 2189 1750 2255 obtinentur,

138 2285 235 2339 vel
259 2285 659 2348 evindicantur,
689 2284 865 2340 autad
893 2300 1082 2339 eorum
1109 2284 1538 2348 damnationem,
1560 2294 1654 2337 aut
1687 2284 1755 2338 ad

139 2377 447 2433 electorum
473 2377 875 2448 purgationem,
892 2388 983 2432 aut
1007 2377 1075 2430 ad
1098 2385 1388 2444 utrumque
1411 2374 1526 2430 fieri
1569 2375 1754 2430 Domi-

140 2473 408 2542 nusjuste
424 2472 708 2540 permittit,
725 2480 780 2524 et
794 2473 847 2524 in
865 2486 964 2526 suo
982 2481 1222 2539 tempore
1244 2483 1338 2524 eos
1355 2467 1755 2536 irridebit,quia

139 2565 289 2620 sicut
305 2565 437 2620 item
452 2565 712 2633 scriptum
727 2574 810 2619 est
830 2583 842 2618 :
859 2563 1204 2617 Illusionibus
1221 2564 1328 2630 ipse
1340 2559 1551 2614 deludet
1570 2557 1752 2626 (Prov.

140 2657 254 2726 ιιι).
283 2648 512 2726 Propter
545 2655 688 2725 quod
711 2655 994 2710 Psalmista
1023 2653 1230 2724 Spiritu
1267 2660 1458 2707 sancto
1496 2651 1752 2721 repletus,

143 2763 597 2816 unumquemque
616 2747 824 2803 fidelem
848 2747 1303 2801 admonetdiceus
1324 2729 1339 2801 ἐ
1359 2744 1486 2800 Noli
1514 2743 1757 2799 wmulari

137 2841 196 2894 in
223 2857 284 2894 eo
308 2841 398 2911 qui
419 2840 823 2910 prosperaturin
847 2841 930 2892 via
945 2856 1065 2903 sua,
1087 2839 1144 2892 in
1159 2839 1369 2892 homine
1383 2838 1603 2907 faciente
1617 2837 1760 2906 inju-

137 2933 344 2994 stitias,
363 2933 610 3003 quoniam
633 2933 724 3002 qui
747 2931 1105 3001 malignantur
1125 2931 1630 2984 exterminabuntur.
1659 2930 1754 2988 Et:

147 3021 274 3075 Vidi
304 3024 521 3092 impium
549 3024 1082 3094 superexaltatum,et
1109 3021 1362 3076 eleuatum
1391 3039 1539 3091 stipe:
1579 3023 1758 3076 :cdros

1856 1832 1940 1876 est
1975 1838 2105 1894 ergo
2147 1823 2374 1878 victoria
2416 1825 2578 1879 urbes
2624 1840 2956 1895 expugnare,
2991 1827 3117 1896 quia
3147 1837 3302 1882 extra
3334 1837 3463 1884 sunt

1857 1930 1978 1984 quae
2009 1917 2338 1971 vincuntur:
2366 1917 2544 1987 majus
2584 1927 2766 1972 autem
2813 1929 2897 1974 est
2928 1921 3073 1988 quod
3123 1936 3222 1990 per
3251 1922 3463 1990 patien-

1859 2007 1990 2060 tiam
2023 2008 2278 2072 vincitur,
2331 2009 2456 2078 quia
2487 2009 2602 2078 ipse
2627 2026 2656 2062 a
2688 2025 2748 2064 se
2777 2012 2994 2066 animus
3040 2025 3352 2083 superatur,
3407 2024 3464 2068 et

1858 2098 2208 2167 semetipsum
2233 2100 2553 2168 sibimetipsi
2583 2098 2821 2167 subjicit,
2849 2104 3070 2171 quando
3093 2119 3215 2156 cum
3245 2107 3456 2175 patien-

1859 2188 1930 2241 tia
1959 2188 2011 2241 in
2043 2188 2342 2242 humilitate
2374 2189 2676 2244 tolerantiae
2705 2191 3020 2246 substernit.
3088 2192 3224 2257 Qui,
3287 2195 3461 2264 inquit

1857 2281 2168 2351 Apostolus,
2209 2292 2329 2335 sunt
2373 2281 2601 2348 Christi,
2631 2299 2842 2337 carnem
2876 2300 3029 2337 suam
3077 2285 3456 2354 cruciﬁxerunt

1857 2389 1975 2426 cum
2015 2373 2146 2426 vitiis
2173 2383 2220 2426 et
2253 2373 2688 2441 concupiscentiis
2709 2372 2853 2446 (Gal.
2890 2376 2965 2442 v),
2998 2384 3058 2428 ut
3086 2392 3192 2429 non
3225 2375 3397 2432 solum
3429 2394 3456 2428 a

1857 2482 2026 2536 pravo
2054 2481 2239 2536 opere,
2261 2465 2353 2519 sed
2384 2467 2548 2520 etiam
2572 2483 2601 2520 a
2625 2468 3067 2538 concupiscentia
3098 2471 3250 2538 pravi
3279 2471 3464 2541 operis

1859 2557 2130 2622 cruciﬁxi,
2164 2573 2273 2613 non
2304 2573 2598 2628 sequamur
2640 2559 3052 2626 deliberatione,
3107 2563 3328 2618 minime
3361 2577 3459 2616 au-

1859 2659 1969 2706 tem
2001 2666 2185 2721 opere,
2217 2651 2359 2720 quod
2411 2666 2579 2720 prave
2629 2667 2660 2706 a
2711 2652 2866 2707 nobis
2915 2654 3345 2723 concupiscitur,
3375 2655 3460 2711 vel

1860 2744 1914 2800 in
1947 2753 2129 2800 mente
2179 2747 2516 2814 suggeritur,
2559 2745 2771 2800 Domini
2823 2747 3164 2802 incessanter
3207 2757 3455 2818 petentes

1859 2835 2228 2900 clementiam,
2262 2845 2322 2890 ut
2365 2837 2455 2906 qui
2495 2852 2594 2890 nos
2634 2836 2799 2905 jussit
2845 2839 3072 2909 vigilare
3099 2849 3154 2893 et
3185 2855 3368 2903 orare,
3405 2849 3462 2894 ut
3529 2845 3532 2847 λ

1859 2941 1970 2980 non
2005 2927 2268 2982 intremus
2313 2929 2368 2982 in
2401 2928 2776 2994 tentationem,
2819 2945 2915 2986 sua
2947 2947 3047 2986 nos
3076 2932 3248 3002 gratia
3282 2941 3454 3003 prote-

1863 3028 1974 3088 gat,
2015 3033 2082 3071 ne
2115 3018 2436 3073 inducamur
2462 3019 2515 3073 in
2540 3021 2896 3075 tentationem
2925 3039 2937 3074 :
2963 3032 3020 3076 et
3043 3023 3088 3076 si
3129 3031 3186 3075 ut
3213 3022 3460 3078 homines

142 3112 642 3178 Libani.Transivi,
661 3125 837 3168 etecce
855 3113 1550 3183 nouerat,qutcsirieum,et
1567 3130 1668 3167 non
1685 3124 1758 3168 est
1785 3079 1832 3142 Ο
1864 3108 2126 3173 labimur,
2159 3110 2324 3164 citius
2371 3111 2437 3164 ad
2486 3111 2862 3179 pmnitcntiam
2914 3114 3202 3170 redeamus
3248 3125 3307 3170 ut
3353 3129 3462 3170 non

133 3207 391 3262 inventus
406 3208 550 3263 locus
567 3210 705 3279 ejus.
724 3208 941 3262 Custodi
956 3207 1311 3261 innocentiam
1331 3215 1376 3258 et
1396 3206 1510 3259 vide
1538 3207 1760 3260 tenuita-

134 3306 270 3364 tem,
297 3300 548 3370 quoniam
571 3311 691 3354 sunt
721 3299 955 3370 reliquiae
970 3299 1169 3353 homini
1184 3297 1404 3367 paciﬂco
1422 3294 1753 3368 (Ps.xxxv1).

719 3411 948 3468 CAPUT
988 3408 1179 3466 XLVI.

129 3503 222 3558 De
273 3520 336 3557 eo
383 3506 520 3572 quod
566 3504 824 3572 gloriatur
871 3521 924 3556 se
968 3505 1023 3556 in
1087 3504 1348 3566 omnibus,
1409 3519 1525 3571 qutv
1574 3512 1757 3555 contra

169 3574 438 3648 quoslibet
477 3576 720 3642 suscepit,
747 3574 910 3641 fuisse
944 3589 1004 3625 ac
1061 3589 1261 3640 semper
1299 3575 1411 3635 {ore
1451 3573 1718 3624 victorem.

216 3659 590 3728 Quaeidcirco
637 3661 780 3726 dico,
831 3660 959 3728 quia
1015 3659 1156 3713 sicut
1201 3674 1232 3712 a
1281 3658 1524 3728 pluribus
1568 3659 1752 3724 audio,

129 3768 249 3827 per
300 3751 599 3806 vanitatem
633 3761 684 3806 te
706 3750 947 3819 jactitas,
991 3749 1245 3818 quoniam
1305 3763 1642 3820 quaecunque
1675 3749 1756 3804 in-

136 3843 372 3914 cepisti,
405 3852 499 3897 aut
525 3853 710 3898 contra
743 3858 948 3914 regem,
979 3851 1074 3896 aut
1103 3851 1290 3897 contra
1316 3856 1425 3906 me,
1450 3850 1540 3895 aut
1567 3852 1753 3897 contra

137 3951 509 4008 quoscunque
540 3945 778 3999 tuorum,
829 3935 946 3988 sive
989 3933 1237 3999 clericos,
1272 3933 1386 3988 sive
1437 3931 1627 3996 laicos,
1660 3934 1752 4002 qui

140 4039 347 4085 contra
379 4039 522 4084 tuam
552 4028 881 4083 voluntatem
911 4024 1182 4089 fecerunt,
1216 4025 1299 4079 vel
1329 4032 1516 4080 contra
1544 4024 1752 4079 vicinos

139 4133 296 4184 tuos,
310 4123 474 4192 quise
489 4131 676 4177 contra
697 4130 747 4175 te
758 4126 1248 4182 erexerunt,totum
1262 4133 1328 4173 ex
1345 4126 1500 4187 parte
1515 4116 1750 4171 maxima

141 4228 371 4283 semper
391 4214 622 4277 evicisti,
647 4223 702 4267 et
731 4211 875 4282 quod
918 4210 1092 4264 adhuc
1128 4219 1297 4264 restat
1331 4210 1569 4264 evinces.
1597 4206 1752 4264 Unde

142 4317 282 4360 tunc
308 4314 460 4374 potes
507 4305 559 4358 in
590 4304 820 4358 Domino
851 4311 907 4356 te
952 4301 1174 4372 gloriari
1222 4301 1508 4364 victorem,
1567 4300 1612 4353 si
1656 4315 1753 4369 per

139 4397 534 4452 rectitudinem
560 4397 731 4451 vincis
759 4409 1034 4458 errorem;
1065 4393 1110 4446 si
1142 4400 1324 4446 autem
1351 4393 1418 4446 de
1450 4405 1638 4446 errore
1663 4406 1750 4445 er-

138 4504 360 4554 rorem,
394 4500 486 4543 aut
524 4491 695 4544 vincis
730 4487 1110 4543 rectitudinem
1148 4502 1246 4556 per
1271 4501 1535 4551 errorem,
1566 4500 1671 4540 non
1697 4493 1750 4540 te

140 4590 310 4652 potes
337 4579 555 4650 gloriari
576 4578 959 4644 victorem,sed
976 4577 1140 4632 debes
1154 4576 1284 4631 ﬂere
1300 4577 1683 4632 miserabiliter
1699 4585 1753 4633 te

139 4673 358 4726 victum
378 4687 582 4737 errore,
599 4673 713 4727 etsi
731 4672 804 4725 ita
822 4685 927 4724 non
954 4670 1118 4740 sapis,
1140 4669 1370 4740 insipide
1386 4670 1605 4740 desipis,
1623 4671 1754 4739 quia

142 4767 294 4818 unde
329 4765 535 4821 tristari
571 4776 628 4822 et
676 4766 806 4820 ﬂere
836 4764 1123 4827 debueras,
1164 4765 1288 4818 inde
1330 4763 1575 4833 jactaris.
1611 4764 1756 4821 Gra-

143 4856 303 4911 viore
371 4858 513 4911 enim
568 4866 696 4914 sunt
736 4856 974 4911 vindicta
1028 4856 1320 4927 plectendi,
1363 4859 1453 4928 qui
1516 4859 1760 4932 gaudent

142 4947 319 5002 etiam
380 4948 435 5002 in
475 4949 708 5006 delictis.
743 4958 798 5004 et
831 4948 1080 5003 laetantur
1136 4965 1260 5004 cum
1300 4950 1441 5006 male
1498 4952 1754 5015 fecerint,

141 5045 200 5092 et
227 5037 510 5094 exsultant
557 5043 610 5096 in
671 5040 836 5094 rebus
874 5039 1143 5110 pessimis.
1192 5039 1260 5095 Et
1285 5043 1502 5112 quidam
1535 5041 1760 5112 sapiens

143 5132 280 5188 dicit
339 5148 356 5186 :
406 5132 506 5197 Qui
556 5149 762 5202 semper
805 5134 963 5188 vincit
1004 5151 1108 5190 non
1147 5152 1346 5205 semper
1400 5141 1525 5196 bene
1568 5137 1755 5192 vincit.

140 5222 385 5290 Quando
442 5226 585 5278 enim
628 5223 789 5278 nobis
860 5225 1106 5283 diabolus
1163 5229 1410 5286 vincendi
1466 5229 1758 5287 libidinem

136 5314 416 5376 suggerit,
447 5315 703 5371 debemus
727 5317 1002 5371 recordari
1027 5321 1309 5376 sententia:
1327 5321 1477 5376 beati
1495 5317 1757 5376 Gregorii

1864 3209 2052 3268 regnet
2080 3209 2362 3269 peccatum
2404 3200 2456 3253 in
2505 3210 2692 3256 nostro
2726 3205 2941 3258 mortali
2979 3220 3208 3276 corpore
3240 3205 3307 3261 ad
3323 3206 3464 3261 'ohc-

1862 3291 2119 3346 diendum
2167 3292 2454 3348 desideriis
2484 3293 2634 3363 ejus;
2685 3297 2771 3350 cui
2820 3296 3072 3352 videlicet
3117 3308 3363 3368 peccato,
3411 3297 3463 3355 si

1866 3383 2058 3438 tollere
2084 3400 2190 3439 non
2222 3399 2529 3454 possumus,
2579 3395 2636 3439 ut
2667 3403 2774 3442 non
2807 3388 2877 3442 sit
2907 3389 2960 3443 in
2993 3391 3150 3444 nobis
3206 3389 3464 3448 tollamus

1863 3482 2047 3528 tamen
2074 3490 2170 3542 per
2197 3475 2290 3528 Dei
2319 3473 2647 3541 adjutorinm
2680 3477 2752 3530 illi
2785 3492 3034 3548 regnum,
3066 3495 3134 3534 ne
3154 3480 3464 3536 dominetur

1862 3565 2058 3620 nostri.
2111 3565 2344 3620 Maxima
2395 3567 2596 3635 quippe
2650 3568 2940 3624 infelicitas
2981 3579 3063 3624 est
3114 3570 3370 3636 hominis,
3403 3571 3459 3626 in

1862 3654 2010 3710 malo
2041 3671 2138 3708 suo
2181 3657 2491 3726 prosperari
2544 3655 2795 3712 feliciter.
2849 3661 3123 3730 Scriptum
3154 3671 3238 3716 est
3266 3662 3411 3716 enim
3440 3676 3458 3719 :

1864 3745 1991 3800 Tria
2022 3759 2143 3801 sunt
2170 3765 2289 3819 qua?
2313 3749 2438 3802 bene
2462 3749 2801 3818 gradiuntur,
2843 3764 2890 3807 et
2934 3763 3180 3824 quartum
3208 3755 3350 3825 quod
3374 3756 3460 3809 in-

1860 3841 1996 3894 cedit
2040 3840 2264 3910 feliciter
2290 3840 2474 3910 (Prov.
2518 3847 2773 3912 xxxviii).
2802 3845 2918 3902 Non
2950 3862 3094 3901 enim
3125 3863 3286 3904 omne
3310 3849 3455 3920 quod

1861 3931 2111 3991 feliciter.
2143 3935 2318 3988 bene:
2346 3947 2445 3987 nec
2483 3949 2645 3990 omne
2673 3939 2816 4007 quod
2849 3939 3002 4003 bene,
3039 3937 3287 3995 feliciter.
3319 3939 3458 3998 Feli-

1859 4025 1998 4080 citer
2044 4027 2190 4080 enim
2239 4040 2460 4094 semper
2511 4025 2795 4094 incedere,
2848 4029 2958 4083 lilio
3002 4032 3324 4100 perditionis
3371 4041 3457 4089 est

1855 4118 2161 4188 proprium.
2200 4136 2220 4168 ι
2251 4116 2490 4173 Grandis
2515 4134 2751 4189 namque
2791 4119 2995 4176 offensa
3031 4131 3136 4188 est,
3164 4131 3222 4176 ut
3262 4121 3456 4179 Hiero-

1857 4225 2058 4279 nymus
2098 4210 2251 4274 dicit,
2303 4218 2592 4278 postquam
2641 4213 2977 4279 peccaveris,
3022 4213 3162 4267 iram
3209 4214 3300 4268 Dei
3345 4230 3452 4272 non

1858 4300 2080 4354 mereri.
2117 4319 2137 4353 s
2175 4300 2244 4354 Et
2279 4309 2502 4355 sanctus
2549 4291 2847 4371 Gregorius
2884 4321 2896 4356 :
2939 4323 2958 4355 ι
2991 4303 3226 4360 Necesse
3269 4320 3354 4362 est
3397 4316 3457 4362 ut

1859 4403 2155 4464 peccantes
2201 4407 2445 4464 quosque
2471 4403 2600 4449 tunc
2628 4397 3039 4452 consideremus
3089 4400 3321 4469 amplius
3349 4401 3454 4455 mi-

1856 4500 2012 4541 seros
2040 4501 2180 4549 esse,
2205 4486 2424 4556 quando
2455 4504 2548 4544 eos
2573 4490 2940 4558 conspicimus
2961 4492 3013 4546 in
3035 4493 3191 4562 culpa
3218 4507 3317 4548 sua
3339 4493 3458 4549 sine

1857 4577 2072 4648 flagello
2117 4576 2426 4633 derelictos.
2465 4598 2485 4630 ι
2524 4579 2662 4634 Hinc
2709 4582 2909 4636 etenim
2957 4599 3056 4652 per
3107 4583 3456 4640 Salomonem

1861 4671 2062 4727 dicitur
2103 4688 2119 4724 :
2153 4671 2366 4725 Aversio
2414 4672 2755 4743 parvulorum
2802 4675 3078 4746 inter/Sciet
3111 4693 3217 4737 eos,
3252 4687 3302 4729 et
3334 4691 3459 4746 pro-

1861 4767 2084 4833 speritas
2111 4761 2393 4818 stultorum
2437 4767 2620 4838 perdet
2648 4765 2768 4820 illos
2810 4766 2992 4838 (Prov.
3026 4769 3087 4836 ι).
3118 4766 3219 4833 Qui
3241 4768 3391 4821 enim
3433 4781 3465 4822 a

1865 4855 1978 4910 Deo
2027 4853 2292 4910 avertitur
2330 4867 2386 4911 et
2415 4867 2795 4931 prosperatur,
2857 4868 3010 4912 tanto
3048 4854 3341 4926 perditioni
3403 4855 3463 4908 tit

1861 4948 2165 5017 proximus,
2195 4958 2400 5014 quanto
2430 4953 2551 5010 zelo
2583 4949 2884 5018 disciplinae
2913 4949 3189 5005 invenitur
3222 4947 3463 5004 alienus:

1862 5056 1970 5111 quo
1991 5052 2182 5098 contra
2203 5039 2492 5105 Psalmista
2518 5049 2587 5104 de
2609 5045 2817 5109 Moyse,
2839 5053 2894 5099 et
2911 5044 3115 5105 Aaron,
3138 5049 3193 5094 et
3219 5040 3472 5098 Samuele

1864 5136 1995 5190 dicit
2022 5155 2036 5190 :
2069 5137 2208 5202 Quia
2233 5135 2548 5198 invocabant
2608 5137 2912 5199 Dominum,
2943 5147 2990 5190 et
3017 5136 3124 5204 ipse
3154 5135 3470 5190 exaudiebat

1862 5227 2004 5294 illos,
2033 5231 2089 5283 in
2113 5226 2359 5294 columna
2399 5235 2553 5290 "ubi;
2583 5226 2897 5297 loquebatur
2944 5227 3012 5280 ad
3054 5241 3159 5278 eos.
3194 5224 3474 5282 Custodie-

1868 5322 1992 5376 bant
2016 5321 2311 5376 testimonia
2354 5328 2493 5376 eius.
2541 5333 2592 5376 et
2638 5327 2956 5376 Drwceptum
2998 5316 3136 5376 quod
3174 5316 3316 5373 dedit
3363 5315 3472 5372 illis
