3990 6300
451 409 558 469 4'59

1418 389 1749 448 HINCMARI
1790 384 2182 444 RllEMENSlS
2218 375 2734 440 ARCHIEPISCOPI

3600 365 3737 424 460

446 534 532 582 est
561 522 962 591 delinquentem
984 511 1276 581 corripere.
1313 507 1444 563 Cum
1462 506 1790 577 judicamur,
1828 501 2018 573 inquit,
2050 503 2103 564 Α
2128 498 2274 565 disti,
2306 506 2366 552 ut
2391 494 2724 568 perniciosas
2745 485 3360 547 excommunicationum
3384 483 3740 540 maledictio-

433 619 478 674 ἀ
514 617 739 673 Domino
759 609 1093 681 corripimur,
1119 613 1173 657 ut
1201 619 1303 658 non
1325 617 1442 657 eum
1466 600 1561 655 hoc
1587 599 1782 653 mundo
1813 596 2025 650 damne-

445 726 565 765 mur
593 707 642 781 (1
675 703 796 760 Cor.
821 699 934 773 x1);
965 707 1020 755 et
1044 715 1056 751 :
1083 696 1188 763 Qui
1213 696 1265 750 in
1311 695 1455 750 bonis
1497 693 1693 747 ducunt
1741 690 1849 744 dies
1881 706 2023 761 suos,

444 813 506 861 ut
529 801 790 870 scriptum
812 803 916 860 est,
938 793 992 848 in
1017 800 1205 864 puncto
1230 790 1297 844 ad
1315 789 1518 859 inferna
1541 784 1854 841 descendunt
1907 780 2026 852 (Job

448 892 585 962 xxi).
617 889 754 944 Hinc
777 885 923 942 enim
966 881 1251 940 Psalmista
1277 879 1343 935 de
1372 878 1599 934 Domino
1627 876 1757 931 dicit
1781 889 1794 927 :
1817 872 2029 927 Immis-

447 986 617 1039 siones
637 997 728 1052 per
757 976 968 1050 angelos
1010 974 1201 1039 malos,
1228 973 1364 1028 uiam
1393 971 1510 1041 fecit
1543 965 1738 1024 semitw
1778 967 1873 1020 irw
1921 980 2030 1018 sua:

449 1057 621 1147 (Psal.
655 1068 884 1141 Lxxvn).
919 1067 1024 1123 Cor
1045 1066 1242 1136 quippe
1274 1062 1528 1118 Dominus
1566 1058 1836 1130 prioribus
1867 1055 2032 1110 meri-

450 1168 520 1224 tis
543 1170 893 1236 aggravatum
921 1157 1068 1228 juste
1098 1155 1362 1228 permittit
1393 1153 1558 1208 etiam
1586 1147 2034 1219 subsequentibus

453 1258 818 1328 malignorum
866 1252 1156 1325 spirituum
1206 1244 1650 1318 persuasionibus
1696 1241 1850 1297 falli:
1892 1239 2035 1312 quod

452 1368 574 1408 cum
605 1349 764 1421 digne
793 1347 850 1402 in
875 1344 1090 1416 culpam
1137 1341 1390 1407 trahitur,
1422 1347 1603 1395 reatus
1631 1334 1746 1405 ejus
1790 1334 1843 1388 in
1877 1348 2036 1403 poena

449 1442 774 1501 cumulatur.
817 1436 971 1494 Unde
1014 1444 1068 1490 et
1110 1435 1206 1490 ira:
1252 1450 1362 1490 sua:
1399 1431 1628 1487 Domino
1667 1429 1812 1483 viam
1858 1425 2037 1480 facere

448 1545 552 1602 est,
585 1536 639 1589 in
668 1547 781 1601 eos,
810 1531 902 1603 qui
928 1529 1121 1601 punire
1150 1529 1207 1583 in
1240 1543 1297 1584 se
1323 1542 1518 1583 causas
1547 1534 1694 1582 recte
1722 1522 2033 1586 noluerunt,

449 1627 690 1682 districte
731 1623 1024 1696 judicando
1057 1620 1320 1678 dilatare:
1350 1628 1407 1674 ut
1438 1619 1529 1690 qui
1561 1615 1848 1673 illuminati
1877 1605 2037 1684 agere

447 1725 596 1772 recta
622 1715 930 1781 noluerunt,
953 1711 1100 1783 juste
1122 1712 1307 1769 caecati
1329 1712 1506 1768 adhuc
1529 1709 1736 1764 faciant
1760 1707 1901 1762 unde
1926 1720 2040 1759 am-

448 1809 594 1879 plius
621 1807 800 1880 puniri
851 1798 1180 1872 mereantur,
1212 1805 1278 1862 de
1321 1805 1515 1875 quibus
1548 1803 1677 1860 dicit
1706 1799 1996 1873 Apostolus
2023 1816 2035 1853 :

2127 605 2224 645 nes
2252 588 2306 644 in
2335 603 2428 644 eos
2470 585 2636 642 etiam
2667 583 2759 656 qui
2799 599 2926 655 erga
2977 590 3030 637 te
3060 597 3167 636 non
3203 577 3328 635 inde
3355 581 3740 649 peccaverunt

2125 694 2379 736 exereres
2406 696 2417 731 :
2449 676 2602 747 quasi
2635 690 2742 731 non
2773 673 2830 728 in
2866 683 2940 739 te,
2971 667 3065 726 sed
3112 670 3167 725 in
3219 668 3368 724 illum
3410 667 3520 737 ipsa
3567 664 3742 739 peri-

2129 773 2270 840 cula,
2304 787 2423 844 qute
2461 771 2527 826 de
2575 768 2777 824 eisdem
2825 757 3297 821 maledictionibus
3343 758 3740 822 imminebant,

2132 839 2515 920 redundarent.
2568 857 2670 929 Qui
2719 869 2771 915 te
2799 859 2868 914 ad
2912 858 3016 914 hoc
3062 839 3380 928 provocavit
3428 861 3483 908 ut
3531 851 3746 908 taliter

2133 955 2372 1013 innoxiis
2401 951 2776 1018 malediceres,
2832 965 2957 1006 cum
2989 949 3055 1004 de
3099 947 3186 1003 his
3231 945 3324 1018 qui
3368 961 3470 1001 non
3510 943 3746 1016 judicio

2128 1051 2392 1124 justitiae,
2457 1048 2552 1104 sed
2616 1046 2788 1102 livore
2844 1042 3098 1099 vindictae
3156 1038 3514 1104 maledicunt,
3576 1031 3750 1094 dicat

2133 1143 2464 1216 Apostolus:
2494 1139 2676 1214 Neque
2712 1135 2955 1193 maledici
2987 1151 3202 1207 regnum
3245 1132 3345 1189 Dei
3389 1129 3750 1204 possidebunt

2136 1236 2186 1309 (ι
2215 1235 2338 1292 Cor.
2368 1234 2469 1308 vi).
2501 1233 2568 1288 Et
2598 1233 2701 1287 hoc
2747 1234 3029 1302 peceatum
3061 1225 3273 1282 exstitit
3316 1238 3472 1295 poena
3514 1237 3746 1294 praece-

2138 1330 2313 1386 dentis
2342 1325 2699 1384 contumacia:
2729 1321 3009 1380 insolentis
3029 1317 3260 1392 peccati,
3281 1324 3333 1374 et
3359 1331 3517 1372 causa
3542 1315 3748 1370 adhuc

2139 1422 2518 1494 subsequentis
2545 1419 2753 1491 peccati
2798 1436 2810 1471 :
2854 1417 2983 1488 quia
3023 1429 3147 1470 cum
3184 1409 3404 1467 voluisti
3448 1418 3753 1465 ostentare

2140 1517 2276 1573 nihil
2303 1529 2353 1573 te
2380 1524 2570 1573 contra
2616 1513 2885 1569 rationem
2921 1511 2978 1565 in
3021 1509 3137 1580 ipsa
3165 1505 3750 1564 excommunicatione

2140 1609 2413 1682 parochias
2447 1616 2548 1663 tuae
2573 1605 2792 1671 fecisse,
2827 1610 2888 1659 et
2929 1599 3314 1658 verecundiam
3346 1595 3752 1653 irrationabilis

2151 1703 2283 1758 facti
2327 1709 2440 1756 ate
2489 1698 2784 1770 depellere,
2815 1704 2869 1752 et
2915 1709 3023 1750 non
3076 1707 3196 1749 esse
3237 1691 3314 1747 ita
3368 1699 3421 1747 te
3456 1689 3750 1746 subditum

2146 1793 2574 1865 Metropolitana:
2631 1787 2971 1862 praelationi,
3003 1792 3062 1840 ut
3115 1799 3222 1840 non
3261 1781 3429 1838 libere
3474 1779 3752 1850 quidquid

453 1875 522 1954 iit
551 1875 798 1967 impleant
829 1907 1163 1968 peccata‘sua
1192 1913 1392 1967 semper
1419 1895 1468 1967 (I
1496 1894 1676 1949 Thess.
1708 1892 1791 1964 ιι).
1820 1892 1887 1947 Ει
1917 1892 2044 1948 hinc
2070 1887 2117 1948 B
2145 1889 2312 1946 velles
2369 1889 2422 1944 in
2477 1885 2736 1958 parocbia
2784 1892 2878 1938 tua
2930 1882 3048 1937 sine
3093 1893 3212 1934 meo
3273 1875 3526 1934 consultu
3577 1877 3751 1946 agere

449 2006 585 2049 voce
615 1990 793 2061 angeli
839 1985 906 2044 ad
943 1987 1207 2045 Joannem
1247 1988 1485 2044 dicitur:
1534 1986 1638 2052 Qui
1667 1995 1834 2051 nocet,
1860 1993 2041 2040 noceat

455 2088 648 2154 adhuc,
670 2095 718 2141 et
755 2087 844 2157 qui
879 2086 934 2140 in
959 2083 1199 2140 sordibus
1225 2093 1321 2148 est,
1360 2083 1623 2137 sordescat
1652 2082 1822 2136 adhuc
1854 2080 2039 2152 (Apoc.

452 2177 612 2250 xxn).
645 2177 711 2232 Et
737 2177 864 2232 hinc
900 2175 1068 2231 David
1097 2175 1227 2231 dicit
1251 2193 1262 2228 :
1290 2174 1502 2245 Appone
1527 2175 1857 2246 iniquitatem
1887 2189 2045 2244 super

451 2270 784 2340 iniquitatem
813 2285 1016 2336 eorum,
1047 2277 1093 2322 et
1133 2283 1237 2322 non
1277 2267 1470 2322 intrent
1512 2267 1566 2320 in
1586 2267 1854 2336 justitiam
1901 2275 2050 2319 tuam

454 2361 626 2434 (Psal.
659 2362 872 2434 LXVIII).
905 2361 973 2415 Et
1003 2361 1130 2416 hinc
1155 2374 1251 2430 per
1276 2359 1495 2431 Moysen
1531 2359 1728 2414 dicitur
1754 2376 1765 2412 :
1795 2357 2046 2412 Nondum

455 2455 710 2529 completa
750 2465 870 2512 sunt
893 2465 1107 2527 peccata
1131 2455 1557 2510 Amorrhworum
1584 2450 1735 2525 (Gen.
1769 2452 1880 2524 xv).
1913 2451 2049 2506 Hinc

454 2565 552 2620 per
581 2548 831 2605 eumdem
855 2547 1117 2603 Dominus
1146 2547 1278 2602 dicit
1302 2563 1316 2599 :
1351 2545 1541 2600 Nonne
1563 2546 1674 2599 [nec
1701 2543 1911 2598 condita
1929 2551 2049 2597 sunt

457 2641 599 2712 apud
621 2659 724 2709 me,
754 2651 801 2696 et
835 2642 1040 2712 signata
1066 2641 1121 2694 in
1149 2641 1408 2697 thesauris
1434 2639 1603 2694 meis?
1636 2637 1703 2691 In
1725 2637 1808 2691 die
1837 2635 2051 2690 ultionis

457 2737 676 2792 reddam
718 2739 792 2791 eis
820 2735 1003 2808 (Deut.
1035 2735 1230 2807 xuii).
1266 2735 1335 2790 Et
1363 2735 1488 2806 quia
1531 2749 1718 2790 eorum
1749 2731 1893 2786 mala
1921 2745 2052 2785 nar-

459 2828 625 2893 tavit,
658 2826 803 2884 illico
851 2825 1226 2897 adjunxit:1n
1263 2836 1490 2895 tempore
1537 2840 1638 2895 quo
1666 2821 1843 2893 lapsus
1897 2820 2055 2890 fuerit

449 2919 548 2990 'pes
571 2935 772 2977 eorum.
801 2918 944 2975 Ecce
973 2919 1312 2974 atrocissima
1354 2925 1577 2988 peccata
1610 2916 1822 2972 illorum
1851 2915 2054 2971 descri-

457 3012 682 3078 buntur,
713 3022 768 3067 et
798 3020 977 3066 tamen
1015 3010 1083 3065 ad
1109 3009 1329 3065 ultionis
1351 3009 1491 3065 diem
1519 3007 1693 3063 adhuc
1715 3007 2053 3076 subsequens

461 3104 646 3176 lapsus
674 3103 957 3175 aspicitur,
994 3117 1100 3172 quo
1129 3117 1321 3157 eorum
1349 3100 1519 3170 eulpae
1549 3099 1911 3156 cumulentur.
1948 3097 2053 3152 Ha-

461 3198 592 3252 bent
627 3194 740 3264 jam
769 3194 986 3265 quidem
1019 3193 1161 3250 unde
1204 3192 1357 3248 feriri
1386 3200 1729 3259 mereantur,
1760 3190 1856 3246 sed
1885 3189 2051 3245 susti-

463 3301 625 3346 netur
653 3298 835 3346 tamen
863 3288 1039 3343 adhuc
1069 3297 1355 3358 peccatum
1380 3300 1644 3351 crescere,
1678 3296 1738 3340 ut
1765 3292 2052 3354 peccantes
2081 3264 2126 3328 C

387 3407 395 3413 -
459 3384 634 3455 possit
659 3383 837 3438 acrior
858 3382 1016 3453 culpa
1041 3383 1304 3438 cruciare.
1331 3381 1449 3437 Jam
1479 3389 1718 3436 meretur
1737 3379 2054 3449 supplicium

465 3482 750 3546 peccatum
775 3481 830 3530 et
859 3488 1024 3530 causa
1071 3472 1300 3543 peccati,
1339 3471 1433 3526 sed
1464 3478 1808 3542 exspectatur
1856 3468 2054 3535 adhuc,

467 3576 529 3624 ut
558 3577 904 3641 augmentum
938 3567 1187 3638 supplicii
1219 3567 1477 3637 subroget
1503 3575 1786 3637 peccatum
1814 3574 1870 3620 et
1895 3578 2059 3635 poma

465 3662 695 3732 peccati.
736 3680 756 3715 ι
786 3660 1101 3724 Peccatum,
1127 3660 1304 3730 inquit
1331 3659 1626 3731 Gregorius
1674 3658 1880 3731 (uomit.
1909 3658 1970 3712 11
2001 3659 2055 3712 in

472 3752 714 3825 Ezech.),
751 3754 896 3825 quod
934 3769 1033 3824 per
1059 3752 1436 3823 paenitentiam
1469 3752 1630 3808 citius
1674 3767 1781 3806 non
1830 3750 2057 3816 deletur,

474 3855 568 3901 aut
604 3857 886 3916 peccatum
913 3855 996 3900 est
1021 3855 1075 3900 et
1100 3862 1261 3901 causa
1285 3846 1520 3916 peccati,
1550 3854 1641 3900 aut
1661 3853 1943 3914 peccatum
1981 3851 2064 3898 est

472 3947 530 3994 et
551 3951 709 4006 pinna
733 3933 968 4007 peccati,‘
995 3944 1087 3989 aut
1111 3945 1394 4006 peccatum
1425 3935 1587 3990 simul
1633 3952 1793 3991 causa
1824 3946 1878 3990 ct
1901 3949 2065 4004 pmna

470 4029 702 4100 peccati.
751 4028 923 4083 Omne
971 4025 1116 4080 enim
1145 4026 1289 4094 quod
1317 4026 1468 4095 prius
1499 4027 1906 4090 committimus,
1934 4038 2061 4094 pec-

471 4127 655 4199 eatum
704 4127 788 4173 est
824 4135 836 4170 :
876 4117 971 4172 sed
1016 4117 1062 4172 si
1093 4117 1252 4173 citius
1306 4117 1622 4188 paenitendo
1666 4133 1771 4172 non
1816 4117 2064 4187 tergitur,

469 4205 619 4268 iusto
656 4210 864 4280 judicio
902 4210 1242 4282 onmipotens
1291 4211 1434 4268 Deus
1486 4210 1778 4282 obligatam
1832 4212 2066 4279 peccatis

476 4304 912 4360 mentem-etiam
951 4304 1006 4360 in
1037 4305 1251 4376 culpam
1292 4305 1524 4362 alteram
1551 4305 1816 4374 permittit
1850 4306 2065 4373 cadere,

477 4403 538 4448 ut
582 4411 700 4465 quae
743 4394 922 4451 ﬂendo
953 4405 1008 4450 et
1039 4395 1362 4467 corrigendo
1406 4395 1578 4451 noluit
1619 4397 1883 4452 mundare
1925 4397 2069 4468 quod

2147 2004 2359 2062 posses,
2389 2002 2588 2058 meque
2627 1985 3110 2058 praevaricatorem
3138 1995 3411 2038 canonum
3441 1992 3582 2044 esse,
3619 1975 3752 2047 quia

2149 2082 2292 2154 quod
2323 2079 2506 2153 ligasti
2549 2080 2604 2134 in
2637 2077 2897 2150 parochia
2930 2086 3021 2132 tua
3061 2072 3388 2146 praesumpsi
3432 2067 3748 2135 absolvere,

2147 2189 2346 2246 etnon
2398 2193 2519 2236 esse
2551 2176 2728 2235 soluta
2771 2191 2893 2248 quae
2931 2172 3109 2240 solvi,
3163 2171 3294 2244 quin
3349 2168 3536 2242 potius
3589 2165 3750 2223 sedes

2152 2273 2482 2346 apostolica,
2519 2281 2575 2328 et
2593 2286 2786 2328 omnes
2808 2269 2883 2326 illi
2913 2284 3012 2340 per
3033 2281 3172 2338 quos
3197 2267 3343 2322 Deus
3367 2275 3560 2320 sacros
3585 2275 3750 2316 cano-

2151 2382 2252 2422 nes
2296 2381 2392 2422 suo
2425 2363 2627 2435 Spiritu
2671 2361 2930 2427 condidit,
2970 2374 3035 2416 ac
3072 2373 3169 2434 per
3196 2358 3303 2414 hoc
3350 2355 3469 2427 ipse
3500 2352 3668 2418 Deus,
3706 2349 3756 2406 si

2155 2468 2305 2517 recte
2335 2457 2714 2521 intellexisses,
2762 2453 3017 2520 absolvit,
3044 2451 3152 2508 nisi
3179 2458 3370 2507 contra
3399 2463 3464 2504 ea
3507 2460 3630 2516 qua:
3656 2442 3754 2498 tibi

2156 2562 2210 2611 et
2236 2552 2509 2624 parochias
2537 2559 2643 2606 tua:
2688 2548 2906 2620 scripsi,
2959 2557 3138 2604 tecum
3170 2543 3466 2607 sentirent,
3499 2547 3664 2608 atque
3694 2535 3752 2590 in

2153 2646 2382 2719 praefato
2413 2661 2577 2702 sensu
2605 2643 3033 2700 subscriberent.
3061 2640 3119 2695 In
3157 2639 3300 2694 hanc
3346 2632 3636 2691 vesaniam
3688 2644 3749 2684 ex

2156 2741 2516 2799 retributione
2536 2738 2761 2810 iustitia:
2785 2735 3156 2801 corruisti,ut
3191 2733 3334 2788 sicut
3369 2729 3440 2786 de
3495 2737 3751 2781 aversore

2156 2835 2402 2907 principe
2427 2833 2693 2903 scriptum
2714 2838 2792 2886 est
2831 2848 2844 2884 :
2889 2828 2994 2895 Qui
3024 2827 3273 2898 peccavit,
3311 2834 3359 2879 et
3387 2836 3608 2894 peccare
3639 2816 3753 2887 fecit

2161 2917 2335 2982 Israel
2361 2925 2412 2998 (1
2421 2924 2482 2980 ΙΙ
2511 2924 2640 2995 Reg.
2664 2923 2804 2993 xxv),
2826 2927 3016 2977 contra
3046 2915 3417 2989 evangelicam
3442 2910 3755 2971 veritatem,

2163 3031 2218 3079 et
2244 3019 2596 3092 apostolicam
2628 3014 3030 3080 auctoritatem,
3061 3019 3118 3067 et
3162 3021 3444 3068 sacroru
3484 3015 3756 3060 canonum

2159 3112 2618 3174 constitutionem,
2633 3110 2698 3165 de
2711 3107 2908 3180 quibus
2923 3103 3261 3176 promulgata
3281 3108 3406 3156 sunt
3420 3097 3518 3154 illa
3535 3095 3752 3166 scripta,

2165 3223 2288 3279 qua:
2317 3221 2416 3276 per
2439 3219 2526 3260 me
2541 3203 2598 3258 in
2619 3217 2786 3256 unum
2805 3199 3130 3264 eollecta,et
3155 3194 3254 3250 tibi
3271 3208 3335 3248 ac
3349 3189 3631 3264 parochia:
3657 3197 3754 3240 texe

2161 3309 2415 3359 constant
2441 3314 2562 3357 esse
2605 3299 2834 3364 directa,
2862 3305 2918 3350 et
2958 3295 3073 3364 ipse
3103 3289 3508 3355 subseriberes,
3534 3294 3591 3341 et
3617 3283 3751 3339 alios

2161 3394 2503 3452 subscribere
2556 3393 2767 3447 faceres
2797 3431 2811 3456 ,
2877 3386 3302 3444 reclamantibus
3358 3382 3651 3436 adversum
3708 3387 3758 3429 te

2163 3487 2332 3544 sacris
2358 3484 2580 3556 regulis,
2612 3492 2672 3538 ut
2726 3482 3038 3538 inconsulto
3076 3479 3260 3550 priore
3311 3485 3406 3531 tuo
3456 3472 3592 3528 nihil
3630 3467 3756 3524 novi

2163 3579 2346 3634 facere
2376 3589 2700 3647 praesumas,
2734 3573 2994 3644 quoniam
3053 3584 3173 3640 quae
3219 3569 3287 3623 ad
3319 3562 3624 3639 generalem
3657 3561 3758 3615 ob-

2165 3668 2494 3726 servantiam
2525 3666 2771 3723 omnium
2800 3663 3015 3720 Domini
3063 3661 3338 3732 pertinent
3385 3654 3755 3715 sacerdotum,

2165 3762 2301 3818 nihil
2350 3762 2468 3816 sine
2517 3759 2846 3830 primatibus
2903 3763 3122 3827 oportet
3171 3752 3406 3823 impleri.
3470 3747 3582 3803 Sed
3636 3744 3756 3815 quia

2167 3855 2321 3911 nervi
2347 3853 2720 3909 testiculorum
2744 3850 3042 3905 BehemOth
3066 3845 3308 3919 perplexi
3339 3851 3487 3906 unt,
3516 3855 3640 3897 eum
3679 3837 3764 3894 his

2166 3955 2220 4000 te
2245 3945 2521 4016 explicare
2547 3941 2774 4008 tinxisti,
2809 3949 2860 3996 te
2883 3942 3072 3996 durius
3108 3946 3163 3994 et
3193 3934 3551 4005 multiplicius
3574 3929 3762 3986 nexui-

2183 4039 2274 4105 sti,
2307 4046 2364 4092 et
2389 4053 2552 4109 super
2580 4035 2822 4092 dolorem
2854 4033 3134 4089 vulnerum
3164 4040 3380 4087 tuorum
3414 4028 3534 4098 ipse
3581 4039 3762 4094 snper-

2171 4129 2392 4196 addens,
2423 4127 2562 4183 alios
2590 4127 2803 4184 solutos
2831 4135 3011 4182 tecum
3040 4121 3403 4186 conseruisti,
3452 4120 3682 4188 insuper
3709 4123 3762 4171 et

2173 4230 2360 4277 contra
2383 4235 2642 4286 canones,
2667 4227 2724 4273 et
2743 4218 2963 4274 decreta
2987 4217 3132 4272 sedis
3159 4215 3418 4270 Iterumne
3443 4210 3764 4283 pontificum

2171 4322 2477 4370 commenta
2503 4313 2570 4368 ad
2598 4313 2702 4368 hoc
2727 4310 3017 4382 collegisti,
3045 4318 3313 4380 quatenus
3337 4316 3389 4362 te
3417 4313 3477 4360 ut
3497 4317 3762 4375 onagrum

2172 4407 2400 4462 liberum
2427 4423 2458 4462 a
2494 4409 2622 4462 sede
2647 4404 3065 4476 metropolitana
3097 4411 3455 4464 monstrares,
3491 4408 3551 4454 et
3586 4412 3678 4453 me
3711 4402 3765 4450 ut

478 4486 628 4553 fecit,
656 4499 936 4558 peccatum
959 4489 1184 4559 incipiat
1205 4498 1431 4560 peccato
1456 4490 1751 4545 cumulare.
1781 4489 2068 4545 Peccatum
2175 4500 2654 4570 praevaricatorem
2710 4513 2979 4553 canonum
3008 4537 3022 4562 ,
3086 4495 3290 4551 eisdem
3357 4489 3765 4548 commentam.

479 4597 631 4690 ξὲνϐοε
659 4583 800 4690 (luo?
831 4583 1163 4690 ριξεηίιβιιιὶω
1209 4583 1446 4686 laniem?
1473 4583 1854 4690 Ποπιμίιυίιξξξς
1879 4598 2069 4683 ρθξῖοθ-
2093 4625 2151 4690 D
2175 4607 2304 4647 num
2333 4601 2550 4647 tuarum
2587 4591 2828 4647 vinculis
2871 4591 3158 4645 astrictum
3210 4586 3635 4642 ininsolubiliter
3677 4584 3765 4636 de-

481 4682 595 4728 tum
636 4672 798 4729 simul
826 4682 912 4727 est
938 4682 993 4728 et
1023 4688 1184 4729 causa
1229 4675 1460 4742 peccati,
1508 4673 1637 4744 quia
1674 4688 1742 4728 ex
1774 4672 1864 4727 illo
1894 4672 2148 4728 oritur"
2173 4689 2524 4749 ηιοηειηι-θε,
2584 4691 2638 4737 ει
2671 4681 2850 4737 adhuc
2898 4682 3063 4738 etiam
3113 4681 3256 4736 sicut
3295 4681 3362 4736 de
3412 4677 3561 4732 malo
3591 4677 3646 4730 ίη
3687 4689 3766 4743 με.

480 4769 624 4823 unde
646 4767 823 4824 adhuc
847 4769 1151 4837 peccatoris
1178 4768 1391 4825 animus
1421 4769 1584 4824 altius
1607 4767 1893 4838 obligetur.
1938 4767 2070 4822 Pec—
2167 4776 2296 4846 jus,
2350 4776 2424 4830 ita
2489 4775 2556 4830 (te
2617 4775 2804 4846 pejore
2857 4773 2912 4828 in
2969 4773 3264 4842 pessimum
3321 4769 3606 4842 profecisti
3633 4809 3648 4833 ,
3712 4774 3766 4819 ut

482 4870 662 4918 catum
688 4876 816 4917 vero
849 4862 992 4932 quod
1024 4878 1090 4917 ex
1116 4872 1339 4933 peccato
1369 4863 1629 4934 sequitur,
1675 4870 1960 4933 peccatum
1997 4863 2072 4917 si-

481 4954 596 5010 mul
619 4963 704 5011 est
729 4963 784 5010 et
828 4970 988 5025 pcena
1034 4957 1261 5026 peccati,
1296 4958 1422 5028 quia
1455 4965 1804 5014 excrescente
1830 4956 2070 5012 caecitane

483 5061 551 5100 ex
574 5045 929 5102 retributione
949 5047 1144 5116 prioris
1171 5048 1340 5118 culpae
1363 5056 1674 5119 generatur,
1704 5056 1762 5102 ut
1789 5048 1942 5117 quasi
1958 5045 2072 5115 jam

485 5137 734 5208 quaedam
763 5139 874 5194 sint
898 5139 953 5193 in
984 5149 1270 5208 peccatore
1298 5139 1564 5210 supplicia
1586 5140 1703 5210 ipsa
1732 5141 2072 5196 incrementa

483 5229 760 5286 vitiorum.
816 5249 834 5283 ι
888 5231 1177 5288 Peccatum
1226 5233 1424 5304 quippe
1475 5234 1578 5288 tibi
1622 5233 1724 5288 fuit
1773 5233 2074 5290 insolentia:

484 5324 846 5388 contumacia,
881 5340 1003 5380 cum
1037 5326 1152 5381 sine
1192 5341 1373 5392 causa,
1400 5326 1448 5382 si
1495 5335 1680 5386 tamen
1730 5326 1847 5382 sine
1887 5343 2074 5392 causa,

488 5424 678 5472 contra
708 5418 964 5476 domuum
1006 5435 1194 5490 regem
1233 5427 1286 5475 te
1328 5421 1770 5477 irrationabiliter
1811 5422 2074 5478 erexisti:

489 5523 520 5561 a
547 5524 656 5579 quo
688 5520 910 5580 peccato
955 5513 1079 5583 quia
1125 5527 1224 5581 per
1274 5513 1596 5568 humilitatis
1643 5514 1877 5569 debitam
1908 5523 1964 5567 et
1991 5527 2080 5568 ra-

489 5600 804 5658 tionabilem
827 5604 1248 5661 satisfactionem
1292 5606 1510 5664 noluisti
1536 5608 1825 5677 respicere,
1853 5607 2080 5678 exegisti

489 5700 549 5746 ut
580 5703 765 5763 ageret
790 5704 845 5750 et
872 5696 956 5766 agi
1003 5698 1324 5766 praeciperet
1349 5699 1403 5754 in
1450 5708 1521 5763 te,
1554 5699 1697 5754 unde
1730 5698 1962 5768 amplius
1996 5698 2079 5752 fu-

488 5798 618 5840 rore
650 5787 954 5856 exagitatus
1000 5798 1053 5842 te
1085 5800 1278 5844 contra
1323 5792 1474 5846 illum
1524 5806 1895 5848 eommoveres
1924 5810 1938 5847 :
1971 5807 2078 5861 qua

493 5879 856 5968 commotione
898 5881 1158 5945 devictus,
1202 5884 1252 5964 in
1279 5894 1559 5953 peccatum
1587 5885 2077 5955 subscquensinci-

2175 4883 2288 4924 non
2315 4868 2490 4923 solum
2537 4867 2631 4922 tibi
2673 4865 2984 4921 commissis
3033 4863 3268 4924 clericis.
3315 4861 3416 4917 sed
3455 4869 3518 4915 et
3561 4859 3762 4931 episco-

2171 4950 2262 5031 pis
2289 4960 2380 5014 illa
2436 4959 2692 5030 ﬁgmenta
2747 4957 3077 5029 ‘compilata,
3113 4964 3170 5010 et
3210 4955 3326 5025 regi
3377 4953 3562 5008 danda
3593 4959 3765 5006 osten-

2178 5054 2370 5117 deres,
2411 5060 2466 5105 et
2504 5051 2638 5106 mihi
2674 5050 2792 5105 dari
2833 5049 3080 5114 faceres,
3135 5055 3193 5101 ut
3233 5057 3333 5115 per
3386 5043 3479 5098 illa
3522 5058 3610 5098 me
3643 5055 3764 5096 eon-

2180 5145 2492 5209 crederem,
2539 5152 2596 5197 et
2640 5142 2776 5197 adeo
2805 5157 2892 5196 me
2926 5140 3028 5196 tibi
3073 5138 3458 5208 subjugarem,
3507 5142 3604 5200 ut,
3635 5134 3766 5187 sicut

2180 5236 2470 5303 mandasti,
2494 5236 2660 5291 verba
2695 5233 3015 5304 evangelica
3058 5240 3118 5288 et
3157 5229 3458 5300 apostolica
3495 5237 3662 5296 atque
3683 5237 3763 5278 ea-

2181 5332 2415 5396 nonica,
2465 5345 2585 5401 quae
2637 5328 2732 5384 tibi
2789 5339 2845 5383 et
2888 5326 3154 5383 Ecclesiae-
3196 5323 3295 5378 tibi
3347 5321 3659 5378 commisere
3685 5316 3762 5371 di-

2182 5439 2471 5488 rexerant,
2533 5425 2657 5494 igne
2715 5436 3058 5486 cremarern,
3117 5426 3174 5474 et
3223 5431 3311 5471 me
3360 5430 3470 5469 non
3521 5411 3692 5469 solum
3733 5422 3762 5460 α

2187 5518 2380 5590 gradu,
2406 5532 2594 5572 verum
2617 5524 2674 5571 et
2694 5531 2724 5570 a
2763 5513 3180 5570 Christianitate
3205 5523 3490 5574 exuerent,
3511 5516 3572 5560 et
3589 5513 3760 5576 ponunt

2188 5609 2381 5664 mortis
2418 5608 2550 5662 mihi
2583 5617 2691 5662 ate
2725 5608 3080 5678 propinatum
3105 5605 3298 5660 bibens
3326 5644 3344 5669 ,
3389 5602 3558 5655 etiam
3603 5595 3764 5653 horni-

2187 5702 2308 5757 cida
2346 5700 2452 5754 mei
2509 5699 2658 5754 velut
2707 5698 2874 5754 ludas
2911 5696 3228 5768 paenitendo
3277 5694 3592 5757 existet-em,
3621 5697 3674 5744 et
3715 5686 3764 5739 in

2187 5793 2290 5847 hoe
2331 5791 2498 5844 etiam
2538 5790 2761 5859 gravius
2811 5806 2842 5844 a
2890 5788 3029 5845 Juda
3081 5787 3390 5851 differrem,
3431 5794 3494 5837 ut
3541 5784 3605 5838 de
3634 5779 3764 5833 bono

2187 5885 2331 5940 facto
2365 5895 2452 5940 me
2499 5885 2809 5952 paeniteret.
2864 5885 2977 5943 Hoc
3039 5898 3273 5954 namque
3319 5879 3595 5952 poculum,
3627 5868 3762 5945 quod
