3990 6300
195 410 313 474 461

999 420 1241 479 OPUSC.
1280 422 1369 479 ET
1408 423 1627 481 EPIST.
1668 423 1735 479 1N
1770 422 1994 483 CAUSA
2037 400 2368 483 HlNCMARl
2404 424 2703 484 LAUDUN.

3389 430 3495 488 462

198 525 501 584 confecisti
522 540 590 582 ex
617 525 930 587 hominibus
968 538 1282 590 sanctorum
1316 536 1626 608 apostolicae
1653 532 1800 593 sedis
1824 524 1877 602 Α
1902 536 2073 593 Deum
2113 547 2170 593 et
2198 536 2448 595 homines
2478 538 2895 610 praevaricatum
2925 539 3068 596 Deus
3124 542 3393 614 queritur.
3428 544 3497 600 Et

193 616 550 692 pontiﬁcum,
581 621 736 693 quasi
761 614 831 678 ad
853 638 951 680 ora
972 624 1131 682 melle
1157 627 1409 696 oblitum,
1433 638 1487 685 et
1518 630 1806 686 indiscrete

196 712 591 779 eorumixtum,
621 714 687 770 de
717 729 826 787 quo
857 714 956 773 tibi
994 720 1313 777 commissos
1359 720 1585 776 clericos
1633 721 1803 793 potio-

194 806 395 874 nasti,
447 808 502 863 et
533 809 678 878 quod
728 809 1053 882 quibusdam
1101 813 1368 888 epiSCOpis
1412 816 1692 884 obtulisti,
1750 824 1806 875 et

194 900 447 958 Satanas
495 904 687 973 primis
716 907 1038 978 parentibus
1078 910 1282 967 nostris
1319 911 1373 967 in
1416 910 1669 982 paradiso
1698 910 1800 969 ob-

193 994 354 1062 tulit,
406 998 625 1067 quando
673 1016 895 1070 pomum
948 1001 1147 1059 bonum
1205 1002 1271 1058 ad
1329 1002 1697 1072 vescendum,
1746 1014 1802 1061 ct

190 1088 492 1160 pulchrum
528 1086 739 1167 oculis,
793 1092 1129 1166 aspectuque
1181 1095 1497 1154 delectabile
1540 1098 1795 1169 ostendit,

192 1181 395 1255 eisque
436 1178 575 1240 dixit
600 1204 613 1239 :
641 1180 965 1259 Quacunqué
1002 1190 1087 1245 die
1111 1188 1443 1247 comederitis
1464 1210 1528 1247 ea:
1555 1210 1635 1259 eo,
1669 1210 1795 1265 ape-

192 1279 415 1345 rientur,
436 1272 573 1333 oculi
600 1280 779 1348 vestri,
805 1290 853 1336 et
878 1282 1021 1336 eritis
1065 1283 1198 1338 sicut
1242 1285 1318 1339 dii
1347 1287 1566 1341 scientes
1601 1286 1790 1341 bonum

189 1383 241 1429 et
269 1373 478 1429 malum
509 1372 662 1448 (Gen.
689 1376 803 1450 ιιι);
829 1388 885 1434 et
914 1378 1113 1450 quibus
1150 1381 1402 1450 promisit
1426 1381 1788 1451 divinitatem,

192 1466 319 1523 tulit
351 1462 845 1539 immortalitatem,
896 1480 951 1527 et
990 1470 1255 1543 pollicens
1305 1473 1532 1530 liberam
1574 1484 1631 1531 et
1659 1475 1792 1537 nulli

189 1562 505 1639 subiectam
536 1563 754 1621 deltatis
793 1567 1186 1638 aequalitatem,
1215 1568 1549 1640 captivitatis
1578 1570 1659 1626 eis
1708 1572 1792 1627 in-

190 1652 316 1710 tulit
339 1656 602 1719 miseram
641 1658 982 1727 servitutem,
1024 1676 1163 1732 quos
1191 1648 1294 1717 sibi
1324 1662 1616 1735 complices
1646 1662 1791 1727 fece-

187 1760 279 1809 rat
308 1748 379 1804 ad
406 1750 770 1821 iniquitatem.
803 1744 928 1827 «Et
956 1761 1011 1813 tu
1034 1754 1248 1811 clericis
1283 1756 1410 1823 tuis,
1437 1758 1552 1828 qui,
1584 1757 1784 1828 inquis,

187 1840 325 1901 mihi
354 1842 551 1901 eodem
581 1843 693 1902 Deo
721 1854 943 1905 auctore
988 1844 1265 1905 commissi
1303 1859 1467 1918 sunt,
1510 1858 1565 1906 et
1604 1850 1660 1905 in
1700 1850 1788 1906 his

1907 645 2036 687 ecce
2061 638 2146 687 est
2189 648 2295 687 una
2323 632 2482 702 culpa
2514 632 2803 704 superbim,
2829 633 2956 703 quia
2996 635 3338 705 prmvaricati
3367 648 3530 693 sunt.

1904 732 2145 794 pactum.
2178 724 2319 781 Ecce
2360 724 2530 781 altera
2586 726 2966 783 obstinationis
2993 768 3011 794 ,
3046 729 3173 799 quia
3208 745 3377 801 usque
3425 730 3494 786 ad

1904 815 2050 870 diem
2102 816 2261 873 hanc.
2312 816 2451 873 Ecce
2498 816 2652 889 culpa
2705 818 2885 891 gravis
2932 819 3314 891 impudentiae,
3367 823 3493 892 quia

1903 905 2039 962 dura
2092 907 2261 975 facie,
2324 909 2580 979 quoniam
2631 900 2787 966 mala
2830 926 2949 982 qua:
2974 910 3180 969 faciunt
3229 911 3343 982 jam
3393 930 3495 971 nec

1902 998 2260 1069 erubescunt,
2302 1012 2358 1057 et
2400 1020 2678 1075 nunquam
2714 1004 2799 1059 vel
2854 1014 2978 1075 post
3022 1005 3210 1077 culpas
3259 1007 3328 1061 ad
3380 1024 3496 1078 poe-

1900 1091 2186 1149 nitentiam
2233 1095 2502 1163 redeunt,
2564 1097 2690 1167 quia
2741 1097 3057 1154 indomabili
3118 1100 3280 1156 corde
3345 1110 3495 1156 sunto

1899 1184 2034 1241 Cum
2073 1202 2204 1242 vero
2250 1196 2414 1242 tantae
2469 1188 2799 1258 pravitatis,
2851 1198 3123 1260 tantmque
3168 1190 3494 1248 obstinatio-

1898 1279 1983 1335 nis
2023 1280 2129 1335 sint
2173 1281 2259 1347 hi,
2301 1281 2371 1335 ad
2422 1296 2556 1351 quos
2610 1283 2871 1353 propheta
2930 1283 3191 1349 mittitur,
3232 1284 3355 1357 quis
3381 1283 3494 1353 jam

1898 1387 2004 1427 non
2053 1372 2234 1428 videat
2277 1374 2403 1444 quia
2449 1389 2679 1445 persona
2721 1377 2998 1445 prophetae
3047 1393 3076 1432 a
3113 1385 3224 1432 tam
3269 1392 3495 1450 perver-

1897 1467 1972 1523 sis
2043 1467 2351 1527 hominibus
2418 1467 2621 1538 despici
2686 1462 2909 1526 valeat?
2984 1470 3091 1527 Sed
3131 1488 3259 1530 ecce
3305 1486 3511 1549 aucto-p

1896 1562 2030 1629 ritas
2064 1576 2310 1633 personae
2352 1560 2626 1628 tribuitur,
2672 1579 2795 1619 cum
2821 1565 3107 1622 subditur:
3137 1567 3207 1623 Et
3252 1569 3400 1625 dices
3425 1573 3493 1627 ad

1895 1672 2027 1714 eos:
2062 1656 2186 1723 llaec
2222 1656 2354 1712 dicit
2396 1656 2683 1724 Dominus,
2716 1658 2761 1715 si
2792 1656 2936 1715 forte
2965 1659 3049 1717 vel
3093 1661 3199 1733 ipsi
3249 1660 3489 1730 audiant,

1894 1760 1947 1806 et
1997 1751 2043 1808 si
2091 1751 2233 1807 forte
2278 1750 2584 1823 quiescant,
2629 1753 2755 1823 quia
2813 1754 2999 1811 domus
3052 1773 3369 1827 exasperatur
3417 1769 3491 1814 est

1894 1844 2110 1917 (Ezeclt.
2136 1846 2258 1920 xu).
2299 1845 2368 1903 Et
2408 1855 2485 1914 tu,
2509 1846 2586 1903 ﬁli
2616 1847 2877 1915 hominis,
2908 1866 2977 1906 ne
3012 1850 3207 1906 timeas
3246 1867 3359 1917 eos,
3399 1868 3493 1909 ne-

187 1936 447 1994 similiter
481 1941 743 2009 sentiunt,
777 1940 994 2000 solliciti
1017 1958 1242 2001 servare
1270 1945 1535 2003 unitatem
1562 1946 1789 2018 spiritus
1819 1922 1868 1985 Β
1896 1956 2002 2011 que
2021 1958 2304 2001 sermones
2338 1958 2526 2000 eorum
2556 1953 2788 2013 metuas,
2815 1946 2944 2016 quia
2964 1945 3152 2001 domus
3175 1963 3493 2018 exasperans

185 2029 241 2087 in
287 2028 513 2088 vinculo
559 2034 733 2107 pacis,
768 2030 870 2091 hac
902 2051 1119 2095 mecum
1166 2052 1301 2108 pace
1328 2039 1630 2110 potiantur,
1658 2059 1677 2095 ι
1724 2055 1790 2101 ac

185 2123 233 2181 si
260 2135 521 2197 patenter
550 2127 800 2185 addendo
845 2130 1076 2198 diceres,
1102 2139 1158 2191 et
1201 2131 1257 2188 in
1293 2133 1787 2204 transgressionem

181 2225 506 2274 sanctarum
552 2220 861 2292 regularum
895 2233 1290 2296 per—sanctum
1340 2242 1469 2284 vere
1520 2227 1784 2300 Spiritum

180 2309 523 2381 prolatarum
545 2306 895 2383 gradiantur;
931 2324 986 2372 et
1013 2332 1137 2374 mox
1167 2319 1551 2390 subsequendo
1585 2338 1599 2375 :
1640 2340 1659 2373 ‹
1700 2318 1787 2390 Si,

181 2402 479 2479 inquiens,
527 2404 696 2477 aliqui
745 2422 906 2463 secus
962 2408 1209 2466 nolentes
1267 2411 1387 2466 lteri
1429 2411 1563 2468 socii
1618 2412 1784 2483 hujus

184 2490 523 2581 disciplinae,
560 2514 663 2581 nec
696 2498 1003 2557 habeantur
1046 2503 1341 2581 participes
1372 2505 1785 2569 communionis

181 2595 402 2643 nostrae.
441 2609 462 2643 »
506 2576 663 2658 Quod
691 2607 799 2648 non
851 2601 936 2649 est
976 2593 1120 2651 aliud
1171 2580 1387 2664 dicere,
1414 2597 1525 2657 nisi
1570 2613 1783 2670 perma-

182 2686 349 2736 neant
370 2680 427 2736 in
458 2682 739 2740 catholicae
766 2680 1025 2745 Ecclesia:
1054 2691 1461 2762 communione,
1490 2702 1545 2749 et
1571 2695 1618 2750 si
1643 2677 1781 2753 forte

180 2790 309 2845 non,
333 2776 546 2847 verbis,
573 2781 740 2838 rebus
770 2790 954 2843 tamen
1003 2785 1328 2858 quibusdam
1355 2789 1627 2863 episcopis
1658 2806 1782 2861 per-

176 2871 459 2939 suadendo
491 2888 506 2928 :
532 2896 549 2929 ι
573 2875 745 2946 lianc,
774 2877 1051 2950 inquiens,
1078 2889 1260 2941 tenete
1284 2892 1340 2949 et
1362 2900 1593 2953 mecum
1622 2886 1775 2945 evin-

178 2968 360 3035 dicate
392 2969 869 3049 compilationem,
891 2984 947 3031 et
969 2972 1101 3032 nulli
1122 2976 1229 3035 nisi
1256 2976 1505 3034 Romano
1530 2979 1777 3051 pontilici
1802 3044 1805 3047 _

179 3059 450 3125 debebitis
497 3064 909 3138 subiectionem,
942 3076 1001 3124 et
1039 3068 1369 3141 dissipabitis
1417 3086 1629 3129 mecum
1679 3073 1776 3131 Dei

176 3154 581 3223 ordinationem
613 3158 669 3217 in
716 3161 1021 3217 communis
1068 3162 1393 3235 episcopalis
1438 3164 1648 3221 ordinis
1695 3164 1777 3221 di-

177 3259 416 3317 scretam
440 3252 666 3313 Sedibus
692 3252 1037 3326 dignitatem.
1073 3276 1096 3311 ι
1131 3255 1240 3314 Sed
1266 3257 1634 3317 concedamus
1655 3259 1775 3316 haec
1802 3296 1850 3364 ο

175 3344 361 3402 dicere
404 3355 462 3402 et
509 3360 676 3419 agere
726 3363 888 3420 posse
934 3349 1171 3421 aliquem
1213 3359 1566 3422 arrogantem
1605 3362 1774 3424 atque

169 3436 495 3509 iactantem,
538 3438 635 3499 illa
682 3455 815 3499 vero
849 3441 1094 3499 divinare
1125 3459 1234 3505 non
1282 3443 1461 3512 valeo,
1494 3447 1773 3517 quomodo

174 3527 235 3597 in
279 3540 523 3589 mentem
557 3542 707 3601 tuam
749 3536 939 3592 venire
962 3537 1154 3608 potuit,
1186 3546 1246 3594 ut
1273 3537 1389 3611 regi
1419 3538 1567 3595 illam
1618 3552 1773 3596 com-

173 3618 497 3695 pilationem
515 3626 767 3691 versibus
787 3628 1042 3697 inversis,
1059 3630 1275 3691 scilicet
1298 3631 1619 3689 adulatoriis
1648 3644 1776 3691 seu.

171 3717 337 3785 sibus
380 3721 644 3791 pralitam
672 3722 841 3781 velles
892 3725 1217 3793 ostendere,
1247 3742 1410 3797 quem
1440 3727 1612 3787 latere
1663 3743 1773 3784 non

169 3826 353 3886 posse
377 3814 586 3871 sciebas
610 3817 683 3877 ad
715 3815 849 3887 quid
889 3818 1038 3874 illam
1085 3819 1304 3877 Voluisti
1349 3820 1626 3893 colligere.
1662 3819 1769 3877 Sed

170 3910 241 3971 et
260 3903 403 3961 mihi
431 3907 699 3977 quomodo
726 3908 951 3979 potuisti
1005 3910 1287 3977 mandare,
1338 3921 1401 3968 ut
1449 3926 1559 3967 non
1594 3910 1772 3967 solum

172 4011 243 4055 ea
278 4013 406 4069 quae
431 3998 693 4059 aediﬁcavi
738 4001 1096 4070 destruerem,
1127 4019 1318 4061 verum
1346 4004 1429 4061 sic
1459 4003 1772 4074 metropoli-

173 4098 320 4149 tanae
348 4090 502 4147 sedis
525 4091 873 4165 privilegium
895 4103 957 4151 et
980 4095 1245 4165 nteipsum
1295 4095 1391 4151 tibi
1420 4093 1769 4164 sutdicerem,

172 4191 233 4251 et
264 4183 581 4255 Evangelia,
613 4195 777 4256 atque
810 4187 1107 4257 apostolos,
1138 4196 1196 4243 et
1240 4188 1555 4259 prophetas,
1585 4197 1640 4242 et
1681 4201 1769 4243 ca-

171 4290 347 4345 nones
385 4277 729 4337 incendendo
756 4295 1037 4350 negarem,
1066 4289 1125 4335 ut
1152 4281 1296 4338 sicut
1314 4282 1566 4339 ethnicus
1588 4289 1644 4337 et
1669 4298 1771 4353 pu-

170 4367 424 4427 blicanus
446 4371 702 4429 omnibus
726 4372 937 4439 ﬁerem,
962 4384 1085 4429 cum
1131 4374 1261 4429 licet
1288 4374 1535 4430 inﬁrmus
1562 4383 1617 4430 et
1653 4372 1768 4430 fea-

169 4463 297 4535 gilis
314 4481 421 4527 una
446 4481 572 4521 cum
600 4475 790 4525 sancta
812 4466 1053 4525 Ecclesia
1071 4467 1510 4539 frequentissime
1531 4475 1765 4534 cantem,

167 4559 500 4629 essevirum
549 4570 823 4627 sanctum,
854 4562 947 4631 qui
1003 4572 1101 4632 pro
1158 4561 1276 4633 lege
1310 4562 1409 4642 Dat
1457 4562 1539 4618 sui
1591 4572 1769 4618 certa-

165 4652 243 4707 vit
292 4666 473 4722 usque
500 4654 571 4709 ad
608 4650 863 4711 mortem.
887 4654 955 4709 Et
986 4654 1116 4710 hinc
1141 4655 1305 4711 anxie
1332 4655 1462 4711 mihi
1493 4655 1763 4710 haesitanti

165 4745 415 4803 occurrit
450 4745 651 4804 Paulus
677 4748 748 4805 de
778 4748 1093 4819 huiusmodi
1121 4748 1311 4806 dicens
1345 4766 1358 4803 :
1409 4746 1541 4802 Cum
1575 4762 1767 4820 cogno-

167 4838 358 4893 vissent
408 4836 596 4905 Deum,
647 4858 754 4907 non
802 4840 941 4896 sicut
968 4840 1140 4896 Deum
1179 4840 1637 4912 gloriﬁcaverunt;
1670 4850 1762 4896 aut

162 4934 373 5004 gratiae
390 4943 631 5005 egerunt,
653 4937 747 4992 sed
773 4947 1091 4992 evanuerunt
1115 4937 1172 4992 in
1195 4930 1758 5007 cogitationibus‘sais,

158 5032 215 5079 et
236 5024 585 5085 obscuratum
608 5038 687 5083 est
703 5029 959 5100 cuipiam
986 5045 1078 5085 cor
1106 5044 1290 5084 eorum
1323 5043 1342 5082 :
1374 5031 1601 5086 dicentes
1621 5036 1759 5087 enim

157 5132 369 5174 «esse
408 5120 693 5191 sapientes,
723 5121 870 5178 stadii
917 5123 1049 5192 facti
1073 5132 1192 5177 sunt
1220 5120 1395 5193 (Rom.
1429 5125 1488 5195 ι).
1522 5124 1599 5179 De
1641 5125 1761 5197 qui-

160 5206 269 5268 bus
298 5218 359 5266 et
407 5210 671 5271 Dominus
698 5214 771 5271 ad
817 5215 1160 5272 Ezechielem
1206 5219 1527 5288 prophetam
1580 5217 1761 5274 dicit:

160 5302 397 5371 Pam,
454 5308 723 5379 inquiens,
756 5322 941 5366 eorum
994 5313 1328 5383 prevaricati
1379 5321 1500 5366 sunt
1548 5322 1759 5383 pactum

158 5414 343 5454 meum
386 5416 567 5473 usque
596 5404 665 5458 ad
712 5404 853 5458 diem
890 5405 1049 5470 hanc,
1077 5413 1127 5459 et
1168 5403 1268 5474 ﬁlii
1313 5406 1449 5459 dura
1492 5407 1687 5461 cervice
1712 5414 1761 5461 et

118 5522 125 5529 -
156 5492 481 5550 indomabili
516 5497 671 5551 corde
699 5507 842 5564 sunt,
873 5499 943 5552 ad
965 5502 1095 5569 quos
1138 5514 1235 5569 ego
1268 5499 1419 5553 mitto
1447 5507 1497 5552 te
1537 5497 1756 5571 (Ecce-Ii.

155 5586 260 5654 tt).
298 5586 417 5643 Sed
437 5588 593 5658 prius
611 5590 768 5646 nobis
806 5604 875 5646 ex
904 5591 1092 5647 verbis
1108 5592 1253 5647 beati
1295 5591 1543 5662 Gregorii
1573 5592 1761 5648 dicen-

158 5680 411 5755 dum‘eet
444 5680 574 5749 quid
610 5683 938 5754 sittpactum
973 5700 988 5738 :
1020 5702 1039 5736 ι
1068 5684 1127 5740 in
1146 5692 1330 5755 pacto.
1359 5684 1534 5755 inquit
1593 5683 1756 5753 (hanc.

156 5769 190 5825 9
228 5746 574 5845 infacete),
606 5746 1039 5833 discordantium
1088 5746 1327 5848 partium
1357 5746 1610 5833 voluntas
1652 5790 1759 5831 im-

154 5863 367 5932 oleur,
393 5876 457 5922 Ie
477 5870 545 5923 ad
570 5878 753 5925 votum
784 5880 944 5928 suum
988 5886 1217 5944 quaeque
1241 5873 1544 5944 perveniat,
1568 5880 1625 5929 et
1643 5871 1765 5941 jur-

157 5957 590 6030 giadesiderato
627 5964 734 6021 ﬁne
785 5966 1097 6024 concludat.
1145 5968 1298 6036 Quod
1347 5978 1567 6040 pactum
1616 5969 1761 6026 inter

1852 2060 1855 2063 <
1890 2043 1988 2090 est.
2020 2032 2212 2106 (Ibid.)
2244 2033 2482 2091 Stultum
2510 2037 2661 2093 enim,
2692 2038 2852 2094 valde
2895 2046 3004 2106 est,
3055 2040 3102 2097 si
3153 2039 3261 2097 illis
3277 2040 3494 2111 placere

1889 2127 2202 2197 qumrimus,
2236 2144 2378 2200 quos
2403 2145 2511 2185 non
2544 2129 2758 2201 placere
2797 2133 3025 2188 Domino
3067 2134 3290 2190 scimus.
3322 2134 3493 2192 Debe-

1888 2234 2011 2283 mus
2033 2228 2217 2275 autem
2240 2220 2444 2277 habere
2473 2221 2528 2277 in
2559 2231 2707 2278 metu
2734 2231 2791 2279 et
2819 2224 3123 2281 reverentia
3149 2224 3351 2294 judicia
3370 2227 3489 2297 jus-

1889 2317 2090 2379 torum,
2134 2311 2261 2381 quia
2284 2312 2531 2369 membra
2577 2313 2964 2383 omnipotentis
2991 2315 3088 2371 Dei
3117 2323 3264 2382 sunt,
3307 2316 3492 2371 ethoc

1886 2404 1992 2477 ipsi
2016 2404 2071 2461 in
2101 2414 2244 2465 terra
2276 2408 2703 2478 reprehendunt,
2746 2409 2891 2481 quod
2920 2409 3181 2467 Dominus
3211 2409 3490 2481 redarguit

1885 2495 2100 2553 eccelo.
2151 2495 2289 2557 Nam
2335 2514 2719 2570 perversorum
2765 2499 3072 2572 derogatio,
3121 2501 3246 2556 vitae
3285 2510 3488 2557 nostra:

1885 2587 2203 2661 approbatio
2228 2597 2312 2645 est
2342 2589 2469 2663 quia
2488 2589 2601 2661 jam
2639 2591 2944 2647 ostenditur
2968 2607 3069 2648 nos
3097 2591 3299 2663 aliquid
3320 2591 3488 2661 justi-

1885 2678 1975 2737 tia:
2004 2681 2228 2749 habere,
2267 2683 2312 2740 si
2340 2682 2449 2740 illis
2476 2686 2763 2756 displicere
2789 2680 3078 2757 incipimus
3108 2689 3201 2759 qui
3232 2704 3342 2744 non
3371 2688 3486 2760 pla-

1882 2781 2009 2827 cent
2036 2772 2167 2830 Deo.
2202 2773 2328 2831 ldeo
2354 2776 2482 2833 boni
2512 2778 2737 2836 timendi
2774 2788 2901 2835 sunt
2924 2796 2993 2836 ne
3017 2781 3385 2850 otl'endantur,
3415 2798 3486 2838 ne

1882 2863 2115 2941 fortasse
2143 2882 2242 2937 per
2267 2884 2362 2925 eos
2405 2869 2494 2927 ille
2526 2881 2851 2942 provocetur
2895 2875 2965 2931 ad
2998 2874 3358 2946 iracundiam,
3392 2876 3487 2949 qui

1882 2974 2070 3021 eorum
2096 2963 2261 3018 corda
2290 2978 2505 3036 semper
2553 2965 2841 3023 inhabitat.
2877 2968 3108 3040 Propter
3147 2971 3292 3042 quod
3317 2973 3484 3032 etiam

1882 3053 2171 3109 subditur:
2205 3055 2285 3110 Tu
2313 3065 2516 3127 autem,
2558 3060 2635 3115 ﬁli
2679 3062 2938 3130 hominis,
2992 3066 3117 3121 audi
3146 3082 3485 3140 quaecunque

1880 3143 2074 3219 loquor
2100 3149 2169 3204 ad
2196 3158 2269 3217 te,
2316 3161 2373 3219 et
2416 3152 2527 3209 noli
2570 3169 2693 3213 esse
2738 3171 3088 3229 exasperatis,
3120 3159 3262 3217 sicut
3289 3150 3483 3219 domus

1882 3242 2256 3312 exasperatrix
2282 3252 2384 3300 est.
2411 3242 2527 3301 Nisi
2549 3246 2692 3307 enim
2718 3249 2785 3305 ad
2812 3248 3143 3321 loquendum
3163 3254 3331 3311 verba
3356 3270 3483 3310 cum

1854 3335 2199 3395 'mittebatur
2221 3336 2489 3407 obediret,
2520 3342 2948 3412 omnipotentem
2985 3346 3298 3416 Dominum,
3339 3349 3482 3405 sicut

1879 3430 2155 3491 auditores
2200 3434 2269 3490 de
2308 3449 2567 3505 perverso
2606 3452 2802 3509 opere,
2849 3440 2929 3497 sic
2967 3442 3252 3513 propheta,
3299 3443 3355 3500 id
3393 3449 3486 3503 est

1875 3525 2202 3595 praedicator
2229 3528 2295 3584 de
2323 3542 2424 3587 suo
2451 3530 2671 3587 silentio
2693 3532 2866 3589 Deum
2887 3545 3287 3606 exasperasset.
3322 3555 3346 3592 ι

2447 3636 2676 3701 CAPUT
2692 3645 2901 3703 XLVII.

1878 3752 2245 3834 Quodsictum
2273 3773 2336 3834 se.
2360 3772 2626 3834 utinquam
2657 3768 2924 3830 agnoscat.
2957 3758 3038 3816 De
3063 3763 3177 3834 ejus
3203 3760 3260 3817 in
3291 3770 3452 3818 metro

1943 3825 2238 3905 politatmm
2260 3825 2543 3905 rebellione
2569 3846 2587 3883 :
2608 3839 2657 3905 et
2690 3825 2839 3905 quod
2874 3844 3029 3887 sacra
3064 3825 3272 3905 eloquia
3313 3837 3469 3889 exuri

1947 3899 2177 3976 petierit,
2209 3912 2259 3953 et
2297 3900 2527 3976 solrisma
2562 3899 2942 3976 subscriptione
2963 3916 3062 3960 sua
3092 3899 3295 3976 fecerit.
3317 3906 3387 3961 Et
3408 3907 3474 3963 de

1946 3970 2163 4032 iniustis
2191 3986 2306 4041 ejus
2339 3972 2720 4043 obligamentis.

1949 4084 2104 4143 Unde
2150 4087 2306 4155 mihi,
2346 4090 2413 4146 ad
2441 4091 2598 4162 cujus
2621 4091 3043 4150 sollicitudinem
3083 4095 3359 4167 pertinere
3386 4098 3472 4154 die

1871 4180 2174 4250 suesceris,
2208 4197 2316 4239 non
2346 4197 2433 4239 εει
2480 4184 2580 4238 ιιιιί
2627 4185 2937 4241 tacendum.
2962 4186 3030 4240 Et
3059 4188 3187 4258 quia
3228 4203 3335 4260 ego
3356 4205 3472 4247 mo-

1873 4275 2052 4333 nendo
2079 4286 2138 4334 et
2172 4285 2233 4332 tu
2267 4278 2574 4335 resistendo
2601 4278 2797 4335 luctari
2833 4281 3121 4349 capimus,
3164 4291 3219 4338 et
3252 4293 3386 4354 puto
3411 4285 3471 4341 in

1871 4368 1975 4426 hac
2001 4380 2255 4440 praesenti
2303 4370 2605 4427 luctatione
2638 4389 2747 4429 non
2795 4383 2923 4429 ante
2969 4387 3203 4445 sextam,
3254 4388 3349 4433 aut
3379 4391 3469 4434 se-

1870 4464 2118 4535 ptimam,
2148 4463 2235 4517 vel
2268 4478 2441 4533 usque
2474 4463 2543 4519 ad
2570 4464 2841 4520 decimam
2886 4464 3216 4524 volutionem
3242 4469 3469 4539 patieris
3554 4518 3557 4523 .

1869 4558 2226 4613 succumbere
2253 4574 2267 4610 :
2298 4571 2513 4628 nempe,
2538 4567 2597 4612 ut
2637 4559 2822 4626 timeo,
2853 4559 3018 4614 etiam
3066 4575 3195 4617 cum
3233 4565 3464 4635 ratione,

1870 4654 2116 4717 veritate,
2146 4660 2311 4723 atque
2332 4653 2678 4721 auctoritate,
2710 4668 2775 4710 ac
2801 4653 2945 4710 nube
2974 4656 3215 4724 testium,
3263 4656 3462 4713 acriori
3532 4672 3539 4681 ‘

1873 4746 2050 4802 duello
2072 4746 2286 4803 Daretis
2310 4757 2367 4802 et
2392 4748 2909 4820 Entelli-justissime
2929 4749 3124 4816 victus,
3149 4758 3206 4804 et
3219 4750 3463 4820 judicum

1862 4838 2134 4910 jnstorum
2183 4839 2513 4895 clamoribus
2558 4840 2818 4909 percitus,
2860 4839 2978 4910 jam
3034 4842 3226 4897 subtus
3248 4839 3459 4909 jaeeus,

1867 4933 2073 4989 vietum
2094 4942 2147 4989 te
2175 4934 2355 4989 dicere
2378 4944 2485 4990 non
2512 4932 2843 5005 dignaberis,
2875 4944 2931 4991 et
2953 4951 3075 5007 quae
3110 4938 3179 4990 ad
3208 4943 3357 4990 tuam
3380 4934 3463 4989 ιιια

1864 5025 2222 5083 structionem
2265 5036 2321 5081 et
2356 5028 2753 5098 correptionem
2796 5027 2897 5084 tibi
2928 5027 3134 5097 scripta
3177 5033 3324 5093 sint;
3353 5039 3460 5081 non

1865 5120 1933 5176 ad
1958 5119 2375 5175 aediﬁcationem
2408 5120 2694 5191 suscipies,
2720 5121 2817 5177 sed
2840 5120 2907 5176 ad
2940 5119 3347 5176 mutationem
3366 5132 3464 5175 ex—

1871 5228 2128 5287 aggerare
2152 5213 2414 5280 studebis,
2445 5222 2503 5269 et
2524 5228 2678 5270 more
2708 5222 2800 5271 tuo
2826 5224 2984 5271 sueto
3010 5222 3070 5269 ut
3099 5214 3334 5269 invictus
3360 5213 3456 5280 sis,

1868 5313 2089 5363 secutus
2119 5305 2275 5361 Helio
2303 5316 2695 5377 praecursorem
2720 5307 3110 5380 arrogantium,
3136 5312 3190 5362 et
3217 5307 3271 5361 in
3298 5320 3456 5362 arro-

1867 5400 2049 5472 gantia
2070 5414 2169 5455 sua
2190 5400 2631 5469 invictissimum,
2662 5400 2755 5473 qui
2781 5401 2920 5457 dixit
2944 5416 2961 5456 ι
2986 5399 3187 5456 Plenus
3211 5415 3331 5456 sum
3347 5416 3455 5456 ser-

1866 5497 2130 5563 monibus,
2156 5506 2206 5551 et
2239 5504 2473 5550 coarctat
2511 5504 2594 5551 me
2618 5497 2834 5566 spiritus
2873 5496 3009 5550 nteit
3037 5497 3139 5550 "rei
3161 5496 3386 5568 :loquar
3406 5509 3456 5553 et

1865 5590 2131 5661 respirabd
2152 5588 2448 5660 paululum,
2482 5589 2715 5660 aperiant
2749 5588 2891 5644 labia
2919 5598 3038 5643 mea
3064 5598 3112 5643 et
3134 5589 3453 5661 respondebo

1863 5682 1986 5758 (Job
2022 5683 2218 5749 χχιιι),
2250 5689 2305 5737 te
2334 5681 2479 5736 intra
2526 5688 2578 5734 te
2619 5680 2874 5736 cohibere
2924 5695 3033 5735 non
3064 5681 3289 5751 poteris,
3318 5681 3453 5751 quin

1861 5777 2147 5833 scientiam
2172 5787 2319 5831 tuam
2344 5786 2463 5831 sine
2507 5772 2721 5829 ratione
2742 5782 2798 5829 et
2832 5774 3154 5830 auctoritate
3198 5775 3257 5829 in
3290 5788 3451 5829 annis

1862 5872 2138 5930 incondite
2158 5883 2219 5930 ut
2241 5872 2381 5930 soles
2406 5874 2523 5928 iter:
2561 5871 2831 5941 protei-as,
2848 5876 2913 5927 'et
2942 5878 3003 5926 ut
3039 5884 3128 5926 me
3156 5870 3227 5925 ad
3249 5868 3448 5924 rescri-

1863 5968 2098 6025 bendqu
2125 5966 2448 6039 compellere
2496 5966 2692 6037 possis,
2735 5974 3001 6038 quatenus
3038 5966 3202 6023 horas
3232 5963 3431 6019 ulilitat

1766 6122 1796 6135 κ
1812 6125 1841 6136 τι
1895 6127 1899 6130 -
