3990 6300
480 307 589 408 d67

1468 296 1799 402 maenaa!
1839 341 2234 402 arransssns
2273 343 2792 408 ARCHIEPISCOPI

3662 356 3756 414 £68

483 465 728 528 nionem,
754 460 898 516 illius
928 473 1051 514 cum
1079 455 1367 511 universali
1397 453 1661 528 Ecclesia,
1689 473 1757 512 an
1803 466 1948 514 tuam
1976 443 2072 529 op-
2101 462 2151 524 Α
2179 457 2314 529 ejus.
2361 480 2377 512 ι
2406 460 2532 516 Haec
2560 461 2764 516 ideirco
2790 463 2959 518 tribus
2979 465 3264 534 promissis
3299 467 3364 522 de
3410 469 3594 525 verbis
3641 471 3758 528 bea.

482 557 665 630 pidaui
698 552 936 630 episcopi
961 567 1085 608 cum
1119 552 1225 606 tuis
1249 550 1608 621 complicibus
1645 551 1839 607 debeat
1881 553 2074 607 catho-

479 650 618 706 licus
666 649 894 718 quisque
949 645 1180 716 eligere,
1219 645 1522 716 prmsertim
1588 661 1711 703 cum
1764 643 1907 699 idem
1961 645 2071 698 Leo

481 743 626 799 dicat
666 762 678 796 :
718 762 737 794 ί
781 741 837 796 Si
869 741 990 810 quis
1021 741 1074 796 in
1099 740 1390 800 decretalia
1424 740 1716 794 constituta
1751 747 1860 794 tam
1898 740 2072 796 beatae

481 833 875 892 recordationis
901 832 1224 898 lnnocentii,
1248 848 1414 904 quam
1451 832 1692 885 omnium
1724 832 2068 886 decessorum

478 945 718 994 suorum,
750 943 869 997 qua:
894 928 959 982 de
980 927 1367 988 ecclesiasticis
1399 926 1699 992 ordinibus,
1723 935 1778 980 et
1798 942 2066 982 canonum

474 1019 816 1094 promulgata
841 1028 971 1076 sunt
1001 1019 1302 1088 disciplinis
1333 1018 1690 1086 commiserit,
1722 1020 1932 1074 veniam
1963 1019 2066 1074 sibi

475 1111 730 1181 deinceps
753 1109 963 1163 noverit
989 1109 1261 1179 denegari.
1296 1128 1314 1161 ι
1348 1108 1403 1162 lu
1433 1125 1553 1180 qua:
1605 1111 1894 1163 (lcet‘etalia
1939 1127 2066 1165 con-

470 1204 659 1262 stituta
691 1211 745 1258 te
792 1199 1166 1262 manislestutn
1204 1209 1288 1255 est
1341 1201 1700 1265 commisisse,
1724 1201 1866 1255 sicut
1920 1212 1973 1256 et
2010 1202 2064 1256 in

469 1297 693 1368 scriptis
719 1293 886 1351 semel
911 1300 963 1352 et
985 1294 1222 1352 secundo
1247 1307 1277 1346 a
1307 1307 1393 1346 me
1427 1292 1523 1346 tibi
1552 1292 1771 1346 directis
1820 1294 2060 1347 ostendi-

470 1399 582 1458 tur,
603 1400 660 1448 et
689 1404 815 1446 ecce
836 1387 949 1458 jam
982 1387 1140 1448 tertio
1163 1387 1217 1442 in
1247 1387 1351 1442 hoc
1387 1386 1588 1457 scripto
1616 1403 1777 1456 supra
1800 1394 2062 1446 monstra-

469 1492 559 1540 tur
584 1499 602 1538 :
624 1500 656 1541 a
682 1498 913 1555 quorum
937 1481 1241 1550 disciplina,
1273 1481 1380 1536 imo
1411 1495 1441 1533 a
1474 1479 1740 1534 catholica
1792 1479 2058 1545 Ecclesia,

464 1578 618 1648 cujus
665 1579 924 1636 exstitere
975 1584 1237 1642 rectores,
1279 1574 1383 1632 hac
1432 1573 1827 1644 subscriptione
1871 1583 1957 1628 tua
2011 1582 2061 1629 te

374 1713 386 1747 ᾧ
465 1672 754 1742 separasti.
778 1669 844 1733 si,
864 1677 923 1723 ut
957 1667 1275 1739 praedictum
1310 1674 1414 1730 est,
1441 1677 1493 1720 et.
1523 1682 1739 1736 semper
1768 1666 2058 1721 dicendum

465 1775 565 1829 est,
598 1781 629 1820 a
679 1773 732 1820 te
781 1762 1086 1831 subscripta
1152 1760 1356 1814 eisdem
1408 1759 1721 1814 constitutis
1745 1773 1864 1814 esse
1909 1758 2059 1813 inve-

461 1862 691 1917 niuntur
713 1858 965 1913 adversa.
991 1855 1334 1925 Quapropter
1381 1853 1555 1908 adhuc
1583 1855 1747 1910 etiam
1796 1854 1900 1908 tria
1965 1853 2059 1910 tibi
2092 1841 2136 1904 Β

459 1969 528 2010 ex
551 1952 731 2006 verbis
753 1946 896 2006 beati
923 1949 1208 2020 Augustini
1232 1945 1513 2002 catholicae
1538 1945 1792 2002 Ecclesia:
1823 1947 2058 2002 doctoris

461 2045 647 2100 eximii
677 2043 1029 2113 proponenda
1084 2041 1364 2112 proposui,
1394 2054 1712 2110 pra‘poncns
1751 2039 1835 2093 his
1887 2041 2059 2093 tribus

460 2139 607 2194 beati
630 2137 888 2211 Cypriani
914 2137 1264 2202 sententiam,
1291 2152 1318 2190 a
1361 2137 1522 2192 beato
1556 2137 1859 2206 Augustino
1905 2137 2058 2189 favo-

460 2232 704 2288 rabiliter
761 2228 1117 2290 collaudatum
1187 2231 1359 2302 (epist.
1388 2231 1478 2296 73,
1510 2232 1580 2284 ad
1611 2230 1938 2300 Jubajammt
2002 2231 2056 2284 in

459 2327 612 2398 line),
637 2336 690 2382 et
732 2328 800 2381 ab
845 2326 1097 2381 omnibus
1153 2325 1434 2382 catholicis
1492 2341 1554 2379 ac
1605 2325 1695 2394 pie
1749 2325 2056 2380 viventibus

460 2422 871 2493 acceptandam.
911 2439 928 2471 (
967 2419 1255 2485 Servatur,
1286 2418 1465 2488 inquit
1508 2419 1701 2474 beatus
1752 2418 2055 2490 Cyprianus

457 2515 572 2589 (lib.
599 2532 653 2570 IV
681 2514 744 2569 de
766 2514 947 2584 Bapt.,
981 2528 1096 2582 cap.
1132 2514 1205 2583 7),
1234 2529 1262 2567 a
1297 2513 1451 2569 nobis
1478 2513 1748 2582 patienter
1781 2520 1836 2566 et
1861 2513 2056 2568 leniter

457 2610 699 2665 charitas
727 2609 913 2671 animi,
946 2610 1122 2664 honor
1166 2607 1397 2680 collegii,
1425 2609 1699 2665 vinculum
1745 2608 1891 2675 fidei,
1924 2625 2052 2664 con-

455 2703 641 2759 cordia
667 2701 978 2756 sacerdotii.
1015 2721 1032 2751 ι
1067 2700 1212 2765 Haec,
1263 2702 1438 2772 inquit
1483 2701 1836 2771 Augustinus,
1889 2702 2052 2755 verba

455 2795 709 2867 Cypriani
749 2801 894 2849 sunt.
919 2795 998 2846 An
1034 2792 1170 2854 forte
1194 2793 1395 2848 invidia
1419 2800 1473 2846 et
1491 2792 1754 2848 malevola
1787 2793 2053 2848 dissensio

452 2901 679 2958 parvum
710 2885 906 2941 malum
938 2887 1054 2940 est?
1079 2885 1366 2954 Quomodo
1397 2886 1630 2956 crgoisti
1665 2893 1824 2940 erant
1847 2885 1902 2941 in
1925 2885 2049 2941 uni-

455 2987 588 3045 tate,
620 2978 709 3050 qui
733 2995 835 3033 non
864 2989 1020 3034 erant
1045 2981 1098 3034 in
1123 2980 1290 3049 pace?
1319 2980 1434 3035 Vox
1465 2979 1609 3033 enim
1633 2995 1739 3034 non
1790 2994 1932 3042 mea,
1959 2987 2051 3033 aut

451 3076 677 3147 alicujus
703 3076 958 3139 hominis,
988 3074 1080 3128 sed
1119 3074 1286 3143 ipsius
1332 3073 1562 3136 Domini,
1598 3089 1699 3128 nec
1726 3087 1822 3143 per
1869 3073 2048 3128 homi-

452 3183 574 3233 nes,
606 3168 698 3222 sed
733 3184 830 3238 per
861 3165 1079 3238 angelos
1108 3165 1293 3220 sonuit
1327 3163 1543 3219 Christo
1571 3173 1701 3219 nato
1731 3184 1742 3218 :
1783 3163 1965 3218 Gloria
1991 3164 2044 3216 in

450 3263 667 3318 excelsis
696 3261 820 3326 Deo,
847 3273 894 3315 et
924 3264 976 3314 in
1007 3271 1146 3313 terra
1173 3277 1278 3329 pars
1319 3259 1615 3313 hominibus
1664 3258 1811 3312 bona:
1861 3256 2045 3314 caluu-

450 3357 750 3429 tatis(Luc.
781 3355 1045 3428 11).Quod
1092 3355 1277 3426 utique
1329 3364 1458 3410 nato
1507 3356 1560 3410 in
1620 3357 1778 3409 terris
1828 3354 2045 3410 Christo

451 3467 558 3505 non
593 3460 813 3503 sonaret
834 3463 928 3502 ore
961 3451 1228 3519 angelico,
1265 3449 1367 3504 nisi
1395 3449 1537 3504 Deus
1565 3451 1665 3504 hoc
1685 3450 1845 3502 vellet
1882 3449 2044 3503 intel-

452 3545 565 3617 ligi,
598 3561 692 3602 eos
745 3561 866 3601 esse
915 3546 966 3600 in
1019 3546 1228 3600 unitate
1261 3545 1508 3616 corporis
1536 3545 1756 3606 Christi,
1787 3544 1877 3614 qui
1921 3552 2048 3598 sunt

451 3639 506 3692 in
553 3652 685 3710 pace
732 3636 957 3705 Christi,
987 3654 1081 3693 eos
1135 3645 1317 3691 autem
1374 3653 1494 3692 esse
1547 3636 1598 3691 in
1640 3653 1772 3708 pace
1818 3637 2042 3701 Christi,

450 3731 541 3800 qui
594 3738 719 3785 sunt
767 3730 921 3785 bona)
973 3729 1286 3784 voluntatis.
1338 3727 1508 3784 Porro
1571 3729 1712 3784 sicut
1775 3728 1825 3782 in
1876 3729 2043 3783 bene-

455 3823 686 3877 volentia
734 3822 876 3876 bona
909 3823 1160 3878 voluntas
1188 3864 1201 3888 ,
1265 3823 1344 3877 sic
1388 3823 1440 3878 in
1497 3821 1872 3876 malevolentia
1906 3821 2045 3876 mala

451 3915 703 3969 voluntas
773 3922 876 3967 est.
923 3913 1043 3968 Jam
1105 3929 1233 3968 vero
1299 3915 1415 3982 ipsa
1491 3912 1889 3981 invidia,qu:e
1933 3929 2042 3970 non

449 4016 627 4076 potest
680 4021 799 4059 esse.
851 4005 954 4058 nisi
1011 4004 1296 4066 malevola,
1346 4012 1606 4071 quantum
1665 4003 1866 4057 malum
1923 4003 2046 4057 est?

452 4105 568 4153 lion
626 4113 934 4167 qmcramus
983 4095 1118 4149 alios
1188 4102 1374 4161 testes,
1444 4093 1638 4148 sullicit
1715 4094 1870 4147 nobis
1929 4095 2046 4164 ipse

450 4193 777 4264 Cyprianus,
811 4207 907 4261 per
931 4205 1090 4260 quem
1119 4197 1226 4243 tam
1259 4188 1427 4241 multa
1483 4187 1549 4240 de
1601 4187 1718 4240 zelo
1758 4194 1811 4239 et
1872 4185 2045 4241 livore

453 4286 714 4341 Dominus
745 4283 1093 4338 veracissima
1119 4282 1374 4346 intonuit,
1400 4289 1454 4335 et
1485 4279 1730 4336 salubria
1759 4279 2040 4350 praecepit.

453 4383 719 4452 Legamus
750 4395 878 4450 ergo
914 4377 1207 4448 Epistolam
1238 4377 1495 4450 Cypriani
1525 4376 1591 4429 de
1613 4373 1730 4429 zelo
1757 4384 1811 4430 et
1852 4373 2040 4440 livore,

451 4485 506 4530 et
530 4476 807 4528 videamus
829 4482 1092 4544 quantum
1120 4473 1318 4527 malum
1345 4472 1415 4526 sit
1439 4471 1681 4526 invidere
1705 4470 2040 4534 melioribus,

452 4567 608 4639 cujus
634 4568 757 4621 mali
784 4568 1049 4638 originem
1079 4568 1146 4622 ab
1193 4567 1308 4636 ipso
1351 4565 1564 4620 diabolo
1614 4565 1887 4619 exstitisse
1926 4575 2073 4628 me—f

452 4662 788 4718 morabiliter
839 4663 1010 4716 docet.
1054 4679 1070 4711 ‹
1125 4659 1347 4725 Zelare,
1378 4658 1579 4730 inquit,
1623 4660 1765 4730 quod
1839 4659 2042 4712 bonum

452 4757 652 4818 videas,
678 4763 732 4810 et
763 4753 1003 4808 invidere
1044 4753 1376 4815 melioribus,
1412 4751 1530 4806 leve
1579 4751 1720 4820 apud
1776 4750 2040 4819 quosdam

449 4857 506 4906 et
536 4848 807 4904 modicum
849 4846 1053 4900 crimen
1102 4846 1334 4910 videtur,
1371 4845 1567 4898 fratres
1615 4843 1973 4898 dilectissimi.
2017 4861 2034 4895 ι

451 4944 656 5000 Deinde
680 4942 840 5015 paulo
866 4948 1009 5011 post,
1045 4955 1167 4994 cum
1197 4938 1311 5005 ejus
1339 4940 1464 4993 mali
1495 4948 1653 5009 caput
1685 4949 1847 5006 atque
1875 4936 2041 5007 origi-

450 5046 865 5112 nemquxereret
896 5054 910 5092 :
951 5055 967 5085 ‹
1005 5035 1140 5090 llinc
1172 5033 1433 5096 diabolus,
1466 5033 1660 5102 inquit,
1703 5034 1842 5085 inter
1885 5034 2038 5088 initia

452 5135 636 5188 statim
662 5131 868 5197 nnmdi,
895 5137 947 5183 et
972 5128 1131 5199 periit
1153 5126 1360 5197 primus
1385 5135 1437 5182 et
1457 5128 1704 5196 perdidit.
1742 5147 1759 5176 ι
1792 5126 1854 5178 Et
1881 5125 2042 5195 paulo

448 5235 573 5297 post
605 5243 618 5278 ε
658 5245 675 5276 ι
707 5224 874 5293 Quale
905 5223 1105 5276 malum
1138 5229 1243 5286 est,
1276 5222 1464 5290 inquit,
1497 5220 1712 5285 fratres,
1742 5237 1848 5292 quo
1878 5235 2069 5307 auge:

452 5319 536 5373 lus
566 5319 784 5384 cecidit,
823 5333 928 5386 quo
959 5313 1346 5370 circumveniri
1371 5321 1425 5366 et
1452 5311 1694 5367 subverti
1739 5311 1844 5365 alta
1871 5311 1959 5365 illa
1989 5318 2042 5366 et

454 5410 714 5479 praeclara
755 5408 1061 5463 sublimitas
1090 5405 1283 5476 potuit,
1318 5395 1425 5473 quo
1483 5404 1741 5471 deceptus
1789 5411 1872 5456 est
1931 5401 2042 5470 ipse

453 5505 547 5573 qui
574 5501 821 5570 decepit?
858 5502 1064 5555 Exinde
1090 5500 1290 5554 invidia
1319 5509 1599 5568 grassatur
1622 5499 1674 5551 in
1702 5497 1879 5562 terris,
1912 5497 2038 5550 dum

453 5592 624 5646 livore
645 5593 917 5663 periturus
941 5593 1196 5661 magistro
1221 5589 1542 5658 perditionis
1562 5587 1902 5658 obsequitur,
1918 5589 2043 5642 dum

456 5684 730 5742 diabolum
774 5686 862 5756 qui
917 5687 1055 5738 zelat
1102 5685 1374 5750 imitatur,
1402 5683 1540 5738 sicut
1589 5684 1853 5752 scriptum
1907 5691 2038 5736 est:

455 5776 667 5832 Invidia
691 5786 864 5830 autent
887 5777 1080 5829 diaboli
1110 5795 1248 5832 mors
1274 5777 1485 5832 intrarit
1510 5778 1563 5829 in
1587 5777 1760 5829 orbem
1785 5784 2043 5828 terrarum

454 5867 615 5946 (Sap.
646 5868 729 5944 ιι).
767 5867 1056 5924 Imitantur
1081 5885 1210 5945 ergo
1245 5871 1393 5925 illum
1444 5869 1535 5945 qui
1591 5876 1716 5925 sunt
1771 5883 1838 5925 ex
1891 5878 2045 5942 parte

2071 3215 2121 3286 ϐ

2179 554 2216 612 ti
2246 553 2528 626 Augustini
2560 571 2589 610 a
2622 572 2707 611 me
2752 555 2844 612 tibi
2901 559 3265 630 proponendis
3317 563 3608 634 praeposui,
3639 581 3758 635 quo-

2177 647 2322 702 niam
2351 649 2466 704 zelo
2487 660 2542 704 et
2563 648 2747 706 furore
2776 651 2862 705 illa
2890 653 3193 732 perniciosa
3217 655 3534 726 ligamenta,
3565 658 3630 714 de
3651 661 3756 730 qui-

2174 743 2274 798 bus
2290 745 2488 813 agitur,
2509 755 2557 799 te
2574 746 2766 816 egisse,
2785 748 2989 803 etbanc
3007 757 3195 802 contra
3216 765 3400 804 sacras
3416 751 3632 820 regulas
3645 753 3756 809 sub-

2174 841 2519 910 scriptionem
2541 843 2888 900 adinvenisse
2903 845 3175 900 veraciter
3198 847 3492 901 credimus.
3524 846 3752 917 Quapro-

2170 941 2292 1002 pter
2307 937 2674 991 necessarium
2691 937 2814 992 duxi
2833 938 3066 1008 primum
3099 938 3316 1010 quidem
3335 938 3428 993 tibi
3443 941 3722 994 ostendere
3737 985 3750 1006 ,

2169 1030 2292 1097 quia
2311 1031 2361 1084 in
2381 1031 2491 1085 sola
2507 1031 3001 1098 catlioli'ca,unitate
3013 1047 3104 1102 per
3125 1032 3357 1089 brereses
3373 1034 3456 1089 vel
3475 1035 3754 1090 schismata

2167 1138 2277 1180 non
2304 1124 2496 1188 divisa,
2527 1141 2652 1180 vera
2685 1135 2810 1184 sunt
2845 1126 3156 1197 ligat‘nenta,
3193 1135 3253 1180 ut
3277 1142 3406 1181 vera
3433 1137 3558 1182 sunt
3589 1143 3753 1182 sacra.

2169 1222 2372 1270 menta.
2406 1236 2421 1267 ‹
2454 1216 2591 1270 Puto
2621 1234 2728 1284 me,
2763 1218 2936 1288 inquit
2966 1219 3158 1273 beatus
3182 1219 3516 1291 Augustinus
3550 1220 3662 1290 (lib.
3690 1237 3751 1276 vn

2167 1305 2228 1359 de
2255 1305 2430 1375 “opt,
2461 1323 2508 1360 c.
2540 1308 2651 1377 51),
2681 1324 2784 1361 non
2829 1317 3030 1363 temere
3062 1307 3262 1377 dicere,
3291 1311 3428 1368 alios
3455 1313 3529 1365 ita
3559 1327 3679 1367 esse
3703 1313 3750 1368 in

2167 1397 2326 1450 domo
2359 1397 2474 1461 Dei,
2505 1408 2561 1452 ut
2592 1400 2693 1469 ipsi
2724 1401 2886 1454 etiam
2926 1403 3036 1455 sint
3061 1403 3249 1458 eadem
3278 1404 3470 1459 domus
3498 1404 3614 1468 Dei,
3645 1420 3753 1478 qua

2165 1487 2362 1542 dicitur
2405 1490 2658 1545 :cdilicari
2688 1508 2849 1562 super
2879 1502 3086 1563 petram
3109 1535 3123 1558 ,
3173 1510 3290 1566 quze
3325 1497 3483 1550 unica
3516 1495 3752 1553 columba

2165 1579 2483 1649 aj'ipellatur,
2519 1598 2635 1650 qum
2665 1600 2858 1652 sponsa
2886 1583 3112 1654 pulchra
3145 1585 3260 1640 sine
3289 1586 3499 1642 macula
3529 1597 3586 1642 et
3611 1605 3755 1662 ruga,

2163 1680 2216 1724 et
2249 1673 2436 1726 hortus
2460 1675 2763 1741 conclusus,
2785 1673 2904 1730 fons
2926 1677 3194 1747 signatus,
3212 1685 3406 1746 puteus
3429 1694 3586 1749 aqua?
3604 1681 3752 1746 virm,

2161 1765 2447 1834 paradisus
2477 1782 2598 1819 eum
2643 1766 2818 1822 fructu
2849 1783 3129 1838 pomorum
3161 1789 3173 1822 :
3214 1785 3332 1839 qua)
3373 1770 3573 1825 domus
3599 1773 3752 1827 etiam

2165 1859 2342 1934 claves
2383 1862 2626 1931 accepit,
2675 1879 2738 1918 ac
2786 1872 3109 1932 potestatem
3153 1864 3392 1920 solvendi
3436 1872 3492 1919 et
3541 1865 3750 1936 ligandi.

2163 1949 2315 2006 Hanc
2350 1951 2568 2006 domum
2619 1953 2662 2008 si
2709 1956 2829 2024 quis
2859 1957 3243 2025 corripientem
3289 1958 3751 2030 corrigentemque

2163 2045 2571 2112 contempserit,
2611 2046 2681 2099 sit
2725 2047 2840 2110 tibi,
2876 2048 3082 2117 inquit,
3123 2057 3378 2120 tanquam
3426 2053 3679 2106 ethnicus
3703 2064 3752 2108 et

2161 2136 2510 2208 publicanus.
2547 2158 2564 2190 ι
2597 2139 2664 2194 Ει
2698 2141 2974 2195 sciendum
3006 2142 3160 2197 nobis
3187 2151 3286 2206 cst,
3321 2145 3447 2214 quia
3468 2145 3748 2218 pmposita

2161 2229 2349 2296 regula
2399 2230 2725 2300 corripiendi
2773 2231 2894 2286 data
2944 2233 3070 2286 huic
3101 2233 3282 2289 domui
3333 2234 3459 2300 Dei,
3511 2236 3748 2290 videlicet

2161 2321 2440 2374 catholicae
2477 2321 2754 2387 Ecclesize,
2788 2323 2900 2377 lucc
2929 2325 3195 2379 sententia
3226 2326 3270 2380 si
3301 2336 3616 2398 contempta
3649 2327 3749 2384 fue-

2159 2416 2261 2478 rit,
2295 2414 2581 2469 subditur:
2615 2415 2694 2469 Sit
2723 2417 2844 2481 tibi,
2882 2417 3088 2486 inquit,
3131 2428 3379 2489 tanquam
3426 2420 3667 2474 ethnicus
3707 2429 3749 2474 et

2158 2508 2469 2574 publicanus
2495 2510 2719 2580 (Matth.
2754 2518 2942 2577 xvnt).
2973 2509 3282 2567 Secundum
3325 2521 3510 2568 autem
3543 2514 3746 2585 capitu-

2158 2600 2292 2666 lum,
2318 2611 2502 2656 contra
2536 2603 2788 2672 injustam
2835 2602 3216 2674 obligationem
3257 2606 3600 2661 innoxiorum
3631 2623 3663 2660 a
3698 2617 3747 2664 te

2157 2703 2449 2763 patratam,
2479 2696 2632 2764 quasi
2665 2695 2972 2766 specialiter
2995 2697 3060 2751 de
3087 2698 3190 2752 hoc
3215 2697 3358 2753 facto
3386 2699 3675 2770 loquentis,
3699 2707 3749 2754 et

2159 2797 2211 2844 te
2239 2807 2341 2844 una
2372 2807 2496 2845 cum
2528 2791 2607 2847 eis
2653 2793 3204 2863 quosalloquebatur
3244 2797 3642 2864 computantis,
3685 2811 3746 2852 ex

2155 2885 2337 2938 verbis
2369 2886 2609 2954 ejusdem
2643 2885 2884 2942 doctoris
2918 2888 3186 2960 magniﬁci
3221 2888 3317 2944 tibi
3348 2905 3630 2962 propono,
3669 2888 3747 2943 xii-

2156 2976 2328 3034 centis
2366 2976 2450 3047 (Ι).
2483 2977 2622 3050 Aug.
2655 2978 2692 3034 l.
2740 2995 2778 3033 ιι
2829 2980 2893 3033 de
2931 2979 3086 3053 Bapt.
3115 3023 3129 3048 ,
3182 2997 3230 3037 c.
3260 2979 3354 3051 6):
3396 2999 3413 3031 ‹
3453 2980 3510 3036 Si
3546 2991 3673 3047 tunc
3698 2983 3746 3036 in

2153 3069 2278 3124 illos
2306 3087 2440 3143 quos
2467 3071 2780 3142 arguebatis
2808 3087 2936 3128 vera
2962 3073 3230 3138 diceretis,
3263 3089 3481 3129 causam
3517 3085 3745 3129 vestram

2155 3163 2349 3218 unitati
2383 3164 2529 3220 orbis
2561 3173 2826 3220 terrarum
2853 3166 3280 3238 persuasissetis,
3314 3177 3373 3219 ut
3403 3167 3561 3228 vobis
3585 3174 3746 3219 reten-

2153 3256 2222 3310 tis
2252 3255 2325 3310 illi
2355 3256 2790 3320 excluderentur.
2819 3258 2973 3326 Quod
3003 3259 3046 3312 si
3077 3260 3256 3314 conati
3295 3259 3430 3320 estis
3458 3257 3671 3324 l‘acere,
3698 3267 3744 3314 et

2151 3364 2259 3403 non
2288 3348 2599 3405 obtinuistis
2621 3390 2635 3416 ,
2673 3350 2934 3416 innocens
2958 3351 3104 3404 orbis
3137 3361 3404 3410 terrarum
3437 3351 3530 3422 qui
3547 3350 3744 3419 judici-

2152 3441 2251 3495 bns
2280 3441 2662 3497 ecclesiasticis
2691 3443 2869 3512 potius
2891 3458 3052 3512 quam
3074 3443 3231 3498 victis
3253 3443 3616 3515 litigatoribus
3635 3457 3746 3499 cre-

2153 3532 2304 3587 didit.
2337 3531 2393 3586 Si
2423 3539 2602 3587 autem
2632 3534 2881 3589 noluistis
2923 3549 3082 3606 agere
3113 3547 3334 3588 causam
3362 3541 3595 3593 vestram
3615 3576 3630 3599 ,
3665 3535 3744 3589 ln-

2151 3641 2353 3682 nocens
2379 3635 2463 3681 est
2492 3627 2640 3682 orbis
2673 3638 2942 3684 terrarum
2984 3631 3073 3700 qui
3117 3629 3379 3684 damnare
3419 3643 3518 3683 non
3563 3630 3740 3702 potuit

2151 3720 2440 3774 inauditos.
2478 3719 2657 3787 Quare
2703 3735 2832 3792 ergo
2877 3737 2972 3777 vos
3015 3723 3080 3775 ab
3111 3722 3490 3778 innocentibus
3526 3735 3742 3794 separa-

2152 3814 2300 3869 stis?
2341 3813 2697 3884 Sacrilegium
2741 3816 3048 3881 schismatis
3096 3820 3259 3874 vestri
3305 3816 3598 3878 defendere
3640 3831 3741 3874 non

2152 3907 2360 3965 valetis.
2395 3925 2413 3960 ι
2465 3907 2747 3979 Spiritales
2787 3916 2963 3966 autem
2986 3951 3001 3976 ,
3046 3911 3162 3970 sive
3201 3911 3272 3966 ad
3310 3911 3416 3968 bo'c
3449 3912 3626 3982 ipsum
3657 3912 3741 3981 pio

2153 4002 2329 4056 studio
2363 4001 2730 4072 proﬁcientes,
2763 4017 2869 4060 non
2903 4012 3032 4059 eunt
3059 4003 3228 4069 foras,
3257 4005 3383 4075 quia
3413 3987 3616 4062 etcum
3645 4005 3740 4060 ali-

2151 4109 2256 4164 qua
2283 4094 2371 4150 vel
2405 4098 2759 4164 perversitate
2789 4097 2872 4151 vel
2903 4099 3231 4154 necessitate
3256 4098 3541 4156 hominum
3564 4101 3741 4166 viden-

2151 4193 2240 4240 tur
2270 4187 2502 4257 expelli,
2532 4188 2602 4246 ibi
2644 4188 2814 4259 magis
2855 4189 3087 4260 probant
3133 4205 3293 4262 quam
3337 4191 3487 4246 intus
3533 4205 3742 4262 perma-

2151 4289 2331 4346 neant,
2348 4296 2472 4334 cum
2497 4280 2756 4336 adversus
2778 4281 3075 4337 Ecclesiam
3107 4283 3417 4340 nullatenus
3436 4284 3738 4352 eriguntur,

2149 4371 2243 4425 sed
2276 4370 2328 4425 in
2360 4371 2529 4425 solida
2557 4373 2784 4432 unitatis
2811 4382 2964 4444 petra
3004 4373 3302 4430 fortissimo
3342 4376 3629 4432 charitatis
3661 4390 3741 4429 ro-

2150 4463 2280 4520 bore
2309 4464 2641 4524 radicantur.
2679 4465 2760 4520 Ad
2789 4466 2893 4521 hoc
2931 4468 3075 4522 enim
3105 4468 3344 4538 pertinet
3384 4471 3531 4545 quod
3570 4470 3622 4524 in
3655 4468 3739 4522 illo

2147 4557 2378 4616 Abrahae
2427 4560 2695 4620 sacrilicio
2745 4560 2980 4616 dicitur:
3031 4563 3157 4616 Aves
3191 4573 3364 4621 autem
3416 4580 3521 4618 non
3571 4563 3740 4618 divisit

2155 4650 2306 4722 (Cen.
2342 4653 2455 4723 xv).
2491 4653 2735 4714 videlicet
2764 4655 2886 4723 quia
2911 4671 2975 4710 se
3003 4655 3071 4708 ab
3099 4656 3305 4711 unitate
3333 4655 3611 4730 spiritales
3640 4669 3739 4710 non

2150 4746 2468 4816 pra-citium.
2522 4745 2639 4814 Quo
2684 4754 2871 4802 contra
2915 4748 3310 4804 Antiochenam
3343 4749 3637 4805 concilium
3676 4751 3739 4802 de

2153 4839 2254 4896 his.
2290 4839 2379 4907 qui
2407 4854 2462 4893 se
2487 4853 2518 4894 a
2549 4839 2848 4896 ministerio
2889 4840 3257 4897 ecclesiastico
3291 4839 3651 4907 subtrahunt,
3687 4847 3739 4894 et

2153 4945 2392 4986 seorsum
2425 4931 2702 5001 colligunt,
2735 4947 2900 5004 seque
2938 4936 3005 4988 ab
3051 4931 3257 4989 unitate
3302 4935 3578 5000 dividunt,
3613 4936 3737 4991 dicit

2154 5024 2322 5096 (conc.
2355 5024 2618 5093 Antioch.,
2651 5041 2773 5082 can.
2804 5025 2889 5098 5):
2913 5047 2932 5078 ι
2965 5024 3159 5098 Siquis
3191 5029 3475 5100 presbyter
3505 5039 3598 5083 aut
3627 5029 3738 5099 dia-

2152 5132 2352 5186 conus,
2397 5119 2705 5188 cpiscopum
2736 5119 3010 5190 proprium
3049 5128 3424 5184 contemnens,
3452 5135 3514 5175 se
3543 5123 3612 5174 ab
3642 5122 3736 5175 Ec-

2154 5210 2316 5266 clesia
2365 5214 2818 5280 sequestraver‘it,
2861 5222 2916 5268 et
2963 5227 3206 5274 seorsum
3256 5214 3516 5286 colligens
3567 5213 3736 5268 altare

2151 5303 2514 5369 constituerit,
2542 5312 2599 5362 ct
2624 5306 2984 5360 commonenti
3014 5308 3270 5376 episcOpo
3308 5322 3416 5366 non
3455 5309 3736 5378 acquieveo

2153 5397 2241 5459 rit,
2274 5411 2372 5450 nec
2402 5397 2708 5453 consentire
2729 5398 2815 5452 vel
2837 5398 3060 5454 obedire
3086 5397 3315 5454 voluerit
3342 5400 3508 5454 semel
3548 5408 3601 5453 et
3640 5400 3735 5454 ite-

2153 5506 2272 5546 rum
2301 5490 2616 5548 convocanti
2637 5531 2651 5556 ,
2689 5491 2776 5546 hic
2807 5491 3092 5548 damnatus
3113 5492 3429 5547 omnimodo
3469 5507 3570 5548 nec
3599 5491 3732 5547 ultra

2153 5583 2450 5639 remedium
2499 5594 2897 5654 consequatur:
2955 5588 3080 5656 quia
3129 5602 3284 5644 suam
3336 5587 3580 5658 recipere
3631 5601 3733 5641 non

2151 5678 2350 5747 poterit
2377 5678 2713 5748 dignitatem.
2747 5678 2899 5745 Quod
2927 5680 2971 5735 si
3003 5680 3300 5736 Eeclcsiam
3327 5681 3656 5735 conturbare
3681 5684 3736 5727 rt

2154 5771 2442 5826 sollicitare
2471 5773 2791 5843 perstiterit,
2822 5781 3076 5844 tanquam
3110 5774 3402 5832 seditiosus
3435 5786 3538 5841 per
3579 5777 3737 5840 pote-

2153 5873 2317 5924 states
2341 5874 2555 5924 exteras
2591 5866 2948 5941 opprimatur.
2990 5890 3007 5925 ι
3046 5870 3112 5928 Ει
3145 5867 3573 5940 ϐετιὴοεὲικηςο
3608 5876 3739 5929 eon-
