3990 6300
261 311 381 378 ιθο

1023 307 1266 365 OPUSC.
1301 308 1395 366 ET
1435 307 1653 366 EPIST.
1693 308 1760 370 lN
1810 303 2038 378 CAUSA
2079 307 2410 372 lllNCllAlli
2451 309 2749 376 MDDUN.

3451 323 3557 379 470

261 431 456 488 cilium
502 428 644 499 (can.
680 427 807 498 il):
864 445 882 478 ι
923 424 982 490 Si
1023 425 1145 496 quis
1191 427 1481 498 presbyter
1509 442 1542 486 a
1576 427 1864 498 υττεροεὶιο
1892 422 2188 502 Aeolidem
2239 425 2422 496 (Rom.
2459 425 2555 497 χ),
2602 427 2654 481 in
2692 428 2781 483 illo
2826 429 3030 490 latrone
3074 431 3404 490 declaration
3449 447 3556 492 cst.

261 539 370 582 suo
399 529 682 593 correptus
710 517 914 584 fuerit,
955 517 1115 582 debet
1145 518 1330 592 utique
1356 519 1495 590 apud
1520 517 1724 574 vicinos
1753 517 1865 587 epi-

258 630 466 688 scopos
494 611 776 682 conqueri,
805 618 866 666 ut
894 611 961 668 ab
989 610 1118 682 ipsis
1146 609 1262 680 ejus
1285 627 1447 672 causa
1475 611 1644 690 possit
1668 610 1862 678 audiri,

258 725 334 768 ac
359 724 460 781 per
485 708 634 778 ipsos
663 721 762 768 suo
791 705 1047 778 episcopo
1078 705 1399 764 recoucilari
1426 721 1439 760 :
1476 706 1619 775 quod
1656 706 1760 766 nisi
1790 705 1867 774 fc-

262 802 431 871 cerit,
462 799 559 868 sed
593 798 870 869 superbia,
918 799 1062 870 quod
1111 797 1291 868 absit,
1325 796 1540 858 inﬂatus
1582 813 1868 862 secernen—

258 897 399 960 ἀμία
445 911 508 954 se
537 893 605 952 ab
633 893 872 965 episcopi
917 892 1005 948 sui
1051 893 1436 949 communione
1482 893 1727 960 duxerit,
1775 901 1868 947 aut

259 988 566 1060 scparatim
587 1001 712 1048 cum
731 985 1006 1058 aliquibus
1033 987 1273 1048 schisma
1297 985 1507 1044 faciens
1533 986 1866 1044 sacrilicium

259 1082 383 1148 Deo
412 1079 696 1148 obtulerit,
731 1079 1026 1138 anathema
1065 1079 1284 1145 haheat,
1319 1088 1374 1134 ct
1404 1078 1580 1138 locum
1611 1080 1825 1140 amittat
1852 1096 1864 1132 :

257 1175 316 1244 si
342 1173 746 1246 querimoniam
766 1171 971 1242 justam
1001 1172 1262 1242 adversus
1290 1171 1600 1242 episcopum
1631 1186 1740 1227 non
1770 1172 1869 1228 ba-

253 1267 869 1339 .bmrit,inquircndurn
894 1268 1018 1336 erit.
1041 1289 1064 1330 ι
1095 1268 1403 1326 Secundum
1426 1270 1530 1324 hoc
1550 1269 1865 1340 capitulum,

259 1362 441 1430 simul
469 1378 595 1427 eum
639 1376 780 1422 nono
815 1360 1053 1431 capitulo
1089 1361 1414 1418 Antiocheui
1445 1361 1681 1428 concilii,
1715 1376 1866 1416 com-

261 1456 510 1520 ministri
559 1453 813 1514 Ecclesiae
841 1453 1216 1514 Laudunensis
1243 1455 1448 1524 absque
1488 1454 1780 1510 schismate
1815 1460 1870 1507 et

268 1548 596 1612 rebellione,
641 1545 796 1615 juxta
831 1548 1086 1617 temporis
1131 1547 1437 1618 angustiam
1487 1557 1542 1604 ct
1577 1547 1869 1606 imminens

263 1640 612 1714 periculum,
671 1640 990 1702 innocenter
1041 1639 1296 1710 iniuriam
1353 1641 1500 1712 passi
1556 1641 1867 1712 episcopum

266 1736 755 1806 metropolitanum
797 1734 1084 1801 adierunt,
1132 1743 1186 1792 et
1223 1735 1378 1801 ideo,
1423 1736 1564 1790 sicut
1591 1751 1755 1805 supra
1782 1751 1869 1792 os-

1974 511 2078 566 Scd
2130 523 2255 568 tunc
2301 517 2550 595 impletur
2598 519 2971 592 invisibiliter,
3023 539 3141 578 cmn
3193 527 3553 586 ministerium

1971 606 2224 677 baptismi
2270 625 2375 664 non
2419 621 2761 684 contemptus
2811 615 3117 690 religionis,
3164 620 3256 674 sed
3297 621 3558 679 articulus

1975 701 2600 758 necessitatis,excludit.
2632 703 2766 760 Nam
2801 707 2971 764 multo
3001 711 3170 780 magis
3215 711 3267 776 in
3309 710 3559 769 Cornelio

1973 799 2024 844 et
2055 791 2105 852 in
2139 793 2329 852 amicis
2359 792 2472 862 ejus
2502 795 2643 866 (Act,
2677 798 2754 870 κ),
2803 815 2962 871 quam
3006 800 3058 855 in
3095 801 3184 860 illo
3212 803 3420 866 latrone
3443 820 3563 876 pos-

1973 893 2054 938 set
2085 885 2254 944 videri
2284 886 2646 955 superﬂuum,
2685 899 2744 948 ut
2783 906 2921 964 aqua
2960 892 3123 948 etiam
3155 894 3558 965 tinguerentur,

1973 977 2026 1030 in
2076 977 2270 1050 quibus
2311 975 2423 1046 jam
2471 980 2670 1042 donum
2725 983 2957 1058 Spiritus
3005 986 3212 1056 sancti,
3265 988 3406 1058 quod
3458 989 3564 1044 nisi

1971 1067 2272 1140 baptizatos
2304 1070 2438 1126 alios
2466 1074 2737 1144 accepisse
2777 1087 2964 1138 sancta
2994 1076 3274 1152 Scripiura
3307 1088 3560 1147 testatur,

1974 1170 2123 1215 certo
2154 1178 2366 1233 quoque
2421 1164 2655 1231 indicio,
2711 1168 2850 1236 quod
2905 1168 3008 1224 illis
3061 1171 3391 1242 temporibus
3433 1188 3564 1228 con-

1973 1257 2219 1328 gruebat,
2251 1274 2374 1318 cum
2403 1259 2598 1331 linguis
2636 1261 2978 1333 loquentibus
3007 1264 3310 1336 eminuerat
3343 1284 3355 1319 ε
3387 1265 3563 1338 bapti—
3630 1271 3655 1314 ί

1973 1351 2080 1406 zati
2113 1360 2234 1408 sunt
2266 1360 2476 1424 tamen,
2526 1362 2578 1409 et
2619 1355 2672 1410 in
2713 1355 2813 1416 hoc
2857 1356 2999 1416 facto
3045 1359 3342 1428 apostolica
3387 1366 3568 1422 exstat

1975 1443 2292 1504 auctoritas.
2328 1442 2506 1514 Usque
2535 1445 2668 1498 adeo
2697 1461 2854 1506 nemo
2883 1447 3060 1512 debet,
3093 1447 3146 1502 in
3175 1449 3414 1518 quolibet
3436 1465 3564 1520 pro-

1975 1547 2132 1593 vectu
2175 1538 2450 1596 interioris
2489 1540 2742 1605 hominis,
2780 1541 2826 1596 si
2876 1541 3014 1604 forte
3061 1552 3186 1601 ante
3237 1545 3572 1615 baptismum.

1974 1647 2143 1704 usque
2177 1631 2245 1686 ad
2284 1633 2581 1703 spiritalem
2618 1634 2950 1702 intellectum
2985 1637 3074 1706 pio
3123 1639 3286 1696 corde
3323 1637 3568 1713 profece-
3611 1634 3646 1718 θ’

1977 1727 2078 1793 rit,
2124 1736 2472 1786 contemnere
2525 1737 2956 1802 sacramentum,
3001 1733 3145 1801 quod
3192 1733 3567 1790 ministrorum

267 1802 540 1894 tendi,'in
567 1827 951 1893 communione
995 1825 1362 1884 ecclesiastica
1405 1827 1620 1884 restitui
1659 1802 1714 1882 et
1741 1842 1865 1896 pcr-
1897 1802 1943 1876 Β
1971 1833 2134 1889 opere
2178 1818 2532 1890 corporaliter
2572 1819 2880 1890 adhibetur,
2922 1822 3017 1882 sed
3048 1839 3144 1894 per
3169 1824 3271 1878 hoc
3299 1824 3439 1880 Deus
3471 1825 3570 1880 ho-

264 1935 499 1986 munere
529 1919 866 1986 debuerunt.
919 1918 1070 1986 Unde
1105 1918 1533 1989 Carthagineuse
1579 1919 1867 1982 concilium

255 2016 339 2076 de
369 2010 748 2082 irregulariter
769 2010 1155 2083 iudicantibus,
1187 2020 1243 2068 et
1272 2009 1784 2084 iniustejudicatis,
1815 2018 1871 2066 et

265 2109 342 2170 de
381 2106 608 2178 {inieris
650 2105 990 2172 auctoritatis
1013 2102 1326 2174 iudicibus:
1362 2123 1378 2154 ‹
1417 2103 1656 2172 Placuit,
1695 2103 1870 2174 inquit

273 2201 427 2274 (cur.
463 2200 566 2271 lii),
612 2209 672 2256 ut
701 2214 732 2257 a
759 2199 1172 2269 quibuseunque
1190 2197 1465 2279 iudicibus
1491 2199 1870 2255 ecclesiasticis

265 2295 344 2355 ad
387 2293 520 2351 alios
555 2292 772 2361 iudices
798 2291 1200 2356 ecclesiasticos
1229 2291 1317 2348 ubi
1359 2299 1443 2354 est
1485 2289 1658 2358 major
1685 2300 1870 2358 attete-

271 2389 412 2449 ritas
440 2387 604 2452 fuerit
633 2393 1007 2457 provocatum,
1041 2399 1148 2442 non
1177 2384 1257 2444 eis
1277 2383 1426 2462 obsit
1451 2399 1680 2452 quorum
1705 2383 1870 2445 fuerit

267 2481 450 2544 saliua
480 2481 770 2544 sententia,
806 2480 852 2538 si
879 2478 1130 2536 convinci
1159 2493 1266 2536 non
1291 2477 1602 2547 potuerint,
1635 2477 1719 2532 vel
1763 2477 1870 2535 ini-

263 2574 420 2636 mico
445 2574 633 2637 animo
658 2572 952 2643 iudicasse,
986 2569 1069 2632 vel
1108 2569 1289 2640 aliqua
1319 2568 1610 2639 cupiditate
1635 2576 1728 2622 aut
1750 2582 1871 2638 gra-

270 2669 350 2724 tia
377 2665 680 2738 depravati.
717 2683 736 2718 ι
770 2664 850 2722 De
873 2663 1132 2732 episcopo
1167 2669 1370 2726 autem,
1397 2661 1440 2716 si
1469 2659 1606 2715 forte
1633 2659 1869 2718 schisma

267 2777 302 2820 a
347 2760 527 2822 sacris
567 2757 869 2822 canetﬁbu-s
917 2757 968 2819 in
1011 2755 1254 2820 Ecclesia
1299 2755 1509 2822 iecerit,
1557 2757 1868 2818 Africanum

270 2851 567 2916 concilium
587 2849 722 2914 dicit
749 2848 1034 2918 (4:03.20):
1064 2866 1084 2904 ι
1114 2847 1272 2910 Circa
1297 2863 1390 2906 eos
1417 2863 1568 2914 sane,
1598 2849 1867 2917 inquiens,

267 2944 371 3015 qui
400 2942 606 3006 iuerint
634 2939 954 3006 concordes,
1001 2953 1110 3006 non
1154 2939 1330 3004 solum
1378 2939 1521 3002 circa
1572 2940 1870 2998 Ecclesium

263 3035 793 3106 Carthaginiensem,
831 3031 1041 3096 scilicet
1088 3029 1460 3101 nisti-opolim.
1508 3031 1603 3087 sed
1646 3039 1699 3086 et
1726 3033 1870 3090 circa

261 3142 437 3193 omne
485 3125 824 3190 sacerdotale
869 3124 1226 3190 consortium.
1289 3143 1308 3188 ν
1361 3123 1429 3184 Et
1477 3133 1598 3195 post
1646 3138 1866 3194 pauca:

273 3189 296 3284 ᾇ
325 3217 558 3292 Oportet
579 3225 642 3282 ut
668 3218 791 3290 quis
811 3217 1080 3282 universis
1107 3216 1369 3278 fratribus
1400 3232 1463 3276 ac
1491 3225 1607 3276 toto
1636 3217 1870 3284 concilio
1897 3176 1960 3253 C-

273 3312 580 3380 innaserit,
609 3325 722 3372 non
752 3309 926 3374 solum
956 3325 1052 3374 sua
1075 3309 1202 3380 iure
1226 3309 1472 3380 integro,
1506 3311 1598 3368 sed
1637 3319 1693 3368 et
1729 3311 1868 3370 ditu-

271 3420 433 3470 ceses
457 3404 754 3476 possideat.
789 3403 861 3470 At
897 3417 1024 3470 vero
1061 3401 1158 3472 qui
1205 3401 1423 3466 sibimet
1455 3410 1645 3472 putant
1685 3402 1869 3473 plebes

271 3515 404 3560 suas
449 3496 694 3564 sutiicere
744 3496 986 3562 fraterna
1036 3494 1331 3562 dilectione
1369 3505 1715 3568 contempta,
1763 3513 1870 3552 non

277 3602 493 3656 tantum
523 3591 790 3656 diaereses
811 3589 1084 3658 amittant,
1107 3589 1202 3654 sed
1233 3597 1291 3644 ut
1318 3588 1429 3652 dixi
1451 3589 1616 3652 etiam
1639 3590 1872 3659 propriis

277 3685 769 3756 publicant-eant
815 3683 1159 3749 auctoritate,
1191 3691 1254 3742 ut
1294 3682 1538 3749 rebelles.
1576 3701 1595 3735 ι
1647 3684 1724 3743 De
1754 3699 1786 3740 a
1817 3693 1870 3739 te

280 3785 470 3842 autem
495 3777 750 3848 separatis
793 3793 825 3834 a
871 3777 1255 3840 communione
1296 3775 1594 3841 catholica,
1628 3777 1768 3832 sicut
1815 3779 1875 3832 in

277 3870 544 3943 petitione
586 3871 721 3936 mihi
759 3886 792 3925 a
818 3867 1166 3936 Laudunensi
1195 3869 1439 3930 Ecclesia
1467 3871 1592 3932 data
1621 3873 1866 3934 contine-

275 3977 404 4034 tur,
450 3966 662 4030 scilicet
683 3966 928 4038 parvulis
953 3966 1008 4030 in
1039 3974 1129 4026 tua
1159 3965 1420 4037 parochia
1459 3981 1624 4032 causa
1650 3967 1870 4036 injuria-

269 4079 398 4122 nm
445 4072 664 4126 tuarum
690 4077 800 4122 non
828 4060 1190 4132 baptiuudis,
1230 4068 1288 4116 et
1327 4059 1655 4122 abeuntibus
1685 4061 1868 4116 viatici

269 4156 519 4214 muneris
543 4153 924 4214 communione
955 4167 1064 4214 non
1095 4151 1548 4219 reconciliandis,
1587 4153 1710 4210 audi
1738 4155 1868 4225 quid

269 4247 474 4309 exinde
499 4248 572 4303 ad
596 4246 895 4308 remedium
928 4246 1209 4316 pertinens
1250 4245 1391 4302 idem
1420 4246 1613 4306 doctor
1642 4246 1868 4304 catholi-

272 4341 532 4398 cissimus
557 4347 616 4397 et
635 4338 1118 4401 subtilissimarum
1155 4354 1340 4400 rarum
1383 4338 1770 4410 investigator,
1814 4347 1868 4393 et

267 4435 450 4506 gratia
474 4434 574 4492 Dei
604 4433 854 4492 inventor
876 4433 1257 4504 comissimus
1292 4432 1441 4488 dicat
1459 4432 1483 4503 (
1499 4431 1662 4501 Aug.,
1691 4431 1780 4486 lib.
1814 4447 1866 4486 iv

237 4565 239 4568 -
269 4528 338 4582 de
357 4526 543 4596 Rape,
566 4541 684 4598 cep.
711 4527 838 4598 22):
882 4546 900 4590 ς
929 4525 1212 4596 Baptismi,
1240 4526 1508 4620 inquiens,
1540 4540 1670 4582 sane
1691 4526 1862 4583 vicem
1891 4561 1944 4620 Β

233 4659 236 4662 -
265 4620 565 4691 aliquando
585 4621 814 4691 implere
831 4621 1162 4690 passionem,
1183 4621 1250 4676 de
1273 4619 1483 4684 latrone
1509 4620 1626 4687 illo,
1641 4623 1728 4676 eui
1755 4638 1864 4677 non
1891 4619 1894 4630 ³

265 4715 554 4786 baptizata
575 4716 785 4772 dictum
813 4724 936 4772 est:
969 4715 1142 4771 Hodie
1167 4732 1366 4771 mecum
1389 4719 1491 4772 eris
1526 4718 1582 4771 in
1613 4720 1862 4788 paradiso

233 4843 239 4856 ..
267 4807 432 4878 (Luc.
459 4805 652 4880 ut");
670 4824 777 4864 non
806 4807 924 4864 leve
949 4807 1334 4864 documentum
1361 4808 1503 4864 idem
1531 4811 1725 4866 beatus
1758 4811 1862 4883 Cy-

269 4901 500 4971 prianus
523 4901 772 4964 assumit.
806 4900 960 4969 Quod
991 4890 1160 4966 etiam
1203 4909 1367 4970 atque
1408 4902 1572 4959 etiam
1617 4906 1861 4962 conside—

263 5008 434 5058 rans,
480 4994 696 5055 invenio
732 5009 846 5050 non
891 5002 1099 5049 tantum
1146 4994 1449 5063 passionem
1496 5012 1596 5066 pro
1643 4997 1860 5052 nomine

259 5085 478 5141 Christi
509 5086 563 5140 id
585 5088 733 5158 quod
759 5103 826 5142 ex
863 5088 1135 5156 baptismo
1173 5086 1357 5142 deerat
1384 5102 1542 5157 posse
1572 5088 1854 5158 supplere,

261 5179 368 5235 sed
398 5177 566 5238 etiam
589 5179 756 5236 ﬁdem
779 5178 1298 5248 con-versionemquc
1324 5179 1528 5246 cordis,
1565 5181 1607 5234 si
1635 5180 1770 5236 forte
1793 5182 1859 5235 ad

269 5269 659 5328 celebrandum
683 5272 1004 5343 mysterium
1033 5270 1287 5341 baptismi
1329 5271 1385 5325 in
1431 5271 1698 5341 angustiis
1725 5282 1860 5327 tem-

239 5378 469 5433 .porum
485 5367 733 5422 succurri
755 5382 859 5421 non
883 5375 1082 5436 potest.
1113 5365 1297 5436 Neque
1320 5365 1463 5420 enim
1494 5365 1636 5422 latro
1656 5366 1744 5442 ille
1765 5382 1860 5438 pro

269 5457 497 5513 nomine
525 5457 728 5515 Christi
759 5460 1053 5515 cruciﬁxus
1076 5467 1163 5514 est
1183 5500 1196 5524 ,
1229 5459 1324 5514 sed
1357 5473 1455 5528 pro
1496 5460 1702 5514 meritis
1734 5459 1862 5516 faci-

266 5562 469 5610 norum
514 5565 773 5610 Suarum:
809 5567 909 5608 nec
951 5553 1076 5621 quia
1111 5551 1343 5606 credidit
1371 5565 1562 5619 pacatis
1600 5562 1715 5618 est,
1766 5553 1859 5607 sed

267 5642 406 5699 dum
420 5653 710 5713 pateretur
727 5645 976 5701 credidit.
1000 5646 1271 5712 Quantum
1295 5644 1475 5714 itaque
1500 5645 1676 5700 valeat
1694 5646 1857 5702 etiam

269 5737 390 5793 sine
423 5729 620 5796 visibiii
651 5741 909 5812 baptismi
957 5747 1303 5796 sacramento
1331 5739 1474 5808 quod
1515 5739 1588 5792 ait
1631 5739 1857 5812 Aposto-

267 5826 396 5889 ius:
435 5825 608 5888 Corde
626 5834 860 5901 creditur
887 5831 958 5887 ad
982 5831 1267 5903 justitiam,
1297 5845 1385 5892 ore
1407 5828 1672 5902 confessio
1708 5831 1765 5903 fit
1789 5833 1856 5887 ad

1971 1911 2133 1970 minis
2169 1913 2631 1974 consecrationem
2677 1914 2992 1985 spiritaliter
3031 1926 3310 1987 operatur.
3363 1917 3474 1972 Nec
3497 1918 3569 1974 ob

1972 2007 2115 2062 aliud
2141 2007 2393 2068 existimo
2421 2008 2728 2080 baptizandi
2759 2025 2954 2068 munus
2979 2010 3174 2068 Joauni
3202 2011 3370 2069 fuisse
3401 2013 3565 2068 attri-

1972 2097 2182 2168 butum,
2219 2097 2293 2152 ita
2341 2108 2399 2152 ut
2445 2097 2670 2166 Joannis
2700 2101 3000 2173 baptisinus
3045 2103 3336 2171 diceretur,
3371 2104 3477 2161 nisi
3508 2113 3570 2161 ut

1972 2191 2230 2250 Dominus
2260 2193 2372 2264 ipse
2399 2194 2488 2264 qui
2521 2195 2760 2260 dederat,
2789 2210 2910 2250 cum
2934 2199 3078 2254 servi
3104 2200 3433 2269 baptismum
3459 2214 3571 2256 non

1971 2285 2269 2356 Sprevisset
2318 2287 2598 2359 accipere,
2639 2289 2914 2352 dedicaret
2965 2290 3286 2356 humilitatis
3321 2292 3485 2359 viam,
3515 2299 3572 2348 et

1972 2379 2159 2450 quanti
2189 2378 2530 2447 pendentium
2565 2389 2726 2447 esset
2769 2396 2930 2436 suttm
2979 2381 3272 2452 baptisma,
3311 2399 3419 2455 quo
3455 2384 3572 2453 ipse

1970 2473 2343 2544 baptizaturus
2371 2482 2488 2530 erat
2518 2515 2532 2542 ,
2565 2474 2656 2530 tali
2685 2475 2826 2530 facto
2869 2474 3207 2546 apertissime
3243 2479 3568 2535 declararet.

1975 2564 2200 2626 Videbat
2227 2566 2396 2632 enim,
2423 2576 2683 2638 tanquam
2708 2571 3117 2638 potentissimus
3145 2572 3390 2630 medicus
3419 2573 3564 2629 salu-

1976 2664 2043 2720 tis
2084 2671 2324 2730 mternae,
2361 2667 2719 2736 quorumdam
2765 2683 2873 2724 non
2921 2668 3229 2727 defuturum
3274 2679 3563 2740 tumorem,

1973 2757 2064 2827 qui
2095 2773 2217 2812 cum
2250 2757 2524 2820 intellectu,
2559 2761 2802 2818 veritatis
2838 2771 2893 2817 et
2921 2763 3289 2832 probabilibus
3327 2767 3568 2822 moribus

1975 2851 2047 2904 ita
2076 2851 2458 2921 profecissent,
2505 2863 2565 2913 ut
2593 2853 2778 2910 multis
2813 2854 3102 2924 baptisatis
3129 2856 3239 2910 vita
3284 2866 3442 2927 atque
3473 2858 3570 2912 do-

1974 2943 2147 2998 ctrina
2178 2957 2236 3000 se
2275 2958 2590 3014 praeponere
2619 2945 2841 3003 minime
2872 2947 3205 3014 dubitarent,
3245 2965 3570 3020 supervaca-

1975 3048 2134 3094 neum
2165 3035 2268 3090 sibi
2298 3051 2418 3092 esse
2441 3037 2728 3102 crederent
2765 3038 3031 3109 baptizari
3064 3041 3282 3118 quando
3317 3043 3386 3097 ad
3415 3042 3569 3099 illum

1975 3127 2173 3190 mentis
2193 3126 2508 3187 babitumse
2529 3131 2842 3199 pervenisse
2855 3132 3122 3192 sentirent
3135 3133 3202 3188 ad
3231 3149 3391 3205 quem
3414 3135 3572 3191 multi

1975 3219 2236 3290 baptizati
2264 3221 2440 3276 adhuc
2471 3222 2763 3277 ascendere
2789 3234 3135 3280 conarentur.
3167 3225 3354 3298 (lbid.,
3375 3244 3423 3283 c.
3449 3228 3569 3300 23.)

1975 3313 2113 3380 Quid
2129 3322 2310 3372 autem
2333 3313 2508 3370 valeat
2522 3323 2576 3368 et
2599 3315 2728 3385 quid
2745 3326 2871 3388 agat
2894 3317 2947 3372 in
2971 3319 3190 3375 homine
3212 3320 3570 3390 corporaliter

1974 3405 2214 3462 adhibita
2237 3406 2955 3475 sanetiiicatiosacramenti,
2973 3410 3090 3464 sine
3104 3426 3206 3480 qua
3223 3421 3403 3468 tamen
3429 3412 3566 3468 latro

1973 3497 2062 3553 ille
2078 3512 2184 3557 non
2204 3498 2462 3569 fuit,quia
2479 3514 2584 3557 non
2610 3501 2727 3570 eius
2742 3502 3067 3571 accipiendae
3097 3504 3343 3560 voluntas
3366 3507 3561 3572 defuit,

1973 3591 2065 3646 sed
2082 3605 2183 3646 non
2200 3592 2523 3661 aceipiendm
2539 3594 2832 3648 necessitas
2847 3593 3018 3659 aﬁ‘uit,
3032 3595 3250 3652 difﬁcile
3266 3607 3348 3652 est
3360 3599 3560 3652 dicere:

1972 3683 2074 3744 nisi
2091 3693 2267 3740 tamen
2285 3684 2573 3753 plurimum
2591 3685 2814 3750 valeret,
2833 3701 2938 3740 non
2952 3687 3094 3742 servi
3110 3687 3435 3756 baptismum
3453 3688 3562 3743 Do-

1973 3777 2153 3834 minus
2179 3779 2494 3848 aceepisset.
2547 3779 2746 3834 Verum
2777 3781 2902 3851 quin
2953 3797 3050 3850 per
3085 3797 3145 3838 se
3174 3783 3289 3852 ipsa
3317 3785 3567 3840 conside-

1975 3872 2138 3932 renda
2177 3880 2300 3939 est,
2347 3881 2573 3942 excepta
2622 3873 2793 3929 salute
2836 3876 3071 3932 hominis
3099 3877 3183 3931 cui
3223 3877 3565 3947 perﬁciendae

1971 3965 2274 4030 adhibetur,
2319 3967 2453 4021 satis
2483 3965 2686 4020 indicat
2708 4006 2722 4031 ,
2766 3967 2908 4036 quod
2935 3975 2989 4021 et
3017 3968 3072 4023 in
3104 3967 3282 4031 malis,
3316 3977 3371 4023 et
3399 3969 3454 4023 in
3483 3969 3563 4025 eis

1970 4059 2062 4128 qui
2089 4057 2286 4113 saeculo
2309 4059 2490 4112 verbis
2519 4073 2624 4113 non
2653 4057 2814 4113 factis
2837 4059 3171 4124 renuntiant,
3203 4059 3319 4130 ipse
3354 4059 3563 4131 integra

1969 4160 2074 4215 est,
2107 4165 2229 4204 cum
2267 4149 2342 4204 illi
2385 4150 2488 4204 nisi
2539 4150 2881 4220 corrigantur
2923 4149 3153 4205 salutem
3203 4151 3407 4207 habere
3453 4165 3562 4206 non

1968 4244 2196 4314 possint.
2242 4242 2395 4297 Sicut
2423 4251 2604 4297 autem
2652 4242 2706 4296 in
2735 4242 2966 4308 latrone,
2993 4244 3121 4312 quia
3148 4257 3246 4314 per
3273 4245 3564 4300 necessita-

1973 4347 2079 4392 tem
2111 4336 2470 4406 eorporaliter
2513 4335 2702 4400 defuit,
2731 4336 2971 4407 perfecta
3001 4336 3149 4392 solus
3177 4344 3280 4400 est,
3311 4337 3438 4407 quia
3464 4351 3563 4407 per

1969 4428 2230 4498 pietatem
2263 4426 2580 4496 spiritaliter
2609 4425 2764 4480 aii'uit
2787 4466 2802 4490 ,
2852 4426 2933 4480 sic
2977 4433 3034 4480 et
3062 4441 3184 4481 eum
3218 4428 3332 4496 ipsa
3363 4435 3563 4498 praesto

1972 4527 2094 4582 est,
2142 4517 2190 4571 si
2237 4531 2335 4585 per
2381 4516 2760 4571 necessitatem
2807 4516 2947 4571 desit
2979 4518 3121 4587 quod
3159 4517 3356 4573 latroni
3387 4517 3559 4586 aﬂuit,

1969 4607 2248 4678 perﬁcitur
2295 4607 2460 4661 salus.
2527 4605 2679 4672 Quod
2727 4609 2987 4663 traditum
3041 4617 3185 4670 tenet
3235 4612 3562 4667 universitas

1968 4702 2261 4766 Ecclesiae,
2313 4717 2435 4758 cum
2488 4700 2696 4769 parvuli
2747 4701 2980 4758 infantes
3037 4702 3419 4774 baptizantur,
3467 4707 3561 4776 qui

1967 4804 2111 4852 certe
2143 4796 2376 4850 nondum
2409 4802 2633 4864 possunt
2681 4795 2844 4849 corde
2889 4796 3112 4851 credere
3163 4799 3231 4852 ad
3268 4797 3556 4865 justitiam,

1963 4897 2020 4944 et
2043 4904 2140 4943 ore
2171 4887 2414 4942 conﬁteri
2449 4886 2514 4939 ad
2559 4885 2808 4952 salutem,
2841 4889 2983 4957 quod
3015 4887 3373 4956 latro’potuit,
3403 4888 3558 4956 quin-
3626 4905 3649 4937 .-:

1968 4981 2131 5036 etiam
2163 4981 2339 5035 ﬂendo
2365 4989 2419 5034 et
2449 4979 2715 5049 vagieudo
2734 5020 2746 5043 ,
2789 4992 2911 5034 cum
2941 4981 2991 5034 in
3023 4980 3102 5034 eis
3127 4979 3446 5050 mysterium
3471 4994 3560 5034 ce-

1972 5077 2231 5137 lebratur,
2255 5076 2389 5145 ipsis
2417 5075 2658 5144 mysticis
2682 5074 2904 5129 vocibus
2930 5074 3271 5144 obstrepunt,
3296 5082 3350 5128 et
3373 5081 3552 5128 tamen

1970 5168 2150 5227 nullus
2181 5167 2616 5224 Christianorum
2645 5165 2842 5221 dixerit
2871 5179 2964 5219 eos
3000 5165 3234 5219 inaniter
3266 5164 3554 5234 baptizari.

1970 5260 2157 5331 (llud,
2189 5274 2237 5313 c.
2269 5258 2384 5328 94.)
2427 5257 2493 5311 Et
2520 5259 2565 5313 si
2592 5259 2877 5328 quisquam
2905 5265 3113 5326 quaret
3149 5257 3203 5310 in
3233 5257 3336 5320 hac
3365 5272 3424 5311 re
3455 5272 3554 5310 au-

1969 5355 2275 5411 ctoritatem
2307 5354 2566 5418 divinam,
2597 5367 2923 5422 queinquam
2949 5352 3092 5420 quod
3126 5350 3377 5406 universa
3407 5358 3561 5406 tenet

1971 5449 2234 5513 Ecclesia,
2262 5463 2364 5502 nec
2389 5446 2632 5504 conciliis
2661 5445 2981 5507 institutum,
3014 5443 3109 5497 sed
3139 5457 3355 5514 seraper
3379 5452 3558 5498 reten-

1969 5555 2080 5599 tum
2127 5551 2250 5606 est,
2286 5557 2391 5596 non
2439 5540 2541 5594 nisi
2590 5538 2883 5609 apostolica
2935 5536 3253 5596 auctoritate
3302 5536 3554 5591 traditum

1966 5641 2266 5697 rectissime
2302 5638 2564 5701 creditur,
2601 5644 2779 5690 tamen
2817 5633 3083 5690 veraciter
3125 5634 3398 5705 conjicere
3427 5650 3554 5706 pos—

1960 5749 2148 5789 sumus
2183 5733 2312 5804 quid
2355 5729 2527 5785 valeat
2567 5728 2620 5782 in
2650 5725 2886 5798 parvulis
2938 5727 3190 5798 baptismi
3229 5741 3547 5783 sacramen-

1961 5844 2086 5884 eum
2137 5843 2203 5884 ex
2254 5823 2664 5882 circumcisione
2708 5821 2918 5886 carnis,
2961 5836 3125 5890 quam
3159 5821 3306 5893 prior
3328 5819 3556 5892 populus
