3948 5376
440 347 566 401 ΠΙ·

1303 351 1308 358 '
1375 343 1378 346 ’
1433 329 1760 394 HINCMARI
1796 319 2188 389 RHEMENSIS
2226 317 2742 384 AﬁCiﬂEPiSCOPl
2813 333 2844 338 "
2899 321 2926 332 ”

3629 307 3752 365 412»

443 474 470 509 ξι
495 455 653 526 ‘Ct'pil
680 493 692 518 ,
741 466 903 523 quam
933 451 1244 522 priusquam
1283 448 1554 517 acciperet
1582 444 1911 515 justiﬁcatus
1949 450 2034 498 est
2059 444 2110 500 Δ
2135 451 2321 496 sancto
2339 450 2442 494 non
2461 438 2686 494 intrabit
2707 438 3001 505 iit"er
3021 431 3736 526 cmforum(.loat.ttt),'sc1a

444 551 718 607 Abraham
764 546 934 617 (Gen;
963 544 1112 612 tux),
1161 543 1301 596 sicut
1345 539 1628 596 Cornelius
1677 539 1842 595 etiam
1891 539 2034 592 douo

444 645 681 714 Spiritus
723 638 895 696 sancti
938 635 1252 708 priusquam
1305 635 1676 706 baptizaretur
1710 633 1913 687 ditatus
1953 638 2034 685 est

446 735 585 802 (Act.
615 735 692 801 χ).
739 729 881 784 Dicit
921 737 1101 782 tamen
1131 725 1418 796 Apostolus
1455 721 1524 780 de
1562 724 1678 794 ipso
1725 721 1904 793 (Rom.
1933 721 2042 791 tv);

447 823 719 878 Abraham
748 821 963 890 signum
996 819 1215 888 accepit
1240 816 1668 872 circumcisionis
1695 813 2034 885 signaculum

440 914 670 984 jnstitiat
695 912 840 974 ﬁdei,
877 911 984 979 qui.
1001 909 1111 980 jam
1141 908 1306 964 corde
1335 907 1662 972 crediderat,
1709 913 1765 959 et
1809 905 2034 974 deputa-

449 1017 558 1060 tum
596 1004 669 1059 illi
709 1012 826 1059 erat
868 1003 934 1057 ad
975 1001 1262 1069 justitiam.
1311 998 1423 1054 Cur
1455 1013 1589 1070 ergo
1622 997 1672 1053 ei
1707 1003 2034 1067 praceptum

446 1108 550 1160 cst,
587 1106 645 1151 ιιι
669 1110 885 1151 omnem
916 1095 1173 1161 deinceps
1219 1090 1480 1146 infantem
1518 1087 1824 1144 masculum
1844 1097 2038 1143 octavo

443 1191 535 1245 die
560 1187 976 1244 circumcideret
1017 1182 1170 1256 (Gen.
1197 1184 1356 1254 xvu),
1401 1183 1495 1252 qui
1541 1183 1776 1236 nondum
1825 1190 2042 1250 poterat

449 1280 612 1336 corde
656 1280 878 1334 credere
907 1288 965 1332 ut
993 1278 1040 1332 ei
1077 1277 1430 1346 deputaretur
1465 1275 1532 1328 ad
1577 1273 1846 1342 justitiam
1868 1314 1881 1335 ,
1930 1273 2034 1330 nisi

449 1373 576 1442 quia
619 1381 674 1426 et
722 1371 892 1438 ipsum
941 1384 1040 1438 per
1081 1369 1316 1436 seipsum
1363 1375 1764 1421 sacramentum
1813 1365 2038 1420 multum

449 1461 698 1517 valebat?
725 1461 876 1528 Quod
906 1461 957 1514 in
992 1459 1295 1530 iiliojloysi
1327 1474 1420 1526 per
1449 1458 1698 1522 angelum
1730 1456 2042 1512 manifesta-

450 1554 564 1610 tum
595 1565 678 1609 est
729 1552 924 1616 (Exod.
953 1552 1088 1622 xw),
1134 1551 1225 1621 qui
1263 1567 1386 1604 cum
1415 1552 1592 1604 adhuc
1627 1549 2038 1605 incircumcisus

452 1665 482 1704 a
513 1659 686 1704 matre
721 1649 971 1713 ferretur,
1024 1648 1275 1718 praesenti
1328 1655 1381 1701 et
1429 1646 1665 1701 evidenti
1708 1645 1953 1716 periculo
1983 1653 2042 1697 ut

450 1740 930 1796 circttmcitlcretur
972 1746 1222 1792 exactum
1254 1747 1354 1800 est,
1393 1747 1448 1792 et
1489 1751 1611 1791 cum
1642 1735 1845 1789 factum
1873 1743 2036 1796 esset,

452 1831 673 1900 depulsa
700 1839 783 1885 est
802 1830 1088 1900 pernicies.
1124 1827 1275 1883 Sicut
1299 1844 1428 1898 ergo
1457 1829 1510 1881 in
1537 1828 1810 1881 Abraham
1842 1826 2040 1896 (Exod.
2077 1805 2142 1863 n‘

455 1923 528 1993 tv)
583 1924 857 1991 praecessit
900 1922 1127 1990 justitia.
1159 1921 1316 1985 ﬁdei,
1360 1931 1413 1976 et
1442 1921 1669 1975 accessit
1699 1920 2046 1974 circumcisio

456 2015 789 2085 signaculum
833 2013 1057 2083 justitia:
1094 2014 1255 2078 ﬁdei,
1298 2015 1368 2068 ita
1402 2015 1454 2068 in
1491 2013 1740 2070 Cornelio
1769 2012 2048 2082 praecessit

457 2107 812 2162 sanctificatio
866 2107 1126 2176 spiritalis
1175 2109 1229 2160 in
1276 2108 1418 2161 dono
1463 2106 1696 2177 Spiritus
1743 2105 1954 2170 sancti,
1992 2113 2048 2159 et

458 2202 688 2255 accessit
753 2211 1150 2254 sacramentum
1227 2199 1654 2271 regenerationis
1717 2199 1770 2252 in
1833 2198 2049 2252 lavacro

457 2293 728 2362 baptismi.
778 2293 846 2347 Et
873 2295 1012 2347 sicut
1061 2295 1121 2361 in.
1149 2292 1298 2348 lsaac
1346 2289 1496 2362 (Gen.
1529 2292 1644 2361 xxi)
1671 2333 1684 2357 ,
1731 2293 1824 2362 qui
1855 2301 2048 2346 octavo

459 2401 569 2440 s-ue
599 2386 898 2440 nativitatis
928 2387 1014 2441 die
1043 2387 1398 2441 circumcisus
1425 2394 1530 2450 est,
1562 2386 1842 2455 prazcessit
1873 2385 2050 2456 signa-

461 2479 641 2531 culum
652 2477 880 2546 justitite
907 2479 1029 2533 ﬁdei
1070 2490 1124 2533 et
1147 2479 1401 2548 quoniam
1431 2477 1604 2549 patris
1627 2479 1784 2534 ﬁdem
1811 2479 2052 2532 imitatus

459 2579 562 2633 cst,
593 2579 778 2625 secuta
800 2580 883 2625 est
911 2572 963 2626 in
993 2580 1272 2626 crescente
1302 2575 1413 2642 ipsa
1431 2571 1664 2640 justitia,
1692 2570 1846 2639 cujus
1871 2571 2053 2641 signa-

461 2660 639 2714 culum
686 2661 737 2713 in
777 2661 981 2715 infante
1015 2672 1404 2731 pmcesserat,
1441 2664 1514 2716 ita
1553 2664 1604 2717 in
1643 2663 1929 2732 ltaptizatis
1963 2663 2050 2716 in-

465 2753 702 2806 fantibus
731 2754 990 2821 praecedit
1022 2755 1448 2826 regenerationis
1476 2764 1895 2820 sacramentum,
1929 2765 1981 2807 et
2007 2753 2052 2808 si

465 2844 828 2898 Christianam
861 2847 1134 2900 tenuerint
1162 2846 1415 2915 pietatem
1445 2887 1460 2910 ,
1511 2848 1755 2915 sequitur
1793 2848 1957 2900 etiam
1997 2847 2052 2900 in

469 2938 633 2990 corde
665 2938 969 3001 conversio,
1003 2939 1158 3009 cujus
1188 2939 1503 3009 mysterium
1536 2941 1812 3008 praecessit
1849 2939 1901 2992 in
1932 2952 2055 2992 cor-

466 3041 615 3093 pore.
646 3027 713 3083 Et
739 3028 880 3083 sicut
905 3029 958 3082 in
983 3029 1074 3084 illo
1103 3028 1310 3082 latmue
1335 3029 1479 3098 quod
1507 3044 1573 3082 ex
1595 3030 1849 3098 baptismi
1871 3043 2056 3084 sacra-

468 3127 652 3174 mento
684 3117 952 3183 defuerat,
983 3121 1272 3190 complevit
1295 3120 1696 3190 Omnipoteutis
1725 3122 2050 3192 benignitas,

468 3211 595 3279 quia
631 3224 738 3265 non
785 3211 1036 3280 superbia
1085 3211 1168 3266 vel
1211 3221 1558 3281 contemptu,
1606 3214 1699 3267 sed
1733 3213 2056 3268 necessitate

467 3300 716 3356 defuerat
749 3319 763 3356 :
797 3302 878 3357 sic
907 3303 956 3356 in
1005 3303 1299 3357 infantibus
1337 3305 1426 3372 qui
1461 3303 1720 3362 bantizati
1753 3307 2058 3362 moriuntur

467 3394 657 3450 eadem
707 3396 882 3466 gratia
927 3393 1321 3466 Omnipotentis
1370 3398 1594 3466 implere
1643 3399 1908 3452 credenda
1949 3407 2049 3461 est,

470 3485 614 3556 quod
643 3501 750 3541 non
773 3502 843 3542 ex
877 3487 1037 3559 impia
1063 3489 1357 3552 voluntate,
1387 3491 1481 3544 sed
1513 3505 1578 3545 ex
1609 3492 1784 3546 aetatis
1817 3491 2059 3559 indigen-

475 3577 572 3643 tia,
601 3591 702 3634 nec
733 3577 900 3634 corde
921 3580 1146 3634 credere
1173 3581 1242 3634 ad
1259 3580 1528 3650 justitiam
1561 3591 1805 3652 possunt,
1827 3597 1936 3636 nec
1963 3595 2059 3637 ore

472 3670 719 3728 conﬁteri
759 3671 832 3727 ad
878 3671 1124 3730 salutem.
1173 3673 1297 3728 ideo
1321 3687 1440 3728 cum
1473 3689 1570 3744 pro
1605 3676 1687 3730 eis
1717 3674 1809 3729 alii
1839 3689 2062 3745 respon-

474 3761 624 3826 dent,
655 3771 714 3818 ut
762 3762 1052 3833 impleatur
1080 3779 1217 3834 erga
1249 3781 1344 3820 eos
1375 3766 1673 3821 celebratio
1706 3767 2059 3832 sacramenti,

478 3851 620 3908 valet
663 3855 854 3925 utique
903 3855 968 3910 ad
1018 3870 1206 3912 eorum
1238 3858 1740 3923 consecrationem,
1791 3860 1920 3928 quia
1958 3859 2063 3930 ipsi

477 3943 808 4012 respondere
835 3955 948 3998 non
983 3953 1207 4012 possunt
1238 3963 1251 3998 :
1281 3954 1358 3999 at.
1381 3947 1431 4000 si
1477 3962 1576 4015 pro
1617 3963 1684 4002 eo
1720 3948 2066 4020 quirespon-o

477 4035 608 4092 dere
629 4043 810 4104 potest
851 4034 989 4090 alius
1016 4037 1369 4104 respondeat,
1415 4053 1523 4092 non
1558 4040 1741 4095 itidem
1779 4040 1940 4096 valet.
1988 4043 2068 4098 Ex

477 4141 583 4196 qua
607 4125 792 4196 regula
820 4125 952 4181 illud
969 4126 1028 4182 in
1047 4125 1340 4199 Evangelia
1358 4127 1563 4184 dictum
1585 4139 1692 4196 est,
1711 4132 1856 4200 quod
1880 4141 2070 4190 otnnes

479 4230 602 4272 cum
632 4215 832 4285 legitur
871 4216 1192 4274 naturaliter
1228 4228 1459 4276 movet:
1487 4219 1726 4275 ditatem
1755 4222 2070 4294 liabet-,ipu

481 4323 576 4377 pro
603 4325 658 4362 se
686 4307 934 4378 loquatur
968 4308 1152 4380 (Joan.
1189 4311 1289 4382 Ix).
1341 4310 1492 4383 (Cap.
1523 4312 1639 4383 25.)
1691 4313 1900 4381 Quibus
1948 4332 2068 4372 om-

483 4401 642 4458 nibus
676 4404 838 4460 rebus
863 4407 1186 4470 ostenditur,
1220 4407 1363 4461 aliud
1391 4423 1513 4464 esse
1543 4420 1946 4466 sacramentum
1975 4412 2068 4467 ba—

482 4493 692 4563 ptismi,
719 4495 864 4550 aliud
890 4498 1299 4553 conversionem
1339 4500 1516 4555 cordis
1535 4541 1549 4565 ,
1581 4500 1941 4568 scdsalutem
1976 4505 2078 4558 ho-~

486 4586 668 4642 minis.
695 4601 764 4641 ex
808 4596 1034 4658 utroque
1079 4590 1338 4660 compleri
1374 4609 1387 4645 :
1426 4594 1616 4648 necsi
1661 4605 1830 4648 unum
1865 4595 2070 4651 borum
2099 4555 2154 4628 ἢ

486 4678 734 4744 defuerit,
766 4680 894 4736 ideo
909 4692 1108 4752 putare
1133 4685 1751 4756 debemusconsequens
1777 4699 1898 4742 esse
1924 4697 1987 4740 ut
2015 4695 2072 4742 et

403 4771 408 4776 ’
489 4773 717 4831 alterum
749 4775 932 4830 desit»:
964 4775 1089 4842 quia
1117 4775 1334 4832 etillud
1367 4779 1484 4832 sine
1531 4778 1633 4832 isto
1661 4786 1841 4846 potest
1863 4793 1986 4833 esse
2015 4778 2078 4834 in

490 4866 718 4931 infante,
741 4875 803 4921 et
829 4866 936 4921 hoc
964 4865 1078 4920 sine
1109 4866 1201 4920 illo
1228 4869 1403 4935 potuit
1431 4883 1552 4924 esse
1578 4870 1631 4923 in
1665 4870 1890 4934 latrone,
1927 4885 2082 4925 com--

487 4961 669 5031 plecte
708 4960 818 5015 Deo
857 4959 986 5015 sive
1021 4958 1076 5013 in
1105 4957 1241 5023 illo,
1285 4961 1404 5016 sive
1433 4961 1487 5015 in
1517 4962 1654 5026 isto,
1697 4963 1844 5032 quod
1873 4977 1981 5018 non
2005 4977 2078 5018 ex

489 5054 778 5111 voluntate
791 5055 1072 5114 defuisset.
1107 5053 1242 5110 Gnm
1269 5071 1400 5111 vero
1441 5071 1511 5114 ex
1540 5057 1814 5112 Voluntate
1836 5058 2079 5114 alterum

492 5150 687 5204 bonum
715 5149 982 5215 defuerit,
1019 5158 1202 5206 reatum
1223 5150 1515 5206 hominem
1543 5152 1762 5208 involvi.
1813 5153 1879 5208 Et
1908 5154 2080 5224 bapti-

492 5255 646 5294 snus
669 5241 886 5294 cuidem
909 5251 1094 5294 potest
1125 5243 1302 5294 inesse
1339 5243 1430 5294 tibi
1461 5245 1746 5294 conversio
1774 5246 1954 5294 cordis
1979 5245 2076 5294 de-

2136 531 2259 586 licet
2281 537 2374 585 aut
2398 528 2652 585 invisibiti
2669 527 2846 599 gratia
2867 541 2994 582 cum
3019 523 3215 579 visibili
3239 528 3622 584 sacramento,
3637 528 3737 573 aut

2138 623 2394 678 invisibili
2425 624 2598 694 gratia
2629 621 2747 675 sine
2783 617 2985 674 visibili
3014 625 3360 672 sacramento
3387 623 3638 676 renatus,
3657 612 3734 667 ita

2136 716 2372 772 veridica
2397 725 2482 772 est
2506 714 2746 786 ejusdem
2771 712 3073 768 Salvatoris
3098 711 3271 766 nostri
3299 707 3611 769 sententia,
3634 720 3737 776 qua

2138 809 2269 865 dicit
2291 826 2305 863 :
2334 807 2455 862 Nisi
2476 807 2919 862 manducauerit“
2939 819 3160 860 carnem
3175 801 3308 857 Filii
3330 801 3642 856 [insaniret
3657 798 3735 853 ω-

2139 903 2316 956 beritis
2352 901 2466 971 ejus
2505 899 2837 969 sanguinem,
2883 913 2986 951 non
3029 893 3479 950 habebitisvitm
3519 889 3735 944 intrabis

2141 994 2426 1066 (Joan.vt).
2447 993 2601 1051 Unde
2617 992 2760 1048 idem
2772 993 2964 1047 beatus
2980 990 3317 1062 Augustinus
3330 988 3386 1040 in
3404 1000 3660 1041 sermone
3672 983 3736 1036 ad

2139 1088 2374 1148 infantes
2385 1088 2450 1144 ad
2484 1086 2652 1142 altare
2667 1069 2990 1142 accedentes
3015 1084 3080 1140 de
3103 1082 3499 1138 Sacramenta:
3517 1096 3539 1148 ,ᾳ
3570 1075 3740 1129 Domi-

2141 1198 2262 1247 nus,
2282 1177 2646 1251 inquitJesus
2683 1177 2938 1233 Christus
2961 1192 3062 1232 nos
3088 1173 3442 1245 signiﬁcavit,
3472 1186 3573 1226 nos
3597 1169 3660 1223 ad
3684 1185 3766 1242 seq

2141 1272 2412 1346 pertinere
2433 1272 2617 1330 voluit.
2647 1270 2962 1342 mysterium
2984 1268 3131 1339 pacis
3143 1277 3201 1320 et
3221 1265 3448 1319 unitatis
3466 1271 3670 1318 nostra
3687 1261 3739 1314 in

2143 1382 2237 1422 sua
2263 1380 2447 1420 mensa
2479 1347 2824 1419 consecravit
2860 1375 2878 1415 :
2905 1362 2994 1431 qui
3036 1360 3235 1429 accipit
3268 1356 3598 1429 mysterium
3629 1353 3738 1408 uni.-

2143 1461 2289 1522 tatis,
2311 1467 2388 1513 'et
2429 1472 2534 1511 non
2571 1455 3024 1511 teuetvinculu-m
3048 1453 3234 1522 'paeis,
3269 1446 3738 1519 "031“ﬂty8i-l’iﬂll

2145 1551 2343 1620 accipit
2370 1563 2580 1618 pro-se,
2625 1548 2720 1602 sed
2757 1545 3128 1602 testimonium
3161 1551 3354 1596 contra
3372 1556 3460 1595 se.
3494 1537 3642 1593 Nulli
3669 1544 3742 1591 es

2146 1643 2486 1712 aliquatenus
2526 1640 2906 1710 ambigendum
2947 1646 3573 1704 tunc-attnumquemqtte
3617 1631 3740 1684 ﬁde-

2148 1734 2275 1788 lium
2301 1733 2544 1803 corporis
2564 1733 2953 1804 sanguinisque
2976 1730 3236 1786 Dominici
3259 1727 3592 1799 participem
3615 1723 3766 1788 ﬁeri,.

2149 1827 2366 1896 quando
2401 1826 2454 1881 in
2511 1826 2838 1896 baptismate
2887 1825 3192 1880 membrum
3248 1821 3503 1891 corporis
3555 1817 3740 1874 Christi

2149 1917 2395 1978 efﬁcitur.
2428 1931 2529 1973 nec
2569 1917 2797 1974 alienari
2833 1915 3080 1972 abillius
3108 1913 3745 1984 paniscalicisquetou-

2151 2012 2342 2076 sortio,
2371 2013 2538 2068 etiam
2565 2014 2608 2068 si
2641 2021 2930 2082 antequam
2968 2011 3340 2082 panemillum
3379 2011 3660 2072 comedat,
3694 2018 3744 2063 et

2153 2103 2375 2158 calicem
2429 2104 2600 2170 bibat,
2647 2104 2716 2159 de
2767 2103 3115 2174 h00_'8mCUIO
3153 2103 3206 2156 in
3251 2101 3472 2156 unitate
3510 2099 3744 2168 corporis

2152 2191 2350 2250 Christi
2374 2195 2696 2250 constitutus
2717 2195 2993 2250 abscedat.
3016 2194 3362 2249 Sacramenti
3385 2193 3596 2262 quippe
3615 2191 3746 2244 illius

2152 2287 2567 2357 participatione
2593 2303 2658 2344 ac
2679 2288 2944 2344 beneﬁcio
2968 2303 3072 2341 non
3097 2288 3364 2358 privatur,
3389 2286 3620 2355 quando
3645 2285 3748 2353 ipse

2153 2378 2256 2433 hoc
2291 2379 2435 2448 quod
2477 2377 2606 2432 illud
2645 2391 3048 2435 sacramentum
3088 2377 3357 2450 signiﬁcat
3401 2379 3702 2433 invenitur.
3726 2394 3765 2428 ιη

2155 2470 2250 2526 His
2277 2479 2478 2536 autem,
2510 2471 2606 2540 qui
2634 2470 2773 2526 forte
2793 2472 3060 2526 obeuntes
3098 2471 3286 2525 viatici
3320 2471 3576 2525 muneris
3612 2485 3749 2525 com-

2156 2567 2414 2620 munione
2459 2565 2798 2621 recoucﬂiari
2841 2567 3131 2636 petierunt,
3173 2565 3269 2620 sed
3301 2565 3612 2635 impetrare
3644 2577 3745 2618 non

2155 2664 2466 2726 potuerunt,
2501 2655 2792 2711 convenire
2832 2671 2991 2726 posse
3028 2655 3243 2711 videtur
3283 2655 3749 2710 remedialissea—

2159 2747 2322 2802 tentia
2344 2746 2587 2816 ejusdem
2612 2746 2754 2802 beati
2776 2747 3082 2818 Augustini,
3093 2762 3263 2816 quam
3278 2747 3522 2806 laudans
3541 2761 3749 2802 senatus

2158 2840 2298 2895 beati
2338 2837 2592 2910 Cypriani
2623 2840 2706 2894 de.
2733 2840 2938 2909 bisqui
2985 2840 3042 2894 in
3079 2840 3288 2894 unitate
3329 2839 3748 2896 Eceles'uz'dor-

2160 2930 2413 2991 mierunt,
2443 2940 2498 2986 et
2520 2931 2722 2987 idcirco
2735 2931 2808 2986 ab
2829 2930 3096 2986 Ecclesiae.
3111 2931 3438 2987 muneribus
3458 2949 3594 2987 .none
3611 2943 3752 3000 sepa-

2159 3022 2264 3078 rati
2291 3022 2682 3087 crcdebantur,
2713 3021 2843 3078 dicit
2877 3041 2888 3074 :
2927 3039 2948 3073 t
2967 3020 3131 3078 Bene
3161 3021 3385 3092 quidem
3413 3022 3766 3092 prasunxpsit'

2159 3117 2302 3187 quod
2323 3117 2567 3172 cbaritas
2595 3115 2820 3172 unitatis
2847 3115 3130 3187 cooperire
3148 3125 3330 3185 posset
3358 3116 3750 3172 multitudinem

2163 3220 2588 3282 peccatorum.)
2623 3210 2691 3265 Et
2718 3210 2803 3266 bis
2830 3211 3124 3266 umeinens
3143 3211 3344 3265 beatus-
3364 3211 3749 3266 Ambrosiusi:

2165 3305 2304 3360 libro
2334 3307 2402 3360 de
2421 3312 2597 3360 morte
2625 3303 2991 3359 Valentiniani
3027 3305 3166 3359 inter
3193 3303 3469 3360 aiiadicit
3498 3305 3636 3375 (post
3659 3321 3756 3359 stue-

2169 3401 2337 3464 dium,
2356 3414 2530 3453 uersus
2545 3397 2812 3468 βηεηψιι
2846 3396 2962 3451 Neu
2989 3398 3310 3466 hebetet-go
3337 3399 3581 3467 gratiam
3606 3409 3753 3466 quam

2165 3492 2444 3564 poposcit?
2474 3491 2692 3561 Et‘quia
2720 3490 2988 3562 poposcit,
3015 3485 3225 3558 accepit
3258 3504 3272 3542 :
3299 3497 3362 3544 et
3383 3489 3483 3543 rubi
3509 3487 3754 3551 illstiest',i

2162 3586 2348 3641 Justus
2395 3599 2730 3654 quacunque
2765 3592 2942 3640 morte
2978 3577 3297 3654 prtuv‘eutus
3340 3580 3770 3646 fueriwattina'

2165 3680 2282 3748 ejus
2314 3679 2367 3732 in
2401 3678 2587 3747 requie
2611 3677 2768 3732 erit!
2788 3677 2951 3732 Solve
2980 3673 3162 3746 igitur,
3205 3684 3374 3745 pater
3391 3683 3606 3737 sancte,
3625 3683 3770 3726 ’πει-ε-

2169 3787 2268 3827 nus
2319 3787 2476 3828 servo
2523 3777 2640 3836 ‘tuo,
2675 3773 2854 3842 quod
2885 3771 3094 3842 Moyses
3123 3770 3592 3840 dumdu-spiritu
3607 3767 3770 3830 vidit:

2167 3866 2395 3934 accepit,
2411 3881 2414 3895 ε
2435 3866 2579 3934 quod
2611 3861 2796 3919 David
2845 3865 2970 3932 quia
2987 3893 2995 3903 ι
3013 3870 3103 3919 ρκ’
3125 3861 3769 3933 revelatiOne'cogmit'

2169 3955 2574 4026 et‘neruit'(Snp.
2605 3958 2701 4025 tv).
2725 3955 2915 4020 Solve,
2941 3956 3190 4024 inquam;
3219 3957 3380 4010 Servo
3404 3953 3760 4010 tuo’Yalclttti-

2171 4049 2334 4105 niano
2359 4061 2567 4102 munus
2583 4048 2728 4117 quod
2761 4047 3089 4117 concupivit,
3122 4045 3760 4116 tuttuusqtt'odpopoait

2171 4155 2355 4203 sanus,
2399 4139 2679 4204 robustus,
2727 4139 3030 4194 incolumis.
3082 4137 3762 4208 Si-aﬂect'ustegritudil‘te

2173 4233 2500 4294 distulisset.~
2529 4241 2707 4287 tamen
2756 4245 2862 4286 non
2919 4227 3134 4302 penitus
3181 4249 3212 4285 a
3265 4231 3760 4287 tua'mise‘rteordil

2171 4335 2316 4380 esset
2343 4326 2570 4390 alienus,
2597 4325 2689 4393 qui
2715 4323 3267 4393 celeritate‘temporis
3287 4331 3445 4377 esset
3463 4337 3575 4378 non
3597 4322 3764 4377 volun-

2178 4425 2300 4471 tate:
2315 4416 2618 4472 fraudatus.
2649 4412 2812 4471 Solve
2831 4429 2964 4487 ergo
2993 4413 3152 4472 servo
3173 4423 3266 4470 tuo
3293 4415 3502 4470 munus
3523 4424 3639 4468 tua:
3661 4425 3764 4484 grai

2175 4511 2285 4574 tiae,
2336 4522 2500 4578 quam
2552 4507 3266 4581 illernunuuam'negavit,
3315 4508 3407 4578 qui
3460 4518 3596 4584 ante
3635 4501 3763 4562 diem

2181 4599 2371 4658 tnortis
2413 4603 2748 4671 templorum
2781 4601 3057 4673 privilegia
3104 4602 3326 4670 negavit
3364 4599 3764 4672 insurgentibus

2177 4706 2315 4762 quos
2336 4693 2574 4748 revereri
2593 4702 2805 4762 posset.
2825 4693 3067 4748 Astabat
3093 4692 3330 4746 virorum
3355 4701 3585 4746 caterva
3609 4689 3768 4761 gentis

2177 4783 2704 4854 lium-supplicabat
2734 4793 2998 4840 senatus:
3031 4779 3437 4838 non'mett'tebat
3463 4784 3764 4840 hominibus

2182 4877 2490 4947 displicere,
2513 4886 2572 4932 ut
2597 4880 2692 4934 tibi
2723 4879 3083 4948 soli'placeret
3105 4881 3158 4932 in
3177 4879 3417 4934 Christo.
3457 4873 3765 4946 Qui-habuit

2184 4969 2432 5039 spiritum
2464 4975 2634 5036 tuum,
2661 4967 2934 5041 quomodo
2961 4985 3066 5027 non
3094 4971 3302 5040 accepit
3324 4967 3768 5042 grati-amicam?

2180 5059 2440 5129 Antquia
2487 5061 2825 5117 solemn‘it’er‘
2853 5059 2968 5117 non
3007 5071 3134 5118 sunt
3173 5062 3451 5118 celebrata
3497 5059 3763 5135 mysteris'i

2182 5157 2292 5210 hoc
2315 5156 2532 5210 movet?
2561 5156 2703 5226 Ergo
2745 5168 2844 5212 nec
2870 5157 3136 5229 martyres
3171 5155 3218 5210 si
3247 5157 3772 5214 catech’ttmeni'foe-

2184 5245 2296 5294 rint
2323 5247 2690 5294 coronentur?
2719 5245 2832 5294 Non
2878 5248 3021 5294 enim
3043 5267 3045 5270 ⁴
3071 5255 3430 5294 mrﬂnanln’r-‘
3449 5250 3504 5294 {si
3531 5247 3768 5294 κακίίηῇ
