3990 6300
523 272 628 329 475

1490 258 1816 319 ΙΙΙΝΟΜᾹΒΙ
1855 255 2104 322 RHEMEJ

2208 255 2246 316 S
2284 258 2805 320 ARCHIEPISCOPI
3683 277 3769 332 τις

531 386 756 444 teutatio
779 392 900 441 est:
937 382 1097 438 nimis
1123 380 1551 438 autemamando
1575 380 1896 436 sententiam
1925 395 2099 443 suam,
2129 386 2375 449 Augare
2430 381 2601 448 possit
2659 389 2753 436 aut
2803 380 3034 438 solvere.
3089 382 3196 442 Sed
3251 387 3482 448 solvitur
3529 391 3624 461 qui
3667 409 3768 450 eum

529 483 614 540 vel
640 480 930 539 invidendo
955 477 1284 540 mulieribus,
1308 476 1558 546 usquead
1578 475 1932 545 przecidcndze
1961 493 2101 532 com-

530 574 801 630 munionis
824 581 879 628 et
913 570 1176 630 condendi
1219 568 1531 624 schismatis
1560 567 1639 623 vel
1675 569 1897 624 haeresis
1941 571 2108 626 sacri-

530 670 727 738 legium
755 663 1056 736 pervenire,
1088 661 1351 715 diabolica
1373 659 1719 732 praesumptio
1741 670 1823 716 est
1848 679 1861 716 :
1887 663 1940 716 in
1962 661 2108 717 nullo

531 771 710 817 autem
738 743 892 811 aliter
914 771 1104 828 sapere
1131 769 1291 823 quam
1319 769 1377 808 se
1408 769 1494 809 res
1514 754 1693 817 habet,
1721 753 1957 822 angelica
1979 770 2104 825 pcr-

531 853 690 907 fectio
720 858 821 904 est.
849 848 984 916 Quia
1015 847 1199 916 itaque
1225 846 1472 900 homines
1513 861 1717 910 sumus,
1755 846 1848 900 sed
1877 861 1972 922 spe
2012 861 2109 900 an-

529 945 633 1018 geli
667 959 873 1007 smnus,
907 939 1107 1012 quibus
1141 938 1374 1008 mquales
1422 939 1472 991 in
1515 938 1916 992 resurrectione
1941 937 2106 992 futuri

529 1053 715 1095 sumus
751 1034 965 1107 (Matth.
999 1033 1157 1104 xm),
1197 1031 1435 1102 quandiu
1476 1047 1581 1085 non
1628 1031 1888 1088 habemus
1928 1031 2107 1108 perie-

530 1130 760 1186 ctionem
794 1126 994 1197 angeli,
1028 1140 1132 1178 non
1166 1124 1462 1177 habeamus
1489 1122 1960 1192 praesumptionem
1986 1120 2105 1174 dia-

529 1220 655 1276 boli.
702 1219 826 1273 ldeu
856 1218 985 1273 dicit
1018 1215 1343 1285 Apostolus:
1378 1213 1616 1267 Teutatio
1652 1230 1740 1267 vos
1777 1230 1878 1268 non
1921 1230 2107 1284 appre-

527 1313 740 1376 hendat,
775 1311 872 1363 nisi
913 1310 1145 1362 humana
1185 1307 1232 1379 (I
1261 1307 1381 1361 Cor.
1409 1306 1484 1376 Χ).
1529 1305 1830 1360 llmnanum
1871 1314 1952 1360 est
1981 1320 2110 1378 ergo

530 1404 731 1474 aliquid
785 1403 942 1463 aliter
998 1416 1206 1472 sapere.
1277 1401 1568 1469 Propterea
1617 1400 1748 1454 dicit
1796 1399 1900 1460 alio
1950 1400 2104 1454 loco:

531 1498 798 1565 Quotquot
834 1511 952 1564 ergo
981 1494 1197 1564 perfecti
1223 1493 1319 1546 hoc
1346 1493 1634 1563 sapiamus.
1680 1490 1746 1546 Et
1777 1493 1820 1546 si
1843 1491 1969 1559 quid
2005 1491 2106 1544 ali-

527 1599 606 1642 ter
625 1588 828 1658 sapitis,
845 1586 938 1638 hoc
959 1602 1160 1656 quoque
1184 1585 1324 1638 vobis
1345 1584 1483 1638 Deus
1501 1582 1739 1638 rerclubil
1764 1582 1983 1654 (Philip.
2001 1582 2104 1652 ιιι).

529 1682 735 1747 Quibus
766 1687 946 1734 autem
979 1679 1320 1734 revelatcum
1352 1678 1602 1743 voluerit,
1634 1679 1744 1731 sive
1770 1679 1819 1731 in
1845 1678 1947 1732 hac
1972 1677 2105 1741 vita,

2215 469 2460 526 columba
2521 471 2708 526 fecerit
2763 487 2973 544 pacem,
3020 484 3074 530 et
3132 477 3330 546 ligatur
3379 481 3474 552 qui
3533 497 3655 540 cum
3698 501 3771 544 co-

2213 561 2392 615 lumba
2435 577 2540 616 non
2587 563 2750 618 habet
2781 579 2988 634 pacem,
3020 567 3132 621 sive
3169 578 3359 640 aperte
3389 569 3525 628 foris
3563 574 3654 640 sit,
3680 576 3778 636 sive

2173 654 2356 708 ‘intus
2387 667 2505 710 esse
2544 654 2809 711 videatur.
2858 657 3069 724 Dathan
3114 675 3243 718 vero
3275 671 3330 726 et
3360 663 3566 720 Abiron
3606 663 3774 736 (Nutu.

2212 752 2342 818 xvr),
2389 749 2482 821 qui
2531 750 2631 804 sibi
2688 752 3031 814 sacriﬁcandi
3077 753 3351 818 licentiam
3399 775 3667 830 usurpare
3698 779 3777 820 co-

2213 841 2326 894 nati
2388 850 2512 896 sunt
2570 852 2760 897 contra
2817 844 3082 900 unitatem
3141 848 3324 918 populi
3393 849 3528 914 Dei,
3579 860 3634 908 et
3700 855 3778 912 lilii

2211 932 2412 1000 Aaron,
2444 934 2534 1003 qui
2566 935 2800 990 alienum
2831 937 3006 1006 ignem
3035 938 3191 994 altari
3215 939 3614 1010 imposuerunt,
3644 947 3777 1002 novi-

2214 1041 2332 1078 mus
2361 1024 2502 1094 quod
2539 1026 2754 1097 impune
2783 1043 2888 1081 non
2920 1026 3149 1084 fecerint
3175 1048 3187 1086 :
3217 1047 3316 1087 nec
3341 1049 3440 1089 nos
3466 1035 3571 1089 alia
3601 1039 3780 1093 scelera

2213 1117 2440 1171 dicimus
2463 1118 2725 1187 impunita
2748 1134 3048 1184 reinanere,
3082 1122 3182 1176 nisi
3210 1138 3266 1179 se
3291 1124 3424 1180 tales
3441 1129 3780 1193 correxerint,

2214 1209 2254 1264 si
2302 1211 2560 1281 patientia
2601 1212 2692 1266 Dei
2746 1213 2812 1265 ad
2861 1214 3237 1283 paenitentiam
3287 1217 3567 1274 adducens
3598 1231 3782 1291 tempus

2213 1305 2515 1375 corrigendi
2567 1304 2811 1374 largitur.
2851 1307 3034 1377 (Aug,
3064 1307 3158 1362 lib.
3191 1325 3248 1364 ιιι
3297 1311 3361 1364 de
3393 1309 3574 1376 Bupt.,
3615 1330 3664 1368 c.
3694 1315 3783 1383 16.}

2218 1413 2236 1445 ι
2271 1392 2504 1464 Spiritus
2551 1405 2730 1450 autem
2770 1406 3012 1464 sanctus,
3037 1401 3128 1468 qui
3168 1399 3223 1454 in
3262 1401 3374 1455 sola
3401 1404 3669 1458 catbotica
3709 1422 3780 1476 per

2214 1503 2404 1544 nianns
2438 1488 2834 1558 impositioncm
2877 1491 2992 1546 dari
3033 1491 3249 1561 dicitur,
3294 1495 3556 1554 nimirum
3591 1499 3691 1553 hoc
3718 1501 3762 1554 in

2215 1584 2376 1654 telligi
2411 1585 2642 1654 majores
2686 1585 2852 1640 nostri
2886 1585 3169 1642 voluerunt
3199 1590 3342 1659 quod
3365 1589 3665 1660 Apostolus
3689 1595 3786 1649 ait:

2216 1675 2475 1743 Quoniam
2504 1677 2733 1730 Charitas
2757 1675 2853 1730 Dei
2893 1678 3089 1748 (li/fusa
3128 1679 3283 1736 estin
3325 1682 3574 1738 cordibus
3619 1687 3789 1740 nostri:

529 1776 644 1829 sive
673 1783 794 1844 pust
819 1774 958 1828 hanc
984 1773 1171 1837 vitam,
1202 1771 1303 1826 nisi
1340 1770 1738 1825 ambulantibus
1764 1771 1816 1824 in
1844 1770 1982 1824 viam
2015 1785 2114 1841 paq
2142 1759 2187 1817 Β
2214 1784 2307 1838 per
2347 1767 2602 1838 Spiritum
2647 1779 2887 1822 sanctum
2915 1771 3005 1841 qui
3027 1770 3185 1824 datus
3215 1782 3288 1830 est
3322 1775 3472 1840 nobis
3517 1775 3696 1848 (Rom.
3724 1779 3768 1849 v)

530 1869 628 1934 cis,
665 1877 720 1923 et
772 1869 827 1921 in
875 1866 1078 1922 nullam
1128 1865 1500 1936 prarcisionem
1558 1865 1941 1920 deviautibus?
1991 1865 2107 1922 Non

529 1959 720 2030 qttales
763 1959 852 2014 isti
897 1967 1048 2022 sunt,
1097 1957 1188 2028 qui
1235 1957 1378 2010 viam
1413 1957 1567 2026 pacis
1598 1973 1702 2013 non
1740 1970 2106 2028 agnoverunt,

525 2069 630 2112 nec
681 2062 904 2124 propter
972 2052 1115 2108 aliud
1167 2052 1390 2112 unitatis
1453 2052 1723 2108 vinculum
1767 2053 2104 2123 diruperunt.

526 2147 759 2218 Ideoque
815 2146 1104 2217 Apostolus
1135 2162 1257 2200 cum
1296 2147 1521 2202 dixisset
1575 2147 1786 2218 (Ep/tes.
1824 2149 1920 2216 tv),
1953 2149 2022 2204 Et
2061 2149 2106 2203 si

527 2241 655 2312 quid
685 2239 846 2296 aliter
866 2239 1074 2310 sapitis,
1103 2238 1208 2294 hoc
1240 2254 1453 2310 quoque
1483 2239 1633 2294 vobis
1658 2239 1802 2294 Deus
1825 2241 2105 2305 revelavit,

525 2350 594 2389 ne
623 2323 876 2405 putarent
901 2344 1098 2404 printer
1125 2332 1263 2388 viam
1292 2332 1443 2400 pacis
1471 2333 1612 2401 quod
1639 2332 1793 2387 aliter
1827 2334 2110 2403 sapicbant

526 2428 624 2483 sibi
656 2444 812 2500 posse
852 2427 1114 2493 revelari,
1166 2427 1422 2482 continuo
1467 2426 1671 2481 addidit
1720 2427 1770 2497 (Ι
1796 2427 1917 2484 Cor.
1943 2429 2102 2499 xui):

528 2518 912 2576 Verumtamen
968 2520 1020 2576 in
1065 2520 1209 2590 quod
1248 2521 1615 2588 pervenimus,
1660 2520 1712 2573 in
1759 2535 1824 2573 co
1862 2521 2106 2576 ambule-

527 2629 668 2672 mus.
709 2614 764 2668 ln
793 2629 900 2684 quo
929 2612 1211 2668 ambulans
1241 2613 1541 2684 Cyprianus
1570 2614 2106 2682 perseverantissima

528 2705 832 2769 tolerantia,
863 2720 929 2762 ne
951 2703 1072 2760 fuso
1095 2705 1375 2776 sanguine,
1395 2705 1493 2762 sed
1515 2706 1571 2760 in
1595 2707 1802 2761 unitate
1830 2721 1938 2760 non
1961 2706 2105 2772 fuso,

529 2799 656 2870 quia
673 2798 724 2854 si
754 2799 991 2854 traderet
1011 2814 1210 2869 corpus
1235 2813 1392 2854 suum
1422 2808 1480 2854 ut
1518 2799 1754 2863 arderet.
1797 2809 1852 2854 et
1877 2815 1984 2856 non
2015 2801 2108 2854 ha-

525 2893 681 2949 heret
707 2893 1054 2958 charitatem,
1107 2892 1240 2947 nihil
1281 2893 1334 2946 ei
1383 2893 1682 2961 prodesset,
1733 2908 1830 2962 per
1858 2893 2105 2965 martyrii

523 2985 926 3044 confessionem
976 2986 1225 3058 pervenit
1269 2985 1336 3040 ad
1374 2985 1672 3056 angelicam
1701 2987 1918 3042 lucem:
1962 2995 2022 3044 ut
2061 2987 2105 3041 si

523 3095 634 3136 non
684 3089 862 3146 antea,
917 3079 989 3134 ibi
1037 3086 1184 3134 certe
1233 3080 1530 3134 revelatum
1581 3090 1924 3148 agnosceret,
1955 3082 2104 3150 quod

2209 1860 2327 1931 Ipse
2377 1870 2456 1916 est
2499 1862 2643 1918 enim
2702 1863 2967 1931 Charitas,
3013 1880 3176 1934 quam
3225 1882 3334 1922 non
3381 1868 3589 1930 habent
3620 1872 3709 1940 qui
3733 1871 3789 1928 ab

2210 1952 2464 2008 Ecclesia:
2488 1953 2768 2010 catholica:
2793 1956 3174 2021 communione
3200 1958 3413 2029 prmeisi
3441 1970 3596 2026 sunt,
3625 1975 3686 2018 ac
3707 1977 3792 2032 per

2207 2045 2312 2102 hoc
2348 2045 2511 2104 etiam
2542 2046 2587 2102 si
2613 2046 2811 2118 linguis
2840 2048 3121 2108 hominum
3151 2059 3205 2104 et
3234 2051 3553 2122 angelorum
3580 2053 3788 2126 loquan-

2210 2146 2319 2203 tur,
2341 2138 2385 2192 si
2404 2139 2577 2193 sciant
2598 2141 2779 2196 omnia
2807 2153 3171 2210 sacramenta,
3187 2153 3238 2199 et
3263 2160 3482 2206 omnem
3496 2148 3788 2213 scientiam,

2208 2237 2263 2282 et
2305 2230 2348 2283 si
2395 2230 2627 2285 habeant
2661 2247 2873 2286 omnem
2907 2235 3249 2306 prophetiam
3291 2247 3345 2292 et
3376 2253 3599 2294 omnem
3630 2238 3788 2306 fidem,

2211 2320 2281 2373 ita
2315 2328 2371 2374 ut
2410 2331 2618 2377 montes
2650 2324 3001 2384 transierant.
3044 2335 3096 2381 et
3127 2327 3454 2385 distribuant
3496 2333 3680 2387 oruuia
3711 2350 3792 2390 sua

2207 2417 2549 2484 pauperibus,
2608 2424 2662 2469 et
2710 2418 2928 2472 tradant
2985 2434 3182 2491 corpus
3239 2437 3396 2477 smim
3448 2432 3510 2478 ut
3557 2426 3790 2492 ardeant,

2209 2505 2340 2558 nihil
2365 2506 2442 2559 cis
2481 2507 2718 2576 prodest.
2754 2506 2869 2562 Non
2901 2519 3083 2565 autem
3130 2511 3291 2567 habet
3330 2514 3424 2570 Dei
3479 2516 3793 2578 Charitelen]

2209 2599 2298 2668 qui
2331 2599 2581 2654 Ecclesia:
2608 2617 2713 2655 non
2746 2601 2919 2672 diligit
2950 2604 3209 2660 unitatem
3245 2625 3256 2660 :
3301 2621 3366 2665 ac
3397 2624 3498 2680 per
3527 2611 3630 2668 hoc
3660 2622 3794 2670 recte

2210 2689 2526 2764 intelligitur
2550 2694 2677 2762 dici,
2711 2711 2817 2750 non
2850 2698 3021 2769 accipi
3060 2699 3159 2754 nisi
3192 2700 3241 2754 in
3270 2701 3543 2766 catholica
3575 2704 3798 2778 Spiritus

2207 2798 2449 2844 sanctus.
2501 2787 2686 2860 Neque
2737 2782 2879 2848 enim
2922 2793 3312 2863 temporalibus
3359 2804 3415 2854 et
3459 2797 3797 2856 sensibilibus

2179 2881 2487 2950 ~miraculis
2551 2883 2936 2942 attestantibus
2989 2901 3088 2958 per
3153 2903 3350 2950 manus
3407 2889 3796 2961 imposith

2211 2975 2370 3031 modo
2398 2976 2557 3032 datur
2587 2976 2821 3050 Spiritus
2860 2986 3079 3034 sanctus
3125 2980 3263 3051 (Act.
3292 2982 3436 3056 vin),
3465 2983 3613 3040 siem
3646 2997 3794 3048 ante]

2213 3069 2437 3132 dabatur
2471 3071 2537 3128 ad
2563 3072 3082 3134 commendationem
3116 3075 3262 3130 rudis
3287 3075 3431 3142 lidei,
3461 3086 3518 3136 et
3546 3077 3796 3144 Ecclesiae

525 3185 648 3227 cum
695 3171 854 3226 aliter
904 3180 1137 3241 saperet,
1188 3172 1512 3228 sententiam
1557 3146 1788 3228 diversae
1833 3173 2107 3243 opinionis
2129 3146 2180 3218 ί]
2211 3162 2505 3232 ΡΓίιηοΓάίεὶ
2532 3162 2824 3220 (Πίειιθιιάίιο
2851 3163 2982 3234 Quis
3009 3166 3153 3224 εηίιη
3185 3183 3327 3234 nunc
3364 3168 3471 3226 hoc
3503 3181 3793 3241 εκδβεεωτ

523 3264 738 3322 vinculo
770 3279 875 3319 non
903 3265 1196 3335 praeposuit
1241 3265 1482 3322 unitatis.
1513 3285 1531 3318 ι
1577 3266 1736 3333 Quod
1764 3275 1948 3324 autem
2008 3269 2104 3322 ad-

519 3357 699 3428 jungit
723 3359 1027 3430 Cyprianus
1052 3368 1108 3414 et
1132 3360 1261 3416 dicit
1276 3360 1391 3430 (lib.
1419 3376 1450 3417 ν
1471 3361 1534 3416 de
1556 3360 1713 3432 Bnpt.
1739 3375 1790 3417 c.
1822 3361 1916 3433 5):
1945 3381 1962 3414 ‹
1990 3363 2108 3418 Non

527 3458 704 3506 tamen
737 3450 862 3519 quia
890 3450 1175 3520 aliquando
1201 3460 1442 3513 erratum
1481 3461 1586 3515 est,
1623 3453 1743 3512 ideo
1771 3468 1988 3524 semper
2021 3470 2107 3510 er-

526 3543 754 3600 randum
779 3554 880 3607 est,
919 3560 1040 3606 etim
1069 3545 1242 3616 magis
1271 3546 1612 3615 sapientibus
1629 3556 1682 3601 et
1709 3547 1872 3602 Deum
1913 3549 2104 3606 timeo-

521 3638 668 3694 tibus
705 3648 988 3710 congruat,
1035 3639 1320 3709 patefactae
1345 3651 1400 3697 et
1442 3652 1742 3713 perspectas
1786 3645 2001 3702 veritati
2042 3645 2106 3700 li-

519 3729 716 3786 benter
747 3740 914 3802 atque
942 3733 1324 3790 incunctanter
1345 3735 1594 3806 obsequi,
1625 3751 1787 3806 quam
1811 3739 2105 3807 pertinaci-

521 3829 607 3882 ter
639 3831 802 3892 atque
825 3825 1100 3884 obstinate
1139 3834 1333 3886 contra
1361 3826 1556 3885 fratres
1587 3838 1644 3883 et
1685 3832 2105 3888 consacerdotes

453 3899 475 3916 ’
521 3931 620 3984 pro
655 3916 924 3972 haereticis
953 3917 1227 3982 reluctari,
1266 3919 1552 3975 verissime
1599 3921 1752 3985 dicit,
1805 3938 1904 3976 nec
1950 3923 2104 3979 alteri

523 4005 703 4076 potius
728 4022 897 4076 quam
932 4005 1034 4060 sibi
1067 4007 1387 4062 adversatur
1402 4011 1493 4077 qui
1516 4011 1724 4065 resistit
1748 4013 2107 4080 apertissima:

524 4097 760 4152 veritati.
805 4097 1078 4154 Primatus
1107 4109 1288 4156 autem
1319 4117 1425 4156 non
1453 4111 1534 4157 est
1557 4104 1660 4158 nisi
1689 4106 1742 4158 in
1771 4113 1954 4160 sancta
1979 4123 2106 4162 eon-

523 4187 831 4246 versatione
871 4198 927 4244 et
957 4188 1064 4244 vita
1095 4190 1261 4258 bona,
1305 4206 1416 4261 quo
1464 4193 1741 4262 pertinent
1785 4211 1993 4263 omnes,
2041 4213 2103 4256 ex

521 4278 719 4349 quibus
741 4288 1000 4350 tauquam
1040 4282 1296 4338 membris
1342 4291 1556 4338 constat
1602 4285 1695 4340 illa
1749 4302 1944 4356 sponsa
1975 4306 2104 4346 'non

524 4373 732 4430 habens
763 4373 1026 4428 maculam
1055 4389 1233 4443 neque
1279 4391 1491 4446 rugam,
1531 4385 1587 4430 et
1629 4377 1715 4431 illa
1748 4378 1997 4436 columba
2025 4383 2106 4436 in-

2215 3254 2344 3309 utiu
2376 3254 2568 3328 quibus
2608 3271 2800 3310 manus
2842 3257 2907 3312 ad
2953 3257 3326 3328 accipiendum
3367 3260 3632 3335 Spiritum
3681 3280 3800 3320 san-

2185 3393 2187 3396 .
2213 3355 2358 3402 cttnn
2391 3350 2702 3420 imponitur,
2730 3361 2949 3421 repente
2977 3352 3234 3422 incipiant
3260 3353 3456 3426 linguis
3479 3355 3669 3428 loqui?
3691 3356 3800 3414 Sed

2205 3439 2552 3502 invisibiliter
2581 3451 2635 3496 et
2661 3442 2889 3506 latenter
2915 3443 3233 3516 it'ttclligitur
3261 3460 3363 3514 pro
3403 3445 3619 3506 vinculo
3645 3450 3802 3520 pacis

2185 3549 2400 3598 eorum
2433 3535 2683 3598 cordibus
2712 3535 2896 3590 divina
2929 3536 3166 3592 charitas
3194 3536 3466 3608 inspirari,
3498 3542 3804 3609 utpossint

2211 3629 2390 3696 dicere
2416 3646 2427 3681 :
2460 3628 2726 3697 Quoniam
2749 3629 2981 3688 alacritas
3011 3628 3107 3684 Dei
3129 3629 3328 3700 ili/fusa
3349 3639 3424 3686 est
3459 3631 3521 3699 in,
3548 3632 3807 3688 cordibus

2205 3719 2401 3776 nostris
2453 3735 2542 3788 per
2591 3716 2847 3789 Spiritum
2899 3728 3138 3780 sanctum
3186 3721 3276 3792 qui
3323 3721 3484 3784 datus
3535 3732 3610 3788 est
3655 3725 3804 3786 nobis

2212 3809 2389 3882 (Rom.
2426 3811 2500 3883 v).
2547 3810 2725 3872 Multa:
2767 3819 2948 3872 autem
2997 3821 3122 3872 sunt
3173 3814 3522 3884 operationes
3566 3815 3804 3887 Spiritus

2211 3905 2406 3974 sancti,
2467 3920 2601 3975 quas
2647 3905 2786 3966 idem
2843 3904 3132 3974 Apostolus
3161 3947 3174 3972 ,
3224 3923 3347 3968 cum
3391 3910 3629 3980 quodam
3681 3911 3803 3968 loco

2209 4009 2473 4071 quantum
2501 3997 2746 4062 sulYIccre
2766 3999 3068 4066 arbitratus
3087 4008 3172 4062 est
3200 4004 3702 4068 commemorasset,
3727 4006 3806 4059 ita

2211 4093 2473 4160 conclusit
2508 4108 2522 4146 :
2573 4090 2766 4156 Omnia
2803 4100 2982 4148 autem
3033 4094 3144 4158 [tam
3187 4103 3435 4163 operatur
3476 4112 3611 4158 unus
3649 4108 3807 4167 atque

2209 4188 2345 4246 idem
2363 4187 2589 4258 Spiritu;
2603 4186 2841 4252 dividens
2859 4186 3134 4257 unicuique
3156 4203 3249 4256 pro
3271 4196 3324 4240 ut
3342 4186 3444 4242 vult
3459 4185 3508 4258 (Ι
3529 4187 3654 4248 Cor.
3676 4192 3804 4261 xu).

2209 4281 2344 4338 Cum
2366 4295 2494 4351 ergo
2521 4279 2666 4340 aliud
2695 4280 2765 4344 sit
2788 4271 3206 4348 Sacramentum,
3231 4284 3380 4353 quod
3409 4285 3612 4346 habere
3637 4286 3808 4346 etiam

2209 4377 2397 4440 Simon
2427 4377 2614 4446 Magna
2637 4379 2812 4448 potuit
2837 4377 2978 4449 (Act.
3017 4379 3161 4450 vin),
3187 4379 3332 4440 aliud
3354 4381 3601 4450 operatio
3621 4379 3809 4452 Spiri-

525 4475 607 4523 ter
631 4467 926 4524 multorum
954 4481 1241 4526 corvorum
1273 4466 1674 4536 improbitatem
1704 4484 1945 4536 gemens.
1990 4471 2104 4526 Nisi
2213 4477 2317 4532 tus,
2351 4483 2470 4538 qum
2499 4469 2552 4522 in
2583 4468 2742 4528 titulis
2765 4469 2930 4534 etiam
2967 4469 3274 4532 hominibus
3310 4469 3427 4525 fieri
3456 4470 3617 4542 solet,
3659 4472 3813 4530 sicut

525 4559 658 4582 ρηη
875 4559 1014 4582 πη.-
1048 4567 1266 4582 ﬂ“.--
1315 4559 1577 4582 unum.”
2050 4580 2095 4582 κ-
2213 4559 2340 4582 ωδ.-.
2371 4560 2548 4582 .,Α.,,,ε.
2958 4559 3010 4582 [ι
3055 4559 3154 4582 n__
3204 4561 3301 4582 ---ι
3339 4580 3348 4582 μ
3559 4566 3771 4582 ---μη

521 4559 661 4616 forte
702 4575 824 4614 cum
874 4559 1015 4616 Esau
1047 4567 1266 4629 propter
1311 4559 1580 4615 lenticulae
1608 4562 2102 4630 concupiscentiam
2129 4559 2181 4582 ⁴¹¹
2213 4559 2342 4616 Saul
2371 4560 2555 4618 habuit
2591 4560 2930 4629 prophetiam
2955 4559 3010 4632 (Ι
3045 4559 3173 4630 Reg.
3204 4561 3303 4632 ιιι)
3338 4563 3523 4624 εειιὶυά
3550 4566 3812 4633 operatio

521 4652 816 4722 primatum
864 4651 1180 4719 perdiderit,
1239 4661 1424 4708 tenere
1468 4654 1755 4724 primatum
1804 4655 2102 4714 arbitrandi

524 4751 651 4800 sunt
695 4741 1081 4809 fraudatores,
1129 4753 1413 4812 raptores,
1468 4744 1835 4810 feneratores,
1899 4747 2100 4812 invidi,

519 4835 825 4900 ebriosi,et
847 4835 1029 4890 creteri
1059 4833 1389 4902 huiusmodi,
1432 4837 1620 4905 quales
1649 4838 1704 4892 in
1736 4838 1977 4893 Ecclesia
2015 4840 2100 4893 sui

526 4931 781 5000 temporis
834 4928 999 4984 etiam
1057 4943 1153 4998 per
1196 4928 1410 4986 litteras
1468 4929 1769 5000 Cyprianus
1814 4931 2098 5001 ingemuit.

521 5025 861 5094 Quapropter
889 5030 984 5078 aut
1009 5022 1151 5092 quod
1180 5031 1261 5077 est
1294 5031 1478 5080 tenere
1510 5022 1827 5089 Ecclesium,
1870 5040 1974 5083 non
2001 5025 2103 5081 hoc

523 5126 607 5172 est
635 5117 685 5172 in
719 5115 916 5170 divinis
947 5122 1132 5168 tenere
1163 5114 1474 5184 primatum,
1509 5122 1603 5167 aut
1630 5115 1674 5170 si
1704 5115 1881 5170 omnis
1911 5117 2002 5185 qui
2027 5125 2099 5174 le-

519 5220 614 5264 net
650 5210 970 5274 Ecclesium,
1017 5208 1180 5262 etiam
1238 5206 1528 5276 primatum
1586 5215 1750 5271 tenet,
1797 5222 1987 5266 omnes
2026 5208 2098 5264 illi

520 5302 687 5374 iniqui
723 5304 1017 5358 Ecclesium
1063 5317 1167 5357 non
1207 5308 1414 5364 tenent,
1463 5302 1555 5369 qui
1610 5309 1789 5356 tamen
1842 5303 1986 5360 intus
2026 5302 2099 5355 vi-

518 5395 732 5463 dentur,
777 5406 830 5452 et
861 5399 1188 5468 baptismum
1232 5397 1362 5450 dare
1412 5405 1467 5452 et
1505 5396 1706 5452 habere
1749 5412 1778 5450 a
1811 5397 1958 5452 nullo
2003 5414 2100 5452 no-

515 5498 692 5546 strum
734 5504 1012 5563 negantur.
1065 5493 1196 5549 Nam
1219 5507 1316 5547 eos
1345 5491 1635 5560 primatum
1679 5491 1733 5545 in
1763 5491 1961 5546 divinis
2004 5492 2098 5547 ha—

518 5585 646 5641 bere
671 5588 792 5657 quis
818 5588 978 5650 dicat,
1029 5588 1132 5644 nisi
1166 5587 1258 5657 qui
1304 5586 1436 5641 nihil
1482 5586 1720 5640 divinum
1753 5585 1936 5654 sapit?
1969 5605 1989 5636 ι
2033 5585 2097 5640 Et

519 5677 650 5734 foris
683 5679 918 5746 quidem,
959 5681 1010 5732 id
1040 5689 1122 5734 est
1147 5681 1204 5733 in
1244 5680 1437 5735 litere'si
1471 5679 1552 5735 vel
1587 5678 1880 5734 schismate
1903 5693 2000 5732 nec
2035 5678 2096 5732 li-

513 5772 630 5846 gari
669 5771 870 5842 aliquid
906 5780 1083 5842 potest
1137 5787 1236 5830 nec
1278 5773 1431 5839 solvi,
1461 5773 1554 5830 ubi
1601 5787 1708 5828 non
1749 5771 1818 5825 sit
1863 5771 1955 5841 qui
2001 5782 2097 5829 aut

2210 4652 2449 4721 ejusdem
2513 4653 2788 4724 Spiritus,
2839 4668 3000 4723 quam
3060 4669 3165 4712 non
3225 4655 3333 4714 nisi
3400 4655 3528 4710 boni
3598 4655 3813 4718 habere

2211 4755 2454 4818 possunt,
2487 4747 2626 4806 sicut
2665 4756 2756 4806 est
2794 4745 2916 4806 linis
2953 4747 3209 4816 prompti
3248 4747 3486 4808 clior-itas
3514 4747 3580 4810 de
3631 4751 3812 4808 corde

2209 4857 2364 4912 puro,
2389 4851 2445 4896 et
2474 4840 2803 4902 conscientia
2824 4840 2986 4903 bona,
3009 4847 3063 4898 et
3087 4838 3190 4900 tide
3216 4855 3320 4898 non
3352 4840 3475 4894 licta
3499 4839 3552 4912 (Ι
3576 4839 3722 4897 Tim.
3737 4847 3810 4913 ιζ»,

2209 4935 2487 5006 quodlibet
2521 4934 2759 4994 haeretici
2791 4941 2845 4988 et
2873 4933 3204 4992 schismatici
3225 4935 3514 5004 accipiant,
3551 4936 3814 4993 charitas

2211 5044 2331 5098 qum
2357 5029 2598 5098 cooperit
2643 5028 3040 5086 multitudinem
3066 5037 3412 5096 peccatorum
3439 5029 3492 5100 (l
3515 5028 3666 5088 Patr.
3695 5037 3811 5104 iv),

2211 5121 2485 5190 proprium
2513 5121 2714 5174 donum
2739 5129 2824 5175 est
2853 5118 3131 5177 catholica:
3161 5120 3387 5176 unitatis
3413 5131 3467 5178 et
3496 5122 3672 5190 pacis,
3699 5140 3814 5179 nec

2210 5221 2293 5266 est
2315 5211 2368 5265 in
2389 5210 2660 5275 omnibus,
2687 5210 2810 5280 quia
2841 5226 2942 5266 nec
2978 5210 3095 5280 ejus
3127 5219 3253 5268 sunt
3282 5226 3491 5274 omnes,
3521 5213 3670 5267 sicut.
3698 5230 3814 5269 suo

2211 5305 2329 5360 loco
2351 5306 2669 5362 videbimus.
2701 5305 2906 5360 Praeter
2932 5305 3103 5374 ipsam
3131 5313 3312 5359 tamen
3343 5320 3464 5360 esse
3498 5305 3582 5359 illa
3613 5307 3814 5363 chari-

2213 5409 2294 5456 tas
2325 5416 2429 5454 non
2454 5408 2646 5469 potest,
2681 5399 2798 5454 sine
2822 5413 2927 5469 qua
2969 5407 3186 5462 cetera,
3231 5398 3444 5456 etiamsi
3486 5400 3714 5469 agnosci
3749 5412 3812 5458 et

2189 5494 2491 5575 approbari
2526 5502 2769 5564 possunt,
2811 5494 3069 5563 prodesse
3109 5502 3287 5547 tamen
3321 5499 3378 5548 et
3417 5492 3655 5548 liberare
3683 5509 3814 5550 non

2203 5595 2447 5658 possunt.
2504 5607 2520 5639 ι
2567 5587 2634 5640 Et
2689 5595 2908 5642 sanctus
2963 5586 3262 5658 Gregorius
3309 5585 3364 5640 in
3420 5586 3558 5642 libro
3607 5585 3809 5646 liora-

2207 5679 2334 5732 limn
2371 5678 2482 5751 (lib.
2533 5694 2685 5744 xvru,
2731 5694 2780 5732 c.
2830 5679 2965 5749 li):
3021 5698 3038 5732 ς
3085 5676 3437 5733 Coullatiouis
3486 5677 3652 5748 ignis,
3700 5684 3814 5751 qui

2203 5786 2358 5828 extra
2379 5773 2702 5835 catholicam
2737 5773 2996 5834 toleratur
3037 5770 3357 5838 Ecclesium,
3388 5786 3548 5848 quam
3587 5771 3813 5832 nullius
