3948 5376
173 235 214 288 -1
225 235 294 288 77

1018 221 1258 282 OPUSC.
1300 221 1387 282 ET
1431 221 1643 279 EPIST.
1687 218 1750 275 IN
1792 218 2019 280 CAUSA
2058 219 2386 279 lllNCMABl
2427 221 2725 288 LAUDUN.

3348 228 3452 284 478

175 349 404 405 outniao
419 344 634 401 virtutis
655 343 743 409 sit,
776 340 971 396 Paulus
997 339 1269 410 apostolus
1301 338 1534 399 insinuat
1552 336 1762 391 dicens:
1797 337 1844 408 Α
1873 351 2032 390 manu
2065 339 2439 394 subscribitur.
2477 341 2540 394 Et
2571 341 2709 395 sicut
2744 351 2796 394 ιιι
2828 341 3031 397 absolvi
3077 358 3180 397 non
3223 353 3376 415 potes
3405 347 3449 401 si

177 441 245 498 Si
269 439 535 495 tradidero
559 453 746 508 corpus
767 451 935 494 meum
963 441 1015 488 ut
1039 437 1242 497 ardeat,
1266 431 1570 486 charitatem
1593 439 1766 485 autem

177 552 292 589 non
323 532 564 596 habeam,
614 527 744 590 nihil
773 529 899 582 mihi
925 526 1129 597 prodest
1163 524 1210 595 (I
1255 524 1376 578 Cor.
1410 523 1625 595 χχχιιι).
1667 523 1767 578 Alii

165 627 384 697 quippe
413 637 578 694 prava
615 621 679 676 de
709 622 815 676 Deo
855 619 1113 684 sentiunt,
1157 619 1244 674 alii
1272 627 1415 672 recta
1457 619 1521 671 de
1549 627 1770 672 auctore

167 727 390 784 tenent,
423 720 515 773 sed
545 716 809 774 unitatem
837 730 956 772 cum
997 713 1254 769 fratribus
1285 728 1388 766 non
1429 720 1613 765 tenent
1648 729 1660 763 :
1692 711 1766 766 illi

173 827 371 867 errore
409 809 552 876 tidei,
580 808 670 863 isti
699 821 827 860 vero
851 804 1161 860 schismatis
1187 804 1585 875 perpetratione
1612 803 1768 858 dixisi

175 913 331 961 sunt.
364 903 513 959 Unde
539 909 594 955 et
623 902 673 956 in
699 900 814 969 ipsa
841 899 1012 969 prima
1041 906 1191 968 parte
1222 897 1468 968 Deealogi
1499 906 1768 952 utrarum-

172 1012 288 1067 que
315 994 554 1066 partium
586 992 755 1061 culpa:
803 990 1190 1062 reprimuntur,
1244 1004 1365 1044 cum
1414 989 1591 1044 divina
1641 1004 1769 1044 voce

172 1089 411 1142 dicitur:
451 1086 648 1156 Diliges
688 1084 969 1136 Dominum
999 1082 1165 1136 Deum
1198 1093 1343 1135 tuum
1371 1084 1436 1146 ea:
1474 1093 1578 1137 toto
1618 1085 1770 1137 corde

166 1189 294 1244 tuo,
340 1188 388 1232 et
437 1194 504 1232 ex
541 1186 647 1230 tota
690 1176 868 1229 animo
913 1183 1033 1238 tua,
1082 1184 1129 1226 et
1182 1190 1245 1226 ea;
1293 1183 1400 1226 tota
1452 1174 1634 1227 virtute
1679 1184 1770 1228 tua

169 1253 372 1344 (Deut.
400 1267 502 1340 γι),
553 1275 713 1339 atque
755 1282 880 1322 mox
922 1265 1188 1328 subditur,
1235 1265 1428 1335 Diliges
1473 1265 1767 1334 prosimum

166 1372 327 1416 tuum
350 1363 480 1415 sicut
513 1361 754 1430 teipsum.
781 1359 881 1424 Qui
908 1358 1050 1412 enim
1081 1357 1144 1411 de
1172 1357 1279 1410 Deo
1308 1373 1557 1426 perversa
1584 1357 1767 1421 sentit,

165 1453 347 1523 liquet
389 1449 633 1522 profecto
659 1450 787 1518 quia
833 1451 1002 1505 Deum
1040 1465 1145 1516 non
1175 1449 1362 1518 diligit.
1395 1448 1496 1515 Qui
1544 1462 1672 1502 vero
1707 1449 1770 1502 de

169 1547 289 1602 Deo
321 1553 461 1599 recta
495 1544 734 1600 sentiens
763 1559 793 1596 a
823 1549 1025 1604 sancta:
1056 1541 1314 1596 Ecclesia:
1338 1541 1542 1594 unitate
1567 1540 1772 1595 divisus

164 1649 283 1705 est,
317 1644 531 1693 constat
560 1635 684 1707 quia
716 1635 1019 1705 proximum
1047 1649 1152 1688 non
1186 1641 1348 1698 amat,
1375 1649 1534 1703 quem
1568 1635 1769 1688 habere

1877 429 2141 482 contraria
2195 444 2288 485 ore
2343 432 2634 500 praedices,
2683 435 2957 488 contraria
3005 450 3114 489 uno
3157 437 3454 507 eodemque

1873 527 2113 588 tempore
2134 536 2294 575 manu
2326 524 2632 579 subscribas
2660 543 2670 577 :
2697 526 2775 580 sic
2802 526 2916 595 ipsa
2941 527 3181 582 omnium
3211 537 3453 585 vestrum

1872 610 2120 664 collectio
2171 613 2374 668 absolvi
2424 631 2528 669 non
2578 626 2756 686 potest
2805 619 2847 673 si
2896 622 3167 675 contraria
3214 621 3360 676 dicat
3401 630 3454 678 et

1873 706 2147 759 contraria
2185 706 2372 773 faciat;
2410 709 2461 762 id
2497 721 2598 777 est,
2631 713 2674 766 si
2707 715 3069 770 communicet
3105 718 3395 785 sacerdoti,
3425 735 3453 776 a

1874 797 2025 866 cujus
2062 798 2442 868 priedicationc
2471 810 2526 856 et
2561 804 2955 875 subscriptione
3000 807 3268 862 dissentit.
3305 809 3456 866 Sicut

1872 892 2015 946 enim
2073 908 2134 948 os
2189 903 2336 947 tuum
2394 906 2447 949 et
2509 913 2699 953 manus
2752 908 2840 953 tua
2897 901 3054 955 unius
3111 900 3458 974 ejusdemque

1871 987 2114 1056 corporis
2144 990 2385 1043 membra
2417 999 2563 1055 sunt,
2599 992 2668 1046 ita
2697 994 2854 1047 unius
2886 993 3236 1064 ejusdemque
3272 997 3454 1052 Ecclec

1874 1085 1966 1139 she
1997 1088 2235 1141 membra
2290 1095 2416 1142 sunt
2464 1090 2775 1144 sacerdotes
2809 1100 2864 1145 et
2891 1093 3138 1162 pOpulus,
3189 1093 3303 1147 sive
3332 1107 3455 1149 cum

1873 1179 2154 1233 catholicis
2207 1180 2526 1245 catholicus,
2579 1182 2690 1236 sive
2742 1198 2862 1236 cum
2897 1200 3002 1237 non
3040 1182 3287 1238 lidelihus
3338 1182 3456 1239 inli-

1875 1268 2028 1322 delis.
2063 1268 2189 1322 lude
2222 1279 2304 1322 est
2335 1269 2477 1324 enim
2507 1273 2647 1342 quod
2681 1288 2708 1325 a
2735 1273 2961 1328 Domino
2992 1274 3044 1328 in
3077 1273 3237 1328 linem
3269 1274 3458 1330 seculi

1874 1360 2050 1429 colligi
2099 1360 2357 1429 juhcntur
2414 1363 2618 1417 zizania
2682 1373 2735 1417 et
2792 1365 2998 1434 alligari
3051 1365 3334 1423 fasciculos
3391 1365 3459 1423 ad

1875 1453 2293 1508 comlmremlum
2345 1454 2556 1526 (Matth.
2593 1457 2734 1526 xm).
2789 1456 2923 1512 Hinc
2949 1467 3029 1512 est
3076 1460 3220 1530 quod
3268 1469 3458 1515 sancto

1873 1546 2132 1618 propheta
2194 1548 2472 1604 Ezechiele
2519 1559 2747 1605 testante
2785 1570 2795 1604 :
2832 1551 2892 1606 Si
2936 1555 3179 1608 sacerdos
3228 1571 3330 1609 non
3353 1555 3460 1610 dis-

1875 1637 2086 1690 tinxerit
2132 1641 2343 1710 populo,
2394 1642 2500 1712 ipse
2539 1643 2744 1710 quidem
2785 1643 3009 1714 populus
3039 1644 3090 1697 in
3125 1662 3221 1700 suo
3246 1656 3457 1718 peccato

159 1733 384 1794 socient
420 1739 656 1788 recusat.
687 1727 942 1800 Quisquis
966 1743 1094 1800 ergo
1123 1726 1190 1784 ab
1217 1728 1317 1782 hac
1345 1728 1551 1782 unitate
1582 1721 1844 1786 matrisB
1871 1733 2157 1795 morietur,
2204 1735 2435 1787 animam
2481 1744 2652 1790 tamen
2697 1738 2809 1807 ejus
2859 1739 2921 1791 de
2957 1755 3114 1793 manu
3172 1741 3459 1794 sacerdotis

165 1825 453 1891 Ecclesiae,
503 1825 618 1880 sive
661 1838 756 1894 per
807 1822 1056 1878 hteresim
1108 1823 1174 1877 de
1211 1825 1319 1877 Deo
1342 1839 1596 1894 perversa
1648 1841 1768 1879 sen-

163 1920 380 1986 tiendo,
436 1934 531 1982 seu
581 1934 767 1973 errore
815 1917 1123 1974 schismatis
1171 1919 1476 1990 proximum
1527 1935 1631 1974 non
1689 1921 1769 1974 di-

160 2012 414 2084 ligendo,
449 2013 725 2082 dividitur,
763 2013 1046 2070 charitatis
1087 2012 1248 2080 hujus
1284 2014 1459 2083 gratia
1499 2015 1765 2083 privatur,

158 2107 242 2160 de
276 2122 386 2176 qua
435 2106 537 2162 hoc
591 2106 733 2175 quod
803 2105 1169 2176 prmmisimus
1209 2104 1410 2160 Paulus
1441 2106 1574 2160 dicit
1619 2125 1630 2161 :
1707 2103 1767 2160 Si

158 2201 442 2256 tradidero
484 2218 672 2271 corpus
714 2218 882 2256 meum
913 2209 967 2256 ut
1009 2203 1209 2268 ardeat,
1245 2202 1550 2256 charitate-m
1595 2214 1768 2258 autem

165 2311 284 2350 non
323 2295 560 2360 habeam,
604 2295 736 2350 nihil
787 2295 915 2352 mihi
955 2296 1162 2366 prodest
1193 2296 1244 2366 (Ι
1273 2296 1395 2355 Cor.
1444 2299 1598 2366 xm);
1632 2313 1693 2350 ac
1723 2299 1766 2352 si

162 2393 363 2453 aperta
395 2401 524 2442 voce
547 2386 770 2453 diceret,
816 2395 969 2442 extra
1021 2387 1192 2444 locum
1225 2405 1382 2446 suum
1426 2388 1766 2445 eonﬂationis

163 2476 312 2536 mihi
362 2476 500 2547 ignis
545 2477 816 2536 adhibitus
849 2488 1118 2537 tormento
1151 2497 1235 2535 me
1270 2483 1498 2547 cruciat,
1541 2485 1767 2537 nmnda-

163 2568 325 2628 tione
355 2585 462 2626 non
493 2580 709 2642 purgat.
741 2571 893 2630 "uno
919 2588 1108 2628 omnes
1151 2583 1352 2630 sancite
1381 2575 1526 2644 pacis
1553 2584 1760 2630 amato-

163 2677 262 2718 res
293 2677 506 2720 summo
553 2666 731 2722 studio
783 2665 956 2724 locum
988 2677 1258 2737 quaerunt,
1293 2669 1435 2724 hune
1466 2678 1767 2738 quaerentes

167 2753 483 2821 inveniunt,
516 2757 660 2812 hunc
691 2755 1028 2816 invenientes
1063 2766 1266 2821 tenent,
1309 2760 1540 2815 scientes
1573 2747 1772 2828 proca!

159 2856 357 2908 totum
405 2849 673 2915 remissio,
724 2850 809 2902 vel
859 2850 972 2915 ubi,
1008 2851 1094 2905 vel
1123 2853 1360 2921 quando,
1393 2852 1476 2906 vel
1519 2853 1766 2921 qualibus

157 2940 351 2996 detur.
385 2939 487 2996 Ubi
515 2942 738 3012 quippe,
793 2945 896 2998 nisi
946 2945 997 3000 in
1047 2947 1327 3000 catholicae
1372 2948 1561 3001 matris
1609 2947 1768 3002 sinu?

157 3029 420 3102 Quando,
465 3032 568 3093 nisi
600 3043 724 3092 ante
770 3038 982 3092 venturi
1019 3039 1194 3093 exitus
1240 3038 1422 3093 diem?
1463 3040 1588 3110 quia
1634 3056 1761 3098 ecce

1873 1823 2326 1895 itu/uirit(Ezech.
2380 1827 2487 1896 ιιι),
2519 1843 2624 1882 ιιοιι
2675 1830 2768 1893 ait,
2821 1831 2946 1900 quia
2995 1839 3145 1885 extra
3175 1840 3458 1901 peccatum

1873 1918 2099 1986 populus
2128 1928 2212 1973 est
2244 1935 2349 1974 non
2404 1921 2684 1986 morietur,
2716 1923 2807 1976 sed
2839 1923 2968 1994 quia
3003 1923 3055 1977 in
3103 1941 3202 1979 suo
3233 1933 3459 1996 peccato

1873 2009 2153 2073 morietur,
2188 2011 2280 2063 sed
2328 2012 2554 2082 populus
2601 2011 2818 2082 quidem
2867 2029 2966 2083 pro
2995 2015 3174 2086 seipso
3225 2024 3457 2082 tantum,

1873 2103 2125 2156 sacerdos
2156 2119 2286 2158 vero
2319 2107 2500 2159 etiam
2523 2123 2619 2176 pro
2651 2108 2866 2178 populo.
2905 2109 3042 2163 llinc
3069 2120 3153 2164 est
3184 2129 3195 2163 ε
3232 2110 3293 2165 Si
3319 2127 3457 2166 circo

1871 2208 2040 2245 δινσιε
2063 2195 2308 2247 ducatum
2332 2197 2579 2264 pra’beut,
2611 2213 2716 2250 non
2764 2200 2877 2266 ipse
2908 2200 2999 2270 qui
3031 2200 3288 2254 ducatum
3315 2216 3456 2271 prte-

1873 2282 1959 2335 het
1988 2283 2150 2348 solus,
2184 2285 2276 2337 sed
2308 2285 2458 2342 ambo
2503 2287 2557 2340 in
2601 2289 2802 2356 foveam
2845 2290 3038 2342 cadunt
3092 2291 3306 2360 (Matth.
3341 2293 3454 2364 xv).

1871 2373 1936 2427 Et
1966 2374 2094 2428 item
2145 2377 2195 2430 in
2238 2377 2437 2431 eisdem
2471 2379 2725 2446 decretis,
2780 2380 3176 2437 Schismaticus
3205 2385 3350 2437 enim
3402 2393 3458 2439 et

1874 2465 2164 2520 haereticus
2193 2468 2419 2538 populus
2459 2470 2809 2524 schismatico
2856 2480 2909 2524 et
2960 2471 3214 2527 hreretico
3271 2489 3454 2530 sacer-

1871 2549 2448 2623 doti'connmtnicans,
2485 2562 2625 2615 sicut
2653 2563 2907 2615 universa
2966 2563 3062 2616 Dei
3115 2578 3332 2634 semper
3381 2575 3458 2619 tc-

1871 2651 1987 2705 nuit
2016 2661 2070 2706 et
2110 2661 2259 2707 tenet
2289 2654 2548 2718 Ecclesia,
2584 2655 2963 2710 schismaticus
2994 2664 3050 2711 et.
3086 2657 3374 2712 haereticus
3403 2659 3454 2713 in

1874 2760 2094 2814 regnum
2145 2746 2236 2799 Dei
2271 2747 2476 2801 intrare
2503 2762 2611 2802 non
2639 2758 2885 2818 possunt,
2915 2750 3010 2803 sed
3055 2764 3184 2822 pars
3227 2737 3344 2820 ejus
3372 2758 3457 2804 est

1872 2837 1924 2888 in
1959 2837 2228 2906 gehenna.
2264 2837 2424 2892 Cessa
2458 2837 2769 2907 igitur'talia
2805 2839 3126 2909 praedicare,
3169 2856 3288 2910 quae
3335 2855 3452 2894 sce-

1871 2926 1952 2981 lus
1982 2929 2053 2981 sit
2082 2928 2318 2998 cOgitare
2349 2944 2365 2984 :
2399 2945 2552 2984 cessa
2583 2939 2797 2986 vastare
2843 2947 3063 3005 gregem
3112 2932 3336 2998 Christi,
3387 2947 3456 2987 ne.

1871 3020 2014 3074 sicut
2059 3021 2274 3090 et‘ipse
2321 3037 2520 3092 negare
2564 3039 2670 3076 non
2707 3034 2883 3094 potes,
2917 3041 3079 3096 super
3109 3035 3258 3080 tuum
3292 3035 3455 3096 caput

155 3141 319 3189 nunc
373 3138 582 3197 tempus
633 3131 985 3198 acceptuhile,
1037 3146 1164 3186 ecce
1202 3149 1342 3186 llllllC
1386 3134 1500 3188 dies
1547 3135 1753 3189 salutis.
1783 3115 1831 3175 Ε
1865 3111 1934 3164 sit
1975 3111 2116 3166 illius
2148 3113 2328 3182 populi
2359 3115 2597 3169 universi
2625 3116 2881 3186 perditio.
2918 3116 3070 3184 Quod
3105 3118 3324 3187 quidem
3358 3118 3452 3172 tibi

153 3218 236 3282 Et
265 3233 284 3272 :
316 3216 551 3285 Qttzerite
574 3219 856 3278 Dominum
885 3222 1015 3277 dum
1043 3224 1265 3278 inreuiri
1291 3233 1487 3293 potest,
1516 3227 1760 3284 invocate

156 3325 296 3368 eum
325 3311 450 3366 dum
483 3325 651 3382 prope
671 3321 774 3370 est.
793 3313 1073 3379 Qualibus,
1103 3316 1204 3369 nisi
1241 3318 1541 3381 conversis,
1569 3321 1660 3387 qui
1693 3320 1758 3373 ad

153 3403 520 3474 parvulorum
568 3404 926 3464 imitationem
977 3408 1240 3476 magistra
1286 3403 1585 3464 humilitate
1651 3411 1758 3466 for-

153 3505 409 3560 tuantur,
443 3498 639 3565 quibus
687 3498 930 3556 dicitur:
979 3499 1152 3554 Sinite
1201 3503 1446 3571 part'ttlos
1484 3506 1652 3558 venire
1689 3509 1757 3560 ad

148 3605 245 3644 me
275 3605 294 3648 :
328 3587 514 3644 talium
553 3597 625 3646 est
657 3589 792 3642 enim
833 3607 1046 3659 regnum
1077 3591 1321 3644 caelorum
1364 3593 1453 3663 (ll
1490 3591 1611 3647 Cor.
1645 3596 1754 3666 vt);

143 3696 217 3741 cl
253 3698 271 3735 :
312 3682 430 3738 Nisi
463 3674 695 3736 cenversi
715 3682 942 3751 fueritis,
975 3691 1021 3737 et
1048 3684 1341 3754 eﬂiriamini
1368 3673 1500 3739 sicut
1531 3688 1756 3756 parvuli,

143 3791 273 3834 non
309 3771 572 3832 inti-abitis
600 3773 652 3828 in
690 3789 905 3843 regnum
950 3773 1193 3827 caelorum
1225 3774 1358 3844 (lsa.
1409 3775 1519 3846 LV).
1559 3795 1577 3828 ι
1607 3775 1672 3830 Et
1703 3779 1758 3833 in

149 3865 404 3924 discretis
445 3865 754 3934 apostolicae
793 3865 960 3930 sedis,
993 3867 1211 3934 quamlo
1240 3867 1465 3940 Vigilius
1515 3883 1580 3922 ex
1627 3887 1757 3940 apo-

151 3955 380 4022 stolico,
407 3965 524 4026 post
553 3957 718 4016 multa
745 3964 799 4012 et
846 3957 1106 4012 terribilia
1138 3959 1376 4026 prmstita
1414 3956 1752 4017 sacramenta

155 4053 218 4107 in
251 4051 497 4106 haeresim
530 4050 709 4120 lapsus
757 4049 1224 4119 Constantinopoli
1270 4050 1632 4115 detinebatur,
1685 4056 1752 4109 ab

157 4141 420 4198 Ecclesia:
445 4141 699 4200 Romanae
725 4141 1014 4198 catholicis
1033 4142 1243 4197 clericis
1265 4141 1462 4198 Joanni
1493 4145 1754 4200 schisma-

159 4235 274 4289 tico
329 4235 640 4306 presbytero
671 4235 912 4299 directis,
959 4250 1077 4305 qme
1109 4235 1220 4305 ipsa
1269 4247 1457 4293 sancta
1507 4238 1750 4296 Romana

156 4326 406 4382 Ecclesia
449 4327 586 4382 inter
632 4328 926 4384 Catholicas
959 4329 1186 4399 regulas
1217 4331 1432 4395 retinet,
1467 4331 1611 4386 inter
1643 4333 1748 4388 alia

155 4417 425 4485 scriptum
477 4429 599 4474 cst:
658 4421 748 4474 Sic
797 4434 1011 4490 semper
1046 4422 1230 4476 habuit
1257 4423 1438 4478 omnis
1485 4424 1752 4493 Ecclesia,

154 4511 288 4580 quia
345 4513 433 4581 qui
493 4514 544 4568 in
603 4530 706 4568 una
765 4515 1142 4568 communione
1194 4516 1568 4584 consentiunt,
1639 4537 1744 4575 uno

154 4603 431 4672 dogmate,
463 4621 564 4659 una
586 4605 871 4669 charitate,
905 4620 1011 4658 uno
1042 4614 1290 4663 tenentur
1316 4619 1562 4664 assensu.
1590 4609 1744 4667 Sicut

151 4694 308 4749 enim
336 4698 639 4754 eon'tmunio
666 4706 721 4752 et
748 4711 814 4751 ex
852 4697 1100 4752 omnibus
1129 4697 1480 4758 offerentibus
1516 4717 1623 4759 una
1664 4705 1742 4769 ιιι,

152 4794 211 4839 et
247 4801 357 4840 una
403 4791 535 4849 redit
579 4791 633 4844 in
678 4788 946 4852 omnibus,
989 4804 1093 4843 non
1130 4799 1284 4859 parte
1319 4808 1601 4862 corporea,
1647 4798 1744 4852 sed

154 4879 365 4936 virtute
393 4883 568 4939 divina
600 4902 612 4937 :
659 4884 738 4937 sic
759 4883 1084 4938 unanimitas
1107 4898 1206 4954 per
1231 4900 1420 4941 omnes
1449 4887 1560 4942 illic
1592 4903 1743 4942 com-

157 4973 496 5030 municantes
520 4974 786 5032 excurrit.
814 4972 945 5027 Nam
975 4975 1020 5028 si
1071 4991 1175 5030 non
1203 4984 1285 5030 est
1328 4979 1485 5032 unius
1515 4993 1743 5034 consen-

161 5065 333 5121 siOnis
382 5068 586 5140 signum
633 5082 742 5120 una
786 5069 1108 5134 communio,
1158 5071 1286 5138 quid
1333 5073 1437 5126 erit
1485 5074 1628 5142 quod
1673 5076 1739 5130 ad

163 5158 509 5215 conﬁtendam
569 5173 674 5228 per
735 5175 944 5213 onmem
1005 5161 1262 5216 Ecclesizc
1323 5166 1739 5221 consonantiam

162 5265 297 5326 tnyst
309 5255 381 5308 ioc
396 5253 858 5310 celebretur?Nec
878 5256 1030 5310 nobis
1047 5252 1158 5325 jam
1177 5258 1325 5314 dicas
1339 5260 1553 5330 (Matth.
1585 5277 1612 5313 κ
1624 5260 1698 5330 Ix)
1721 5278 1732 5313 :

163 5348 296 5376 Πηιη.
329 5349 370 5376 ηζ

399 5349 728 5376 ιι-ζανιε-ιηριιη
761 5348 826 5376 (δτι
848 5352 1097 5376 ΑηηΛ-ιριηι.
1154 5354 1349 5376 ..-ἷ-.--..
1388 5354 1648 5376 .....Ι--...ΙΑι
1679 5354 1728 5376 Ξ..

1863 3201 2117 3270 pert'eeuc
2147 3204 2512 3260 damnationis
2539 3216 2622 3261 est
2654 3223 2840 3274 causa,
2874 3209 2992 3264 illos
3019 3224 3148 3266 vero
3175 3211 3455 3268 absolvere

1863 3297 2083 3351 omnino
2132 3313 2235 3351 non
2270 3299 2488 3366 poterit.
2540 3299 2603 3353 Et
2631 3300 2758 3356 item
2819 3304 2912 3368 ibi,
2945 3305 3087 3374 quod
3137 3314 3190 3360 et
3243 3306 3298 3360 in
3348 3306 3454 3362 alio

1863 3388 1981 3444 loco
2011 3390 2167 3444 istius
2198 3391 2365 3458 ipsius
2395 3393 2638 3465 opusculi
2693 3396 2844 3464 posui
2879 3414 2891 3448 :
2924 3395 3180 3470 Quisquis
3226 3399 3452 3455 assentit

1860 3481 2097 3552 principi
2149 3482 2482 3550 schismatis,
2537 3486 2924 3543 schismaticus
2956 3504 3074 3543 esse
3111 3505 3313 3560 negare
3343 3508 3451 3548 non

1863 3573 2085 3644 poterit.
2135 3572 2286 3638 Quod
2329 3575 2374 3627 si
2420 3584 2476 3628 et
2523 3592 2712 3632 omnes
2758 3580 3069 3636 sacerdotes
3117 3593 3170 3636 et
3219 3587 3450 3640 mundus

1863 3665 2170 3731 assentiat,
2230 3667 2504 3723 danmatio
2559 3673 2959 3728 consentientes
3016 3676 3276 3748 involvit,
3344 3698 3450 3738 non

1861 3758 2362 3827 praevaricationem
2391 3777 2689 3819 consensus
2720 3767 2969 3822 absolvit.
3019 3770 3131 3825 Non
3167 3777 3310 3830 enim
3339 3777 3446 3833 cri-

1863 3863 1989 3904 men
2040 3849 2306 3906 minuitur
2349 3854 2444 3912 sed
2500 3858 2788 3924 accrescit,
2839 3875 2959 3914 cum
2991 3842 3242 3933 generale
3291 3867 3352 3921 tit
3383 3857 3478 3924 cx.

1859 3940 2094 4010 privato.
2151 3941 2262 3998 lloc
2319 3946 2460 4000 enim
2515 3947 2654 4002 Deus
2717 3952 2959 4008 omnium
3016 3955 3292 4023 indicavit,
3353 3961 3449 4032 qui

1859 4037 2118 4092 mundum
2150 4049 2468 4106 peccantem
2501 4045 2737 4112 generali
2770 4045 2972 4101 diluvio
3015 4050 3308 4110 interemit.
3339 4053 3448 4110 Sed

1856 4127 1986 4199 quid
2017 4129 2202 4190 miseri
2231 4129 2466 4197 iacietis,
2511 4136 2635 4204 quia
2665 4137 2754 4208 qui
2789 4138 2937 4194 illum
3005 4153 3058 4198 et
3096 4145 3348 4216 pnetlixit
3391 4158 3447 4204 et

1859 4221 2010 4289 fecit,
2042 4223 2158 4292 ipse
2194 4225 2331 4294 ignis
2361 4226 2622 4284 diluvium
2677 4245 2821 4286 nuttc
2875 4234 3132 4301 minatur,
3195 4238 3311 4308 ipse
3363 4255 3450 4312 ge.

1854 4314 2051 4368 hemne
2094 4316 2211 4370 sine
2261 4317 2368 4371 line
2418 4324 2726 4375 tormenta?
2757 4322 2908 4380 Sicut
2953 4327 3101 4382 enim
3163 4328 3343 4398 justos
3392 4333 3445 4390 in

1856 4415 2116 4460 arternam
2144 4409 2310 4462 vitam
2343 4412 2593 4479 praadixit
2647 4415 2838 4482 ituros,
2889 4419 2969 4475 sic
3001 4419 3194 4490 impios
3241 4433 3447 4486 aeterno

1855 4498 2186 4552 damnandos
2215 4499 2455 4567 interitu,
2493 4511 2550 4557 ut
2580 4505 2720 4558 sicut
2750 4522 2853 4561 non
2879 4518 3060 4580 potest
3078 4487 3231 4568 iliniri
3275 4515 3447 4572 beati-
3494 4487 3502 4500 .

1851 4587 1976 4642 tudo
2003 4589 2299 4660 justorum,
2333 4591 2412 4647 sic
2466 4610 2568 4652 nec
2603 4596 2895 4666 impiorum
2931 4612 3204 4658 tormenta
3254 4606 3446 4662 ﬁnian-

1848 4689 1955 4736 tur.
1996 4681 2120 4738 H;.cc
2171 4685 2442 4741 hazreticis
2488 4690 2964 4766 schismaticisque
3014 4706 3182 4752 sunt:
3223 4708 3276 4753 et
3308 4701 3436 4770 quia

1846 4775 2104 4846 quidquid
2159 4793 2302 4832 nunc
2353 4782 2492 4848 gerit
2545 4782 2812 4851 Ecclesia,
2867 4793 3094 4866 mystice
3145 4800 3300 4862 typus
3353 4801 3439 4847 est
3485 4821 3494 4828 -

1850 4868 2177 4938 futurorum,
2205 4873 2252 4928 si
2282 4879 2577 4941 gustabunt
2613 4880 2680 4932 de
2707 4893 2850 4948 pane
2884 4884 3115 4945 cwlesli,
3171 4884 3222 4936 id
3253 4892 3336 4938 est
3379 4885 3446 4940 de

1847 4963 2115 5020 suavitate
2142 4966 2326 5022 divina
2377 4972 2639 5037 gehennae
2691 4977 3008 5048 participes,
3047 4975 3320 5028 damnatio
3366 4985 3450 5030 est

1847 5060 2210 5118 schismaticis
2244 5068 2300 5112 et
2342 5061 2618 5122 haereticis
2665 5073 2919 5136 corporis
2961 5067 3166 5128 Christi
3211 5083 3453 5127 commu-

1849 5155 1957 5209 nio.
2018 5158 2086 5211 Et
2149 5165 2376 5214 sanctus
2435 5163 2768 5238 AugnStiuus
2833 5166 2894 5222 in
2959 5160 3185 5236 epistola
3245 5166 3455 5221 concilii

1843 5247 2087 5310 Africani
2117 5252 2185 5312 ad
2207 5249 2525 5314 Donatistas
2555 5275 2569 5312 :
2609 5275 2630 5308 ‹
2663 5252 2949 5328 Quisquis,
2983 5252 3157 5322 inquit
3183 5252 3454 5327 (August.,

1848 5345 1975 5376 ηηὶοο
2032 5346 2154 5376 ᾹῙᾹΟΧ
2216 5360 2244 5376 ο.
2297 5349 2564 5376 ΛηίΙ-ΑΙἾ..,.
2633 5347 2874 5376 ΙὲητιΙηηέΑ
2939 5349 3105 5376 ρ.--..ζι
3157 5362 3435 5376 ΑΑ-ιιι..-ι---

2633 5347 2874 5376 ΙὲηηΙηηέΑ
2939 5349 3105 5376 P__--:I'
3157 5362 3366 5376 Ann-.._a

2297 5349 2564 5376 Anthnl‘...‘
