3948 5376
505 329 611 388 479

1371 371 1376 374 -
1467 334 1805 400 ΗιΝωιΑΒι,
1849 329 2244 402 RHEMENSJS
2284 330 2805 406 ARCNEPISCOPI

3701 333 3798 400 Mill

506 444 557 498 ei
584 443 956 516 praeiudicant
985 445 1158 502 aliena
1190 456 1434 522 peccata.
1463 449 1592 520 quia
1625 448 1998 520 unusquisque
2029 445 2084 500 in
2191 443 2292 522 tibi
2320 446 2690 522 necessarium
2719 454 2802 500 est
2829 447 3105 520 replicati,
3125 449 3257 526 dicit
3288 447 3620 520 (Cyprian.,
3645 449 3798 516 epist.

507 551 568 612 ea
609 539 905 612 proprium
961 540 1238 610 portabit,
1289 541 1434 595 sicut
1496 540 1784 612 Apostolus
1815 542 1948 598 dicit
1979 560 1994 600 :
2029 542 2098 598 Et

508 609 814 702 quicunque
855 609 906 684 in
935 609 999 688 ea
1057 647 1252 702 corpus
1299 632 1500 690 Christi
1554 634 1963 689 manducaverit
2015 635 2095 690 in-

507 720 681 794 digne,
702 721 966 798 judicium
1012 722 1112 776 sibi
1143 723 1427 778 mamiucat
1472 735 1519 780 et
1564 726 1688 788 bibit
1721 724 1773 796 (Ι
1805 724 1930 780 Cor.
1961 726 2043 796 xx)
2077 745 2089 782 :

506 828 629 867 cum
672 814 814 876 enim
848 812 980 868 dicit
996 813 1261 883 judicium
1283 815 1384 870 sibi
1407 817 1716 881 manducet,
1751 818 1886 878 satis
1915 816 2097 884 osten-

505 903 582 958 dit
617 903 742 974 quia
798 920 902 958 non
955 905 1112 962 alteri
1151 905 1416 974 judicium
1470 909 1780 975 manducat,
1815 912 1916 966 sed.
1941 912 2039 968 sibi
2078 932 2090 966 :

503 995 630 1065 quia
693 998 1006 1060 communio
1075 998 1342 1056 malorum
1402 1015 1507 1056 non
1570 1001 1806 1056 maculat
1860 1004 2102 1073 aliquem:

501 1081 916 1162 partiCipatioue
946 1102 1439 1157 sacramentorum,
1475 1094 1572 1148 sed
1601 1097 1964 1152 consensione
1987 1097 2101 1154 ,ἠδ-ι

503 1189 733 1237 ctorum.
803 1180 938 1238 Nam
993 1185 1039 1240 si
1095 1185 1150 1238 in
1209 1183 1368 1240 factis
1399 1185 1562 1240 malis
1614 1202 1718 1240 non
1751 1189 1831 1244 cis
1863 1190 2096 1259 quisque

503 1277 834 1341 consentiat,
868 1287 1046 1348 portat
1078 1279 1252 1334 malus
1279 1297 1687 1340 causamsuam
1716 1291 1770 1335 et
1802 1297 2093 1350 personam

505 1384 677 1432 suam,
713 1387 814 1427 nec
843 1373 1159 1442 praeiudicat
1189 1373 1365 1437 alteri,
1418 1390 1578 1444 quem
1635 1377 1688 1431 in
1741 1377 2096 1432 consentione

503 1463 631 1517 mali
665 1465 844 1531 operis
877 1464 1084 1518 sociam
1120 1481 1246 1528 non,
1273 1466 1437 1522 habet
1466 1467 1732 1522 criminis.
1771 1487 1792 1516 ›
1842 1469 1907 1521 Et
1956 1467 2100 1524 Pro-1.

504 1570 629 1632 sper
660 1557 711 1610 in
742 1557 882 1612 libro
904 1556 1306 1616 Sententiarum
1347 1577 1362 1610 :
1399 1579 1418 1610 ‹
1467 1561 1659 1616 Escam
1698 1561 1836 1618 vitm.
1873 1562 2094 1630 accipit,

503 1648 824 1704 aeternitatis
854 1650 1109 1720 poculum
1141 1650 1295 1716 bibit,
1345 1653 1436 1721 qui
1472 1653 1524 1708 in
1556 1652 1772 1712 Christo
1808 1664 2006 1715 manet,
2040 1663 2098 1710 et

505 1743 656 1814 cujus
685 1741 935 1798 Christus
966 1744 1241 1799 habitator
1293 1756 1396 1800 est.
1445 1746 1579 1801 Nam
1613 1748 1704 1817 qui
1753 1749 2030 1804 discordat
2061 1764 2090 1802 a

2199 537 2288 603 65,
2315 540 2383 594 ad
2409 541 2791 610 Antoniauum)
2826 560 2838 596 :
2878 561 2895 594 α
2934 543 3142 616 Ignosci
3170 543 3312 602 enim
3365 551 3554 614 potest
3603 541 3800 611 simpli-

2200 634 2338 690 citer
2370 635 2595 704 erranti,
2625 636 2768 691 sicut
2799 637 2862 690 de
2912 639 3093 709 seipse
3142 631 3274 694 dicit
3315 637 3618 708 apostolus
3660 635 3798 692 Pau-

2198 724 2282 782 ltts
2318 744 2331 782 :
2365 727 2468 800 Qui
2489 729 2718 798 primum
2753 730 3230 799 fuilblaspbemus,
3273 741 3324 784 et
3367 741 3706 801 persecutor,
3755 742 3798 784 at

2197 819 2510 894 injuriosus,
2553 821 2643 875 sed
2673 823 3108 890 .rniser’icordiam
3156 827 3325 880 merui
3367 825 3499 896 quia
3550 826 3798 895 ignaram

2199 909 2298 978 feci
2323 910 2372 981 (I
2423 910 2558 968 Tim.
2595 915 2656 984 ι).
2689 911 2816 968 Post
2850 915 3266 984 inspiratiouem
3296 932 3430 972 vero
3488 927 3546 973 et
3605 917 3798 972 revela-

2201 1004 2400 1058 tionem
2434 1003 2631 1062 factam
2663 1008 2752 1076 qui
2788 1007 2841 1062 in
2871 1024 2936 1062 eo
2969 1009 3112 1078 quod
3146 1021 3430 1066 erraverat
3460 1024 3798 1081 perseverat,

2198 1096 2436 1162 prudens
2491 1105 2547 1150 et
2598 1098 2778 1152 sciens
2837 1098 2954 1152 sine
3014 1100 3172 1154 venia
3228 1101 3564 1170 ignoranti-.2
3599 1114 3796 1172 peccat.

2199 1185 2633 1256 Praesumptione
2663 1189 2808 1244 enim
2841 1200 3006 1259 atque
3037 1192 3410 1246 obstinatione
3441 1193 3694 1264 quadarn
3729 1195 3797 1247 ni-

2200 1278 2349 1342 titur,
2401 1295 2521 1334 cum
2583 1281 2794 1337 ratione
2854 1291 3161 1350 snpcretur.
3209 1305 3225 1334 ›
3265 1283 3409 1338 llinc
3461 1285 3799 1357 Augustinus

2201 1372 2475 1442 (Λυξςιιεῑἰ
2506 1373 2568 1426 de
2591 1373 2767 1443 Bapt.,
2796 1374 2890 1426 lib.
2910 1390 2981 1438 ιγ,
3008 1390 3124 1444 cap.
3151 1374 3205 1444 5)
3231 1390 3276 1430 :c
3311 1375 3428 1430 Hoc
3454 1377 3797 1432 verissimum

2199 1472 2304 1528 cst,
2334 1461 2488 1536 longe
2513 1464 2732 1534 gravius
2788 1480 2906 1518 esse
2971 1477 3255 1540 peccatum
3312 1469 3434 1537 ejus
3491 1469 3589 1538 qui
3641 1471 3798 1524 sciens

2200 1569 2359 1624 quam
2389 1553 2504 1621 ejus
2527 1555 2615 1623 qui
2647 1558 2894 1612 nesciens
2921 1559 3246 1627 peccaverit.
3275 1559 3346 1616 Et
3384 1559 3516 1616 ideo
3560 1561 3652 1614 vir
3698 1577 3797 1616 sax»

2199 1653 2316 1697 ctus
2341 1643 2661 1715 Cyprianus,
2690 1661 2794 1701 non
2825 1648 2999 1702 solum
3032 1649 3240 1715 doctus,
3278 1651 3378 1706 sed
3429 1649 3612 1706 etiam
3665 1654 3795 1708 doci-

2199 1736 2340 1800 bilis,
2379 1739 2522 1805 quod
2555 1739 2605 1792 in
2635 1738 2794 1796 laude
2843 1742 3081 1811 episc0pi
3117 1751 3298 1824 tamen
3358 1741 3623 1816 designat
3669 1747 3795 1815 Apo-

505 1830 740 1898 Christo,
776 1848 873 1890 nec
901 1849 1120 1888 carnem
1159 1833 1363 1890 Christi
1397 1837 1708 1901 manducat,
1742 1854 1840 1892 nec
1873 1840 2092 1910 sangui-

2201 1827 2388 1892 stolus,
2422 1829 2500 1883 sic
2532 1829 2644 1897 ipse
2679 1831 2939 1888 intellexit
2984 1843 3041 1886 ut
3090 1817 3313 1900 diceret,
3371 1837 3550 1890 etiam
3603 1837 3705 1891 hoc
3754 1838 3798 1891 in

506 1939 626 1982 nem
660 1925 814 1988 hihit,
842 1927 1055 1982 etiamsi
1091 1937 1252 1982 tanue
1291 1928 1368 1982 rei
1418 1939 1822 1984 sacramentum
1853 1931 1919 1982 ad
1944 1928 2092 1996 judi—

504 2020 648 2073 cium
677 2036 787 2076 sua:
815 2021 1254 2089 prresumptionis
1283 2022 1527 2090 quotidie
1578 2022 1956 2078 indiifcrenter
2002 2040 2095 2079 ac-

503 2111 688 2182 cipiat.
731 2133 746 2164 ι
807 2113 996 2177 Audis,
1049 2113 1239 2177 frater,
1291 2114 1416 2182 mnia
1475 2114 1634 2168 nimis
1681 2117 1918 2171 amando
1973 2117 2096 2187 quis

505 2205 830 2260 sententiam
859 2221 1031 2270 suam,
1067 2206 1147 2259 vel
1183 2205 1473 2260 invidendo
1506 2207 1842 2271 melioribus,
1896 2209 1962 2262 ad
2012 2224 2095 2264 sa-

505 2298 786 2370 crilegium
820 2300 1134 2356 schismatis
1165 2302 1450 2369 pervenit;
1484 2300 1660 2364 audis,
1694 2301 1821 2371 quia
1878 2317 1984 2355 non
2041 2302 2098 2360 in

507 2393 825 2457 schismate,
850 2407 953 2446 nec
979 2393 1084 2447 nisi
1117 2395 1171 2446 in
1220 2394 1428 2448 unitate
1481 2393 1735 2450 Ecclesia:
1765 2403 1851 2448 est
1896 2395 2099 2463 prima-

506 2490 633 2548 tus;
669 2483 844 2543 audis.
877 2483 1004 2552 quia
1053 2499 1158 2538 non
1192 2485 1259 2544 in,
1299 2485 1598 2541 schismate
1620 2527 1636 2548 ,
1697 2496 1754 2541 et
1785 2487 2003 2541 nonnisi
2036 2487 2092 2541 in

505 2571 765 2630 Ecclesiae
795 2573 1002 2628 unitate
1037 2590 1161 2629 vera
1211 2585 1336 2630 sunt
1366 2575 1680 2645 ligamenta,
1731 2577 1785 2631 in
1835 2593 1939 2646 qua
1970 2592 2100 2634 vera

504 2675 562 2722 et
591 2667 657 2720 ad
692 2666 920 2720 salutem
969 2668 1297 2736 pertinentia
1350 2679 1476 2724 sunt
1519 2680 1894 2735 sacramenta;
1943 2672 2101 2728 audis

506 2761 632 2829 quia
660 2776 766 2816 non
797 2761 849 2814 in
885 2763 1178 2820 schismate
1204 2803 1217 2827 ,
1265 2772 1321 2820 et
1370 2780 1479 2820 non
1524 2764 1627 2820 nisi
1662 2765 1713 2820 in
1749 2767 1955 2822 unitate
2000 2769 2099 2821 Ec~

507 2852 689 2909 clesiie
739 2853 901 2908 datur
954 2854 1040 2910 vel
1095 2857 1360 2924 accipitur
1415 2857 1653 2927 Spiritus
1700 2870 1940 2925 sanctus,
2004 2867 2100 2931 per

507 2957 668 3012 quem
719 2941 1313 3002 diﬁ'umliturcharitas
1344 2948 1395 3002 in
1428 2949 1684 3004 cordibus
1732 2953 1975 3016 nostris;
2008 2969 2102 3007 auo

507 3035 590 3090 dis
619 3036 745 3106 quia
775 3035 900 3098 illis,
933 3038 1023 3106 qui
1060 3054 1164 3092 non
1216 3047 1343 3094 sunt
1389 3039 1441 3096 in
1497 3041 1705 3098 unitate
1751 3043 1901 3110 pacis
1929 3044 2103 3103 ρορὶετ

509 3125 764 3190 siasticm,
815 3127 864 3180 si
918 3137 1138 3197 gustant
1189 3129 1255 3182 de
1305 3144 1444 3198 pane
1476 3130 1708 3196 cmlesti,
1739 3141 1822 3186 est
1858 3132 2101 3200 perfecta

508 3215 785 3272 damnatio
835 3218 1086 3288 corporis
1139 3218 1340 3274 Christi
1395 3222 1837 3282 comu'uu'iicatio.
1885 3227 2099 3293 Depone
2129 3181 2174 3254 Ω

506 3322 638 3380 ergo
672 3317 940 3366 tumorem
975 3312 1157 3365 cordis
1190 3311 1292 3379 tui,
1322 3322 1378 3368 et
1426 3315 1777 3384 pertinaciam
1811 3305 2096 3373 contuma-

506 3399 587 3454 cis
610 3401 776 3456 animi
810 3403 886 3457 tui
919 3419 932 3456 :
965 3411 1021 3457 et
1043 3390 1270 3458 nimium
1307 3407 1541 3462 amando
1569 3409 1896 3462 sententiam
1930 3418 2098 3475 tuam,

510 3490 618 3545 noli
653 3500 706 3546 te
732 3493 1024 3562 praecidere
1054 3496 1121 3549 ab
1151 3495 1238 3549 illa
1268 3497 1556 3552 charitatis
1586 3513 1872 3568 compage,
1909 3503 1962 3553 in
1991 3516 2100 3568 qua

503 3585 690 3642 omnia
725 3597 1066 3642 sacramenta
1125 3590 1498 3646 ecclesiastica
1547 3592 1816 3647 catholico
1859 3596 2104 3664 percepi»

506 3675 599 3739 sti,
631 3685 684 3732 et
712 3677 768 3732 in
799 3694 905 3748 qua
941 3679 1145 3736 idcirco
1195 3697 1255 3736 es
1284 3682 1569 3738 ordinatus
1599 3684 1905 3754 episc0pus,
1957 3695 2017 3739 ut
2048 3687 2101 3742 in

506 3786 583 3828 ea-
624 3788 999 3843 permaneres,
1035 3785 1091 3830 et
1139 3779 1274 3834 alios
1329 3780 1380 3834 in
1430 3796 1492 3835 ea
1543 3796 1866 3850 permanere
1917 3783 2020 3838 fide
2051 3795 2106 3840 et

506 3864 783 3934 operibus,
815 3868 1081 3937 exemplis
1109 3878 1163 3922 et
1191 3871 1375 3926 verbis
1404 3872 1650 3928 duceres.
1685 3875 1928 3945 Denique
1961 3877 2102 3931 unde

507 3956 756 4010 oriantur
807 3958 1129 4020 schismata,
1173 3960 1313 4013 idem
1365 3961 1665 4018 catholicus
1725 3966 1915 4020 doctor
1972 3968 2105 4022 dicit

509 4047 785 4115 (August.,
838 4047 902 4100 de
941 4045 1128 4114 Bapt.,
1188 4048 1280 4102 lib.
1337 4066 1375 4113 ι,
1430 4067 1548 4121 cap.
1605 4055 1663 4106 Η
1697 4065 1751 4108 et
1807 4072 1924 4124 cap.
1960 4059 2100 4126 {5):

520 4159 539 4189 ι
571 4137 737 4207 Origo
767 4147 824 4194 et
853 4139 1154 4208 pertinacia
1187 4141 1502 4196 schismatis
1532 4144 1674 4198 milia
1705 4157 1789 4199 est
1818 4147 1948 4213 alia,
2001 4150 2101 4204 nisi

512 4232 700 4288 odium
734 4230 942 4299 fratris,
975 4244 1029 4287 et
1059 4233 1308 4289 Ecclesia
1360 4251 1465 4290 non
1516 4237 1669 4305 prius
1716 4242 1988 4306 carnales,
2020 4244 2103 4298 vel

513 4323 795 4390 animales,
827 4337 882 4381 et
935 4337 1118 4396 postea
1168 4328 1441 4398 spiritales
1479 4331 1691 4396 habuit,
1739 4335 1832 4389 sed
1877 4335 1932 4391 in
1985 4338 2103 4408 ipsa

513 4429 662 4475 sorte
711 4420 1055 4476 mortalitatis
1110 4434 1331 4484 nostrm,
1363 4440 1429 4477 ex
1459 4441 1566 4494 quo
1599 4427 1664 4480 de
1711 4428 1886 4484 Adam
1921 4434 2100 4489 nasci—

2198 1921 2452 1990 episcopo
2482 1936 2600 1978 esse
2622 1923 2970 1993 diligendum,
3000 1943 3103 1981 non
3135 1928 3308 1982 solum
3340 1939 3402 1982 ut
3431 1930 3680 1986 scienter
3718 1934 3798 1986 do»

2198 2016 2465 2078 ceat,scd
2520 2017 2683 2072 etiam
2747 2021 3017 2087 patienter
3057 2022 3248 2076 discat.
3307 2024 3582 2080 Docibilis
3637 2036 3796 2080 autem

2199 2104 2286 2160 illc
2313 2115 2393 2162 cst
2422 2109 2510 2175 qui
2539 2119 2621 2163 est
2651 2111 2718 2166 ad
2745 2111 2988 2168 discendi
3011 2115 3334 2182 patientiam
3357 2117 3505 2172 lenis
3537 2127 3596 2173 et
3647 2118 3793 2174 mitis.

2197 2195 2420 2266 Oportet
2444 2199 2587 2254 enim
2611 2201 2894 2273 episcopos
2935 2220 3041 2259 non
3094 2218 3302 2264 tantum
3351 2209 3586 2275 docere,
3633 2212 3724 2264 sed
3752 2222 3795 2266 et

2199 2289 2408 2346 discere
2439 2309 2450 2342 :
2477 2292 2601 2360 quia
2629 2283 2684 2348 et
2712 2293 2799 2349 ille
2829 2297 3022 2354 melius
3044 2299 3217 2364 docet,
3265 2302 3361 2369 qui
3397 2302 3653 2372 quotidie
3699 2319 3796 2358 cn-

2199 2380 2301 2434 scit
2339 2391 2391 2435 et
2421 2383 2639 2452 proiicit
2665 2387 2922 2444 discendo
2943 2390 3185 2446 meliora.
3246 2391 3343 2450 His
3392 2395 3591 2464 utique
3637 2397 3797 2452 verbis

2200 2472 2332 2526 satis
2362 2474 2563 2530 indicat
2587 2477 2680 2552 vir
2697 2488 2941 2546 sanctus,
2970 2490 3026 2536 et
3064 2483 3154 2553 pia
3198 2485 3480 2542 charitate
3533 2488 3795 2556 praeditas,

2201 2579 2305 2617 non
2337 2580 2458 2620 esse
2497 2570 2843 2624 metuendum
2875 2572 2952 2628 sic
2983 2572 3098 2642 eius
3127 2575 3390 2644 epistolas
3419 2577 3630 2650 legere,
3660 2591 3722 2634 ut
3756 2582 3796 2635 si

2199 2656 2327 2724 quid
2357 2667 2540 2726 postea
2581 2660 2824 2730 pluribus
2857 2671 2911 2718 et
2949 2665 3384 2724 diuturnioribus
3437 2670 3796 2741 inquisitioni-

2161 2815 2178 2826 .
2202 2747 2301 2800 hus
2333 2758 2668 2819 compertum
2697 2751 2934 2808 Ecclesia
2967 2757 3333 2824 confirmavit,
3391 2775 3506 2818 non
3572 2764 3798 2834 ambiga-

2205 2854 2345 2902 mns,
2382 2841 2506 2912 quia
2532 2844 2673 2898 sicut
2703 2845 2867 2902 multa
2909 2859 3066 2906 erant
3109 2866 3230 2920 quae
3283 2854 3480 2912 doctus
3511 2855 3799 2928 Cyprianus

2205 2931 2445 2998 doceret,
2471 2935 2550 2990 sic
2579 2947 2698 2991 erat
2725 2948 2778 2991 et
2801 2940 2999 3011 aliquid
3025 2945 3170 3014 quod
3194 2943 3510 3018 Cyprianus
3566 2951 3798 3006 docibilis

2204 3021 2456 3080 disceret.
2501 3046 2519 3079 ι
2551 3027 2696 3094 Hmc,
2737 3031 2926 3098 frater,
2956 3036 3178 3092 auribus
3221 3041 3468 3110 percipe,
3521 3053 3581 3097 et
3632 3054 3800 3100 mente

2210 3113 2465 3186 intellige,
2501 3128 2554 3174 et
2590 3137 2695 3176 nou
2721 3124 3027 3195 dedigucris
3057 3144 3179 3182 cum
3217 3130 3496 3202 Cypriane
3535 3145 3596 3191 et
3635 3139 3798 3209 Angu—

2207 3209 2367 3275 stino,
2399 3212 2656 3282 Apostolo
2677 3219 3046 3288 praecipiente,
3077 3222 3328 3282 docibilis
3355 3242 3478 3284 esse
3503 3231 3796 3302 episcopus,

2207 3312 2257 3357 cl
2289 3304 2412 3372 quia
2443 3306 2486 3362 si
2519 3322 2870 3376 perseverare
2909 3312 2962 3367 in
3017 3313 3384 3374 obstinatione
3441 3329 3500 3374 et
3549 3337 3798 3390 pm

2207 3397 2387 3463 ptionc
2418 3407 2506 3452 tua
2529 3399 2796 3472 delegeris
2822 3417 2942 3458 cum
2966 3405 3174 3462 ratione
3206 3411 3508 3479 supereris,
3577 3416 3801 3483 prudens

2205 3496 2258 3539 et
2293 3488 2470 3542 sciens
2499 3490 2616 3544 sine
2641 3493 2801 3548 venia
2827 3493 3146 3565 ignorantiae
3179 3503 3458 3568 peccabis.
3505 3503 3642 3560 Hinc
3664 3507 3801 3560 enin

2207 3580 2443 3650 psalmus
2467 3583 2598 3637 dicit
2618 3599 2630 3635 :
2648 3583 2977 3640 Descendunt
3002 3589 3056 3642 in
3081 3589 3350 3659 infernum
3378 3595 3590 3650 uiuentes
3622 3595 3800 3666 (Puri.

2207 3674 2414 3746 tav),id
2439 3686 2521 3751 est
2551 3676 2807 3740 labantur
2845 3680 2896 3732 in
2919 3691 3200 3751 peccatum
3225 3686 3492 3742 scientes.
3522 3689 3679 3746 Uade
3698 3689 3803 3748 leo

2176 3767 2274 3820 .ad
2311 3749 2942 3839 ConsfatttiIIOprilit:ittos
2965 3777 3157 3833 scribit
3201 3779 3398 3852 dicens
3451 3786 3632 3854 (epist.
3677 3787 3798 3852 35):

2213 3878 2230 3907 ς
2261 3856 2395 3912 Nam
2423 3860 2467 3914 si
2509 3862 2592 3916 vix
2643 3864 2696 3918 in
2749 3864 2899 3920 laicis
2959 3867 3250 3926 tolerabilis
3307 3875 3534 3930 videtur
3582 3879 3799 3940 inscitia.

2208 3961 2359 4008 tanto
2381 3955 2554 4018 magis
2587 3958 2640 4010 in
2658 3957 2740 4012 eis
2769 3959 2858 4028 qui
2901 3973 3141 4030 praesunt
3172 3979 3273 4019 nec
3297 3971 3600 4025 exeuntia
3631 3981 3710 4026 est
3733 3972 3800 4026 di-

2205 4061 2308 4115 gna
2335 4063 2435 4102 nec
2455 4049 2610 4102 venia
2639 4068 2651 4104 :
2683 4052 2922 4108 riiaxime
2967 4071 3090 4110 eum
3130 4058 3313 4112 etiam
3351 4060 3660 4120 defendere
3696 4077 3801 4134 pef-

2209 4151 2486 4196 versarunt
2513 4143 2826 4210 opinionum
2885 4158 3190 4203 commenta
3243 4165 3620 4219 praesumunt,
3667 4166 3719 4209 et
3755 4156 3801 4209 in

2207 4246 2532 4290 consensum
2556 4250 2733 4299 suum,
2765 4246 2859 4292 aut
2888 4247 3117 4303 terrore,
3143 4251 3237 4297 aut
3257 4246 3444 4314 gratia
3486 4247 3803 4304 insanabib

2206 4338 2450 4393 quosque
2503 4327 2811 4384 traducunt.
2863 4330 3199 4400 Separentur
3251 4335 3580 4404 lmjusmodi
3623 4341 3802 4394 assulis

2207 4417 2468 4472 membris
2491 4420 2734 4488 corporis
2757 4422 2982 4487 Christi,
3015 4441 3190 4494 neque
3215 4427 3322 4482 sibi
3348 4432 3632 4486 catholica
3657 4433 3800 4488 libo!-

515 4525 659 4575 mur,
686 4527 790 4566 non
815 4522 898 4568 est
920 4514 1074 4583 prius
1092 4513 1233 4584 quod
1261 4515 1524 4584 spiritale,
1556 4519 1650 4572 sed
1669 4522 1811 4588 quod
1842 4525 2100 4591 animale,
2118 4541 2182 4610 τε)
2211 4517 2294 4610 Ψδ
2322 4509 2829 4610 ίηίίίιθ-Ιίυυξ-ἓιιειιηι
2854 4517 3086 4583 Pallam"
3109 4518 3336 4588 Ῐηδβοηίδ
3375 4541 3408 4574 ³·
3447 4522 3803 4595 33'0""?

516 4614 701 4677 postea
729 4608 992 4675 spiritale.
1026 4609 1104 4663 Ex
1137 4611 1251 4678 ipso
1282 4620 1461 4666 autem
1495 4613 1715 4667 animali
1758 4632 1953 4679 sensu,
1975 4621 2098 4687 quia

2211 4609 2260 4654 te
2289 4616 2316 4654 a
2358 4602 2656 4670 pertinacia
2699 4613 2809 4670 tua,
2842 4610 3096 4676 quoniam
3124 4609 3219 4671 illi,
3247 4614 3478 4682 quosi"-
3537 4617 3800 4672 conventi-

514 4697 678 4754 homo
705 4697 954 4753 animatis
998 4715 1105 4753 non
1137 4702 1367 4771 percipit
1401 4717 1522 4770 qua:
1549 4713 1675 4758 sunt
1709 4705 1949 4774 Spiritus
1975 4708 2099 4774 Dei,

516 4802 708 4845 omnes
757 4788 1124 4845 dissensiones
1175 4800 1231 4845 et
1279 4791 1579 4866 schislnata
1635 4805 1988 4864 generantur.
2044 4797 2102 4852 in

431 4883 438 4888 ’
513 4898 622 4951 quo
671 4898 833 4938 sensu
880 4892 1296 4953 perseverantes
1333 4884 1632 4952 Apostolus
1675 4887 1800 4941 dicit
1835 4889 1904 4941 ad
1939 4889 2103 4944 Vetus

515 4970 921 5030 Testamentum
947 4972 1247 5041 pertinere,
1301 4972 1352 5027 id
1383 4981 1467 5026 cst
1497 4974 1563 5028 ad
1599 4983 1940 5030 terrermrum
1965 4993 2100 5046 pro-

511 5063 805 5118 missorum
854 5063 1228 5134 cupiditatem,
1261 5064 1317 5118 in
1347 5061 1541 5130 quibus
1571 5065 1790 5133 quidem
1837 5068 2101 5135 spiritalia

509 5155 842 5210 ﬁgurantur.
886 5157 984 5209 sed
1026 5155 1282 5210 animalis
1337 5155 1501 5210 homo
1545 5171 1651 5210 non
1703 5160 1933 5210 nercinit
1985 5176 2104 5208 num

2207 4695 2343 4750 culis
2401 4696 2506 4750 tuis
2565 4697 2632 4750 ad
2681 4707 2857 4754 tecum
2905 4702 3355 4764 subscribendum
3403 4708 3683 4775 pellexisti
3731 4697 3802 4764 ιιι

2203 4784 2450 4854 coegisti,
2473 4787 2679 4842 habent
2703 4789 2920 4857 quidem
2943 4794 3375 4862 excusationem,
3430 4802 3694 4868 quoniam
3719 4810 3802 4855 aut

2207 4878 2448 4947 captivas
2475 4895 2666 4936 manus
2699 4881 2816 4937 sine
2841 4884 3024 4940 cordis
3048 4888 3418 4950 consensione.
3433 4893 3626 4948 timori
3656 4894 3803 4948 dede-

2210 4979 2354 5032 runt,
2385 4979 2476 5024 aut
2509 4972 2823 5041 ignorantes
2845 4976 2974 5044 quid
3003 4987 3246 5046 agerent.
3287 4981 3517 5049 palliata
3566 4986 3803 5060 suasione

2213 5070 2298 5115 tua
2323 5061 2389 5116 de
2417 5062 2634 5118 vinculo
2662 5067 2812 5134 pacis
2833 5078 2888 5122 et
2910 5067 3292 5126 communione
3319 5075 3484 5141 pacis
3538 5086 3646 5134 tuae
3679 5091 3803 5132 eon-

2209 5168 2374 5207 sensu
2395 5154 2556 5207 etiam
2580 5156 2946 5208 delimrerunt-
2970 5169 3065 5208 aut
3091 5162 3225 5206 furta
3259 5163 3507 5206 spinam
3554 5177 3606 5206 ιιι
3649 5167 3733 5206 ωε
3757 5178 3802 5206 -ι
