  <div class='ocr_page' id='page_1' title='image "/cluster/home/n/w/nwhite01/storage/ocr_20150623/126/hvd.32044015471675/247.png"; bbox 0 0 3990 6300; ppageno 0'>
   <div class='ocr_carea' id='block_1_1' title="bbox 537 485 644 540">
    <p class='ocr_par' dir='ltr' id='par_1_1' title="bbox 537 485 644 540">
     <span class='ocr_line' id='line_1_1' title="bbox 537 485 644 540; baseline 0.019 -2"><span class='ocrx_word' id='word_1_1' title='bbox 537 485 644 540; x_wconf 64' lang='grc'><strong>485</strong></span> 
     </span>
    </p>
   </div>
   <div class='ocr_carea' id='block_1_2' title="bbox 1508 447 2808 530">
    <p class='ocr_par' dir='ltr' id='par_1_2' title="bbox 1508 447 2808 530">
     <span class='ocr_line' id='line_1_2' title="bbox 1508 447 2808 530; baseline -0.009 0"><span class='ocrx_word' id='word_1_2' title='bbox 1508 469 1834 530; x_wconf 81' lang='lat' dir='ltr'><strong>HINCMARI</strong></span> <span class='ocrx_word' id='word_1_3' title='bbox 1872 447 2265 524; x_wconf 78' lang='lat' dir='ltr'><strong>RllEMENSlS</strong></span> <span class='ocrx_word' id='word_1_4' title='bbox 2299 461 2808 522; x_wconf 78' lang='lat' dir='ltr'><strong>ARCHIEPISCOI’l</strong></span> 
     </span>
    </p>
   </div>
   <div class='ocr_carea' id='block_1_3' title="bbox 3685 459 3786 521">
    <p class='ocr_par' dir='ltr' id='par_1_3' title="bbox 3685 459 3786 521">
     <span class='ocr_line' id='line_1_3' title="bbox 3685 459 3786 521; baseline 0 -3"><span class='ocrx_word' id='word_1_5' title='bbox 3685 459 3786 521; x_wconf 68' lang='grc'><strong>484</strong></span> 
     </span>
    </p>
   </div>
   <div class='ocr_carea' id='block_1_4' title="bbox 523 581 3784 669">
    <p class='ocr_par' dir='ltr' id='par_1_4' title="bbox 523 581 3784 669">
     <span class='ocr_line' id='line_1_4' title="bbox 523 581 3784 669; baseline -0.004 -13"><span class='ocrx_word' id='word_1_6' title='bbox 523 601 722 665; x_wconf 86' lang='lat' dir='ltr'><strong>abluit,</strong></span> <span class='ocrx_word' id='word_1_7' title='bbox 768 598 874 654; x_wconf 74' lang='lat' dir='ltr'><strong>hoc</strong></span> <span class='ocrx_word' id='word_1_8' title='bbox 901 606 1013 662; x_wconf 88' lang='lat' dir='ltr'><strong>est,</strong></span> <span class='ocrx_word' id='word_1_9' title='bbox 1045 606 1104 653; x_wconf 90' lang='lat' dir='ltr'><strong>ut</strong></span> <span class='ocrx_word' id='word_1_10' title='bbox 1139 596 1474 669; x_wconf 67' lang='lat' dir='ltr'><strong>Augustinus</strong></span> <span class='ocrx_word' id='word_1_11' title='bbox 1494 597 1656 662; x_wconf 89' lang='lat' dir='ltr'><strong>dicit,</strong></span> <span class='ocrx_word' id='word_1_12' title='bbox 1687 611 1793 650; x_wconf 86' lang='lat' dir='ltr'><strong>non</strong></span> <span class='ocrx_word' id='word_1_13' title='bbox 1839 600 2062 649; x_wconf 83' lang='lat' dir='ltr'><strong>excusat</strong></span> <span class='ocrx_word' id='word_1_14' title='bbox 2089 631 2104 657; x_wconf 84' lang='lat'><strong>,</strong></span> <span class='ocrx_word' id='word_1_15' title='bbox 2131 587 2186 648; x_wconf 80' lang='grc' dir='ltr'><strong>Α</strong></span> <span class='ocrx_word' id='word_1_16' title='bbox 2209 587 2326 641; x_wconf 72' lang='lat' dir='ltr'><strong>vin</strong></span> <span class='ocrx_word' id='word_1_17' title='bbox 2359 603 2476 657; x_wconf 77' lang='lat' dir='ltr'><strong>qurv</strong></span> <span class='ocrx_word' id='word_1_18' title='bbox 2498 602 2634 640; x_wconf 76' lang='lat' dir='ltr'><strong>nunc</strong></span> <span class='ocrx_word' id='word_1_19' title='bbox 2674 594 2779 650; x_wconf 77' lang='grc' dir='ltr'><strong>εει,</strong></span> <span class='ocrx_word' id='word_1_20' title='bbox 2828 591 2872 638; x_wconf 76' lang='lat' dir='ltr'><strong>el</strong></span> <span class='ocrx_word' id='word_1_21' title='bbox 2921 583 3113 653; x_wconf 67' lang='lat' dir='ltr'><strong>futura:</strong></span> <span class='ocrx_word' id='word_1_22' title='bbox 3151 581 3200 654; x_wconf 88' lang='lat' dir='ltr'><strong>(I</strong></span> <span class='ocrx_word' id='word_1_23' title='bbox 3233 581 3364 637; x_wconf 82' lang='lat' dir='ltr'><strong>Tim.</strong></span> <span class='ocrx_word' id='word_1_24' title='bbox 3399 597 3474 646; x_wconf 87' lang='lat' dir='ltr'><strong>tv,</strong></span> <span class='ocrx_word' id='word_1_25' title='bbox 3508 582 3585 654; x_wconf 85' lang='lat'><strong>7).</strong></span> <span class='ocrx_word' id='word_1_26' title='bbox 3625 581 3784 643; x_wconf 84' lang='lat' dir='ltr'><strong>Nemo</strong></span> 
     </span>
    </p>
   </div>
   <div class='ocr_carea' id='block_1_5' title="bbox 524 689 2105 760">
    <p class='ocr_par' dir='ltr' id='par_1_5' title="bbox 524 689 2105 760">
     <span class='ocr_line' id='line_1_5' title="bbox 524 689 2105 760; baseline -0.006 -10"><span class='ocrx_word' id='word_1_27' title='bbox 524 709 632 750; x_wconf 89' lang='lat' dir='ltr'><strong>non</strong></span> <span class='ocrx_word' id='word_1_28' title='bbox 661 693 855 759; x_wconf 88' lang='lat' dir='ltr'><strong>diluit,</strong></span> <span class='ocrx_word' id='word_1_29' title='bbox 886 707 992 747; x_wconf 87' lang='lat' dir='ltr'><strong>non</strong></span> <span class='ocrx_word' id='word_1_30' title='bbox 1019 690 1278 756; x_wconf 89' lang='lat' dir='ltr'><strong>defendit,</strong></span> <span class='ocrx_word' id='word_1_31' title='bbox 1321 689 1440 746; x_wconf 76' lang='lat' dir='ltr'><strong>Noli</strong></span> <span class='ocrx_word' id='word_1_32' title='bbox 1469 706 1618 760; x_wconf 80' lang='lat' dir='ltr'><strong>ergo,</strong></span> <span class='ocrx_word' id='word_1_33' title='bbox 1655 689 1844 755; x_wconf 82' lang='lat' dir='ltr'><strong>frater,</strong></span> <span class='ocrx_word' id='word_1_34' title='bbox 1890 696 1942 742; x_wconf 91' lang='lat' dir='ltr'><strong>te</strong></span> <span class='ocrx_word' id='word_1_35' title='bbox 1974 703 2105 742; x_wconf 90' lang='lat' dir='ltr'><strong>con-</strong></span> 
     </span>
    </p>
   </div>
   <div class='ocr_carea' id='block_1_6' title="bbox 525 779 2110 853">
    <p class='ocr_par' dir='ltr' id='par_1_6' title="bbox 525 779 2110 853">
     <span class='ocr_line' id='line_1_6' title="bbox 525 779 2110 853; baseline -0.004 -13"><span class='ocrx_word' id='word_1_36' title='bbox 525 797 739 840; x_wconf 77' lang='lat' dir='ltr'><strong>vertere</strong></span> <span class='ocrx_word' id='word_1_37' title='bbox 759 825 772 849; x_wconf 92' lang='lat'><strong>,</strong></span> <span class='ocrx_word' id='word_1_38' title='bbox 796 791 917 853; x_wconf 89' lang='lat' dir='ltr'><strong>post</strong></span> <span class='ocrx_word' id='word_1_39' title='bbox 944 784 1158 838; x_wconf 88' lang='lat' dir='ltr'><strong>auditas</strong></span> <span class='ocrx_word' id='word_1_40' title='bbox 1186 791 1267 837; x_wconf 90' lang='lat' dir='ltr'><strong>tot</strong></span> <span class='ocrx_word' id='word_1_41' title='bbox 1296 797 1484 837; x_wconf 87' lang='lat' dir='ltr'><strong>sacras</strong></span> <span class='ocrx_word' id='word_1_42' title='bbox 1517 783 1868 836; x_wconf 74' lang='lat' dir='ltr'><strong>auctoritates</strong></span> <span class='ocrx_word' id='word_1_43' title='bbox 1889 821 1904 844; x_wconf 91' lang='lat'><strong>,</strong></span> <span class='ocrx_word' id='word_1_44' title='bbox 1939 787 1994 834; x_wconf 86' lang='lat' dir='ltr'><strong>et</strong></span> <span class='ocrx_word' id='word_1_45' title='bbox 2015 779 2110 833; x_wconf 87' lang='lat' dir='ltr'><strong>ad-</strong></span> 
     </span>
    </p>
   </div>
   <div class='ocr_carea' id='block_1_7' title="bbox 526 873 2108 944">
    <p class='ocr_par' dir='ltr' id='par_1_7' title="bbox 526 873 2108 944">
     <span class='ocr_line' id='line_1_7' title="bbox 526 873 2108 944; baseline -0.003 -12"><span class='ocrx_word' id='word_1_46' title='bbox 526 877 852 932; x_wconf 80' lang='lat' dir='ltr'><strong>monitiones</strong></span> <span class='ocrx_word' id='word_1_47' title='bbox 877 916 891 941; x_wconf 93' lang='lat'><strong>,</strong></span> <span class='ocrx_word' id='word_1_48' title='bbox 940 891 1004 931; x_wconf 73' lang='lat' dir='ltr'><strong>ac</strong></span> <span class='ocrx_word' id='word_1_49' title='bbox 1055 874 1289 931; x_wconf 79' lang='lat' dir='ltr'><strong>Salubria</strong></span> <span class='ocrx_word' id='word_1_50' title='bbox 1321 875 1413 930; x_wconf 84' lang='lat' dir='ltr'><strong>tibi</strong></span> <span class='ocrx_word' id='word_1_51' title='bbox 1453 885 1702 944; x_wconf 79' lang='lat' dir='ltr'><strong>porrecta</strong></span> <span class='ocrx_word' id='word_1_52' title='bbox 1739 874 2000 940; x_wconf 89' lang='lat' dir='ltr'><strong>consilia,</strong></span> <span class='ocrx_word' id='word_1_53' title='bbox 2041 873 2108 927; x_wconf 90' lang='lat' dir='ltr'><strong>ad</strong></span> 
     </span>
    </p>
   </div>
   <div class='ocr_carea' id='block_1_8' title="bbox 527 967 2109 1041">
    <p class='ocr_par' dir='ltr' id='par_1_8' title="bbox 527 967 2109 1041">
     <span class='ocr_line' id='line_1_8' title="bbox 527 967 2109 1041; baseline -0.003 -16"><span class='ocrx_word' id='word_1_54' title='bbox 527 971 864 1026; x_wconf 80' lang='lat' dir='ltr'><strong>excusandas</strong></span> <span class='ocrx_word' id='word_1_55' title='bbox 879 970 1256 1025; x_wconf 87' lang='lat' dir='ltr'><strong>excusationes</strong></span> <span class='ocrx_word' id='word_1_56' title='bbox 1284 968 1338 1024; x_wconf 89' lang='lat' dir='ltr'><strong>in</strong></span> <span class='ocrx_word' id='word_1_57' title='bbox 1361 971 1620 1041; x_wconf 77' lang='lat' dir='ltr'><strong>peccatis,</strong></span> <span class='ocrx_word' id='word_1_58' title='bbox 1644 978 1806 1038; x_wconf 88' lang='lat' dir='ltr'><strong>atque</strong></span> <span class='ocrx_word' id='word_1_59' title='bbox 1829 967 1893 1022; x_wconf 90' lang='lat' dir='ltr'><strong>ad</strong></span> <span class='ocrx_word' id='word_1_60' title='bbox 1919 976 2109 1022; x_wconf 84' lang='lat' dir='ltr'><strong>contu-</strong></span> 
     </span>
    </p>
   </div>
   <div class='ocr_carea' id='block_1_9' title="bbox 526 1064 2112 1135">
    <p class='ocr_par' dir='ltr' id='par_1_9' title="bbox 526 1064 2112 1135">
     <span class='ocr_line' id='line_1_9' title="bbox 526 1064 2112 1135; baseline -0.003 -15"><span class='ocrx_word' id='word_1_61' title='bbox 526 1080 732 1120; x_wconf 88' lang='lat' dir='ltr'><strong>macem</strong></span> <span class='ocrx_word' id='word_1_62' title='bbox 748 1065 1136 1132; x_wconf 82' lang='lat' dir='ltr'><strong>defensionem,</strong></span> <span class='ocrx_word' id='word_1_63' title='bbox 1156 1077 1277 1120; x_wconf 86' lang='lat' dir='ltr'><strong>cum</strong></span> <span class='ocrx_word' id='word_1_64' title='bbox 1307 1080 1464 1120; x_wconf 89' lang='lat' dir='ltr'><strong>nemo</strong></span> <span class='ocrx_word' id='word_1_65' title='bbox 1488 1073 1691 1135; x_wconf 68' lang='lat' dir='ltr'><strong>qurerat</strong></span> <span class='ocrx_word' id='word_1_66' title='bbox 1719 1072 1864 1117; x_wconf 85' lang='lat' dir='ltr'><strong>tuam</strong></span> <span class='ocrx_word' id='word_1_67' title='bbox 1894 1064 2112 1118; x_wconf 87' lang='lat' dir='ltr'><strong>damna-</strong></span> 
     </span>
    </p>
   </div>
   <div class='ocr_carea' id='block_1_10' title="bbox 528 1155 2110 1221">
    <p class='ocr_par' dir='ltr' id='par_1_10' title="bbox 528 1155 2110 1221">
     <span class='ocr_line' id='line_1_10' title="bbox 528 1155 2110 1221; baseline -0.003 -10"><span class='ocrx_word' id='word_1_68' title='bbox 528 1157 751 1221; x_wconf 85' lang='lat' dir='ltr'><strong>tionem,</strong></span> <span class='ocrx_word' id='word_1_69' title='bbox 775 1156 867 1212; x_wconf 84' lang='lat' dir='ltr'><strong>sed</strong></span> <span class='ocrx_word' id='word_1_70' title='bbox 901 1165 1049 1210; x_wconf 91' lang='lat' dir='ltr'><strong>tuam</strong></span> <span class='ocrx_word' id='word_1_71' title='bbox 1079 1157 1491 1221; x_wconf 87' lang='lat' dir='ltr'><strong>correctionem,</strong></span> <span class='ocrx_word' id='word_1_72' title='bbox 1516 1165 1569 1210; x_wconf 90' lang='lat' dir='ltr'><strong>et</strong></span> <span class='ocrx_word' id='word_1_73' title='bbox 1593 1170 1774 1209; x_wconf 86' lang='lat' dir='ltr'><strong>coram</strong></span> <span class='ocrx_word' id='word_1_74' title='bbox 1799 1155 1910 1207; x_wconf 85' lang='lat' dir='ltr'><strong>Deo</strong></span> <span class='ocrx_word' id='word_1_75' title='bbox 1938 1161 1987 1207; x_wconf 89' lang='lat' dir='ltr'><strong>et</strong></span> <span class='ocrx_word' id='word_1_76' title='bbox 2021 1155 2110 1207; x_wconf 88' lang='lat' dir='ltr'><strong>bo-</strong></span> 
     </span>
    </p>
   </div>
   <div class='ocr_carea' id='block_1_11' title="bbox 527 1246 2110 1319">
    <p class='ocr_par' dir='ltr' id='par_1_11' title="bbox 527 1246 2110 1319">
     <span class='ocr_line' id='line_1_11' title="bbox 527 1246 2110 1319; baseline -0.004 -15"><span class='ocrx_word' id='word_1_77' title='bbox 527 1247 763 1304; x_wconf 87' lang='lat' dir='ltr'><strong>minibus</strong></span> <span class='ocrx_word' id='word_1_78' title='bbox 782 1247 1152 1304; x_wconf 88' lang='lat' dir='ltr'><strong>salvationem.</strong></span> <span class='ocrx_word' id='word_1_79' title='bbox 1181 1248 1248 1302; x_wconf 90' lang='lat' dir='ltr'><strong>Et</strong></span> <span class='ocrx_word' id='word_1_80' title='bbox 1279 1249 1393 1303; x_wconf 80' lang='lat' dir='ltr'><strong>inec</strong></span> <span class='ocrx_word' id='word_1_81' title='bbox 1416 1247 1754 1319; x_wconf 47' lang='lat' dir='ltr'><strong>legensque:</strong></span> <span class='ocrx_word' id='word_1_82' title='bbox 1773 1246 1864 1300; x_wconf 87' lang='lat' dir='ltr'><strong>tibi</strong></span> <span class='ocrx_word' id='word_1_83' title='bbox 1889 1253 2110 1315; x_wconf 87' lang='lat' dir='ltr'><strong>paterna</strong></span> 
     </span>
    </p>
   </div>
   <div class='ocr_carea' id='block_1_12' title="bbox 528 1335 2106 1405">
    <p class='ocr_par' dir='ltr' id='par_1_12' title="bbox 528 1335 2106 1405">
     <span class='ocr_line' id='line_1_12' title="bbox 528 1335 2106 1405; baseline -0.003 -12"><span class='ocrx_word' id='word_1_84' title='bbox 528 1338 810 1394; x_wconf 84' lang='lat' dir='ltr'><strong>devotione</strong></span> <span class='ocrx_word' id='word_1_85' title='bbox 839 1339 1018 1395; x_wconf 87' lang='lat' dir='ltr'><strong>scribo</strong></span> <span class='ocrx_word' id='word_1_86' title='bbox 1040 1381 1053 1405; x_wconf 94' lang='lat'><strong>,</strong></span> <span class='ocrx_word' id='word_1_87' title='bbox 1103 1353 1224 1394; x_wconf 91' lang='lat' dir='ltr'><strong>eum</strong></span> <span class='ocrx_word' id='word_1_88' title='bbox 1254 1339 1340 1392; x_wconf 88' lang='lat' dir='ltr'><strong>bis</strong></span> <span class='ocrx_word' id='word_1_89' title='bbox 1359 1338 1521 1392; x_wconf 89' lang='lat' dir='ltr'><strong>etiam</strong></span> <span class='ocrx_word' id='word_1_90' title='bbox 1547 1337 1687 1392; x_wconf 88' lang='lat' dir='ltr'><strong>beati</strong></span> <span class='ocrx_word' id='word_1_91' title='bbox 1730 1335 1973 1404; x_wconf 76' lang='lat' dir='ltr'><strong>Gregorii</strong></span> <span class='ocrx_word' id='word_1_92' title='bbox 2000 1350 2106 1389; x_wconf 89' lang='lat' dir='ltr'><strong>non</strong></span> 
     </span>
    </p>
   </div>
   <div class='ocr_carea' id='block_1_13' title="bbox 527 1429 2108 1502">
    <p class='ocr_par' dir='ltr' id='par_1_13' title="bbox 527 1429 2108 1502">
     <span class='ocr_line' id='line_1_13' title="bbox 527 1429 2108 1502; baseline -0.002 -17"><span class='ocrx_word' id='word_1_93' title='bbox 527 1431 790 1502; x_wconf 84' lang='lat' dir='ltr'><strong>prolixam</strong></span> <span class='ocrx_word' id='word_1_94' title='bbox 823 1432 1112 1486; x_wconf 83' lang='lat' dir='ltr'><strong>verborum</strong></span> <span class='ocrx_word' id='word_1_95' title='bbox 1159 1443 1403 1497; x_wconf 85' lang='lat' dir='ltr'><strong>numero,</strong></span> <span class='ocrx_word' id='word_1_96' title='bbox 1445 1431 1536 1485; x_wconf 87' lang='lat' dir='ltr'><strong>sed</strong></span> <span class='ocrx_word' id='word_1_97' title='bbox 1571 1429 1863 1483; x_wconf 76' lang='lat' dir='ltr'><strong>maximam</strong></span> <span class='ocrx_word' id='word_1_98' title='bbox 1889 1442 1950 1481; x_wconf 88' lang='lat' dir='ltr'><strong>ac</strong></span> <span class='ocrx_word' id='word_1_99' title='bbox 1981 1438 2108 1497; x_wconf 55' lang='lat' dir='ltr'><strong>pre-</strong></span> 
     </span>
    </p>
   </div>
   <div class='ocr_carea' id='block_1_14' title="bbox 526 1519 2110 1596">
    <p class='ocr_par' dir='ltr' id='par_1_14' title="bbox 526 1519 2110 1596">
     <span class='ocr_line' id='line_1_14' title="bbox 526 1519 2110 1596; baseline -0.004 -18"><span class='ocrx_word' id='word_1_100' title='bbox 526 1524 718 1580; x_wconf 88' lang='lat' dir='ltr'><strong>tiosam</strong></span> <span class='ocrx_word' id='word_1_101' title='bbox 736 1524 1110 1596; x_wconf 79' lang='lat' dir='ltr'><strong>intelligentia,</strong></span> <span class='ocrx_word' id='word_1_102' title='bbox 1130 1523 1182 1578; x_wconf 90' lang='lat' dir='ltr'><strong>in</strong></span> <span class='ocrx_word' id='word_1_103' title='bbox 1203 1523 1399 1577; x_wconf 89' lang='lat' dir='ltr'><strong>mentis</strong></span> <span class='ocrx_word' id='word_1_104' title='bbox 1421 1536 1621 1577; x_wconf 86' lang='lat' dir='ltr'><strong>arcano</strong></span> <span class='ocrx_word' id='word_1_105' title='bbox 1642 1519 1871 1576; x_wconf 84' lang='lat' dir='ltr'><strong>reconde</strong></span> <span class='ocrx_word' id='word_1_106' title='bbox 1893 1527 2110 1573; x_wconf 81' lang='lat' dir='ltr'><strong>senten-</strong></span> 
     </span>
    </p>
   </div>
   <div class='ocr_carea' id='block_1_15' title="bbox 528 1614 2111 1689">
    <p class='ocr_par' dir='ltr' id='par_1_15' title="bbox 528 1614 2111 1689">
     <span class='ocr_line' id='line_1_15' title="bbox 528 1614 2111 1689; baseline -0.003 -16"><span class='ocrx_word' id='word_1_107' title='bbox 528 1619 658 1674; x_wconf 89' lang='lat' dir='ltr'><strong>tiam</strong></span> <span class='ocrx_word' id='word_1_108' title='bbox 717 1635 821 1689; x_wconf 89' lang='lat' dir='ltr'><strong>qua</strong></span> <span class='ocrx_word' id='word_1_109' title='bbox 850 1620 981 1676; x_wconf 82' lang='lat' dir='ltr'><strong>dicit</strong></span> <span class='ocrx_word' id='word_1_110' title='bbox 1015 1637 1027 1672; x_wconf 92' lang='lat'><strong>:</strong></span> <span class='ocrx_word' id='word_1_111' title='bbox 1065 1637 1084 1670; x_wconf 86' lang='grc'><strong><em>‹</em></strong></span> <span class='ocrx_word' id='word_1_112' title='bbox 1130 1619 1187 1674; x_wconf 89' lang='lat' dir='ltr'><strong>lu</strong></span> <span class='ocrx_word' id='word_1_113' title='bbox 1220 1619 1400 1673; x_wconf 87' lang='lat' dir='ltr'><strong>verbis</strong></span> <span class='ocrx_word' id='word_1_114' title='bbox 1423 1659 1438 1684; x_wconf 95' lang='lat'><strong>,</strong></span> <span class='ocrx_word' id='word_1_115' title='bbox 1495 1616 1744 1688; x_wconf 83' lang='lat' dir='ltr'><strong>inquiens</strong></span> <span class='ocrx_word' id='word_1_116' title='bbox 1768 1656 1781 1681; x_wconf 94' lang='lat'><strong>,</strong></span> <span class='ocrx_word' id='word_1_117' title='bbox 1827 1615 1967 1670; x_wconf 90' lang='lat' dir='ltr'><strong>sacri</strong></span> <span class='ocrx_word' id='word_1_118' title='bbox 1998 1614 2111 1684; x_wconf 83' lang='lat' dir='ltr'><strong>elo-</strong></span> 
     </span>
    </p>
   </div>
   <div class='ocr_carea' id='block_1_16' title="bbox 524 1701 2109 1781">
    <p class='ocr_par' dir='ltr' id='par_1_16' title="bbox 524 1701 2109 1781">
     <span class='ocr_line' id='line_1_16' title="bbox 524 1701 2109 1781; baseline -0.003 -18"><span class='ocrx_word' id='word_1_119' title='bbox 524 1712 636 1781; x_wconf 89' lang='lat' dir='ltr'><strong>quii</strong></span> <span class='ocrx_word' id='word_1_120' title='bbox 659 1713 759 1767; x_wconf 89' lang='lat' dir='ltr'><strong>iste</strong></span> <span class='ocrx_word' id='word_1_121' title='bbox 787 1711 945 1767; x_wconf 90' lang='lat' dir='ltr'><strong>debet</strong></span> <span class='ocrx_word' id='word_1_122' title='bbox 967 1710 1129 1766; x_wconf 88' lang='lat' dir='ltr'><strong>studii</strong></span> <span class='ocrx_word' id='word_1_123' title='bbox 1153 1712 1321 1765; x_wconf 83' lang='lat' dir='ltr'><strong>nostri</strong></span> <span class='ocrx_word' id='word_1_124' title='bbox 1342 1711 1476 1766; x_wconf 89' lang='lat' dir='ltr'><strong>ordo</strong></span> <span class='ocrx_word' id='word_1_125' title='bbox 1495 1708 1734 1774; x_wconf 85' lang='lat' dir='ltr'><strong>servari,</strong></span> <span class='ocrx_word' id='word_1_126' title='bbox 1767 1715 1824 1761; x_wconf 89' lang='lat' dir='ltr'><strong>ut</strong></span> <span class='ocrx_word' id='word_1_127' title='bbox 1852 1707 1966 1762; x_wconf 65' lang='lat' dir='ltr'><strong>haec</strong></span> <span class='ocrx_word' id='word_1_128' title='bbox 1987 1701 2109 1760; x_wconf 88' lang='lat' dir='ltr'><strong>ideo</strong></span> 
     </span>
    </p>
   </div>
   <div class='ocr_carea' id='block_1_17' title="bbox 525 1803 2108 1878">
    <p class='ocr_par' dir='ltr' id='par_1_17' title="bbox 525 1803 2108 1878">
     <span class='ocr_line' id='line_1_17' title="bbox 525 1803 2108 1878; baseline -0.006 -16"><span class='ocrx_word' id='word_1_129' title='bbox 525 1821 914 1878; x_wconf 78' lang='lat' dir='ltr'><strong>cognoscamus</strong></span> <span class='ocrx_word' id='word_1_130' title='bbox 937 1847 952 1873; x_wconf 93' lang='lat'><strong>,</strong></span> <span class='ocrx_word' id='word_1_131' title='bbox 985 1815 1254 1876; x_wconf 84' lang='lat' dir='ltr'><strong>quatenus</strong></span> <span class='ocrx_word' id='word_1_132' title='bbox 1303 1805 1367 1860; x_wconf 86' lang='lat' dir='ltr'><strong>de</strong></span> <span class='ocrx_word' id='word_1_133' title='bbox 1414 1803 1700 1873; x_wconf 81' lang='lat' dir='ltr'><strong>iniquitate</strong></span> <span class='ocrx_word' id='word_1_134' title='bbox 1729 1809 1916 1856; x_wconf 79' lang='lat' dir='ltr'><strong>nostra.</strong></span> <span class='ocrx_word' id='word_1_135' title='bbox 1958 1814 2108 1855; x_wconf 90' lang='lat' dir='ltr'><strong>com-</strong></span> 
     </span>
    </p>
   </div>
   <div class='ocr_carea' id='block_1_18' title="bbox 523 1894 2104 1970">
    <p class='ocr_par' dir='ltr' id='par_1_18' title="bbox 523 1894 2104 1970">
     <span class='ocr_line' id='line_1_18' title="bbox 523 1894 2104 1970; baseline -0.004 -17"><span class='ocrx_word' id='word_1_136' title='bbox 523 1901 739 1970; x_wconf 87' lang='lat' dir='ltr'><strong>puncti,</strong></span> <span class='ocrx_word' id='word_1_137' title='bbox 773 1906 1160 1970; x_wconf 81' lang='lat' dir='ltr'><strong>cognoscentes</strong></span> <span class='ocrx_word' id='word_1_138' title='bbox 1187 1898 1324 1952; x_wconf 88' lang='lat' dir='ltr'><strong>mala</strong></span> <span class='ocrx_word' id='word_1_139' title='bbox 1360 1913 1479 1968; x_wconf 72' lang='lat' dir='ltr'><strong>quas</strong></span> <span class='ocrx_word' id='word_1_140' title='bbox 1500 1894 1727 1950; x_wconf 81' lang='lat' dir='ltr'><strong>fecimus</strong></span> <span class='ocrx_word' id='word_1_141' title='bbox 1746 1935 1758 1959; x_wconf 92' lang='lat'><strong>,</strong></span> <span class='ocrx_word' id='word_1_142' title='bbox 1784 1894 2014 1948; x_wconf 88' lang='lat' dir='ltr'><strong>vitemus</strong></span> <span class='ocrx_word' id='word_1_143' title='bbox 2035 1907 2104 1946; x_wconf 86' lang='lat' dir='ltr'><strong>ne</strong></span> 
     </span>
    </p>
   </div>
   <div class='ocr_carea' id='block_1_19' title="bbox 2215 677 3784 746">
    <p class='ocr_par' dir='ltr' id='par_1_19' title="bbox 2215 677 3784 746">
     <span class='ocr_line' id='line_1_19' title="bbox 2215 677 3784 746; baseline 0.001 -13"><span class='ocrx_word' id='word_1_144' title='bbox 2215 678 2635 734; x_wconf 82' lang='lat' dir='ltr'><strong>adolescentiam</strong></span> <span class='ocrx_word' id='word_1_145' title='bbox 2667 687 2815 732; x_wconf 91' lang='lat' dir='ltr'><strong>tuam</strong></span> <span class='ocrx_word' id='word_1_146' title='bbox 2838 685 3188 741; x_wconf 87' lang='lat' dir='ltr'><strong>contemnat,</strong></span> <span class='ocrx_word' id='word_1_147' title='bbox 3215 677 3308 731; x_wconf 89' lang='lat' dir='ltr'><strong>sed</strong></span> <span class='ocrx_word' id='word_1_148' title='bbox 3335 677 3644 746; x_wconf 77' lang='lat' dir='ltr'><strong>exemplum</strong></span> <span class='ocrx_word' id='word_1_149' title='bbox 3677 688 3784 735; x_wconf 82' lang='lat' dir='ltr'><strong>esto</strong></span> 
     </span>
    </p>
   </div>
   <div class='ocr_carea' id='block_1_20' title="bbox 2214 770 3785 838">
    <p class='ocr_par' dir='ltr' id='par_1_20' title="bbox 2214 770 3785 838">
     <span class='ocr_line' id='line_1_20' title="bbox 2214 770 3785 838; baseline 0.003 -14"><span class='ocrx_word' id='word_1_150' title='bbox 2214 771 2448 825; x_wconf 82' lang='lat' dir='ltr'><strong>fidelium</strong></span> <span class='ocrx_word' id='word_1_151' title='bbox 2479 771 2530 825; x_wconf 93' lang='lat' dir='ltr'><strong>in</strong></span> <span class='ocrx_word' id='word_1_152' title='bbox 2563 772 2750 836; x_wconf 90' lang='lat' dir='ltr'><strong>verbo,</strong></span> <span class='ocrx_word' id='word_1_153' title='bbox 2781 771 2832 825; x_wconf 91' lang='lat' dir='ltr'><strong>in</strong></span> <span class='ocrx_word' id='word_1_154' title='bbox 2866 770 3304 834; x_wconf 79' lang='lat' dir='ltr'><strong>conversatione,</strong></span> <span class='ocrx_word' id='word_1_155' title='bbox 3330 771 3382 824; x_wconf 91' lang='lat' dir='ltr'><strong>in</strong></span> <span class='ocrx_word' id='word_1_156' title='bbox 3409 771 3676 825; x_wconf 85' lang='lat' dir='ltr'><strong>cbaritate</strong></span> <span class='ocrx_word' id='word_1_157' title='bbox 3699 812 3713 838; x_wconf 92' lang='lat'><strong>,</strong></span> <span class='ocrx_word' id='word_1_158' title='bbox 3735 774 3785 828; x_wconf 87' lang='lat' dir='ltr'><strong>in</strong></span> 
     </span>
    </p>
   </div>
   <div class='ocr_carea' id='block_1_21' title="bbox 2213 862 3784 933">
    <p class='ocr_par' dir='ltr' id='par_1_21' title="bbox 2213 862 3784 933">
     <span class='ocr_line' id='line_1_21' title="bbox 2213 862 3784 933; baseline 0.001 -16"><span class='ocrx_word' id='word_1_159' title='bbox 2213 863 2349 930; x_wconf 86' lang='lat' dir='ltr'><strong>fide,</strong></span> <span class='ocrx_word' id='word_1_160' title='bbox 2383 863 2435 916; x_wconf 92' lang='lat' dir='ltr'><strong>in</strong></span> <span class='ocrx_word' id='word_1_161' title='bbox 2483 863 2752 918; x_wconf 87' lang='lat' dir='ltr'><strong>castitate.</strong></span> <span class='ocrx_word' id='word_1_162' title='bbox 2803 862 2919 917; x_wconf 87' lang='lat' dir='ltr'><strong>Noli</strong></span> <span class='ocrx_word' id='word_1_163' title='bbox 2949 862 3220 933; x_wconf 74' lang='lat' dir='ltr'><strong>negligere</strong></span> <span class='ocrx_word' id='word_1_164' title='bbox 3247 862 3476 933; x_wconf 83' lang='lat' dir='ltr'><strong>gratiam</strong></span> <span class='ocrx_word' id='word_1_165' title='bbox 3508 877 3631 932; x_wconf 57' lang='lat' dir='ltr'><strong>quae</strong></span> <span class='ocrx_word' id='word_1_166' title='bbox 3662 863 3712 917; x_wconf 84' lang='lat' dir='ltr'><strong>ia</strong></span> <span class='ocrx_word' id='word_1_167' title='bbox 3740 876 3784 920; x_wconf 86' lang='lat' dir='ltr'><strong>te</strong></span> 
     </span>
    </p>
   </div>
   <div class='ocr_carea' id='block_1_22' title="bbox 2167 957 3782 1029">
    <p class='ocr_par' dir='ltr' id='par_1_22' title="bbox 2167 957 3782 1029">
     <span class='ocr_line' id='line_1_22' title="bbox 2167 957 3782 1029; baseline 0.001 -16"><span class='ocrx_word' id='word_1_168' title='bbox 2167 964 2179 971; x_wconf 86' lang='lat'><strong>&#39;</strong></span> <span class='ocrx_word' id='word_1_169' title='bbox 2212 966 2294 1013; x_wconf 88' lang='lat' dir='ltr'><strong>est</strong></span> <span class='ocrx_word' id='word_1_170' title='bbox 2313 999 2326 1024; x_wconf 94' lang='lat'><strong>,</strong></span> <span class='ocrx_word' id='word_1_171' title='bbox 2363 973 2482 1029; x_wconf 62' lang='lat' dir='ltr'><strong>quae</strong></span> <span class='ocrx_word' id='word_1_172' title='bbox 2505 959 2628 1013; x_wconf 84' lang='lat' dir='ltr'><strong>data</strong></span> <span class='ocrx_word' id='word_1_173' title='bbox 2653 968 2736 1013; x_wconf 89' lang='lat' dir='ltr'><strong>est</strong></span> <span class='ocrx_word' id='word_1_174' title='bbox 2765 958 2860 1012; x_wconf 87' lang='lat' dir='ltr'><strong>tibi</strong></span> <span class='ocrx_word' id='word_1_175' title='bbox 2883 973 2981 1028; x_wconf 89' lang='lat' dir='ltr'><strong>per</strong></span> <span class='ocrx_word' id='word_1_176' title='bbox 3005 957 3342 1029; x_wconf 82' lang='lat' dir='ltr'><strong>prophetiam</strong></span> <span class='ocrx_word' id='word_1_177' title='bbox 3361 997 3377 1023; x_wconf 91' lang='lat'><strong>,</strong></span> <span class='ocrx_word' id='word_1_178' title='bbox 3411 966 3466 1012; x_wconf 90' lang='lat' dir='ltr'><strong>et</strong></span> <span class='ocrx_word' id='word_1_179' title='bbox 3496 958 3782 1027; x_wconf 72' lang='lat' dir='ltr'><strong>impositis-</strong></span> 
     </span>
    </p>
   </div>
   <div class='ocr_carea' id='block_1_23' title="bbox 2213 1051 3784 1124">
    <p class='ocr_par' dir='ltr' id='par_1_23' title="bbox 2213 1051 3784 1124">
     <span class='ocr_line' id='line_1_23' title="bbox 2213 1051 3784 1124; baseline 0.004 -19"><span class='ocrx_word' id='word_1_180' title='bbox 2213 1066 2337 1105; x_wconf 85' lang='lat' dir='ltr'><strong>nem</strong></span> <span class='ocrx_word' id='word_1_181' title='bbox 2366 1067 2621 1108; x_wconf 89' lang='lat' dir='ltr'><strong>manuum</strong></span> <span class='ocrx_word' id='word_1_182' title='bbox 2643 1051 3000 1123; x_wconf 84' lang='lat' dir='ltr'><strong>presbyterii:</strong></span> <span class='ocrx_word' id='word_1_183' title='bbox 3027 1051 3131 1106; x_wconf 89' lang='lat' dir='ltr'><strong>hoc</strong></span> <span class='ocrx_word' id='word_1_184' title='bbox 3151 1053 3293 1106; x_wconf 87' lang='lat' dir='ltr'><strong>enim</strong></span> <span class='ocrx_word' id='word_1_185' title='bbox 3317 1051 3550 1117; x_wconf 84' lang='lat' dir='ltr'><strong>faciens,</strong></span> <span class='ocrx_word' id='word_1_186' title='bbox 3567 1055 3784 1124; x_wconf 78' lang='lat' dir='ltr'><strong>teipsuut</strong></span> 
     </span>
    </p>
   </div>
   <div class='ocr_carea' id='block_1_24' title="bbox 2214 1146 3786 1216">
    <p class='ocr_par' dir='ltr' id='par_1_24' title="bbox 2214 1146 3786 1216">
     <span class='ocr_line' id='line_1_24' title="bbox 2214 1146 3786 1216; baseline 0.003 -14"><span class='ocrx_word' id='word_1_187' title='bbox 2214 1147 2418 1202; x_wconf 80' lang='lat' dir='ltr'><strong>salvum</strong></span> <span class='ocrx_word' id='word_1_188' title='bbox 2471 1146 2665 1213; x_wconf 86' lang='lat' dir='ltr'><strong>facies,</strong></span> <span class='ocrx_word' id='word_1_189' title='bbox 2698 1156 2747 1202; x_wconf 91' lang='lat' dir='ltr'><strong>et</strong></span> <span class='ocrx_word' id='word_1_190' title='bbox 2781 1162 2875 1202; x_wconf 90' lang='lat' dir='ltr'><strong>eos</strong></span> <span class='ocrx_word' id='word_1_191' title='bbox 2916 1146 3094 1216; x_wconf 79' lang='lat' dir='ltr'><strong>quite</strong></span> <span class='ocrx_word' id='word_1_192' title='bbox 3120 1147 3360 1202; x_wconf 83' lang='lat' dir='ltr'><strong>audiunt.</strong></span> <span class='ocrx_word' id='word_1_193' title='bbox 3407 1166 3427 1199; x_wconf 76' lang='grc' dir='ltr'><strong><em>ι</em></strong></span> <span class='ocrx_word' id='word_1_194' title='bbox 3470 1147 3570 1202; x_wconf 85' lang='lat' dir='ltr'><strong>Sin</strong></span> <span class='ocrx_word' id='word_1_195' title='bbox 3618 1159 3786 1207; x_wconf 78' lang='lat' dir='ltr'><strong>autent</strong></span> 
     </span>
    </p>
   </div>
   <div class='ocr_carea' id='block_1_25' title="bbox 2155 1238 3789 1310">
    <p class='ocr_par' dir='ltr' id='par_1_25' title="bbox 2155 1238 3789 1310">
     <span class='ocr_line' id='line_1_25' title="bbox 2155 1238 3789 1310; baseline 0.004 -17"><span class='ocrx_word' id='word_1_196' title='bbox 2155 1241 2158 1254; x_wconf 97' lang='lat'>&#39;</span> <span class='ocrx_word' id='word_1_197' title='bbox 2215 1240 2375 1305; x_wconf 87' lang='lat' dir='ltr'><strong>time,</strong></span> <span class='ocrx_word' id='word_1_198' title='bbox 2405 1240 2574 1294; x_wconf 86' lang='lat' dir='ltr'><strong>frater</strong></span> <span class='ocrx_word' id='word_1_199' title='bbox 2605 1256 2670 1295; x_wconf 90' lang='lat' dir='ltr'><strong>ac</strong></span> <span class='ocrx_word' id='word_1_200' title='bbox 2701 1239 2775 1294; x_wconf 84' lang='lat' dir='ltr'><strong>fili</strong></span> <span class='ocrx_word' id='word_1_201' title='bbox 2801 1279 2816 1306; x_wconf 93' lang='lat'><strong>,</strong></span> <span class='ocrx_word' id='word_1_202' title='bbox 2865 1239 3008 1310; x_wconf 83' lang='lat' dir='ltr'><strong>quod</strong></span> <span class='ocrx_word' id='word_1_203' title='bbox 3039 1239 3355 1295; x_wconf 86' lang='lat' dir='ltr'><strong>terribiliter</strong></span> <span class='ocrx_word' id='word_1_204' title='bbox 3381 1238 3650 1295; x_wconf 77' lang='lat' dir='ltr'><strong>Dominus</strong></span> <span class='ocrx_word' id='word_1_205' title='bbox 3669 1242 3789 1299; x_wconf 87' lang='lat' dir='ltr'><strong>dicit</strong></span> 
     </span>
    </p>
   </div>
   <div class='ocr_carea' id='block_1_26' title="bbox 2212 1331 3786 1402">
    <p class='ocr_par' dir='ltr' id='par_1_26' title="bbox 2212 1331 3786 1402">
     <span class='ocr_line' id='line_1_26' title="bbox 2212 1331 3786 1402; baseline 0.002 -16"><span class='ocrx_word' id='word_1_206' title='bbox 2212 1331 2260 1386; x_wconf 87' lang='lat' dir='ltr'><strong>ei</strong></span> <span class='ocrx_word' id='word_1_207' title='bbox 2288 1333 2380 1401; x_wconf 88' lang='lat' dir='ltr'><strong>qui</strong></span> <span class='ocrx_word' id='word_1_208' title='bbox 2414 1349 2581 1387; x_wconf 88' lang='lat' dir='ltr'><strong>unum</strong></span> <span class='ocrx_word' id='word_1_209' title='bbox 2628 1333 2888 1388; x_wconf 82' lang='lat' dir='ltr'><strong>talentum</strong></span> <span class='ocrx_word' id='word_1_210' title='bbox 2921 1340 3240 1402; x_wconf 84' lang='lat' dir='ltr'><strong>acceperat,</strong></span> <span class='ocrx_word' id='word_1_211' title='bbox 3270 1339 3326 1388; x_wconf 85' lang='lat' dir='ltr'><strong>et</strong></span> <span class='ocrx_word' id='word_1_212' title='bbox 3360 1333 3552 1388; x_wconf 80' lang='lat' dir='ltr'><strong>abiens</strong></span> <span class='ocrx_word' id='word_1_213' title='bbox 3581 1332 3712 1388; x_wconf 80' lang='lat' dir='ltr'><strong>fodit</strong></span> <span class='ocrx_word' id='word_1_214' title='bbox 3740 1335 3786 1389; x_wconf 87' lang='lat' dir='ltr'><strong>in</strong></span> 
     </span>
    </p>
   </div>
   <div class='ocr_carea' id='block_1_27' title="bbox 2216 1424 3788 1494">
    <p class='ocr_par' dir='ltr' id='par_1_27' title="bbox 2216 1424 3788 1494">
     <span class='ocr_line' id='line_1_27' title="bbox 2216 1424 3788 1494; baseline 0.001 -15"><span class='ocrx_word' id='word_1_215' title='bbox 2216 1437 2450 1493; x_wconf 88' lang='lat' dir='ltr'><strong>terram,</strong></span> <span class='ocrx_word' id='word_1_216' title='bbox 2495 1435 2549 1482; x_wconf 83' lang='lat' dir='ltr'><strong>et</strong></span> <span class='ocrx_word' id='word_1_217' title='bbox 2599 1425 2883 1481; x_wconf 83' lang='lat' dir='ltr'><strong>abscondit</strong></span> <span class='ocrx_word' id='word_1_218' title='bbox 2917 1425 3202 1494; x_wconf 84' lang='lat' dir='ltr'><strong>pecuniam</strong></span> <span class='ocrx_word' id='word_1_219' title='bbox 3241 1424 3444 1479; x_wconf 87' lang='lat' dir='ltr'><strong>domini</strong></span> <span class='ocrx_word' id='word_1_220' title='bbox 3475 1425 3563 1479; x_wconf 84' lang='lat' dir='ltr'><strong>sui</strong></span> <span class='ocrx_word' id='word_1_221' title='bbox 3595 1442 3610 1477; x_wconf 90' lang='lat'><strong>:</strong></span> <span class='ocrx_word' id='word_1_222' title='bbox 3647 1425 3788 1481; x_wconf 74' lang='lat' dir='ltr'><strong>Serve</strong></span> 
     </span>
    </p>
   </div>
   <div class='ocr_carea' id='block_1_28' title="bbox 2211 1520 3786 1591">
    <p class='ocr_par' dir='ltr' id='par_1_28' title="bbox 2211 1520 3786 1591">
     <span class='ocr_line' id='line_1_28' title="bbox 2211 1520 3786 1591; baseline -0.001 -16"><span class='ocrx_word' id='word_1_223' title='bbox 2211 1521 2348 1576; x_wconf 87' lang='lat' dir='ltr'><strong>male</strong></span> <span class='ocrx_word' id='word_1_224' title='bbox 2393 1529 2440 1574; x_wconf 87' lang='lat' dir='ltr'><strong>et</strong></span> <span class='ocrx_word' id='word_1_225' title='bbox 2491 1521 2674 1591; x_wconf 84' lang='lat' dir='ltr'><strong>piger,</strong></span> <span class='ocrx_word' id='word_1_226' title='bbox 2709 1520 2907 1575; x_wconf 83' lang='lat' dir='ltr'><strong>sciebas</strong></span> <span class='ocrx_word' id='word_1_227' title='bbox 2943 1521 3066 1590; x_wconf 83' lang='lat' dir='ltr'><strong>quin</strong></span> <span class='ocrx_word' id='word_1_228' title='bbox 3105 1530 3242 1575; x_wconf 77' lang='lat' dir='ltr'><strong>meto</strong></span> <span class='ocrx_word' id='word_1_229' title='bbox 3292 1520 3378 1573; x_wconf 83' lang='lat' dir='ltr'><strong>ubi</strong></span> <span class='ocrx_word' id='word_1_230' title='bbox 3417 1535 3527 1574; x_wconf 82' lang='lat' dir='ltr'><strong>non</strong></span> <span class='ocrx_word' id='word_1_231' title='bbox 3560 1523 3786 1589; x_wconf 70' lang='lat' dir='ltr'><strong>sentiae,</strong></span> 
     </span>
    </p>
   </div>
   <div class='ocr_carea' id='block_1_29' title="bbox 2211 1611 3785 1684">
    <p class='ocr_par' dir='ltr' id='par_1_29' title="bbox 2211 1611 3785 1684">
     <span class='ocr_line' id='line_1_29' title="bbox 2211 1611 3785 1684; baseline 0 -17"><span class='ocrx_word' id='word_1_232' title='bbox 2211 1622 2257 1667; x_wconf 90' lang='lat' dir='ltr'><strong>et</strong></span> <span class='ocrx_word' id='word_1_233' title='bbox 2287 1624 2540 1682; x_wconf 81' lang='lat' dir='ltr'><strong>congrege</strong></span> <span class='ocrx_word' id='word_1_234' title='bbox 2572 1613 2659 1666; x_wconf 86' lang='lat' dir='ltr'><strong>ubi</strong></span> <span class='ocrx_word' id='word_1_235' title='bbox 2687 1629 2791 1666; x_wconf 87' lang='lat' dir='ltr'><strong>non</strong></span> <span class='ocrx_word' id='word_1_236' title='bbox 2821 1629 3010 1683; x_wconf 74' lang='lat' dir='ltr'><strong>spargo</strong></span> <span class='ocrx_word' id='word_1_237' title='bbox 3041 1611 3256 1684; x_wconf 73' lang='lat' dir='ltr'><strong>(Matth.</strong></span> <span class='ocrx_word' id='word_1_238' title='bbox 3295 1613 3456 1682; x_wconf 72' lang='lat' dir='ltr'><strong>xxv),</strong></span> <span class='ocrx_word' id='word_1_239' title='bbox 3490 1622 3548 1667; x_wconf 89' lang='lat' dir='ltr'><strong>et</strong></span> <span class='ocrx_word' id='word_1_240' title='bbox 3569 1614 3785 1684; x_wconf 83' lang='lat' dir='ltr'><strong>reliqua.</strong></span> 
     </span>
    </p>
   </div>
   <div class='ocr_carea' id='block_1_30' title="bbox 2212 1701 3786 1776">
    <p class='ocr_par' dir='ltr' id='par_1_30' title="bbox 2212 1701 3786 1776">
     <span class='ocr_line' id='line_1_30' title="bbox 2212 1701 3786 1776; baseline 0.003 -20"><span class='ocrx_word' id='word_1_241' title='bbox 2212 1701 2497 1758; x_wconf 85' lang='lat' dir='ltr'><strong>Talentum</strong></span> <span class='ocrx_word' id='word_1_242' title='bbox 2525 1703 2722 1774; x_wconf 77' lang='lat' dir='ltr'><strong>quippe</strong></span> <span class='ocrx_word' id='word_1_243' title='bbox 2753 1703 2808 1758; x_wconf 92' lang='lat' dir='ltr'><strong>in</strong></span> <span class='ocrx_word' id='word_1_244' title='bbox 2843 1713 2984 1758; x_wconf 82' lang='lat' dir='ltr'><strong>terra</strong></span> <span class='ocrx_word' id='word_1_245' title='bbox 3017 1704 3366 1772; x_wconf 86' lang='lat' dir='ltr'><strong>abscondere,</strong></span> <span class='ocrx_word' id='word_1_246' title='bbox 3403 1714 3487 1760; x_wconf 88' lang='lat' dir='ltr'><strong>est</strong></span> <span class='ocrx_word' id='word_1_247' title='bbox 3518 1719 3786 1776; x_wconf 84' lang='lat' dir='ltr'><strong>acceptum</strong></span> 
     </span>
    </p>
   </div>
   <div class='ocr_carea' id='block_1_31' title="bbox 2210 1794 3789 1871">
    <p class='ocr_par' dir='ltr' id='par_1_31' title="bbox 2210 1794 3789 1871">
     <span class='ocr_line' id='line_1_31' title="bbox 2210 1794 3789 1871; baseline 0.005 -22"><span class='ocrx_word' id='word_1_248' title='bbox 2210 1794 2480 1866; x_wconf 78' lang='lat' dir='ltr'><strong>ingenium</strong></span> <span class='ocrx_word' id='word_1_249' title='bbox 2512 1795 2568 1850; x_wconf 89' lang='lat' dir='ltr'><strong>in</strong></span> <span class='ocrx_word' id='word_1_250' title='bbox 2601 1798 2833 1852; x_wconf 84' lang='lat' dir='ltr'><strong>terrenis</strong></span> <span class='ocrx_word' id='word_1_251' title='bbox 2856 1798 3066 1852; x_wconf 88' lang='lat' dir='ltr'><strong>actibus</strong></span> <span class='ocrx_word' id='word_1_252' title='bbox 3088 1798 3386 1866; x_wconf 89' lang='lat' dir='ltr'><strong>implicare,</strong></span> <span class='ocrx_word' id='word_1_253' title='bbox 3412 1799 3626 1855; x_wconf 84' lang='lat' dir='ltr'><strong>lucrum</strong></span> <span class='ocrx_word' id='word_1_254' title='bbox 3649 1804 3789 1871; x_wconf 82' lang='lat' dir='ltr'><strong>spiri-</strong></span> 
     </span>
    </p>
   </div>
   <div class='ocr_carea' id='block_1_32' title="bbox 2211 1885 3786 1964">
    <p class='ocr_par' dir='ltr' id='par_1_32' title="bbox 2211 1885 3786 1964">
     <span class='ocr_line' id='line_1_32' title="bbox 2211 1885 3786 1964; baseline 0.004 -22"><span class='ocrx_word' id='word_1_255' title='bbox 2211 1885 2318 1942; x_wconf 68' lang='lat' dir='ltr'><strong>tale</strong></span> <span class='ocrx_word' id='word_1_256' title='bbox 2349 1903 2453 1942; x_wconf 90' lang='lat' dir='ltr'><strong>non</strong></span> <span class='ocrx_word' id='word_1_257' title='bbox 2483 1899 2750 1958; x_wconf 77' lang='lat' dir='ltr'><strong>qtuerere,</strong></span> <span class='ocrx_word' id='word_1_258' title='bbox 2779 1903 2872 1945; x_wconf 89' lang='lat' dir='ltr'><strong>cor</strong></span> <span class='ocrx_word' id='word_1_259' title='bbox 2895 1904 2926 1944; x_wconf 86' lang='lat' dir='ltr'><strong>a</strong></span> <span class='ocrx_word' id='word_1_260' title='bbox 2949 1891 3181 1946; x_wconf 88' lang='lat' dir='ltr'><strong>terrenis</strong></span> <span class='ocrx_word' id='word_1_261' title='bbox 3207 1891 3492 1947; x_wconf 77' lang='lat' dir='ltr'><strong>desideriis</strong></span> <span class='ocrx_word' id='word_1_262' title='bbox 3521 1908 3786 1964; x_wconf 77' lang='lat' dir='ltr'><strong>nunquam</strong></span> 
     </span>
    </p>
   </div>
   <div class='ocr_carea' id='block_1_33' title="bbox 523 1963 3790 2059">
    <p class='ocr_par' dir='ltr' id='par_1_33' title="bbox 523 1963 3790 2059">
     <span class='ocr_line' id='line_1_33' title="bbox 523 1963 3790 2059; baseline 0 -16"><span class='ocrx_word' id='word_1_263' title='bbox 523 1991 626 2046; x_wconf 90' lang='lat' dir='ltr'><strong>alia</strong></span> <span class='ocrx_word' id='word_1_264' title='bbox 644 1990 926 2056; x_wconf 86' lang='lat' dir='ltr'><strong>faciamus,</strong></span> <span class='ocrx_word' id='word_1_265' title='bbox 950 1999 1003 2047; x_wconf 91' lang='lat' dir='ltr'><strong>et</strong></span> <span class='ocrx_word' id='word_1_266' title='bbox 1024 2006 1148 2046; x_wconf 89' lang='lat' dir='ltr'><strong>eum</strong></span> <span class='ocrx_word' id='word_1_267' title='bbox 1163 1990 1277 2057; x_wconf 85' lang='lat' dir='ltr'><strong>jam</strong></span> <span class='ocrx_word' id='word_1_268' title='bbox 1298 2004 1364 2044; x_wconf 82' lang='lat' dir='ltr'><strong>ex</strong></span> <span class='ocrx_word' id='word_1_269' title='bbox 1389 2003 1584 2059; x_wconf 83' lang='lat' dir='ltr'><strong>magno</strong></span> <span class='ocrx_word' id='word_1_270' title='bbox 1601 2001 1699 2042; x_wconf 86' lang='lat' dir='ltr'><strong>usu</strong></span> <span class='ocrx_word' id='word_1_271' title='bbox 1721 1985 2103 2057; x_wconf 85' lang='lat' dir='ltr'><strong>lacrymarum,</strong></span> <span class='ocrx_word' id='word_1_272' title='bbox 2134 1963 2181 2023; x_wconf 74' lang='grc' dir='ltr'><strong>Β</strong></span> <span class='ocrx_word' id='word_1_273' title='bbox 2209 1975 2406 2033; x_wconf 70' lang='lat' dir='ltr'><strong>levare.</strong></span> <span class='ocrx_word' id='word_1_274' title='bbox 2451 1999 2471 2030; x_wconf 75' lang='grc' dir='ltr'>σ</span> <span class='ocrx_word' id='word_1_275' title='bbox 2505 1978 2644 2034; x_wconf 71' lang='lat' dir='ltr'><strong>Sunt</strong></span> <span class='ocrx_word' id='word_1_276' title='bbox 2674 1993 2942 2051; x_wconf 68' lang='lat' dir='ltr'><strong>namque,</strong></span> <span class='ocrx_word' id='word_1_277' title='bbox 2990 1989 3050 2035; x_wconf 77' lang='grc' dir='ltr'><strong>ιιι</strong></span> <span class='ocrx_word' id='word_1_278' title='bbox 3096 1982 3284 2037; x_wconf 67' lang='grc' dir='ltr'><strong>ὺθίιιυε</strong></span> <span class='ocrx_word' id='word_1_279' title='bbox 3328 1983 3463 2038; x_wconf 60' lang='lat' dir='ltr'><strong>die“</strong></span> <span class='ocrx_word' id='word_1_280' title='bbox 3507 1983 3790 2055; x_wconf 65' lang='lat' dir='ltr'><strong>Gregorius</strong></span> 
     </span>
    </p>
   </div>
   <div class='ocr_carea' id='block_1_34' title="bbox 522 2081 2106 2156">
    <p class='ocr_par' dir='ltr' id='par_1_34' title="bbox 522 2081 2106 2156">
     <span class='ocr_line' id='line_1_34' title="bbox 522 2081 2106 2156; baseline -0.004 -16"><span class='ocrx_word' id='word_1_281' title='bbox 522 2085 590 2140; x_wconf 91' lang='lat' dir='ltr'><strong>de</strong></span> <span class='ocrx_word' id='word_1_282' title='bbox 614 2093 960 2156; x_wconf 85' lang='lat' dir='ltr'><strong>peccatorum</strong></span> <span class='ocrx_word' id='word_1_283' title='bbox 996 2085 1316 2140; x_wconf 86' lang='lat' dir='ltr'><strong>remissione</strong></span> <span class='ocrx_word' id='word_1_284' title='bbox 1357 2084 1583 2154; x_wconf 83' lang='lat' dir='ltr'><strong>coeperit</strong></span> <span class='ocrx_word' id='word_1_285' title='bbox 1611 2097 1730 2138; x_wconf 83' lang='lat' dir='ltr'><strong>esse</strong></span> <span class='ocrx_word' id='word_1_286' title='bbox 1767 2081 1980 2145; x_wconf 83' lang='lat' dir='ltr'><strong>fiducia,</strong></span> <span class='ocrx_word' id='word_1_287' title='bbox 2011 2096 2106 2151; x_wconf 87' lang='lat' dir='ltr'><strong>per</strong></span> 
     </span>
    </p>
   </div>
   <div class='ocr_carea' id='block_1_35' title="bbox 519 2175 2105 2250">
    <p class='ocr_par' dir='ltr' id='par_1_35' title="bbox 519 2175 2105 2250">
     <span class='ocr_line' id='line_1_35' title="bbox 519 2175 2105 2250; baseline -0.001 -18"><span class='ocrx_word' id='word_1_288' title='bbox 519 2180 683 2233; x_wconf 86' lang='lat' dir='ltr'><strong>verba</strong></span> <span class='ocrx_word' id='word_1_289' title='bbox 709 2179 802 2234; x_wconf 88' lang='lat' dir='ltr'><strong>Dei</strong></span> <span class='ocrx_word' id='word_1_290' title='bbox 825 2194 944 2250; x_wconf 69' lang='lat' dir='ltr'><strong>qua:</strong></span> <span class='ocrx_word' id='word_1_291' title='bbox 969 2178 1318 2250; x_wconf 77' lang='lat' dir='ltr'><strong>intelligimus</strong></span> <span class='ocrx_word' id='word_1_292' title='bbox 1340 2220 1354 2244; x_wconf 95' lang='lat'><strong>,</strong></span> <span class='ocrx_word' id='word_1_293' title='bbox 1379 2179 1448 2232; x_wconf 86' lang='lat' dir='ltr'><strong>ad</strong></span> <span class='ocrx_word' id='word_1_294' title='bbox 1470 2177 1638 2231; x_wconf 87' lang='lat' dir='ltr'><strong>vitam</strong></span> <span class='ocrx_word' id='word_1_295' title='bbox 1662 2177 1878 2246; x_wconf 86' lang='lat' dir='ltr'><strong>quoque</strong></span> <span class='ocrx_word' id='word_1_296' title='bbox 1903 2185 1955 2230; x_wconf 89' lang='lat' dir='ltr'><strong>et</strong></span> <span class='ocrx_word' id='word_1_297' title='bbox 1973 2175 2105 2230; x_wconf 85' lang='lat' dir='ltr'><strong>alios</strong></span> 
     </span>
    </p>
   </div>
   <div class='ocr_carea' id='block_1_36' title="bbox 520 2267 2107 2341">
    <p class='ocr_par' dir='ltr' id='par_1_36' title="bbox 520 2267 2107 2341">
     <span class='ocr_line' id='line_1_36' title="bbox 520 2267 2107 2341; baseline -0.002 -17"><span class='ocrx_word' id='word_1_298' title='bbox 520 2272 816 2326; x_wconf 83' lang='lat' dir='ltr'><strong>traltamus.</strong></span> <span class='ocrx_word' id='word_1_299' title='bbox 855 2271 936 2326; x_wconf 80' lang='lat' dir='ltr'><strong>Ad</strong></span> <span class='ocrx_word' id='word_1_300' title='bbox 967 2271 1070 2328; x_wconf 88' lang='lat' dir='ltr'><strong>hoc</strong></span> <span class='ocrx_word' id='word_1_301' title='bbox 1092 2271 1238 2327; x_wconf 92' lang='lat' dir='ltr'><strong>enim</strong></span> <span class='ocrx_word' id='word_1_302' title='bbox 1269 2267 1615 2341; x_wconf 77' lang='lat' dir='ltr'><strong>intelligentia</strong></span> <span class='ocrx_word' id='word_1_303' title='bbox 1645 2279 1802 2334; x_wconf 87' lang='lat' dir='ltr'><strong>sunt,</strong></span> <span class='ocrx_word' id='word_1_304' title='bbox 1836 2277 1894 2322; x_wconf 91' lang='lat' dir='ltr'><strong>ut</strong></span> <span class='ocrx_word' id='word_1_305' title='bbox 1920 2275 1973 2322; x_wconf 90' lang='lat' dir='ltr'><strong>et</strong></span> <span class='ocrx_word' id='word_1_306' title='bbox 2016 2281 2107 2322; x_wconf 83' lang='lat' dir='ltr'><strong>no-</strong></span> 
     </span>
    </p>
   </div>
   <div class='ocr_carea' id='block_1_37' title="bbox 515 2353 2098 2435">
    <p class='ocr_par' dir='ltr' id='par_1_37' title="bbox 515 2353 2098 2435">
     <span class='ocr_line' id='line_1_37' title="bbox 515 2353 2098 2435; baseline -0.004 -18"><span class='ocrx_word' id='word_1_307' title='bbox 515 2363 599 2419; x_wconf 86' lang='lat' dir='ltr'><strong>bis</strong></span> <span class='ocrx_word' id='word_1_308' title='bbox 615 2364 845 2435; x_wconf 88' lang='lat' dir='ltr'><strong>prosint,</strong></span> <span class='ocrx_word' id='word_1_309' title='bbox 868 2372 922 2422; x_wconf 89' lang='lat' dir='ltr'><strong>et</strong></span> <span class='ocrx_word' id='word_1_310' title='bbox 946 2365 1242 2420; x_wconf 87' lang='lat' dir='ltr'><strong>intentione</strong></span> <span class='ocrx_word' id='word_1_311' title='bbox 1267 2353 1530 2433; x_wconf 86' lang='lat' dir='ltr'><strong>spirituali</strong></span> <span class='ocrx_word' id='word_1_312' title='bbox 1549 2361 1668 2416; x_wconf 87' lang='lat' dir='ltr'><strong>aliis</strong></span> <span class='ocrx_word' id='word_1_313' title='bbox 1691 2359 2055 2416; x_wconf 86' lang='lat' dir='ltr'><strong>conferantur.</strong></span> <span class='ocrx_word' id='word_1_314' title='bbox 2079 2377 2098 2410; x_wconf 73' lang='lat' dir='ltr'><strong>i</strong></span> 
     </span>
    </p>
   </div>
   <div class='ocr_carea' id='block_1_38' title="bbox 1075 2473 1538 2535">
    <p class='ocr_par' dir='ltr' id='par_1_38' title="bbox 1075 2473 1538 2535">
     <span class='ocr_line' id='line_1_38' title="bbox 1075 2473 1538 2535; baseline -0.006 0"><span class='ocrx_word' id='word_1_315' title='bbox 1075 2475 1303 2535; x_wconf 78' lang='lat' dir='ltr'><strong>CAPUT</strong></span> <span class='ocrx_word' id='word_1_316' title='bbox 1353 2473 1538 2532; x_wconf 79' lang='lat' dir='ltr'><strong>XLIX.</strong></span> 
     </span>
    </p>
   </div>
   <div class='ocr_carea' id='block_1_39' title="bbox 519 2562 2104 2638">
    <p class='ocr_par' dir='ltr' id='par_1_39' title="bbox 519 2562 2104 2638">
     <span class='ocr_line' id='line_1_39' title="bbox 519 2562 2104 2638; baseline -0.006 -12"><span class='ocrx_word' id='word_1_317' title='bbox 519 2570 841 2629; x_wconf 84' lang='lat' dir='ltr'><strong>Admonetur</strong></span> <span class='ocrx_word' id='word_1_318' title='bbox 856 2582 910 2628; x_wconf 71' lang='lat' dir='ltr'><strong>ut</strong></span> <span class='ocrx_word' id='word_1_319' title='bbox 937 2573 1191 2626; x_wconf 82' lang='lat' dir='ltr'><strong>talentum</strong></span> <span class='ocrx_word' id='word_1_320' title='bbox 1221 2569 1512 2624; x_wconf 84' lang='lat' dir='ltr'><strong>intellectus</strong></span> <span class='ocrx_word' id='word_1_321' title='bbox 1530 2610 1542 2631; x_wconf 89' lang='lat'><strong>,</strong></span> <span class='ocrx_word' id='word_1_322' title='bbox 1567 2563 1980 2638; x_wconf 82' lang='lat' dir='ltr'><strong>quodDominus</strong></span> <span class='ocrx_word' id='word_1_323' title='bbox 2007 2562 2104 2618; x_wconf 88' lang='lat' dir='ltr'><strong>sibi</strong></span> 
     </span>
    </p>
   </div>
   <div class='ocr_carea' id='block_1_40' title="bbox 880 2641 1727 2715">
    <p class='ocr_par' dir='ltr' id='par_1_40' title="bbox 880 2641 1727 2715">
     <span class='ocr_line' id='line_1_40' title="bbox 880 2641 1727 2715; baseline -0.007 -17"><span class='ocrx_word' id='word_1_324' title='bbox 880 2644 1108 2715; x_wconf 85' lang='lat' dir='ltr'><strong>gratuito</strong></span> <span class='ocrx_word' id='word_1_325' title='bbox 1134 2643 1273 2695; x_wconf 83' lang='lat' dir='ltr'><strong>dedit</strong></span> <span class='ocrx_word' id='word_1_326' title='bbox 1300 2683 1314 2706; x_wconf 97' lang='lat'><strong>,</strong></span> <span class='ocrx_word' id='word_1_327' title='bbox 1351 2658 1450 2694; x_wconf 88' lang='lat' dir='ltr'><strong>non</strong></span> <span class='ocrx_word' id='word_1_328' title='bbox 1487 2641 1727 2709; x_wconf 64' lang='lat' dir='ltr'><strong>negligat.</strong></span> 
     </span>
    </p>
   </div>
   <div class='ocr_carea' id='block_1_41' title="bbox 585 2725 2104 2799">
    <p class='ocr_par' dir='ltr' id='par_1_41' title="bbox 585 2725 2104 2799">
     <span class='ocr_line' id='line_1_41' title="bbox 585 2725 2104 2799; baseline -0.007 -9"><span class='ocrx_word' id='word_1_329' title='bbox 585 2735 885 2792; x_wconf 77' lang='lat' dir='ltr'><strong>Audiamus</strong></span> <span class='ocrx_word' id='word_1_330' title='bbox 927 2743 981 2790; x_wconf 91' lang='lat' dir='ltr'><strong>et</strong></span> <span class='ocrx_word' id='word_1_331' title='bbox 1011 2733 1367 2789; x_wconf 89' lang='lat' dir='ltr'><strong>obaudiamus</strong></span> <span class='ocrx_word' id='word_1_332' title='bbox 1407 2733 1624 2786; x_wconf 88' lang='lat' dir='ltr'><strong>beatum</strong></span> <span class='ocrx_word' id='word_1_333' title='bbox 1662 2725 1978 2799; x_wconf 69' lang='lat' dir='ltr'><strong>Apostolum‘</strong></span> <span class='ocrx_word' id='word_1_334' title='bbox 2023 2739 2104 2781; x_wconf 87' lang='lat' dir='ltr'><strong>sc-</strong></span> 
     </span>
    </p>
   </div>
   <div class='ocr_carea' id='block_1_42' title="bbox 517 2821 2104 2895">
    <p class='ocr_par' dir='ltr' id='par_1_42' title="bbox 517 2821 2104 2895">
     <span class='ocr_line' id='line_1_42' title="bbox 517 2821 2104 2895; baseline -0.006 -12"><span class='ocrx_word' id='word_1_335' title='bbox 517 2843 641 2883; x_wconf 89' lang='lat' dir='ltr'><strong>cum</strong></span> <span class='ocrx_word' id='word_1_336' title='bbox 673 2843 772 2882; x_wconf 89' lang='lat' dir='ltr'><strong>nos</strong></span> <span class='ocrx_word' id='word_1_337' title='bbox 805 2823 1184 2881; x_wconf 87' lang='lat' dir='ltr'><strong>admonentem</strong></span> <span class='ocrx_word' id='word_1_338' title='bbox 1213 2841 1224 2877; x_wconf 90' lang='lat'>:</span> <span class='ocrx_word' id='word_1_339' title='bbox 1256 2821 1377 2877; x_wconf 85' lang='lat' dir='ltr'><strong>Non</strong></span> <span class='ocrx_word' id='word_1_340' title='bbox 1416 2824 1699 2895; x_wconf 68' lang='lat' dir='ltr'><strong>efﬁciamur</strong></span> <span class='ocrx_word' id='word_1_341' title='bbox 1726 2821 1897 2876; x_wconf 82' lang='lat' dir='ltr'><strong>inanis</strong></span> <span class='ocrx_word' id='word_1_342' title='bbox 1923 2821 2104 2891; x_wconf 58' lang='lat' dir='ltr'><strong>gloria’</strong></span> 
     </span>
    </p>
   </div>
   <div class='ocr_carea' id='block_1_43' title="bbox 514 2913 2099 2990">
    <p class='ocr_par' dir='ltr' id='par_1_43' title="bbox 514 2913 2099 2990">
     <span class='ocr_line' id='line_1_43' title="bbox 514 2913 2099 2990; baseline -0.003 -18"><span class='ocrx_word' id='word_1_343' title='bbox 514 2920 712 2990; x_wconf 88' lang='lat' dir='ltr'><strong>cupidi,</strong></span> <span class='ocrx_word' id='word_1_344' title='bbox 728 2919 945 2974; x_wconf 86' lang='lat' dir='ltr'><strong>invicem</strong></span> <span class='ocrx_word' id='word_1_345' title='bbox 961 2917 1265 2984; x_wconf 78' lang='lat' dir='ltr'><strong>invidentes,</strong></span> <span class='ocrx_word' id='word_1_346' title='bbox 1291 2917 1507 2970; x_wconf 74' lang='lat' dir='ltr'><strong>invicem</strong></span> <span class='ocrx_word' id='word_1_347' title='bbox 1526 2924 1858 2985; x_wconf 78' lang='lat' dir='ltr'><strong>provocantes</strong></span> <span class='ocrx_word' id='word_1_348' title='bbox 1877 2913 2099 2986; x_wconf 82' lang='lat' dir='ltr'><strong>(Gal.v);</strong></span> 
     </span>
    </p>
   </div>
   <div class='ocr_carea' id='block_1_44' title="bbox 514 3006 2098 3078">
    <p class='ocr_par' dir='ltr' id='par_1_44' title="bbox 514 3006 2098 3078">
     <span class='ocr_line' id='line_1_44' title="bbox 514 3006 2098 3078; baseline -0.006 -11"><span class='ocrx_word' id='word_1_349' title='bbox 514 3020 567 3067; x_wconf 92' lang='lat' dir='ltr'><strong>et</strong></span> <span class='ocrx_word' id='word_1_350' title='bbox 592 3013 787 3067; x_wconf 84' lang='lat' dir='ltr'><strong>iterum</strong></span> <span class='ocrx_word' id='word_1_351' title='bbox 819 3011 974 3067; x_wconf 87' lang='lat' dir='ltr'><strong>nobis</strong></span> <span class='ocrx_word' id='word_1_352' title='bbox 1011 3011 1140 3065; x_wconf 83' lang='lat' dir='ltr'><strong>dicit</strong></span> <span class='ocrx_word' id='word_1_353' title='bbox 1174 3028 1186 3062; x_wconf 91' lang='lat'><strong>:</strong></span> <span class='ocrx_word' id='word_1_354' title='bbox 1233 3007 1408 3062; x_wconf 84' lang='lat' dir='ltr'><strong>Videte</strong></span> <span class='ocrx_word' id='word_1_355' title='bbox 1439 3006 1698 3078; x_wconf 86' lang='lat' dir='ltr'><strong>quomodo</strong></span> <span class='ocrx_word' id='word_1_356' title='bbox 1740 3015 1889 3060; x_wconf 84' lang='lat' dir='ltr'><strong>caute</strong></span> <span class='ocrx_word' id='word_1_357' title='bbox 1916 3007 2098 3059; x_wconf 85' lang='lat' dir='ltr'><strong>ambu-</strong></span> 
     </span>
    </p>
   </div>
   <div class='ocr_carea' id='block_1_45' title="bbox 513 3097 2102 3171">
    <p class='ocr_par' dir='ltr' id='par_1_45' title="bbox 513 3097 2102 3171">
     <span class='ocr_line' id='line_1_45' title="bbox 513 3097 2102 3171; baseline -0.001 -17"><span class='ocrx_word' id='word_1_358' title='bbox 513 3102 656 3170; x_wconf 85' lang='lat' dir='ltr'><strong>letis,</strong></span> <span class='ocrx_word' id='word_1_359' title='bbox 685 3119 788 3157; x_wconf 85' lang='lat' dir='ltr'><strong>non</strong></span> <span class='ocrx_word' id='word_1_360' title='bbox 818 3111 872 3155; x_wconf 90' lang='lat' dir='ltr'><strong>ut</strong></span> <span class='ocrx_word' id='word_1_361' title='bbox 896 3101 1223 3171; x_wconf 81' lang='lat' dir='ltr'><strong>insipientes,</strong></span> <span class='ocrx_word' id='word_1_362' title='bbox 1256 3098 1345 3153; x_wconf 85' lang='lat' dir='ltr'><strong>sed</strong></span> <span class='ocrx_word' id='word_1_363' title='bbox 1378 3108 1430 3152; x_wconf 86' lang='lat' dir='ltr'><strong>ut</strong></span> <span class='ocrx_word' id='word_1_364' title='bbox 1456 3099 1712 3169; x_wconf 76' lang='lat' dir='ltr'><strong>sapientes</strong></span> <span class='ocrx_word' id='word_1_365' title='bbox 1739 3114 1756 3152; x_wconf 92' lang='lat'><em>:</em></span> <span class='ocrx_word' id='word_1_366' title='bbox 1793 3097 2102 3152; x_wconf 81' lang='lat' dir='ltr'><strong>redimentes</strong></span> 
     </span>
    </p>
   </div>
   <div class='ocr_carea' id='block_1_46' title="bbox 512 3190 2092 3268">
    <p class='ocr_par' dir='ltr' id='par_1_46' title="bbox 512 3190 2092 3268">
     <span class='ocr_line' id='line_1_46' title="bbox 512 3190 2092 3268; baseline -0.002 -20"><span class='ocrx_word' id='word_1_367' title='bbox 512 3204 744 3267; x_wconf 84' lang='lat' dir='ltr'><strong>tempus,</strong></span> <span class='ocrx_word' id='word_1_368' title='bbox 778 3197 1026 3268; x_wconf 83' lang='lat' dir='ltr'><strong>quoniam</strong></span> <span class='ocrx_word' id='word_1_369' title='bbox 1053 3195 1162 3248; x_wconf 83' lang='lat' dir='ltr'><strong>dies</strong></span> <span class='ocrx_word' id='word_1_370' title='bbox 1191 3193 1318 3247; x_wconf 86' lang='lat' dir='ltr'><strong>mali</strong></span> <span class='ocrx_word' id='word_1_371' title='bbox 1351 3201 1471 3248; x_wconf 82' lang='lat' dir='ltr'><strong>sunt</strong></span> <span class='ocrx_word' id='word_1_372' title='bbox 1501 3193 1714 3263; x_wconf 82' lang='lat' dir='ltr'><strong>(Ep/tes.</strong></span> <span class='ocrx_word' id='word_1_373' title='bbox 1749 3193 1886 3265; x_wconf 82' lang='lat' dir='ltr'><strong>v),et</strong></span> <span class='ocrx_word' id='word_1_374' title='bbox 1914 3209 1927 3247; x_wconf 86' lang='lat'><strong>:</strong></span> <span class='ocrx_word' id='word_1_375' title='bbox 1966 3190 2092 3247; x_wconf 80' lang='lat' dir='ltr'><strong>Sub-</strong></span> 
     </span>
    </p>
   </div>
   <div class='ocr_carea' id='block_1_47' title="bbox 501 3283 2096 3356">
    <p class='ocr_par' dir='ltr' id='par_1_47' title="bbox 501 3283 2096 3356">
     <span class='ocr_line' id='line_1_47' title="bbox 501 3283 2096 3356; baseline -0.004 -14"><span class='ocrx_word' id='word_1_376' title='bbox 501 3287 632 3356; x_wconf 81' lang='lat' dir='ltr'><strong>jccti</strong></span> <span class='ocrx_word' id='word_1_377' title='bbox 678 3298 835 3343; x_wconf 87' lang='lat' dir='ltr'><strong>estote</strong></span> <span class='ocrx_word' id='word_1_378' title='bbox 878 3285 1092 3342; x_wconf 80' lang='lat' dir='ltr'><strong>invicem</strong></span> <span class='ocrx_word' id='word_1_379' title='bbox 1139 3288 1193 3341; x_wconf 87' lang='lat' dir='ltr'><strong>in</strong></span> <span class='ocrx_word' id='word_1_380' title='bbox 1240 3288 1422 3340; x_wconf 86' lang='lat' dir='ltr'><strong>timore</strong></span> <span class='ocrx_word' id='word_1_381' title='bbox 1479 3284 1674 3340; x_wconf 83' lang='lat' dir='ltr'><strong>Christi</strong></span> <span class='ocrx_word' id='word_1_382' title='bbox 1721 3283 1949 3355; x_wconf 73' lang='lat' dir='ltr'><strong>(ibid.);</strong></span> <span class='ocrx_word' id='word_1_383' title='bbox 2003 3292 2096 3339; x_wconf 89' lang='lat' dir='ltr'><strong>et:</strong></span> 
     </span>
    </p>
   </div>
   <div class='ocr_carea' id='block_1_48' title="bbox 511 3375 2095 3450">
    <p class='ocr_par' dir='ltr' id='par_1_48' title="bbox 511 3375 2095 3450">
     <span class='ocr_line' id='line_1_48' title="bbox 511 3375 2095 3450; baseline -0.002 -20"><span class='ocrx_word' id='word_1_384' title='bbox 511 3380 658 3432; x_wconf 86' lang='lat' dir='ltr'><strong>Alter</strong></span> <span class='ocrx_word' id='word_1_385' title='bbox 688 3378 908 3435; x_wconf 81' lang='lat' dir='ltr'><strong>alterius</strong></span> <span class='ocrx_word' id='word_1_386' title='bbox 930 3396 1088 3435; x_wconf 86' lang='lat' dir='ltr'><strong>onera</strong></span> <span class='ocrx_word' id='word_1_387' title='bbox 1115 3385 1318 3450; x_wconf 86' lang='lat' dir='ltr'><strong>portate</strong></span> <span class='ocrx_word' id='word_1_388' title='bbox 1340 3419 1353 3443; x_wconf 96' lang='lat'><strong>,</strong></span> <span class='ocrx_word' id='word_1_389' title='bbox 1390 3386 1436 3431; x_wconf 86' lang='lat' dir='ltr'><strong>et</strong></span> <span class='ocrx_word' id='word_1_390' title='bbox 1459 3377 1534 3431; x_wconf 85' lang='lat' dir='ltr'><strong>sic</strong></span> <span class='ocrx_word' id='word_1_391' title='bbox 1562 3375 1908 3446; x_wconf 86' lang='lat' dir='ltr'><strong>adintplebitis</strong></span> <span class='ocrx_word' id='word_1_392' title='bbox 1936 3375 2095 3445; x_wconf 78' lang='lat' dir='ltr'><strong>legem</strong></span> 
     </span>
    </p>
   </div>
   <div class='ocr_carea' id='block_1_49' title="bbox 517 3467 2100 3544">
    <p class='ocr_par' dir='ltr' id='par_1_49' title="bbox 517 3467 2100 3544">
     <span class='ocr_line' id='line_1_49' title="bbox 517 3467 2100 3544; baseline -0.003 -19"><span class='ocrx_word' id='word_1_393' title='bbox 517 3471 710 3527; x_wconf 80' lang='lat' dir='ltr'><strong>Christi</strong></span> <span class='ocrx_word' id='word_1_394' title='bbox 761 3470 904 3544; x_wconf 82' lang='lat' dir='ltr'><strong>(Gal.</strong></span> <span class='ocrx_word' id='word_1_395' title='bbox 930 3473 1014 3544; x_wconf 85' lang='lat' dir='ltr'><strong>vt)</strong></span> <span class='ocrx_word' id='word_1_396' title='bbox 1042 3489 1054 3538; x_wconf 94' lang='lat'>;</span> <span class='ocrx_word' id='word_1_397' title='bbox 1089 3481 1145 3527; x_wconf 85' lang='lat' dir='ltr'><strong>et</strong></span> <span class='ocrx_word' id='word_1_398' title='bbox 1177 3487 1191 3525; x_wconf 91' lang='lat'>:</span> <span class='ocrx_word' id='word_1_399' title='bbox 1225 3467 1440 3524; x_wconf 83' lang='lat' dir='ltr'><strong>Honore</strong></span> <span class='ocrx_word' id='word_1_400' title='bbox 1477 3469 1693 3524; x_wconf 82' lang='lat' dir='ltr'><strong>invicem</strong></span> <span class='ocrx_word' id='word_1_401' title='bbox 1733 3468 2100 3538; x_wconf 74' lang='lat' dir='ltr'><strong>pt-trrettientes</strong></span> 
     </span>
    </p>
   </div>
   <div class='ocr_carea' id='block_1_50' title="bbox 509 3559 2096 3639">
    <p class='ocr_par' dir='ltr' id='par_1_50' title="bbox 509 3559 2096 3639">
     <span class='ocr_line' id='line_1_50' title="bbox 509 3559 2096 3639; baseline -0.004 -21"><span class='ocrx_word' id='word_1_402' title='bbox 509 3561 682 3635; x_wconf 82' lang='lat' dir='ltr'><strong>(Rom.</strong></span> <span class='ocrx_word' id='word_1_403' title='bbox 721 3565 842 3639; x_wconf 81' lang='lat' dir='ltr'><strong>xu).</strong></span> <span class='ocrx_word' id='word_1_404' title='bbox 877 3565 972 3622; x_wconf 89' lang='lat' dir='ltr'><strong>Dic</strong></span> <span class='ocrx_word' id='word_1_405' title='bbox 995 3565 1164 3620; x_wconf 88' lang='lat' dir='ltr'><strong>frater</strong></span> <span class='ocrx_word' id='word_1_406' title='bbox 1191 3581 1253 3620; x_wconf 88' lang='lat' dir='ltr'><strong>ac</strong></span> <span class='ocrx_word' id='word_1_407' title='bbox 1284 3564 1361 3618; x_wconf 85' lang='lat' dir='ltr'><strong>fili</strong></span> <span class='ocrx_word' id='word_1_408' title='bbox 1385 3606 1398 3631; x_wconf 94' lang='lat'><strong>,</strong></span> <span class='ocrx_word' id='word_1_409' title='bbox 1442 3561 1570 3633; x_wconf 90' lang='lat' dir='ltr'><strong>quid</strong></span> <span class='ocrx_word' id='word_1_410' title='bbox 1603 3561 1747 3615; x_wconf 88' lang='lat' dir='ltr'><strong>aliud</strong></span> <span class='ocrx_word' id='word_1_411' title='bbox 1775 3572 1807 3615; x_wconf 91' lang='lat' dir='ltr'><strong>a</strong></span> <span class='ocrx_word' id='word_1_412' title='bbox 1834 3567 1888 3616; x_wconf 87' lang='lat' dir='ltr'><strong>te</strong></span> <span class='ocrx_word' id='word_1_413' title='bbox 1909 3559 2096 3629; x_wconf 81' lang='lat' dir='ltr'><strong>exegi,</strong></span> 
     </span>
    </p>
   </div>
   <div class='ocr_carea' id='block_1_51' title="bbox 508 3654 2100 3729">
    <p class='ocr_par' dir='ltr' id='par_1_51' title="bbox 508 3654 2100 3729">
     <span class='ocr_line' id='line_1_51' title="bbox 508 3654 2100 3729; baseline -0.001 -20"><span class='ocrx_word' id='word_1_414' title='bbox 508 3665 795 3726; x_wconf 88' lang='lat' dir='ltr'><strong>postquam</strong></span> <span class='ocrx_word' id='word_1_415' title='bbox 844 3656 1129 3729; x_wconf 89' lang='lat' dir='ltr'><strong>episcopus</strong></span> <span class='ocrx_word' id='word_1_416' title='bbox 1173 3657 1347 3712; x_wconf 83' lang='lat' dir='ltr'><strong>factus</strong></span> <span class='ocrx_word' id='word_1_417' title='bbox 1385 3671 1471 3720; x_wconf 92' lang='lat' dir='ltr'><strong>es,</strong></span> <span class='ocrx_word' id='word_1_418' title='bbox 1503 3663 1557 3710; x_wconf 87' lang='lat' dir='ltr'><strong>et</strong></span> <span class='ocrx_word' id='word_1_419' title='bbox 1600 3654 1816 3710; x_wconf 80' lang='lat' dir='ltr'><strong>divitias</strong></span> <span class='ocrx_word' id='word_1_420' title='bbox 1855 3660 2100 3708; x_wconf 83' lang='lat' dir='ltr'><strong>terrenas</strong></span> 
     </span>
    </p>
   </div>
   <div class='ocr_carea' id='block_1_52' title="bbox 513 3743 2099 3820">
    <p class='ocr_par' dir='ltr' id='par_1_52' title="bbox 513 3743 2099 3820">
     <span class='ocr_line' id='line_1_52' title="bbox 513 3743 2099 3820; baseline -0.001 -18"><span class='ocrx_word' id='word_1_421' title='bbox 513 3743 738 3819; x_wconf 84' lang='lat' dir='ltr'><strong>adeptus</strong></span> <span class='ocrx_word' id='word_1_422' title='bbox 766 3767 854 3816; x_wconf 85' lang='lat' dir='ltr'><strong>cs,</strong></span> <span class='ocrx_word' id='word_1_423' title='bbox 912 3753 1013 3807; x_wconf 86' lang='lat' dir='ltr'><strong>nisi</strong></span> <span class='ocrx_word' id='word_1_424' title='bbox 1054 3762 1113 3806; x_wconf 89' lang='lat' dir='ltr'><strong>ut</strong></span> <span class='ocrx_word' id='word_1_425' title='bbox 1156 3753 1323 3807; x_wconf 86' lang='lat' dir='ltr'><strong>Deum</strong></span> <span class='ocrx_word' id='word_1_426' title='bbox 1374 3750 1603 3807; x_wconf 84' lang='lat' dir='ltr'><strong>haberes</strong></span> <span class='ocrx_word' id='word_1_427' title='bbox 1642 3747 1963 3820; x_wconf 59' lang='lat' dir='ltr'><strong>placabilen‘t</strong></span> <span class='ocrx_word' id='word_1_428' title='bbox 1990 3757 2014 3812; x_wconf 87' lang='lat'><strong>,&#39;</strong></span> <span class='ocrx_word' id='word_1_429' title='bbox 2047 3755 2099 3803; x_wconf 90' lang='lat' dir='ltr'><strong>et</strong></span> 
     </span>
    </p>
   </div>
   <div class='ocr_carea' id='block_1_53' title="bbox 508 3842 2098 3916">
    <p class='ocr_par' dir='ltr' id='par_1_53' title="bbox 508 3842 2098 3916">
     <span class='ocr_line' id='line_1_53' title="bbox 508 3842 2098 3916; baseline 0 -20"><span class='ocrx_word' id='word_1_430' title='bbox 508 3842 889 3914; x_wconf 89' lang='lat' dir='ltr'><strong>episcopaliter</strong></span> <span class='ocrx_word' id='word_1_431' title='bbox 911 3845 1098 3900; x_wconf 88' lang='lat' dir='ltr'><strong>vivens</strong></span> <span class='ocrx_word' id='word_1_432' title='bbox 1118 3887 1131 3913; x_wconf 91' lang='lat'><strong>,</strong></span> <span class='ocrx_word' id='word_1_433' title='bbox 1154 3858 1207 3900; x_wconf 89' lang='lat' dir='ltr'><strong>et</strong></span> <span class='ocrx_word' id='word_1_434' title='bbox 1233 3845 1590 3916; x_wconf 82' lang='lat' dir='ltr'><strong>episc0palcm</strong></span> <span class='ocrx_word' id='word_1_435' title='bbox 1621 3843 1996 3898; x_wconf 85' lang='lat' dir='ltr'><strong>habitudinem</strong></span> <span class='ocrx_word' id='word_1_436' title='bbox 2015 3857 2098 3912; x_wconf 78' lang='lat' dir='ltr'><strong>ge-</strong></span> 
     </span>
    </p>
   </div>
   <div class='ocr_carea' id='block_1_54' title="bbox 506 3937 2098 4006">
    <p class='ocr_par' dir='ltr' id='par_1_54' title="bbox 506 3937 2098 4006">
     <span class='ocr_line' id='line_1_54' title="bbox 506 3937 2098 4006; baseline -0.001 -15"><span class='ocrx_word' id='word_1_437' title='bbox 506 3952 632 3992; x_wconf 89' lang='lat' dir='ltr'><strong>rens</strong></span> <span class='ocrx_word' id='word_1_438' title='bbox 662 3979 676 4004; x_wconf 89' lang='lat'><strong>,</strong></span> <span class='ocrx_word' id='word_1_439' title='bbox 728 3947 780 3993; x_wconf 91' lang='lat' dir='ltr'><strong>te</strong></span> <span class='ocrx_word' id='word_1_440' title='bbox 828 3939 1140 3993; x_wconf 83' lang='lat' dir='ltr'><strong>hominibus</strong></span> <span class='ocrx_word' id='word_1_441' title='bbox 1188 3939 1395 3994; x_wconf 87' lang='lat' dir='ltr'><strong>faceres</strong></span> <span class='ocrx_word' id='word_1_442' title='bbox 1438 3937 1847 3993; x_wconf 86' lang='lat' dir='ltr'><strong>venerabilem?</strong></span> <span class='ocrx_word' id='word_1_443' title='bbox 1893 3946 1948 3992; x_wconf 90' lang='lat' dir='ltr'><strong>et</strong></span> <span class='ocrx_word' id='word_1_444' title='bbox 1999 3951 2098 4006; x_wconf 90' lang='lat' dir='ltr'><strong>pro</strong></span> 
     </span>
    </p>
   </div>
   <div class='ocr_carea' id='block_1_55' title="bbox 506 4028 2094 4100">
    <p class='ocr_par' dir='ltr' id='par_1_55' title="bbox 506 4028 2094 4100">
     <span class='ocr_line' id='line_1_55' title="bbox 506 4028 2094 4100; baseline 0.001 -20"><span class='ocrx_word' id='word_1_445' title='bbox 506 4031 703 4100; x_wconf 86' lang='lat' dir='ltr'><strong>quibus</strong></span> <span class='ocrx_word' id='word_1_446' title='bbox 730 4045 815 4084; x_wconf 90' lang='lat' dir='ltr'><strong>me</strong></span> <span class='ocrx_word' id='word_1_447' title='bbox 838 4037 1026 4082; x_wconf 89' lang='lat' dir='ltr'><strong>contra</strong></span> <span class='ocrx_word' id='word_1_448' title='bbox 1054 4037 1104 4082; x_wconf 90' lang='lat' dir='ltr'><strong>te</strong></span> <span class='ocrx_word' id='word_1_449' title='bbox 1128 4029 1394 4083; x_wconf 84' lang='lat' dir='ltr'><strong>commovi</strong></span> <span class='ocrx_word' id='word_1_450' title='bbox 1415 4071 1428 4096; x_wconf 91' lang='lat'><strong>,</strong></span> <span class='ocrx_word' id='word_1_451' title='bbox 1453 4028 1555 4083; x_wconf 89' lang='lat' dir='ltr'><strong>nisi</strong></span> <span class='ocrx_word' id='word_1_452' title='bbox 1576 4029 1700 4099; x_wconf 90' lang='lat' dir='ltr'><strong>quia</strong></span> <span class='ocrx_word' id='word_1_453' title='bbox 1727 4028 1886 4082; x_wconf 89' lang='lat' dir='ltr'><strong>talem</strong></span> <span class='ocrx_word' id='word_1_454' title='bbox 1913 4042 2094 4082; x_wconf 75' lang='lat' dir='ltr'><strong>coram</strong></span> 
     </span>
    </p>
   </div>
   <div class='ocr_carea' id='block_1_56' title="bbox 508 4118 2091 4188">
    <p class='ocr_par' dir='ltr' id='par_1_56' title="bbox 508 4118 2091 4188">
     <span class='ocr_line' id='line_1_56' title="bbox 508 4118 2091 4188; baseline -0.003 -12"><span class='ocrx_word' id='word_1_455' title='bbox 508 4123 617 4176; x_wconf 89' lang='lat' dir='ltr'><strong>Deo</strong></span> <span class='ocrx_word' id='word_1_456' title='bbox 646 4123 713 4176; x_wconf 88' lang='lat' dir='ltr'><strong>ad</strong></span> <span class='ocrx_word' id='word_1_457' title='bbox 742 4121 970 4176; x_wconf 87' lang='lat' dir='ltr'><strong>salutem</strong></span> <span class='ocrx_word' id='word_1_458' title='bbox 991 4162 1004 4187; x_wconf 93' lang='lat'><strong>,</strong></span> <span class='ocrx_word' id='word_1_459' title='bbox 1045 4127 1099 4174; x_wconf 88' lang='lat' dir='ltr'><strong>et</strong></span> <span class='ocrx_word' id='word_1_460' title='bbox 1145 4137 1328 4177; x_wconf 87' lang='lat' dir='ltr'><strong>coram</strong></span> <span class='ocrx_word' id='word_1_461' title='bbox 1360 4121 1557 4176; x_wconf 72' lang='lat' dir='ltr'><strong>smculo</strong></span> <span class='ocrx_word' id='word_1_462' title='bbox 1588 4121 1654 4174; x_wconf 92' lang='lat' dir='ltr'><strong>ad</strong></span> <span class='ocrx_word' id='word_1_463' title='bbox 1684 4121 1948 4175; x_wconf 89' lang='lat' dir='ltr'><strong>honorem</strong></span> <span class='ocrx_word' id='word_1_464' title='bbox 1977 4118 2091 4188; x_wconf 81' lang='lat' dir='ltr'><strong>epi-</strong></span> 
     </span>
    </p>
   </div>
   <div class='ocr_carea' id='block_1_57' title="bbox 506 4211 2090 4286">
    <p class='ocr_par' dir='ltr' id='par_1_57' title="bbox 506 4211 2090 4286">
     <span class='ocr_line' id='line_1_57' title="bbox 506 4211 2090 4286; baseline -0.005 -13"><span class='ocrx_word' id='word_1_465' title='bbox 506 4215 708 4286; x_wconf 89' lang='lat' dir='ltr'><strong>scopali</strong></span> <span class='ocrx_word' id='word_1_466' title='bbox 747 4214 1000 4285; x_wconf 78' lang='lat' dir='ltr'><strong>gravitati</strong></span> <span class='ocrx_word' id='word_1_467' title='bbox 1045 4223 1099 4269; x_wconf 83' lang='lat' dir='ltr'><strong>et</strong></span> <span class='ocrx_word' id='word_1_468' title='bbox 1129 4215 1305 4270; x_wconf 85' lang='lat' dir='ltr'><strong>ordini</strong></span> <span class='ocrx_word' id='word_1_469' title='bbox 1351 4215 1590 4271; x_wconf 90' lang='lat' dir='ltr'><strong>debitum</strong></span> <span class='ocrx_word' id='word_1_470' title='bbox 1621 4227 1742 4268; x_wconf 87' lang='lat' dir='ltr'><strong>esse</strong></span> <span class='ocrx_word' id='word_1_471' title='bbox 1769 4211 2048 4282; x_wconf 73' lang='lat' dir='ltr'><strong>cupiebam</strong></span> <span class='ocrx_word' id='word_1_472' title='bbox 2077 4254 2090 4278; x_wconf 94' lang='lat'><strong>,</strong></span> 
     </span>
    </p>
   </div>
   <div class='ocr_carea' id='block_1_58' title="bbox 504 4307 2089 4379">
    <p class='ocr_par' dir='ltr' id='par_1_58' title="bbox 504 4307 2089 4379">
     <span class='ocr_line' id='line_1_58' title="bbox 504 4307 2089 4379; baseline -0.003 -12"><span class='ocrx_word' id='word_1_473' title='bbox 504 4319 559 4368; x_wconf 91' lang='lat' dir='ltr'><strong>et</strong></span> <span class='ocrx_word' id='word_1_474' title='bbox 589 4327 708 4366; x_wconf 87' lang='lat' dir='ltr'><strong>esse</strong></span> <span class='ocrx_word' id='word_1_475' title='bbox 739 4309 1191 4366; x_wconf 80' lang='lat' dir='ltr'><strong>commonebam?</strong></span> <span class='ocrx_word' id='word_1_476' title='bbox 1223 4315 1276 4364; x_wconf 88' lang='lat' dir='ltr'><strong>et</strong></span> <span class='ocrx_word' id='word_1_477' title='bbox 1312 4309 1408 4365; x_wconf 90' lang='lat' dir='ltr'><strong>tibi</strong></span> <span class='ocrx_word' id='word_1_478' title='bbox 1444 4309 1544 4365; x_wconf 84' lang='lat' dir='ltr'><strong>hoc</strong></span> <span class='ocrx_word' id='word_1_479' title='bbox 1572 4324 1690 4364; x_wconf 81' lang='lat' dir='ltr'><strong>esse</strong></span> <span class='ocrx_word' id='word_1_480' title='bbox 1734 4321 1898 4379; x_wconf 78' lang='lat' dir='ltr'><strong>grave</strong></span> <span class='ocrx_word' id='word_1_481' title='bbox 1939 4307 2089 4362; x_wconf 89' lang='lat' dir='ltr'><strong>vidc-</strong></span> 
     </span>
    </p>
   </div>
   <div class='ocr_carea' id='block_1_59' title="bbox 503 4401 2087 4475">
    <p class='ocr_par' dir='ltr' id='par_1_59' title="bbox 503 4401 2087 4475">
     <span class='ocr_line' id='line_1_59' title="bbox 503 4401 2087 4475; baseline -0.002 -17"><span class='ocrx_word' id='word_1_482' title='bbox 503 4403 625 4458; x_wconf 85' lang='lat' dir='ltr'><strong>batn</strong></span> <span class='ocrx_word' id='word_1_483' title='bbox 656 4420 666 4455; x_wconf 76' lang='grc' dir='ltr'>ε</span> <span class='ocrx_word' id='word_1_484' title='bbox 707 4410 760 4458; x_wconf 89' lang='lat' dir='ltr'><strong>et</strong></span> <span class='ocrx_word' id='word_1_485' title='bbox 784 4403 887 4458; x_wconf 90' lang='lat' dir='ltr'><strong>hoc</strong></span> <span class='ocrx_word' id='word_1_486' title='bbox 907 4401 1122 4473; x_wconf 87' lang='lat' dir='ltr'><strong>quidem</strong></span> <span class='ocrx_word' id='word_1_487' title='bbox 1144 4403 1235 4457; x_wconf 89' lang='lat' dir='ltr'><strong>tibi</strong></span> <span class='ocrx_word' id='word_1_488' title='bbox 1263 4419 1425 4475; x_wconf 81' lang='lat' dir='ltr'><strong>grave</strong></span> <span class='ocrx_word' id='word_1_489' title='bbox 1449 4403 1713 4458; x_wconf 85' lang='lat' dir='ltr'><strong>hactenus</strong></span> <span class='ocrx_word' id='word_1_490' title='bbox 1736 4415 1855 4458; x_wconf 87' lang='lat' dir='ltr'><strong>esse</strong></span> <span class='ocrx_word' id='word_1_491' title='bbox 1881 4401 2087 4472; x_wconf 86' lang='lat' dir='ltr'><strong>potuit,</strong></span> 
     </span>
    </p>
   </div>
   <div class='ocr_carea' id='block_1_60' title="bbox 501 4493 2089 4568">
    <p class='ocr_par' dir='ltr' id='par_1_60' title="bbox 501 4493 2089 4568">
     <span class='ocr_line' id='line_1_60' title="bbox 501 4493 2089 4568; baseline -0.002 -16"><span class='ocrx_word' id='word_1_492' title='bbox 501 4504 555 4552; x_wconf 88' lang='lat' dir='ltr'><strong>et</strong></span> <span class='ocrx_word' id='word_1_493' title='bbox 586 4506 806 4568; x_wconf 88' lang='lat' dir='ltr'><strong>propter</strong></span> <span class='ocrx_word' id='word_1_494' title='bbox 832 4506 1046 4552; x_wconf 70' lang='lat' dir='ltr'><strong>aztatent</strong></span> <span class='ocrx_word' id='word_1_495' title='bbox 1068 4539 1081 4564; x_wconf 95' lang='lat'><strong>,</strong></span> <span class='ocrx_word' id='word_1_496' title='bbox 1127 4507 1179 4552; x_wconf 89' lang='lat' dir='ltr'><strong>et</strong></span> <span class='ocrx_word' id='word_1_497' title='bbox 1207 4499 1332 4568; x_wconf 89' lang='lat' dir='ltr'><strong>quia</strong></span> <span class='ocrx_word' id='word_1_498' title='bbox 1369 4497 1550 4552; x_wconf 61' lang='lat' dir='ltr'><strong>saeculi</strong></span> <span class='ocrx_word' id='word_1_499' title='bbox 1586 4494 1744 4565; x_wconf 82' lang='lat' dir='ltr'><strong>hujus</strong></span> <span class='ocrx_word' id='word_1_500' title='bbox 1767 4493 2089 4550; x_wconf 85' lang='lat' dir='ltr'><strong>instabilita-</strong></span> 
     </span>
    </p>
   </div>
   <div class='ocr_carea' id='block_1_61' title="bbox 503 4591 2087 4661">
    <p class='ocr_par' dir='ltr' id='par_1_61' title="bbox 503 4591 2087 4661">
     <span class='ocr_line' id='line_1_61' title="bbox 503 4591 2087 4661; baseline 0 -19"><span class='ocrx_word' id='word_1_501' title='bbox 503 4599 643 4656; x_wconf 85' lang='lat' dir='ltr'><strong>tem,</strong></span> <span class='ocrx_word' id='word_1_502' title='bbox 675 4605 738 4643; x_wconf 89' lang='lat' dir='ltr'><strong>ac</strong></span> <span class='ocrx_word' id='word_1_503' title='bbox 767 4605 926 4660; x_wconf 90' lang='lat' dir='ltr'><strong>quam</strong></span> <span class='ocrx_word' id='word_1_504' title='bbox 967 4591 1224 4647; x_wconf 86' lang='lat' dir='ltr'><strong>mutabile</strong></span> <span class='ocrx_word' id='word_1_505' title='bbox 1262 4600 1315 4647; x_wconf 88' lang='lat' dir='ltr'><strong>et</strong></span> <span class='ocrx_word' id='word_1_506' title='bbox 1369 4591 1557 4661; x_wconf 77' lang='lat' dir='ltr'><strong>fragile</strong></span> <span class='ocrx_word' id='word_1_507' title='bbox 1588 4591 1689 4657; x_wconf 85' lang='lat' dir='ltr'><strong>sit,</strong></span> <span class='ocrx_word' id='word_1_508' title='bbox 1726 4597 1949 4643; x_wconf 87' lang='lat' dir='ltr'><strong>eatenus</strong></span> <span class='ocrx_word' id='word_1_509' title='bbox 1980 4602 2087 4642; x_wconf 91' lang='lat' dir='ltr'><strong>non</strong></span> 
     </span>
    </p>
   </div>
   <div class='ocr_carea' id='block_1_62' title="bbox 506 4679 2086 4754">
    <p class='ocr_par' dir='ltr' id='par_1_62' title="bbox 506 4679 2086 4754">
     <span class='ocr_line' id='line_1_62' title="bbox 506 4679 2086 4754; baseline 0 -18"><span class='ocrx_word' id='word_1_510' title='bbox 506 4679 827 4753; x_wconf 82' lang='lat' dir='ltr'><strong>cognovisti.</strong></span> <span class='ocrx_word' id='word_1_511' title='bbox 862 4681 1012 4738; x_wconf 80' lang='lat' dir='ltr'><strong>Nunc</strong></span> <span class='ocrx_word' id='word_1_512' title='bbox 1042 4695 1220 4739; x_wconf 90' lang='lat' dir='ltr'><strong>autem</strong></span> <span class='ocrx_word' id='word_1_513' title='bbox 1245 4685 1380 4740; x_wconf 73' lang='lat' dir='ltr'><strong>liora</strong></span> <span class='ocrx_word' id='word_1_514' title='bbox 1410 4693 1492 4738; x_wconf 88' lang='lat' dir='ltr'><strong>est</strong></span> <span class='ocrx_word' id='word_1_515' title='bbox 1524 4683 1636 4754; x_wconf 87' lang='lat' dir='ltr'><strong>jam</strong></span> <span class='ocrx_word' id='word_1_516' title='bbox 1666 4699 1763 4737; x_wconf 86' lang='lat' dir='ltr'><strong>nos</strong></span> <span class='ocrx_word' id='word_1_517' title='bbox 1790 4683 1854 4737; x_wconf 89' lang='lat' dir='ltr'><strong>de</strong></span> <span class='ocrx_word' id='word_1_518' title='bbox 1897 4696 2086 4736; x_wconf 89' lang='lat' dir='ltr'><strong>somno</strong></span> 
     </span>
    </p>
   </div>
   <div class='ocr_carea' id='block_1_63' title="bbox 506 4777 2084 4854">
    <p class='ocr_par' dir='ltr' id='par_1_63' title="bbox 506 4777 2084 4854">
     <span class='ocr_line' id='line_1_63' title="bbox 506 4777 2084 4854; baseline -0.003 -18"><span class='ocrx_word' id='word_1_519' title='bbox 506 4796 729 4852; x_wconf 77' lang='lat' dir='ltr'><strong>surgere</strong></span> <span class='ocrx_word' id='word_1_520' title='bbox 753 4777 925 4854; x_wconf 84' lang='lat' dir='ltr'><strong>(Rom.</strong></span> <span class='ocrx_word' id='word_1_521' title='bbox 958 4782 1098 4854; x_wconf 83' lang='lat' dir='ltr'><strong>xm).</strong></span> <span class='ocrx_word' id='word_1_522' title='bbox 1154 4783 1221 4837; x_wconf 86' lang='lat' dir='ltr'><strong>Et</strong></span> <span class='ocrx_word' id='word_1_523' title='bbox 1266 4799 1371 4838; x_wconf 89' lang='lat' dir='ltr'><strong>non</strong></span> <span class='ocrx_word' id='word_1_524' title='bbox 1401 4781 1656 4837; x_wconf 78' lang='lat' dir='ltr'><strong>debemus</strong></span> <span class='ocrx_word' id='word_1_525' title='bbox 1698 4796 1818 4835; x_wconf 87' lang='lat' dir='ltr'><strong>esse</strong></span> <span class='ocrx_word' id='word_1_526' title='bbox 1870 4794 2084 4849; x_wconf 88' lang='lat' dir='ltr'><strong>semper</strong></span> 
     </span>
    </p>
   </div>
   <div class='ocr_carea' id='block_1_64' title="bbox 496 4869 2084 4945">
    <p class='ocr_par' dir='ltr' id='par_1_64' title="bbox 496 4869 2084 4945">
     <span class='ocr_line' id='line_1_64' title="bbox 496 4869 2084 4945; baseline 0.002 -18"><span class='ocrx_word' id='word_1_527' title='bbox 496 4869 763 4943; x_wconf 79' lang='lat' dir='ltr'><strong>juvenes,</strong></span> <span class='ocrx_word' id='word_1_528' title='bbox 813 4871 952 4928; x_wconf 88' lang='lat' dir='ltr'><strong>sicut</strong></span> <span class='ocrx_word' id='word_1_529' title='bbox 976 4873 1074 4928; x_wconf 87' lang='lat' dir='ltr'><strong>bos</strong></span> <span class='ocrx_word' id='word_1_530' title='bbox 1109 4876 1280 4930; x_wconf 81' lang='lat' dir='ltr'><strong>malus</strong></span> <span class='ocrx_word' id='word_1_531' title='bbox 1310 4891 1522 4945; x_wconf 89' lang='lat' dir='ltr'><strong>semper</strong></span> <span class='ocrx_word' id='word_1_532' title='bbox 1555 4884 1635 4929; x_wconf 88' lang='lat' dir='ltr'><strong>est</strong></span> <span class='ocrx_word' id='word_1_533' title='bbox 1669 4874 1882 4928; x_wconf 84' lang='lat' dir='ltr'><strong>vitulus.</strong></span> <span class='ocrx_word' id='word_1_534' title='bbox 1913 4871 2084 4930; x_wconf 87' lang='lat' dir='ltr'><strong>Debe-</strong></span> 
     </span>
    </p>
   </div>
   <div class='ocr_carea' id='block_1_65' title="bbox 502 4963 2084 5037">
    <p class='ocr_par' dir='ltr' id='par_1_65' title="bbox 502 4963 2084 5037">
     <span class='ocr_line' id='line_1_65' title="bbox 502 4963 2084 5037; baseline 0 -17"><span class='ocrx_word' id='word_1_535' title='bbox 502 4981 624 5020; x_wconf 88' lang='lat' dir='ltr'><strong>mus</strong></span> <span class='ocrx_word' id='word_1_536' title='bbox 679 4972 802 5019; x_wconf 88' lang='lat' dir='ltr'><strong>ante</strong></span> <span class='ocrx_word' id='word_1_537' title='bbox 832 4963 1016 5020; x_wconf 87' lang='lat' dir='ltr'><strong>oeulos</strong></span> <span class='ocrx_word' id='word_1_538' title='bbox 1065 4967 1262 5020; x_wconf 88' lang='lat' dir='ltr'><strong>mentis</strong></span> <span class='ocrx_word' id='word_1_539' title='bbox 1307 4966 1549 5037; x_wconf 80' lang='lat' dir='ltr'><strong>neglecta</strong></span> <span class='ocrx_word' id='word_1_540' title='bbox 1603 4968 1891 5031; x_wconf 85' lang='lat' dir='ltr'><strong>reducere,</strong></span> <span class='ocrx_word' id='word_1_541' title='bbox 1936 4973 1990 5019; x_wconf 89' lang='lat' dir='ltr'><strong>et</strong></span> <span class='ocrx_word' id='word_1_542' title='bbox 2019 4966 2084 5020; x_wconf 91' lang='lat' dir='ltr'><strong>de</strong></span> 
     </span>
    </p>
   </div>
   <div class='ocr_carea' id='block_1_66' title="bbox 500 5059 2084 5132">
    <p class='ocr_par' dir='ltr' id='par_1_66' title="bbox 500 5059 2084 5132">
     <span class='ocr_line' id='line_1_66' title="bbox 500 5059 2084 5132; baseline 0.003 -20"><span class='ocrx_word' id='word_1_543' title='bbox 500 5059 746 5131; x_wconf 89' lang='lat' dir='ltr'><strong>pristinis</strong></span> <span class='ocrx_word' id='word_1_544' title='bbox 770 5060 1088 5115; x_wconf 86' lang='lat' dir='ltr'><strong>erubescere</strong></span> <span class='ocrx_word' id='word_1_545' title='bbox 1114 5101 1127 5127; x_wconf 90' lang='lat'><strong>,</strong></span> <span class='ocrx_word' id='word_1_546' title='bbox 1172 5061 1312 5115; x_wconf 86' lang='lat' dir='ltr'><strong>sicut</strong></span> <span class='ocrx_word' id='word_1_547' title='bbox 1352 5062 1601 5131; x_wconf 77' lang='lat' dir='ltr'><strong>egregius</strong></span> <span class='ocrx_word' id='word_1_548' title='bbox 1631 5061 1953 5132; x_wconf 73' lang='lat' dir='ltr'><strong>przcdieator</strong></span> <span class='ocrx_word' id='word_1_549' title='bbox 1988 5077 2084 5116; x_wconf 89' lang='lat' dir='ltr'><strong>nos</strong></span> 
     </span>
    </p>
   </div>
   <div class='ocr_carea' id='block_1_67' title="bbox 500 5149 2084 5225">
    <p class='ocr_par' dir='ltr' id='par_1_67' title="bbox 500 5149 2084 5225">
     <span class='ocr_line' id='line_1_67' title="bbox 500 5149 2084 5225; baseline 0.001 -21"><span class='ocrx_word' id='word_1_550' title='bbox 500 5149 799 5206; x_wconf 82' lang='lat' dir='ltr'><strong>admonens</strong></span> <span class='ocrx_word' id='word_1_551' title='bbox 824 5151 951 5205; x_wconf 84' lang='lat' dir='ltr'><strong>dicit</strong></span> <span class='ocrx_word' id='word_1_552' title='bbox 980 5169 992 5205; x_wconf 89' lang='lat'>:</span> <span class='ocrx_word' id='word_1_553' title='bbox 1026 5149 1187 5216; x_wconf 80' lang='lat' dir='ltr'><strong>Quem</strong></span> <span class='ocrx_word' id='word_1_554' title='bbox 1217 5153 1443 5222; x_wconf 79' lang='lat' dir='ltr'><strong>fructum</strong></span> <span class='ocrx_word' id='word_1_555' title='bbox 1467 5151 1719 5207; x_wconf 78' lang='lat' dir='ltr'><strong>habuistis</strong></span> <span class='ocrx_word' id='word_1_556' title='bbox 1744 5164 1867 5207; x_wconf 87' lang='lat' dir='ltr'><strong>tunc</strong></span> <span class='ocrx_word' id='word_1_557' title='bbox 1897 5154 1949 5206; x_wconf 87' lang='lat' dir='ltr'><strong>in</strong></span> <span class='ocrx_word' id='word_1_558' title='bbox 1970 5155 2084 5225; x_wconf 84' lang='lat' dir='ltr'><strong>qui-</strong></span> 
     </span>
    </p>
   </div>
   <div class='ocr_carea' id='block_1_68' title="bbox 500 5237 2081 5316">
    <p class='ocr_par' dir='ltr' id='par_1_68' title="bbox 500 5237 2081 5316">
     <span class='ocr_line' id='line_1_68' title="bbox 500 5237 2081 5316; baseline 0.004 -23"><span class='ocrx_word' id='word_1_559' title='bbox 500 5237 594 5295; x_wconf 88' lang='lat' dir='ltr'><strong>bus</strong></span> <span class='ocrx_word' id='word_1_560' title='bbox 636 5259 772 5297; x_wconf 85' lang='lat' dir='ltr'><strong>nunc</strong></span> <span class='ocrx_word' id='word_1_561' title='bbox 812 5243 1109 5298; x_wconf 84' lang='lat' dir='ltr'><strong>erubescitis</strong></span> <span class='ocrx_word' id='word_1_562' title='bbox 1158 5243 1336 5314; x_wconf 83' lang='lat' dir='ltr'><strong>(Rom.</strong></span> <span class='ocrx_word' id='word_1_563' title='bbox 1366 5243 1488 5316; x_wconf 75' lang='lat' dir='ltr'><strong>vr)?</strong></span> <span class='ocrx_word' id='word_1_564' title='bbox 1547 5246 1612 5299; x_wconf 88' lang='lat' dir='ltr'><strong>Et</strong></span> <span class='ocrx_word' id='word_1_565' title='bbox 1661 5247 1916 5303; x_wconf 86' lang='lat' dir='ltr'><strong>debemus</strong></span> <span class='ocrx_word' id='word_1_566' title='bbox 1959 5263 2081 5304; x_wconf 89' lang='lat' dir='ltr'><strong>cer-</strong></span> 
     </span>
    </p>
   </div>
   <div class='ocr_carea' id='block_1_69' title="bbox 497 5333 2080 5410">
    <p class='ocr_par' dir='ltr' id='par_1_69' title="bbox 497 5333 2080 5410">
     <span class='ocr_line' id='line_1_69' title="bbox 497 5333 2080 5410; baseline 0.004 -24"><span class='ocrx_word' id='word_1_567' title='bbox 497 5341 614 5388; x_wconf 85' lang='lat' dir='ltr'><strong>tare</strong></span> <span class='ocrx_word' id='word_1_568' title='bbox 633 5374 648 5400; x_wconf 91' lang='lat'><strong>,</strong></span> <span class='ocrx_word' id='word_1_569' title='bbox 673 5341 725 5388; x_wconf 87' lang='lat' dir='ltr'><strong>ut</strong></span> <span class='ocrx_word' id='word_1_570' title='bbox 751 5333 980 5403; x_wconf 78' lang='lat' dir='ltr'><strong>fructum</strong></span> <span class='ocrx_word' id='word_1_571' title='bbox 1007 5345 1239 5389; x_wconf 81' lang='lat' dir='ltr'><strong>nostrum</strong></span> <span class='ocrx_word' id='word_1_572' title='bbox 1266 5335 1548 5410; x_wconf 78' lang='lat' dir='ltr'><strong>habeamus</strong></span> <span class='ocrx_word' id='word_1_573' title='bbox 1571 5337 1621 5391; x_wconf 86' lang='lat' dir='ltr'><strong>in</strong></span> <span class='ocrx_word' id='word_1_574' title='bbox 1647 5337 2080 5408; x_wconf 80' lang='lat' dir='ltr'><strong>sanctiﬁcatione,</strong></span> 
     </span>
    </p>
   </div>
   <div class='ocr_carea' id='block_1_70' title="bbox 501 5421 2080 5497">
    <p class='ocr_par' dir='ltr' id='par_1_70' title="bbox 501 5421 2080 5497">
     <span class='ocr_line' id='line_1_70' title="bbox 501 5421 2080 5497; baseline 0.005 -19"><span class='ocrx_word' id='word_1_575' title='bbox 501 5421 658 5495; x_wconf 75' lang='lat' dir='ltr'><strong>linem</strong></span> <span class='ocrx_word' id='word_1_576' title='bbox 685 5443 800 5480; x_wconf 80' lang='lat' dir='ltr'><strong>vero</strong></span> <span class='ocrx_word' id='word_1_577' title='bbox 825 5427 980 5480; x_wconf 86' lang='lat' dir='ltr'><strong>vitam</strong></span> <span class='ocrx_word' id='word_1_578' title='bbox 1005 5438 1271 5482; x_wconf 76' lang='lat' dir='ltr'><strong>(eternam.</strong></span> <span class='ocrx_word' id='word_1_579' title='bbox 1299 5423 1447 5495; x_wconf 82' lang='lat' dir='ltr'><strong>Etsi,</strong></span> <span class='ocrx_word' id='word_1_580' title='bbox 1471 5427 1639 5484; x_wconf 88' lang='lat' dir='ltr'><strong>frater</strong></span> <span class='ocrx_word' id='word_1_581' title='bbox 1670 5439 1722 5486; x_wconf 88' lang='lat' dir='ltr'><strong>et</strong></span> <span class='ocrx_word' id='word_1_582' title='bbox 1745 5429 1842 5497; x_wconf 89' lang='lat' dir='ltr'><strong>fili,</strong></span> <span class='ocrx_word' id='word_1_583' title='bbox 1869 5448 1952 5486; x_wconf 90' lang='lat' dir='ltr'><strong>me</strong></span> <span class='ocrx_word' id='word_1_584' title='bbox 1975 5447 2080 5486; x_wconf 88' lang='lat' dir='ltr'><strong>non</strong></span> 
     </span>
    </p>
   </div>
   <div class='ocr_carea' id='block_1_71' title="bbox 500 5517 2078 5594">
    <p class='ocr_par' dir='ltr' id='par_1_71' title="bbox 500 5517 2078 5594">
     <span class='ocr_line' id='line_1_71' title="bbox 500 5517 2078 5594; baseline 0.006 -25"><span class='ocrx_word' id='word_1_585' title='bbox 500 5517 583 5570; x_wconf 89' lang='lat' dir='ltr'><strong>vis</strong></span> <span class='ocrx_word' id='word_1_586' title='bbox 626 5528 717 5571; x_wconf 91' lang='lat' dir='ltr'><strong>aut</strong></span> <span class='ocrx_word' id='word_1_587' title='bbox 767 5517 1073 5589; x_wconf 78' lang='lat' dir='ltr'><strong>dedignaris</strong></span> <span class='ocrx_word' id='word_1_588' title='bbox 1129 5519 1348 5590; x_wconf 87' lang='lat' dir='ltr'><strong>audire,</strong></span> <span class='ocrx_word' id='word_1_589' title='bbox 1399 5522 1525 5577; x_wconf 89' lang='lat' dir='ltr'><strong>audi</strong></span> <span class='ocrx_word' id='word_1_590' title='bbox 1571 5517 1856 5579; x_wconf 17' lang='lat' dir='ltr'><strong>et‘obaudi</strong></span> <span class='ocrx_word' id='word_1_591' title='bbox 1905 5523 2078 5594; x_wconf 89' lang='lat' dir='ltr'><strong>ipsum</strong></span> 
     </span>
    </p>
   </div>
   <div class='ocr_carea' id='block_1_72' title="bbox 488 5610 2077 5688">
    <p class='ocr_par' dir='ltr' id='par_1_72' title="bbox 488 5610 2077 5688">
     <span class='ocr_line' id='line_1_72' title="bbox 488 5610 2077 5688; baseline 0.005 -24"><span class='ocrx_word' id='word_1_592' title='bbox 488 5610 718 5664; x_wconf 81' lang='lat' dir='ltr'><strong>beatum</strong></span> <span class='ocrx_word' id='word_1_593' title='bbox 768 5610 991 5667; x_wconf 87' lang='lat' dir='ltr'><strong>Paulum</strong></span> <span class='ocrx_word' id='word_1_594' title='bbox 1045 5616 1344 5684; x_wconf 89' lang='lat' dir='ltr'><strong>apostolum</strong></span> <span class='ocrx_word' id='word_1_595' title='bbox 1395 5615 1736 5675; x_wconf 88' lang='lat' dir='ltr'><strong>Timotheum</strong></span> <span class='ocrx_word' id='word_1_596' title='bbox 1781 5617 2077 5688; x_wconf 87' lang='lat' dir='ltr'><strong>spiritalem</strong></span> 
     </span>
    </p>
   </div>
   <div class='ocr_carea' id='block_1_73' title="bbox 496 5703 2074 5780">
    <p class='ocr_par' dir='ltr' id='par_1_73' title="bbox 496 5703 2074 5780">
     <span class='ocr_line' id='line_1_73' title="bbox 496 5703 2074 5780; baseline 0.001 -20"><span class='ocrx_word' id='word_1_597' title='bbox 496 5703 668 5760; x_wconf 85' lang='lat' dir='ltr'><strong>ﬁlium</strong></span> <span class='ocrx_word' id='word_1_598' title='bbox 698 5722 853 5760; x_wconf 87' lang='lat' dir='ltr'><strong>suum</strong></span> <span class='ocrx_word' id='word_1_599' title='bbox 875 5748 888 5774; x_wconf 91' lang='lat'><strong>,</strong></span> <span class='ocrx_word' id='word_1_600' title='bbox 913 5725 1071 5777; x_wconf 89' lang='lat' dir='ltr'><strong>quem</strong></span> <span class='ocrx_word' id='word_1_601' title='bbox 1095 5707 1346 5778; x_wconf 83' lang='lat' dir='ltr'><strong>juvenem</strong></span> <span class='ocrx_word' id='word_1_602' title='bbox 1372 5709 1682 5780; x_wconf 87' lang='lat' dir='ltr'><strong>episcopum</strong></span> <span class='ocrx_word' id='word_1_603' title='bbox 1707 5710 2074 5776; x_wconf 80' lang='lat' dir='ltr'><strong>ordinaverat,</strong></span> 
     </span>
    </p>
   </div>
   <div class='ocr_carea' id='block_1_74' title="bbox 495 5799 2077 5874">
    <p class='ocr_par' dir='ltr' id='par_1_74' title="bbox 495 5799 2077 5874">
     <span class='ocr_line' id='line_1_74' title="bbox 495 5799 2077 5874; baseline 0.001 -22"><span class='ocrx_word' id='word_1_604' title='bbox 495 5799 878 5854; x_wconf 87' lang='lat' dir='ltr'><strong>admonentem</strong></span> <span class='ocrx_word' id='word_1_605' title='bbox 917 5819 928 5853; x_wconf 90' lang='lat'><strong>:</strong></span> <span class='ocrx_word' id='word_1_606' title='bbox 958 5800 1158 5856; x_wconf 74' lang='lat' dir='ltr'><strong>Exerce</strong></span> <span class='ocrx_word' id='word_1_607' title='bbox 1183 5844 1198 5869; x_wconf 96' lang='lat'><strong>,</strong></span> <span class='ocrx_word' id='word_1_608' title='bbox 1230 5804 1420 5873; x_wconf 85' lang='lat' dir='ltr'><strong>inquit,</strong></span> <span class='ocrx_word' id='word_1_609' title='bbox 1463 5807 1681 5874; x_wconf 84' lang='lat' dir='ltr'><strong>teipsum</strong></span> <span class='ocrx_word' id='word_1_610' title='bbox 1706 5805 1776 5856; x_wconf 87' lang='lat' dir='ltr'><strong>ad</strong></span> <span class='ocrx_word' id='word_1_611' title='bbox 1795 5804 2032 5873; x_wconf 80' lang='lat' dir='ltr'><strong>pietatem</strong></span> <span class='ocrx_word' id='word_1_612' title='bbox 2060 5816 2077 5854; x_wconf 89' lang='lat'><strong><em>:</em></strong></span> 
     </span>
    </p>
   </div>
   <div class='ocr_carea' id='block_1_75' title="bbox 497 5889 2080 5966">
    <p class='ocr_par' dir='ltr' id='par_1_75' title="bbox 497 5889 2080 5966">
     <span class='ocr_line' id='line_1_75' title="bbox 497 5889 2080 5966; baseline 0.005 -24"><span class='ocrx_word' id='word_1_613' title='bbox 497 5906 621 5942; x_wconf 86' lang='lat' dir='ltr'><strong>nam</strong></span> <span class='ocrx_word' id='word_1_614' title='bbox 645 5889 930 5958; x_wconf 84' lang='lat' dir='ltr'><strong>corporalis</strong></span> <span class='ocrx_word' id='word_1_615' title='bbox 963 5893 1262 5946; x_wconf 63' lang='lat' dir='ltr'><strong>exercitatio</strong></span> <span class='ocrx_word' id='word_1_616' title='bbox 1290 5894 1355 5946; x_wconf 88' lang='lat' dir='ltr'><strong>ad</strong></span> <span class='ocrx_word' id='word_1_617' title='bbox 1385 5893 1644 5948; x_wconf 83' lang='lat' dir='ltr'><strong>modicum</strong></span> <span class='ocrx_word' id='word_1_618' title='bbox 1671 5893 1814 5950; x_wconf 78' lang='lat' dir='ltr'><strong>utilis</strong></span> <span class='ocrx_word' id='word_1_619' title='bbox 1836 5906 1909 5950; x_wconf 86' lang='lat' dir='ltr'><strong>est</strong></span> <span class='ocrx_word' id='word_1_620' title='bbox 1929 5937 1943 5963; x_wconf 92' lang='lat'><strong>,</strong></span> <span class='ocrx_word' id='word_1_621' title='bbox 1974 5895 2080 5966; x_wconf 51' lang='lat' dir='ltr'><strong>pie?</strong></span> 
     </span>
    </p>
   </div>
   <div class='ocr_carea' id='block_1_76' title="bbox 498 5981 2076 6053">
    <p class='ocr_par' dir='ltr' id='par_1_76' title="bbox 498 5981 2076 6053">
     <span class='ocr_line' id='line_1_76' title="bbox 498 5981 2076 6053; baseline 0.007 -22"><span class='ocrx_word' id='word_1_622' title='bbox 498 5988 577 6034; x_wconf 84' lang='lat' dir='ltr'><strong>tas</strong></span> <span class='ocrx_word' id='word_1_623' title='bbox 611 5991 782 6034; x_wconf 83' lang='lat' dir='ltr'><strong>autem</strong></span> <span class='ocrx_word' id='word_1_624' title='bbox 825 5981 892 6034; x_wconf 87' lang='lat' dir='ltr'><strong>ad</strong></span> <span class='ocrx_word' id='word_1_625' title='bbox 942 5983 1113 6035; x_wconf 81' lang='lat' dir='ltr'><strong>omnia</strong></span> <span class='ocrx_word' id='word_1_626' title='bbox 1159 5982 1300 6037; x_wconf 83' lang='lat' dir='ltr'><strong>utilis</strong></span> <span class='ocrx_word' id='word_1_627' title='bbox 1332 5994 1426 6050; x_wconf 83' lang='lat' dir='ltr'><strong>est,</strong></span> <span class='ocrx_word' id='word_1_628' title='bbox 1458 5986 1851 6053; x_wconf 83' lang='lat' dir='ltr'><strong>promissionem</strong></span> <span class='ocrx_word' id='word_1_629' title='bbox 1885 5988 2076 6044; x_wconf 85' lang='lat' dir='ltr'><strong>habens</strong></span> 
     </span>
    </p>
   </div>
   <div class='ocr_carea' id='block_1_77' title="bbox 2212 2071 3785 2146">
    <p class='ocr_par' dir='ltr' id='par_1_77' title="bbox 2212 2071 3785 2146">
     <span class='ocr_line' id='line_1_77' title="bbox 2212 2071 3785 2146; baseline 0.004 -19"><span class='ocrx_word' id='word_1_630' title='bbox 2212 2071 2419 2145; x_wconf 81' lang='lat' dir='ltr'><strong>(Greg.,</strong></span> <span class='ocrx_word' id='word_1_631' title='bbox 2453 2073 2592 2128; x_wconf 87' lang='lat' dir='ltr'><strong>hom.</strong></span> <span class='ocrx_word' id='word_1_632' title='bbox 2624 2074 2682 2128; x_wconf 85' lang='lat' dir='ltr'><strong>in</strong></span> <span class='ocrx_word' id='word_1_633' title='bbox 2709 2073 3342 2146; x_wconf 75' lang='lat' dir='ltr'><strong>Evang.),nonnulli,qui</strong></span> <span class='ocrx_word' id='word_1_634' title='bbox 3365 2077 3569 2132; x_wconf 83' lang='lat' dir='ltr'><strong>donum</strong></span> <span class='ocrx_word' id='word_1_635' title='bbox 3600 2079 3785 2134; x_wconf 81' lang='lat' dir='ltr'><strong>intelli-</strong></span> 
     </span>
    </p>
   </div>
   <div class='ocr_carea' id='block_1_78' title="bbox 2209 2166 3790 2238">
    <p class='ocr_par' dir='ltr' id='par_1_78' title="bbox 2209 2166 3790 2238">
     <span class='ocr_line' id='line_1_78' title="bbox 2209 2166 3790 2238; baseline 0.005 -20"><span class='ocrx_word' id='word_1_636' title='bbox 2209 2166 2402 2237; x_wconf 83' lang='lat' dir='ltr'><strong>gentiae</strong></span> <span class='ocrx_word' id='word_1_637' title='bbox 2427 2177 2805 2236; x_wconf 86' lang='lat' dir='ltr'><strong>perceperunt,</strong></span> <span class='ocrx_word' id='word_1_638' title='bbox 2834 2166 2928 2221; x_wconf 84' lang='lat' dir='ltr'><strong>sed</strong></span> <span class='ocrx_word' id='word_1_639' title='bbox 2957 2175 3140 2223; x_wconf 86' lang='lat' dir='ltr'><strong>tamen</strong></span> <span class='ocrx_word' id='word_1_640' title='bbox 3175 2167 3286 2222; x_wconf 83' lang='lat' dir='ltr'><strong>sola</strong></span> <span class='ocrx_word' id='word_1_641' title='bbox 3315 2181 3437 2238; x_wconf 74' lang='lat' dir='ltr'><strong>qua:</strong></span> <span class='ocrx_word' id='word_1_642' title='bbox 3465 2170 3656 2225; x_wconf 80' lang='lat' dir='ltr'><strong>carnis</strong></span> <span class='ocrx_word' id='word_1_643' title='bbox 3679 2181 3790 2226; x_wconf 74' lang='lat' dir='ltr'><strong>sunt</strong></span> 
     </span>
    </p>
   </div>
   <div class='ocr_carea' id='block_1_79' title="bbox 2208 2250 3782 2329">
    <p class='ocr_par' dir='ltr' id='par_1_79' title="bbox 2208 2250 3782 2329">
     <span class='ocr_line' id='line_1_79' title="bbox 2208 2250 3782 2329; baseline 0.003 -17"><span class='ocrx_word' id='word_1_644' title='bbox 2208 2257 2440 2326; x_wconf 91' lang='lat' dir='ltr'><strong>sapiunt,</strong></span> <span class='ocrx_word' id='word_1_645' title='bbox 2475 2258 2540 2312; x_wconf 89' lang='lat' dir='ltr'><strong>de</strong></span> <span class='ocrx_word' id='word_1_646' title='bbox 2573 2257 2766 2328; x_wconf 90' lang='lat' dir='ltr'><strong>quibus</strong></span> <span class='ocrx_word' id='word_1_647' title='bbox 2809 2272 2906 2328; x_wconf 88' lang='lat' dir='ltr'><strong>per</strong></span> <span class='ocrx_word' id='word_1_648' title='bbox 2949 2250 3266 2328; x_wconf 83' lang='lat' dir='ltr'><strong>prophetam</strong></span> <span class='ocrx_word' id='word_1_649' title='bbox 3292 2258 3490 2314; x_wconf 83' lang='lat' dir='ltr'><strong>dicitur</strong></span> <span class='ocrx_word' id='word_1_650' title='bbox 3511 2258 3652 2329; x_wconf 79' lang='lat' dir='ltr'><strong>(Jer.</strong></span> <span class='ocrx_word' id='word_1_651' title='bbox 3679 2265 3782 2328; x_wconf 76' lang='lat' dir='ltr'><strong>Iv}:</strong></span> 
     </span>
    </p>
   </div>
   <div class='ocr_carea' id='block_1_80' title="bbox 2210 2347 3791 2417">
    <p class='ocr_par' dir='ltr' id='par_1_80' title="bbox 2210 2347 3791 2417">
     <span class='ocr_line' id='line_1_80' title="bbox 2210 2347 3791 2417; baseline 0.004 -15"><span class='ocrx_word' id='word_1_652' title='bbox 2210 2347 2495 2417; x_wconf 85' lang='lat' dir='ltr'><strong>Sapientes</strong></span> <span class='ocrx_word' id='word_1_653' title='bbox 2524 2360 2648 2404; x_wconf 90' lang='lat' dir='ltr'><strong>sunt</strong></span> <span class='ocrx_word' id='word_1_654' title='bbox 2675 2361 2733 2404; x_wconf 87' lang='lat' dir='ltr'><strong>ut</strong></span> <span class='ocrx_word' id='word_1_655' title='bbox 2757 2349 2958 2404; x_wconf 86' lang='lat' dir='ltr'><strong>faciant</strong></span> <span class='ocrx_word' id='word_1_656' title='bbox 2988 2352 3148 2417; x_wconf 88' lang='lat' dir='ltr'><strong>mala,</strong></span> <span class='ocrx_word' id='word_1_657' title='bbox 3177 2351 3317 2407; x_wconf 79' lang='lat' dir='ltr'><strong>bene</strong></span> <span class='ocrx_word' id='word_1_658' title='bbox 3339 2360 3528 2407; x_wconf 80' lang='lat' dir='ltr'><strong>autem</strong></span> <span class='ocrx_word' id='word_1_659' title='bbox 3549 2353 3791 2408; x_wconf 78' lang='lat' dir='ltr'><strong>nesciunt</strong></span> 
     </span>
    </p>
   </div>
   <div class='ocr_carea' id='block_1_81' title="bbox 2208 2441 3790 2515">
    <p class='ocr_par' dir='ltr' id='par_1_81' title="bbox 2208 2441 3790 2515">
     <span class='ocr_line' id='line_1_81' title="bbox 2208 2441 3790 2515; baseline 0.006 -20"><span class='ocrx_word' id='word_1_660' title='bbox 2208 2441 2388 2497; x_wconf 89' lang='lat' dir='ltr'><strong>facere</strong></span> <span class='ocrx_word' id='word_1_661' title='bbox 2427 2459 2438 2496; x_wconf 91' lang='lat'><strong>:</strong></span> <span class='ocrx_word' id='word_1_662' title='bbox 2469 2444 2561 2499; x_wconf 88' lang='lat' dir='ltr'><strong>sed</strong></span> <span class='ocrx_word' id='word_1_663' title='bbox 2593 2443 2855 2500; x_wconf 89' lang='lat' dir='ltr'><strong>Dominus</strong></span> <span class='ocrx_word' id='word_1_664' title='bbox 2883 2446 2976 2515; x_wconf 85' lang='lat' dir='ltr'><strong>qui</strong></span> <span class='ocrx_word' id='word_1_665' title='bbox 3007 2445 3210 2502; x_wconf 86' lang='lat' dir='ltr'><strong>talenta</strong></span> <span class='ocrx_word' id='word_1_666' title='bbox 3233 2448 3500 2513; x_wconf 83' lang='lat' dir='ltr'><strong>contulit,</strong></span> <span class='ocrx_word' id='word_1_667' title='bbox 3532 2449 3790 2504; x_wconf 67' lang='lat' dir='ltr'><strong>rationem</strong></span> 
     </span>
    </p>
   </div>
   <div class='ocr_carea' id='block_1_82' title="bbox 2207 2537 3792 2611">
    <p class='ocr_par' dir='ltr' id='par_1_82' title="bbox 2207 2537 3792 2611">
     <span class='ocr_line' id='line_1_82' title="bbox 2207 2537 3792 2611; baseline 0.003 -20"><span class='ocrx_word' id='word_1_668' title='bbox 2207 2537 2483 2606; x_wconf 84' lang='lat' dir='ltr'><strong>positurus</strong></span> <span class='ocrx_word' id='word_1_669' title='bbox 2513 2537 2671 2604; x_wconf 87' lang='lat' dir='ltr'><strong>redit,</strong></span> <span class='ocrx_word' id='word_1_670' title='bbox 2697 2539 2838 2608; x_wconf 50' lang='lat' dir='ltr'><strong>quia‘</strong></span> <span class='ocrx_word' id='word_1_671' title='bbox 2858 2539 2904 2594; x_wconf 89' lang='lat' dir='ltr'><strong>is</strong></span> <span class='ocrx_word' id='word_1_672' title='bbox 2939 2541 3032 2610; x_wconf 85' lang='lat' dir='ltr'><strong>qui</strong></span> <span class='ocrx_word' id='word_1_673' title='bbox 3069 2556 3214 2596; x_wconf 84' lang='lat' dir='ltr'><strong>nunc</strong></span> <span class='ocrx_word' id='word_1_674' title='bbox 3241 2541 3510 2611; x_wconf 78' lang='lat' dir='ltr'><strong>spiritalia</strong></span> <span class='ocrx_word' id='word_1_675' title='bbox 3546 2543 3688 2597; x_wconf 73' lang='lat' dir='ltr'><strong>dona</strong></span> <span class='ocrx_word' id='word_1_676' title='bbox 3717 2541 3792 2596; x_wconf 73' lang='lat' dir='ltr'><strong>di-</strong></span> 
     </span>
    </p>
   </div>
   <div class='ocr_carea' id='block_1_83' title="bbox 2209 2631 3790 2705">
    <p class='ocr_par' dir='ltr' id='par_1_83' title="bbox 2209 2631 3790 2705">
     <span class='ocr_line' id='line_1_83' title="bbox 2209 2631 3790 2705; baseline 0.001 -21"><span class='ocrx_word' id='word_1_677' title='bbox 2209 2631 2448 2695; x_wconf 87' lang='lat' dir='ltr'><strong>stribuit,</strong></span> <span class='ocrx_word' id='word_1_678' title='bbox 2491 2631 2732 2687; x_wconf 81' lang='lat' dir='ltr'><strong>districto</strong></span> <span class='ocrx_word' id='word_1_679' title='bbox 2780 2633 2832 2686; x_wconf 88' lang='lat' dir='ltr'><strong>in</strong></span> <span class='ocrx_word' id='word_1_680' title='bbox 2875 2632 3078 2702; x_wconf 85' lang='lat' dir='ltr'><strong>judicio</strong></span> <span class='ocrx_word' id='word_1_681' title='bbox 3119 2634 3312 2688; x_wconf 88' lang='lat' dir='ltr'><strong>merita</strong></span> <span class='ocrx_word' id='word_1_682' title='bbox 3355 2634 3630 2705; x_wconf 78' lang='lat' dir='ltr'><strong>exquirit,</strong></span> <span class='ocrx_word' id='word_1_683' title='bbox 3663 2631 3790 2703; x_wconf 70' lang='lat' dir='ltr'><strong>quid</strong></span> 
     </span>
    </p>
   </div>
   <div class='ocr_carea' id='block_1_84' title="bbox 2205 2723 3789 2795">
    <p class='ocr_par' dir='ltr' id='par_1_84' title="bbox 2205 2723 3789 2795">
     <span class='ocr_line' id='line_1_84' title="bbox 2205 2723 3789 2795; baseline 0.003 -17"><span class='ocrx_word' id='word_1_684' title='bbox 2205 2723 2450 2795; x_wconf 85' lang='lat' dir='ltr'><strong>quisquis</strong></span> <span class='ocrx_word' id='word_1_685' title='bbox 2476 2727 2682 2794; x_wconf 90' lang='lat' dir='ltr'><strong>accepit</strong></span> <span class='ocrx_word' id='word_1_686' title='bbox 2710 2726 3034 2787; x_wconf 78' lang='lat' dir='ltr'><strong>corisiderat,</strong></span> <span class='ocrx_word' id='word_1_687' title='bbox 3062 2734 3116 2781; x_wconf 88' lang='lat' dir='ltr'><strong>et</strong></span> <span class='ocrx_word' id='word_1_688' title='bbox 3138 2726 3278 2795; x_wconf 85' lang='lat' dir='ltr'><strong>quod</strong></span> <span class='ocrx_word' id='word_1_689' title='bbox 3305 2725 3519 2782; x_wconf 77' lang='lat' dir='ltr'><strong>lucrum</strong></span> <span class='ocrx_word' id='word_1_690' title='bbox 3547 2727 3616 2782; x_wconf 80' lang='lat' dir='ltr'><strong>de</strong></span> <span class='ocrx_word' id='word_1_691' title='bbox 3643 2741 3789 2782; x_wconf 80' lang='lat' dir='ltr'><strong>acoe-</strong></span> 
     </span>
    </p>
   </div>
   <div class='ocr_carea' id='block_1_85' title="bbox 2205 2819 3787 2890">
    <p class='ocr_par' dir='ltr' id='par_1_85' title="bbox 2205 2819 3787 2890">
     <span class='ocr_line' id='line_1_85' title="bbox 2205 2819 3787 2890; baseline 0.001 -19"><span class='ocrx_word' id='word_1_692' title='bbox 2205 2819 2314 2888; x_wconf 90' lang='lat' dir='ltr'><strong>ptis</strong></span> <span class='ocrx_word' id='word_1_693' title='bbox 2348 2828 2608 2888; x_wconf 86' lang='lat' dir='ltr'><strong>reportet,</strong></span> <span class='ocrx_word' id='word_1_694' title='bbox 2639 2827 2849 2888; x_wconf 79' lang='lat' dir='ltr'><strong>pensat;</strong></span> <span class='ocrx_word' id='word_1_695' title='bbox 2885 2838 2902 2872; x_wconf 77' lang='lat' dir='ltr'><strong>s</strong></span> <span class='ocrx_word' id='word_1_696' title='bbox 2934 2819 3229 2874; x_wconf 84' lang='lat' dir='ltr'><strong>Considera</strong></span> <span class='ocrx_word' id='word_1_697' title='bbox 3247 2833 3379 2890; x_wconf 83' lang='lat' dir='ltr'><strong>ergo</strong></span> <span class='ocrx_word' id='word_1_698' title='bbox 3405 2833 3531 2888; x_wconf 58' lang='lat' dir='ltr'><strong>quia</strong></span> <span class='ocrx_word' id='word_1_699' title='bbox 3556 2820 3680 2877; x_wconf 76' lang='lat' dir='ltr'><strong>sine</strong></span> <span class='ocrx_word' id='word_1_700' title='bbox 3703 2824 3787 2873; x_wconf 77' lang='lat' dir='ltr'><strong>tuo</strong></span> 
     </span>
    </p>
   </div>
   <div class='ocr_carea' id='block_1_86' title="bbox 2207 2909 3786 2982">
    <p class='ocr_par' dir='ltr' id='par_1_86' title="bbox 2207 2909 3786 2982">
     <span class='ocr_line' id='line_1_86' title="bbox 2207 2909 3786 2982; baseline 0.001 -19"><span class='ocrx_word' id='word_1_701' title='bbox 2207 2910 2400 2964; x_wconf 88' lang='lat' dir='ltr'><strong>merito</strong></span> <span class='ocrx_word' id='word_1_702' title='bbox 2433 2911 2484 2964; x_wconf 90' lang='lat' dir='ltr'><strong>in</strong></span> <span class='ocrx_word' id='word_1_703' title='bbox 2529 2910 2728 2966; x_wconf 88' lang='lat' dir='ltr'><strong>talento</strong></span> <span class='ocrx_word' id='word_1_704' title='bbox 2772 2909 3136 2982; x_wconf 66' lang='lat' dir='ltr'><strong>intelligentiae</strong></span> <span class='ocrx_word' id='word_1_705' title='bbox 3165 2910 3446 2980; x_wconf 83' lang='lat' dir='ltr'><strong>accepisti,-</strong></span> <span class='ocrx_word' id='word_1_706' title='bbox 3476 2919 3539 2964; x_wconf 31' lang='lat' dir='ltr'><strong>et.</strong></span> <span class='ocrx_word' id='word_1_707' title='bbox 3576 2910 3704 2966; x_wconf 75' lang='lat' dir='ltr'><strong>vide</strong></span> <span class='ocrx_word' id='word_1_708' title='bbox 3726 2922 3786 2965; x_wconf 70' lang='lat' dir='ltr'><strong>ne</strong></span> 
     </span>
    </p>
   </div>
   <div class='ocr_carea' id='block_1_87' title="bbox 2206 2999 3784 3073">
    <p class='ocr_par' dir='ltr' id='par_1_87' title="bbox 2206 2999 3784 3073">
     <span class='ocr_line' id='line_1_87' title="bbox 2206 2999 3784 3073; baseline 0.002 -18"><span class='ocrx_word' id='word_1_709' title='bbox 2206 3000 2261 3055; x_wconf 91' lang='lat' dir='ltr'><strong>in</strong></span> <span class='ocrx_word' id='word_1_710' title='bbox 2292 3008 2434 3054; x_wconf 89' lang='lat' dir='ltr'><strong>terra</strong></span> <span class='ocrx_word' id='word_1_711' title='bbox 2462 2999 2590 3056; x_wconf 83' lang='lat' dir='ltr'><strong>illud</strong></span> <span class='ocrx_word' id='word_1_712' title='bbox 2613 3002 2936 3069; x_wconf 83' lang='lat' dir='ltr'><strong>abscondas,</strong></span> <span class='ocrx_word' id='word_1_713' title='bbox 2966 3010 3020 3058; x_wconf 90' lang='lat' dir='ltr'><strong>et</strong></span> <span class='ocrx_word' id='word_1_714' title='bbox 3045 3002 3186 3072; x_wconf 85' lang='lat' dir='ltr'><strong>quod</strong></span> <span class='ocrx_word' id='word_1_715' title='bbox 3215 3002 3355 3057; x_wconf 86' lang='lat' dir='ltr'><strong>Deus</strong></span> <span class='ocrx_word' id='word_1_716' title='bbox 3381 3001 3541 3073; x_wconf 68' lang='lat' dir='ltr'><strong>longe</strong></span> <span class='ocrx_word' id='word_1_717' title='bbox 3569 3001 3733 3058; x_wconf 72' lang='lat' dir='ltr'><strong>faciat</strong></span> <span class='ocrx_word' id='word_1_718' title='bbox 3757 3017 3784 3058; x_wconf 73' lang='grc' dir='ltr'><strong><em>ι</em></strong></span> 
     </span>
    </p>
   </div>
   <div class='ocr_carea' id='block_1_88' title="bbox 2208 3097 2975 3162">
    <p class='ocr_par' dir='ltr' id='par_1_88' title="bbox 2208 3097 2975 3162">
     <span class='ocr_line' id='line_1_88' title="bbox 2208 3097 2975 3162; baseline 0.007 -12"><span class='ocrx_word' id='word_1_719' title='bbox 2208 3105 2281 3162; x_wconf 91' lang='lat' dir='ltr'><strong>te,</strong></span> <span class='ocrx_word' id='word_1_720' title='bbox 2311 3097 2436 3154; x_wconf 86' lang='lat' dir='ltr'><strong>inde</strong></span> <span class='ocrx_word' id='word_1_721' title='bbox 2469 3098 2542 3153; x_wconf 89' lang='lat' dir='ltr'><strong>ab</strong></span> <span class='ocrx_word' id='word_1_722' title='bbox 2569 3097 2659 3152; x_wconf 88' lang='lat' dir='ltr'><strong>illo</strong></span> <span class='ocrx_word' id='word_1_723' title='bbox 2685 3098 2975 3156; x_wconf 87' lang='lat' dir='ltr'><strong>damneris.</strong></span> 
     </span>
    </p>
   </div>
   <div class='ocr_carea' id='block_1_89' title="bbox 2836 3209 3162 3268">
    <p class='ocr_par' dir='ltr' id='par_1_89' title="bbox 2836 3209 3162 3268">
     <span class='ocr_line' id='line_1_89' title="bbox 2836 3209 3162 3268; baseline -0.006 0"><span class='ocrx_word' id='word_1_724' title='bbox 2836 3209 3061 3268; x_wconf 82' lang='lat' dir='ltr'><strong>CAPUT</strong></span> <span class='ocrx_word' id='word_1_725' title='bbox 3100 3209 3162 3266; x_wconf 89' lang='lat' dir='ltr'><strong>L.</strong></span> 
     </span>
    </p>
   </div>
   <div class='ocr_carea' id='block_1_90' title="bbox 2206 3303 3784 3388">
    <p class='ocr_par' dir='ltr' id='par_1_90' title="bbox 2206 3303 3784 3388">
     <span class='ocr_line' id='line_1_90' title="bbox 2206 3303 3784 3388; baseline -0.002 -28"><span class='ocrx_word' id='word_1_726' title='bbox 2206 3303 2282 3360; x_wconf 89' lang='lat' dir='ltr'><strong>De</strong></span> <span class='ocrx_word' id='word_1_727' title='bbox 2317 3322 2374 3360; x_wconf 81' lang='lat' dir='ltr'><strong>eo</strong></span> <span class='ocrx_word' id='word_1_728' title='bbox 2401 3306 2541 3388; x_wconf 73' lang='lat' dir='ltr'><strong>quod</strong></span> <span class='ocrx_word' id='word_1_729' title='bbox 2569 3307 2764 3388; x_wconf 78' lang='lat' dir='ltr'><strong>dicitur</strong></span> <span class='ocrx_word' id='word_1_730' title='bbox 2795 3305 2938 3388; x_wconf 64' lang='lat' dir='ltr'><strong>ferre</strong></span> <span class='ocrx_word' id='word_1_731' title='bbox 2962 3322 3065 3388; x_wconf 80' lang='lat' dir='ltr'><strong>non</strong></span> <span class='ocrx_word' id='word_1_732' title='bbox 3100 3321 3286 3387; x_wconf 67' lang='lat' dir='ltr'><strong>posse,</strong></span> <span class='ocrx_word' id='word_1_733' title='bbox 3311 3313 3373 3387; x_wconf 67' lang='lat' dir='ltr'><strong>ut</strong></span> <span class='ocrx_word' id='word_1_734' title='bbox 3400 3304 3679 3388; x_wconf 53' lang='lat' dir='ltr'><strong>quisquam</strong></span> 
     </span>
    </p>
   </div>
   <div class='ocr_carea' id='block_1_91' title="bbox 2275 3377 3784 3505">
    <p class='ocr_par' dir='ltr' id='par_1_91' title="bbox 2275 3377 3784 3505">
     <span class='ocr_line' id='line_1_91' title="bbox 2275 3377 3784 3502; baseline 0 -72"><span class='ocrx_word' id='word_1_735' title='bbox 2275 3387 2434 3502; x_wconf 50' lang='lat' dir='ltr'><strong>tiatur:</strong></span> <span class='ocrx_word' id='word_1_736' title='bbox 2470 3379 2517 3431; x_wconf 77' lang='lat' dir='ltr'><strong>ei</strong></span> <span class='ocrx_word' id='word_1_737' title='bbox 2567 3378 2758 3432; x_wconf 81' lang='lat' dir='ltr'><strong>bonum</strong></span> <span class='ocrx_word' id='word_1_738' title='bbox 2804 3377 3018 3449; x_wconf 76' lang='lat' dir='ltr'><strong>aliquod</strong></span> <span class='ocrx_word' id='word_1_739' title='bbox 3066 3377 3178 3431; x_wconf 68' lang='lat' dir='ltr'><strong>sine</strong></span> <span class='ocrx_word' id='word_1_740' title='bbox 3222 3377 3390 3446; x_wconf 78' lang='lat' dir='ltr'><strong>ipsius</strong></span> <span class='ocrx_word' id='word_1_741' title='bbox 3414 3377 3602 3432; x_wconf 72' lang='lat' dir='ltr'><strong>merito</strong></span> <span class='ocrx_word' id='word_1_742' title='bbox 3640 3378 3784 3432; x_wconf 64' lang='lat' dir='ltr'><strong>exhi-</strong></span> 
     </span>
     <span class='ocr_line' id='line_1_92' title="bbox 2311 3465 2465 3505; baseline -0.006 0"><span class='ocrx_word' id='word_1_743' title='bbox 2311 3465 2465 3505; x_wconf 65' lang='lat' dir='ltr'><strong>uisse.</strong></span> 
     </span>
    </p>
   </div>
   <div class='ocr_carea' id='block_1_92' title="bbox 2272 3563 3788 3636">
    <p class='ocr_par' dir='ltr' id='par_1_92' title="bbox 2272 3563 3788 3636">
     <span class='ocr_line' id='line_1_93' title="bbox 2272 3563 3788 3636; baseline -0.001 -15"><span class='ocrx_word' id='word_1_744' title='bbox 2272 3564 2518 3636; x_wconf 83' lang='lat' dir='ltr'><strong>Denique</strong></span> <span class='ocrx_word' id='word_1_745' title='bbox 2565 3565 2762 3621; x_wconf 87' lang='lat' dir='ltr'><strong>dicitur</strong></span> <span class='ocrx_word' id='word_1_746' title='bbox 2804 3579 2838 3619; x_wconf 71' lang='lat' dir='ltr'><strong>at</strong></span> <span class='ocrx_word' id='word_1_747' title='bbox 2869 3564 3222 3636; x_wconf 83' lang='lat' dir='ltr'><strong>quibusdam,</strong></span> <span class='ocrx_word' id='word_1_748' title='bbox 3269 3563 3415 3635; x_wconf 82' lang='lat' dir='ltr'><strong>quod</strong></span> <span class='ocrx_word' id='word_1_749' title='bbox 3442 3573 3665 3634; x_wconf 75' lang='lat' dir='ltr'><strong>portare</strong></span> <span class='ocrx_word' id='word_1_750' title='bbox 3693 3579 3788 3634; x_wconf 74' lang='lat' dir='ltr'><strong>pa-</strong></span> 
     </span>
    </p>
   </div>
   <div class='ocr_carea' id='block_1_93' title="bbox 2205 3653 3785 3727">
    <p class='ocr_par' dir='ltr' id='par_1_93' title="bbox 2205 3653 3785 3727">
     <span class='ocr_line' id='line_1_94' title="bbox 2205 3653 3785 3727; baseline -0.001 -14"><span class='ocrx_word' id='word_1_751' title='bbox 2205 3663 2398 3714; x_wconf 88' lang='lat' dir='ltr'><strong>tlentcr</strong></span> <span class='ocrx_word' id='word_1_752' title='bbox 2429 3671 2534 3712; x_wconf 88' lang='lat' dir='ltr'><strong>non</strong></span> <span class='ocrx_word' id='word_1_753' title='bbox 2569 3657 2766 3727; x_wconf 87' lang='lat' dir='ltr'><strong>possis,</strong></span> <span class='ocrx_word' id='word_1_754' title='bbox 2795 3666 2854 3711; x_wconf 89' lang='lat' dir='ltr'><strong>ut</strong></span> <span class='ocrx_word' id='word_1_755' title='bbox 2885 3656 3041 3712; x_wconf 80' lang='lat' dir='ltr'><strong>tibia</strong></span> <span class='ocrx_word' id='word_1_756' title='bbox 3069 3667 3356 3727; x_wconf 85' lang='lat' dir='ltr'><strong>quoquam</strong></span> <span class='ocrx_word' id='word_1_757' title='bbox 3382 3653 3612 3721; x_wconf 60' lang='lat' dir='ltr'><strong>dicatur,</strong></span> <span class='ocrx_word' id='word_1_758' title='bbox 3636 3656 3785 3723; x_wconf 75' lang='lat' dir='ltr'><strong>quod</strong></span> 
     </span>
    </p>
   </div>
   <div class='ocr_carea' id='block_1_94' title="bbox 2201 3748 3790 3824">
    <p class='ocr_par' dir='ltr' id='par_1_94' title="bbox 2201 3748 3790 3824">
     <span class='ocr_line' id='line_1_95' title="bbox 2201 3748 3790 3824; baseline -0.002 -17"><span class='ocrx_word' id='word_1_759' title='bbox 2201 3753 2486 3824; x_wconf 83' lang='lat' dir='ltr'><strong>quisquam</strong></span> <span class='ocrx_word' id='word_1_760' title='bbox 2515 3750 2612 3807; x_wconf 87' lang='lat' dir='ltr'><strong>tibi</strong></span> <span class='ocrx_word' id='word_1_761' title='bbox 2658 3750 2857 3806; x_wconf 88' lang='lat' dir='ltr'><strong>bonum</strong></span> <span class='ocrx_word' id='word_1_762' title='bbox 2886 3750 3103 3820; x_wconf 84' lang='lat' dir='ltr'><strong>aliquod</strong></span> <span class='ocrx_word' id='word_1_763' title='bbox 3145 3751 3262 3805; x_wconf 85' lang='lat' dir='ltr'><strong>sine</strong></span> <span class='ocrx_word' id='word_1_764' title='bbox 3290 3759 3381 3804; x_wconf 89' lang='lat' dir='ltr'><strong>tuo</strong></span> <span class='ocrx_word' id='word_1_765' title='bbox 3411 3748 3606 3805; x_wconf 84' lang='lat' dir='ltr'><strong>merito</strong></span> <span class='ocrx_word' id='word_1_766' title='bbox 3636 3749 3790 3804; x_wconf 69' lang='lat' dir='ltr'><strong>exiti-</strong></span> 
     </span>
    </p>
   </div>
   <div class='ocr_carea' id='block_1_95' title="bbox 2201 3843 3788 3916">
    <p class='ocr_par' dir='ltr' id='par_1_95' title="bbox 2201 3843 3788 3916">
     <span class='ocr_line' id='line_1_96' title="bbox 2201 3843 3788 3916; baseline -0.004 -12"><span class='ocrx_word' id='word_1_767' title='bbox 2201 3848 2397 3904; x_wconf 87' lang='lat' dir='ltr'><strong>buerit.</strong></span> <span class='ocrx_word' id='word_1_768' title='bbox 2433 3845 2561 3901; x_wconf 74' lang='lat' dir='ltr'><strong>Haec</strong></span> <span class='ocrx_word' id='word_1_769' title='bbox 2591 3859 2826 3916; x_wconf 87' lang='lat' dir='ltr'><strong>namque</strong></span> <span class='ocrx_word' id='word_1_770' title='bbox 2873 3845 3114 3916; x_wconf 81' lang='lat' dir='ltr'><strong>qualitas</strong></span> <span class='ocrx_word' id='word_1_771' title='bbox 3147 3844 3314 3899; x_wconf 89' lang='lat' dir='ltr'><strong>animi</strong></span> <span class='ocrx_word' id='word_1_772' title='bbox 3363 3859 3472 3899; x_wconf 90' lang='lat' dir='ltr'><strong>non</strong></span> <span class='ocrx_word' id='word_1_773' title='bbox 3513 3843 3582 3898; x_wconf 87' lang='lat' dir='ltr'><strong>de</strong></span> <span class='ocrx_word' id='word_1_774' title='bbox 3614 3843 3788 3898; x_wconf 84' lang='lat' dir='ltr'><strong>humi-</strong></span> 
     </span>
    </p>
   </div>
   <div class='ocr_carea' id='block_1_96' title="bbox 2199 3921 3784 4008">
    <p class='ocr_par' dir='ltr' id='par_1_96' title="bbox 2199 3921 3784 4008">
     <span class='ocr_line' id='line_1_97' title="bbox 2199 3921 3784 4008; baseline -0.004 -15"><span class='ocrx_word' id='word_1_775' title='bbox 2199 3939 2370 4006; x_wconf 87' lang='lat' dir='ltr'><strong>litate,</strong></span> <span class='ocrx_word' id='word_1_776' title='bbox 2405 3938 2500 3994; x_wconf 89' lang='lat' dir='ltr'><strong>sed</strong></span> <span class='ocrx_word' id='word_1_777' title='bbox 2530 3938 2597 3993; x_wconf 91' lang='lat' dir='ltr'><strong>de</strong></span> <span class='ocrx_word' id='word_1_778' title='bbox 2618 3936 2869 4008; x_wconf 87' lang='lat' dir='ltr'><strong>superbia</strong></span> <span class='ocrx_word' id='word_1_779' title='bbox 2892 3921 3177 3991; x_wconf 79' lang='lat' dir='ltr'><strong>ntanilestc</strong></span> <span class='ocrx_word' id='word_1_780' title='bbox 3198 3934 3496 3990; x_wconf 84' lang='lat' dir='ltr'><strong>descendit.</strong></span> <span class='ocrx_word' id='word_1_781' title='bbox 3529 3934 3626 3990; x_wconf 61' lang='lat' dir='ltr'><strong>hit</strong></span> <span class='ocrx_word' id='word_1_782' title='bbox 3647 3935 3784 3990; x_wconf 73' lang='lat' dir='ltr'><strong>etum</strong></span> 
     </span>
    </p>
   </div>
   <div class='ocr_carea' id='block_1_97' title="bbox 2198 4029 3786 4100">
    <p class='ocr_par' dir='ltr' id='par_1_97' title="bbox 2198 4029 3786 4100">
     <span class='ocr_line' id='line_1_98' title="bbox 2198 4029 3786 4100; baseline -0.001 -15"><span class='ocrx_word' id='word_1_783' title='bbox 2198 4031 2485 4097; x_wconf 86' lang='lat' dir='ltr'><strong>Apostolus</strong></span> <span class='ocrx_word' id='word_1_784' title='bbox 2515 4048 2530 4088; x_wconf 86' lang='lat'><strong>:</strong></span> <span class='ocrx_word' id='word_1_785' title='bbox 2566 4032 2708 4097; x_wconf 84' lang='lat' dir='ltr'><strong>Quid</strong></span> <span class='ocrx_word' id='word_1_786' title='bbox 2737 4031 2872 4085; x_wconf 80' lang='lat' dir='ltr'><strong>enim</strong></span> <span class='ocrx_word' id='word_1_787' title='bbox 2917 4031 3077 4085; x_wconf 80' lang='lat' dir='ltr'><strong>habes</strong></span> <span class='ocrx_word' id='word_1_788' title='bbox 3121 4029 3261 4100; x_wconf 74' lang='lat' dir='ltr'><strong>quod</strong></span> <span class='ocrx_word' id='word_1_789' title='bbox 3295 4045 3396 4086; x_wconf 84' lang='lat' dir='ltr'><strong>non</strong></span> <span class='ocrx_word' id='word_1_790' title='bbox 3431 4029 3786 4100; x_wconf 52' lang='lat' dir='ltr'><strong>accepisti!“</strong></span> 
     </span>
    </p>
   </div>
   <div class='ocr_carea' id='block_1_98' title="bbox 2199 4123 3786 4196">
    <p class='ocr_par' dir='ltr' id='par_1_98' title="bbox 2199 4123 3786 4196">
     <span class='ocr_line' id='line_1_99' title="bbox 2199 4123 3786 4196; baseline -0.001 -16"><span class='ocrx_word' id='word_1_791' title='bbox 2199 4135 2369 4180; x_wconf 85' lang='lat' dir='ltr'><strong>autem</strong></span> <span class='ocrx_word' id='word_1_792' title='bbox 2401 4125 2664 4196; x_wconf 82' lang='lat' dir='ltr'><strong>accepisti,</strong></span> <span class='ocrx_word' id='word_1_793' title='bbox 2707 4124 2833 4195; x_wconf 80' lang='lat' dir='ltr'><strong>quid</strong></span> <span class='ocrx_word' id='word_1_794' title='bbox 2865 4123 3112 4195; x_wconf 80' lang='lat' dir='ltr'><strong>gloriaris</strong></span> <span class='ocrx_word' id='word_1_795' title='bbox 3153 4123 3305 4195; x_wconf 80' lang='lat' dir='ltr'><strong>quasi</strong></span> <span class='ocrx_word' id='word_1_796' title='bbox 3351 4139 3456 4179; x_wconf 85' lang='lat' dir='ltr'><strong>non</strong></span> <span class='ocrx_word' id='word_1_797' title='bbox 3485 4123 3786 4194; x_wconf 69' lang='lat' dir='ltr'><strong>acceperis!</strong></span> 
     </span>
    </p>
   </div>
   <div class='ocr_carea' id='block_1_99' title="bbox 2174 4217 3784 4294">
    <p class='ocr_par' dir='ltr' id='par_1_99' title="bbox 2174 4217 3784 4294">
     <span class='ocr_line' id='line_1_100' title="bbox 2174 4217 3784 4294; baseline 0.002 -23"><span class='ocrx_word' id='word_1_798' title='bbox 2174 4217 2251 4294; x_wconf 44' lang='grc'><strong>,(1</strong></span> <span class='ocrx_word' id='word_1_799' title='bbox 2281 4217 2402 4273; x_wconf 90' lang='lat' dir='ltr'><strong>Cor.</strong></span> <span class='ocrx_word' id='word_1_800' title='bbox 2428 4220 2525 4290; x_wconf 85' lang='lat' dir='ltr'><strong>tv).</strong></span> <span class='ocrx_word' id='word_1_801' title='bbox 2556 4217 2682 4275; x_wconf 67' lang='lat' dir='ltr'><strong>Haec</strong></span> <span class='ocrx_word' id='word_1_802' title='bbox 2702 4221 2848 4274; x_wconf 88' lang='lat' dir='ltr'><strong>enim</strong></span> <span class='ocrx_word' id='word_1_803' title='bbox 2877 4226 2932 4274; x_wconf 87' lang='lat' dir='ltr'><strong>et</strong></span> <span class='ocrx_word' id='word_1_804' title='bbox 2957 4219 3169 4275; x_wconf 83' lang='lat' dir='ltr'><strong>Domini</strong></span> <span class='ocrx_word' id='word_1_805' title='bbox 3199 4221 3555 4284; x_wconf 77' lang='lat' dir='ltr'><strong>consuetudo,</strong></span> <span class='ocrx_word' id='word_1_806' title='bbox 3591 4227 3646 4274; x_wconf 82' lang='lat' dir='ltr'><strong>et</strong></span> <span class='ocrx_word' id='word_1_807' title='bbox 3671 4235 3784 4275; x_wconf 77' lang='lat' dir='ltr'><strong>sau-</strong></span> 
     </span>
    </p>
   </div>
   <div class='ocr_carea' id='block_1_100' title="bbox 2198 4310 3782 4382">
    <p class='ocr_par' dir='ltr' id='par_1_100' title="bbox 2198 4310 3782 4382">
     <span class='ocr_line' id='line_1_101' title="bbox 2198 4310 3782 4382; baseline 0.001 -18"><span class='ocrx_word' id='word_1_808' title='bbox 2198 4317 2408 4364; x_wconf 88' lang='lat' dir='ltr'><strong>ctorum</strong></span> <span class='ocrx_word' id='word_1_809' title='bbox 2435 4311 2553 4381; x_wconf 84' lang='lat' dir='ltr'><strong>ejus</strong></span> <span class='ocrx_word' id='word_1_810' title='bbox 2581 4311 2634 4365; x_wconf 91' lang='lat' dir='ltr'><strong>in</strong></span> <span class='ocrx_word' id='word_1_811' title='bbox 2674 4311 2972 4381; x_wconf 88' lang='lat' dir='ltr'><strong>Scripturis</strong></span> <span class='ocrx_word' id='word_1_812' title='bbox 3015 4310 3213 4382; x_wconf 76' lang='lat' dir='ltr'><strong>legitur</strong></span> <span class='ocrx_word' id='word_1_813' title='bbox 3239 4325 3356 4366; x_wconf 80' lang='lat' dir='ltr'><strong>esse</strong></span> <span class='ocrx_word' id='word_1_814' title='bbox 3379 4352 3392 4377; x_wconf 90' lang='lat'><strong>,</strong></span> <span class='ocrx_word' id='word_1_815' title='bbox 3433 4319 3498 4367; x_wconf 87' lang='lat' dir='ltr'><strong>ut</strong></span> <span class='ocrx_word' id='word_1_816' title='bbox 3526 4325 3656 4367; x_wconf 81' lang='lat' dir='ltr'><strong>eum</strong></span> <span class='ocrx_word' id='word_1_817' title='bbox 3681 4321 3782 4366; x_wconf 78' lang='lat' dir='ltr'><strong>non</strong></span> 
     </span>
    </p>
   </div>
   <div class='ocr_carea' id='block_1_101' title="bbox 2197 4404 3784 4476">
    <p class='ocr_par' dir='ltr' id='par_1_101' title="bbox 2197 4404 3784 4476">
     <span class='ocr_line' id='line_1_102' title="bbox 2197 4404 3784 4476; baseline 0.003 -20"><span class='ocrx_word' id='word_1_818' title='bbox 2197 4405 2636 4474; x_wconf 77' lang='lat' dir='ltr'><strong>recognoscimus</strong></span> <span class='ocrx_word' id='word_1_819' title='bbox 2667 4420 2696 4459; x_wconf 90' lang='lat' dir='ltr'><strong>a</strong></span> <span class='ocrx_word' id='word_1_820' title='bbox 2725 4419 2831 4476; x_wconf 88' lang='lat' dir='ltr'><strong>quo</strong></span> <span class='ocrx_word' id='word_1_821' title='bbox 2865 4405 3004 4460; x_wconf 82' lang='lat' dir='ltr'><strong>bona</strong></span> <span class='ocrx_word' id='word_1_822' title='bbox 3035 4405 3344 4474; x_wconf 80' lang='lat' dir='ltr'><strong>accepimus</strong></span> <span class='ocrx_word' id='word_1_823' title='bbox 3365 4443 3380 4471; x_wconf 90' lang='lat'><strong>,</strong></span> <span class='ocrx_word' id='word_1_824' title='bbox 3413 4414 3468 4460; x_wconf 82' lang='lat' dir='ltr'><strong>et</strong></span> <span class='ocrx_word' id='word_1_825' title='bbox 3503 4416 3600 4460; x_wconf 86' lang='lat' dir='ltr'><strong>aut</strong></span> <span class='ocrx_word' id='word_1_826' title='bbox 3634 4404 3784 4462; x_wconf 82' lang='lat' dir='ltr'><strong>bonis</strong></span> 
     </span>
    </p>
   </div>
   <div class='ocr_carea' id='block_1_102' title="bbox 2195 4496 3784 4571">
    <p class='ocr_par' dir='ltr' id='par_1_102' title="bbox 2195 4496 3784 4571">
     <span class='ocr_line' id='line_1_103' title="bbox 2195 4496 3784 4571; baseline 0.002 -21"><span class='ocrx_word' id='word_1_827' title='bbox 2195 4496 2355 4554; x_wconf 84' lang='lat' dir='ltr'><strong>factis</strong></span> <span class='ocrx_word' id='word_1_828' title='bbox 2383 4497 2538 4553; x_wconf 88' lang='lat' dir='ltr'><strong>malis</strong></span> <span class='ocrx_word' id='word_1_829' title='bbox 2565 4499 2818 4569; x_wconf 82' lang='lat' dir='ltr'><strong>cperibus</strong></span> <span class='ocrx_word' id='word_1_830' title='bbox 2861 4499 3270 4571; x_wconf 81' lang='lat' dir='ltr'><strong>respondemus,</strong></span> <span class='ocrx_word' id='word_1_831' title='bbox 3311 4507 3404 4552; x_wconf 89' lang='lat' dir='ltr'><strong>aut</strong></span> <span class='ocrx_word' id='word_1_832' title='bbox 3433 4499 3642 4569; x_wconf 79' lang='lat' dir='ltr'><strong>ingrati</strong></span> <span class='ocrx_word' id='word_1_833' title='bbox 3685 4498 3784 4553; x_wconf 80' lang='lat' dir='ltr'><strong>exi-</strong></span> 
     </span>
    </p>
   </div>
   <div class='ocr_carea' id='block_1_103' title="bbox 2195 4590 3780 4662">
    <p class='ocr_par' dir='ltr' id='par_1_103' title="bbox 2195 4590 3780 4662">
     <span class='ocr_line' id='line_1_104' title="bbox 2195 4590 3780 4662; baseline 0 -18"><span class='ocrx_word' id='word_1_834' title='bbox 2195 4590 2409 4657; x_wconf 88' lang='lat' dir='ltr'><strong>stimus,</strong></span> <span class='ocrx_word' id='word_1_835' title='bbox 2438 4591 2792 4645; x_wconf 85' lang='lat' dir='ltr'><strong>ostendantur</strong></span> <span class='ocrx_word' id='word_1_836' title='bbox 2820 4593 2957 4646; x_wconf 88' lang='lat' dir='ltr'><strong>bona</strong></span> <span class='ocrx_word' id='word_1_837' title='bbox 3004 4607 3122 4662; x_wconf 64' lang='lat' dir='ltr'><strong>qua:</strong></span> <span class='ocrx_word' id='word_1_838' title='bbox 3150 4591 3303 4646; x_wconf 80' lang='lat' dir='ltr'><strong>nobis</strong></span> <span class='ocrx_word' id='word_1_839' title='bbox 3345 4590 3592 4660; x_wconf 83' lang='lat' dir='ltr'><strong>impensa</strong></span> <span class='ocrx_word' id='word_1_840' title='bbox 3643 4601 3780 4655; x_wconf 86' lang='lat' dir='ltr'><strong>sunt,</strong></span> 
     </span>
    </p>
   </div>
   <div class='ocr_carea' id='block_1_104' title="bbox 2186 4681 3782 4753">
    <p class='ocr_par' dir='ltr' id='par_1_104' title="bbox 2186 4681 3782 4753">
     <span class='ocr_line' id='line_1_105' title="bbox 2186 4681 3782 4753; baseline 0 -16"><span class='ocrx_word' id='word_1_841' title='bbox 2186 4691 2459 4753; x_wconf 83' lang='lat' dir='ltr'><strong>quatenus</strong></span> <span class='ocrx_word' id='word_1_842' title='bbox 2487 4683 2574 4739; x_wconf 88' lang='lat' dir='ltr'><strong>illa</strong></span> <span class='ocrx_word' id='word_1_843' title='bbox 2617 4693 3084 4753; x_wconf 81' lang='lat' dir='ltr'><strong>recognoscentes,</strong></span> <span class='ocrx_word' id='word_1_844' title='bbox 3117 4683 3184 4739; x_wconf 90' lang='lat' dir='ltr'><strong>de</strong></span> <span class='ocrx_word' id='word_1_845' title='bbox 3213 4681 3368 4736; x_wconf 85' lang='lat' dir='ltr'><strong>malis</strong></span> <span class='ocrx_word' id='word_1_846' title='bbox 3408 4683 3615 4738; x_wconf 88' lang='lat' dir='ltr'><strong>nostris</strong></span> <span class='ocrx_word' id='word_1_847' title='bbox 3648 4684 3782 4737; x_wconf 86' lang='lat' dir='ltr'><strong>etde</strong></span> 
     </span>
    </p>
   </div>
   <div class='ocr_carea' id='block_1_105' title="bbox 2193 4775 3780 4850">
    <p class='ocr_par' dir='ltr' id='par_1_105' title="bbox 2193 4775 3780 4850">
     <span class='ocr_line' id='line_1_106' title="bbox 2193 4775 3780 4850; baseline -0.003 -18"><span class='ocrx_word' id='word_1_848' title='bbox 2193 4779 2460 4833; x_wconf 84' lang='lat' dir='ltr'><strong>bonorum</strong></span> <span class='ocrx_word' id='word_1_849' title='bbox 2511 4777 2900 4850; x_wconf 78' lang='lat' dir='ltr'><strong>ingratitudine</strong></span> <span class='ocrx_word' id='word_1_850' title='bbox 2951 4778 3364 4843; x_wconf 80' lang='lat' dir='ltr'><strong>erubescamus,</strong></span> <span class='ocrx_word' id='word_1_851' title='bbox 3415 4784 3473 4831; x_wconf 83' lang='lat' dir='ltr'><strong>et</strong></span> <span class='ocrx_word' id='word_1_852' title='bbox 3525 4775 3600 4829; x_wconf 79' lang='lat' dir='ltr'><strong>ad</strong></span> <span class='ocrx_word' id='word_1_853' title='bbox 3650 4775 3780 4829; x_wconf 78' lang='lat' dir='ltr'><strong>bona</strong></span> 
     </span>
    </p>
   </div>
   <div class='ocr_carea' id='block_1_106' title="bbox 2193 4869 3775 4942">
    <p class='ocr_par' dir='ltr' id='par_1_106' title="bbox 2193 4869 3775 4942">
     <span class='ocr_line' id='line_1_107' title="bbox 2193 4869 3775 4942; baseline -0.003 -17"><span class='ocrx_word' id='word_1_854' title='bbox 2193 4871 2527 4942; x_wconf 87' lang='lat' dir='ltr'><strong>reparanda,</strong></span> <span class='ocrx_word' id='word_1_855' title='bbox 2575 4879 2633 4924; x_wconf 90' lang='lat' dir='ltr'><strong>et</strong></span> <span class='ocrx_word' id='word_1_856' title='bbox 2672 4869 2741 4925; x_wconf 90' lang='lat' dir='ltr'><strong>ad</strong></span> <span class='ocrx_word' id='word_1_857' title='bbox 2782 4869 2989 4942; x_wconf 79' lang='lat' dir='ltr'><strong>gratias</strong></span> <span class='ocrx_word' id='word_1_858' title='bbox 3019 4870 3330 4924; x_wconf 86' lang='lat' dir='ltr'><strong>referendas</strong></span> <span class='ocrx_word' id='word_1_859' title='bbox 3376 4879 3775 4926; x_wconf 82' lang='lat' dir='ltr'><strong>convertamur.</strong></span> 
     </span>
    </p>
   </div>
   <div class='ocr_carea' id='block_1_107' title="bbox 2195 4961 3798 5039">
    <p class='ocr_par' dir='ltr' id='par_1_107' title="bbox 2195 4961 3798 5039">
     <span class='ocr_line' id='line_1_108' title="bbox 2195 4961 3798 5039; baseline 0.001 -20"><span class='ocrx_word' id='word_1_860' title='bbox 2195 4965 2284 5020; x_wconf 88' lang='lat' dir='ltr'><strong>Sic</strong></span> <span class='ocrx_word' id='word_1_861' title='bbox 2333 4964 2475 5020; x_wconf 86' lang='lat' dir='ltr'><strong>enim</strong></span> <span class='ocrx_word' id='word_1_862' title='bbox 2526 4961 2788 5022; x_wconf 77' lang='lat' dir='ltr'><strong>DOmillltS</strong></span> <span class='ocrx_word' id='word_1_863' title='bbox 2837 4983 2998 5039; x_wconf 77' lang='lat' dir='ltr'><strong>agere</strong></span> <span class='ocrx_word' id='word_1_864' title='bbox 3037 4965 3091 5020; x_wconf 89' lang='lat' dir='ltr'><strong>in</strong></span> <span class='ocrx_word' id='word_1_865' title='bbox 3141 4964 3441 5035; x_wconf 82' lang='lat' dir='ltr'><strong>Scripturis</strong></span> <span class='ocrx_word' id='word_1_866' title='bbox 3485 4966 3798 5036; x_wconf 60' lang='lat' dir='ltr'><strong>sepissime.</strong></span> 
     </span>
    </p>
   </div>
   <div class='ocr_carea' id='block_1_108' title="bbox 2192 5057 3782 5129">
    <p class='ocr_par' dir='ltr' id='par_1_108' title="bbox 2192 5057 3782 5129">
     <span class='ocr_line' id='line_1_109' title="bbox 2192 5057 3782 5129; baseline 0.001 -18"><span class='ocrx_word' id='word_1_867' title='bbox 2192 5057 2410 5128; x_wconf 80' lang='lat' dir='ltr'><strong>legitur,</strong></span> <span class='ocrx_word' id='word_1_868' title='bbox 2434 5067 2491 5112; x_wconf 90' lang='lat' dir='ltr'><strong>ut</strong></span> <span class='ocrx_word' id='word_1_869' title='bbox 2519 5058 2582 5114; x_wconf 90' lang='lat' dir='ltr'><strong>de</strong></span> <span class='ocrx_word' id='word_1_870' title='bbox 2603 5057 2850 5128; x_wconf 85' lang='lat' dir='ltr'><strong>pluribus</strong></span> <span class='ocrx_word' id='word_1_871' title='bbox 2878 5075 3047 5129; x_wconf 82' lang='lat' dir='ltr'><strong>pauca</strong></span> <span class='ocrx_word' id='word_1_872' title='bbox 3077 5073 3304 5113; x_wconf 86' lang='lat' dir='ltr'><strong>numero</strong></span> <span class='ocrx_word' id='word_1_873' title='bbox 3333 5058 3429 5112; x_wconf 83' lang='lat' dir='ltr'><strong>sed</strong></span> <span class='ocrx_word' id='word_1_874' title='bbox 3457 5069 3568 5112; x_wconf 75' lang='lat' dir='ltr'><strong>non</strong></span> <span class='ocrx_word' id='word_1_875' title='bbox 3591 5060 3782 5114; x_wconf 85' lang='lat' dir='ltr'><strong>merito</strong></span> 
     </span>
    </p>
   </div>
   <div class='ocr_carea' id='block_1_109' title="bbox 2193 5151 3774 5221">
    <p class='ocr_par' dir='ltr' id='par_1_109' title="bbox 2193 5151 3774 5221">
     <span class='ocr_line' id='line_1_110' title="bbox 2193 5151 3774 5221; baseline 0 -15"><span class='ocrx_word' id='word_1_876' title='bbox 2193 5153 2260 5207; x_wconf 85' lang='lat' dir='ltr'><strong>ad</strong></span> <span class='ocrx_word' id='word_1_877' title='bbox 2292 5153 2525 5208; x_wconf 86' lang='lat' dir='ltr'><strong>medium</strong></span> <span class='ocrx_word' id='word_1_878' title='bbox 2555 5153 2894 5210; x_wconf 81' lang='lat' dir='ltr'><strong>devocemus.</strong></span> <span class='ocrx_word' id='word_1_879' title='bbox 2927 5155 3017 5207; x_wconf 79' lang='lat' dir='ltr'><strong>Ait</strong></span> <span class='ocrx_word' id='word_1_880' title='bbox 3048 5153 3191 5207; x_wconf 90' lang='lat' dir='ltr'><strong>enim</strong></span> <span class='ocrx_word' id='word_1_881' title='bbox 3220 5152 3288 5206; x_wconf 85' lang='lat' dir='ltr'><strong>ad</strong></span> <span class='ocrx_word' id='word_1_882' title='bbox 3319 5151 3655 5221; x_wconf 83' lang='lat' dir='ltr'><strong>peculiarem</strong></span> <span class='ocrx_word' id='word_1_883' title='bbox 3688 5167 3774 5221; x_wconf 83' lang='lat' dir='ltr'><strong>po-</strong></span> 
     </span>
    </p>
   </div>
   <div class='ocr_carea' id='block_1_110' title="bbox 2188 5243 3778 5317">
    <p class='ocr_par' dir='ltr' id='par_1_110' title="bbox 2188 5243 3778 5317">
     <span class='ocr_line' id='line_1_111' title="bbox 2188 5243 3778 5317; baseline -0.003 -19"><span class='ocrx_word' id='word_1_884' title='bbox 2188 5246 2368 5314; x_wconf 89' lang='lat' dir='ltr'><strong>pulum</strong></span> <span class='ocrx_word' id='word_1_885' title='bbox 2413 5261 2568 5301; x_wconf 89' lang='lat' dir='ltr'><strong>suum</strong></span> <span class='ocrx_word' id='word_1_886' title='bbox 2604 5267 2615 5300; x_wconf 90' lang='lat'><strong>:</strong></span> <span class='ocrx_word' id='word_1_887' title='bbox 2645 5245 2844 5316; x_wconf 79' lang='lat' dir='ltr'><strong>Papule</strong></span> <span class='ocrx_word' id='word_1_888' title='bbox 2874 5263 3039 5314; x_wconf 85' lang='lat' dir='ltr'><strong>meus,</strong></span> <span class='ocrx_word' id='word_1_889' title='bbox 3089 5245 3215 5317; x_wconf 82' lang='lat' dir='ltr'><strong>quid</strong></span> <span class='ocrx_word' id='word_1_890' title='bbox 3238 5245 3487 5299; x_wconf 87' lang='lat' dir='ltr'><strong>molestus</strong></span> <span class='ocrx_word' id='word_1_891' title='bbox 3530 5245 3611 5315; x_wconf 75' lang='lat' dir='ltr'><strong>fni</strong></span> <span class='ocrx_word' id='word_1_892' title='bbox 3658 5243 3778 5297; x_wconf 79' lang='lat' dir='ltr'><strong>tibi!</strong></span> 
     </span>
    </p>
   </div>
   <div class='ocr_carea' id='block_1_111' title="bbox 2188 5335 3770 5410">
    <p class='ocr_par' dir='ltr' id='par_1_111' title="bbox 2188 5335 3770 5410">
     <span class='ocr_line' id='line_1_112' title="bbox 2188 5335 3770 5410; baseline -0.005 -19"><span class='ocrx_word' id='word_1_893' title='bbox 2188 5335 2412 5391; x_wconf 84' lang='lat' dir='ltr'><strong>Ostende</strong></span> <span class='ocrx_word' id='word_1_894' title='bbox 2441 5338 2587 5392; x_wconf 82' lang='lat' dir='ltr'><strong>mihi.</strong></span> <span class='ocrx_word' id='word_1_895' title='bbox 2622 5337 2836 5392; x_wconf 75' lang='lat' dir='ltr'><strong>Adduxi</strong></span> <span class='ocrx_word' id='word_1_896' title='bbox 2883 5353 2969 5393; x_wconf 87' lang='lat' dir='ltr'><strong>vos</strong></span> <span class='ocrx_word' id='word_1_897' title='bbox 2998 5356 3089 5410; x_wconf 87' lang='lat' dir='ltr'><strong>per</strong></span> <span class='ocrx_word' id='word_1_898' title='bbox 3117 5338 3378 5392; x_wconf 83' lang='lat' dir='ltr'><strong>desertum</strong></span> <span class='ocrx_word' id='word_1_899' title='bbox 3422 5337 3770 5408; x_wconf 77' lang='lat' dir='ltr'><strong>quadraginta</strong></span> 
     </span>
    </p>
   </div>
   <div class='ocr_carea' id='block_1_112' title="bbox 2186 5427 3773 5496">
    <p class='ocr_par' dir='ltr' id='par_1_112' title="bbox 2186 5427 3773 5496">
     <span class='ocr_line' id='line_1_113' title="bbox 2186 5427 3773 5496; baseline -0.004 -13"><span class='ocrx_word' id='word_1_900' title='bbox 2186 5433 2354 5496; x_wconf 87' lang='lat' dir='ltr'><strong>annis,</strong></span> <span class='ocrx_word' id='word_1_901' title='bbox 2403 5448 2505 5485; x_wconf 88' lang='lat' dir='ltr'><strong>non</strong></span> <span class='ocrx_word' id='word_1_902' title='bbox 2537 5441 2656 5485; x_wconf 81' lang='lat' dir='ltr'><strong>sttnt</strong></span> <span class='ocrx_word' id='word_1_903' title='bbox 2686 5432 2867 5486; x_wconf 86' lang='lat' dir='ltr'><strong>attrita</strong></span> <span class='ocrx_word' id='word_1_904' title='bbox 2912 5433 3213 5486; x_wconf 86' lang='lat' dir='ltr'><strong>vestimenta</strong></span> <span class='ocrx_word' id='word_1_905' title='bbox 3243 5437 3412 5486; x_wconf 81' lang='lat' dir='ltr'><strong>vestra</strong></span> <span class='ocrx_word' id='word_1_906' title='bbox 3432 5472 3448 5494; x_wconf 94' lang='lat'><strong>,</strong></span> <span class='ocrx_word' id='word_1_907' title='bbox 3496 5443 3691 5482; x_wconf 82' lang='lat' dir='ltr'><strong>manna</strong></span> <span class='ocrx_word' id='word_1_908' title='bbox 3715 5427 3773 5477; x_wconf 77' lang='lat' dir='ltr'><strong>de</strong></span> 
     </span>
    </p>
   </div>
   <div class='ocr_carea' id='block_1_113' title="bbox 2185 5515 3772 5593">
    <p class='ocr_par' dir='ltr' id='par_1_113' title="bbox 2185 5515 3772 5593">
     <span class='ocr_line' id='line_1_114' title="bbox 2185 5515 3772 5593; baseline -0.002 -20"><span class='ocrx_word' id='word_1_909' title='bbox 2185 5520 2310 5574; x_wconf 76' lang='lat' dir='ltr'><strong>cwlo</strong></span> <span class='ocrx_word' id='word_1_910' title='bbox 2341 5521 2451 5591; x_wconf 83' lang='lat' dir='ltr'><strong>ptui</strong></span> <span class='ocrx_word' id='word_1_911' title='bbox 2484 5521 2648 5587; x_wconf 77' lang='lat' dir='ltr'><strong>vobis,</strong></span> <span class='ocrx_word' id='word_1_912' title='bbox 2695 5533 2739 5577; x_wconf 90' lang='lat' dir='ltr'><strong>et</strong></span> <span class='ocrx_word' id='word_1_913' title='bbox 2786 5521 2930 5577; x_wconf 87' lang='lat' dir='ltr'><strong>obliti</strong></span> <span class='ocrx_word' id='word_1_914' title='bbox 2958 5525 3079 5577; x_wconf 86' lang='lat' dir='ltr'><strong>estis</strong></span> <span class='ocrx_word' id='word_1_915' title='bbox 3126 5522 3244 5576; x_wconf 79' lang='lat' dir='ltr'><strong>me?</strong></span> <span class='ocrx_word' id='word_1_916' title='bbox 3266 5519 3450 5593; x_wconf 79' lang='lat' dir='ltr'><strong>(Mich.</strong></span> <span class='ocrx_word' id='word_1_917' title='bbox 3481 5518 3679 5574; x_wconf 74' lang='lat' dir='ltr'><strong>v1.‘7Et</strong></span> <span class='ocrx_word' id='word_1_918' title='bbox 3708 5515 3772 5568; x_wconf 76' lang='lat' dir='ltr'><strong>ad</strong></span> 
     </span>
    </p>
   </div>
   <div class='ocr_carea' id='block_1_114' title="bbox 2187 5607 3770 5687">
    <p class='ocr_par' dir='ltr' id='par_1_114' title="bbox 2187 5607 3770 5687">
     <span class='ocr_line' id='line_1_115' title="bbox 2187 5607 3770 5687; baseline -0.002 -21"><span class='ocrx_word' id='word_1_919' title='bbox 2187 5613 2356 5670; x_wconf 88' lang='lat' dir='ltr'><strong>David</strong></span> <span class='ocrx_word' id='word_1_920' title='bbox 2387 5613 2638 5671; x_wconf 87' lang='lat' dir='ltr'><strong>dilectum</strong></span> <span class='ocrx_word' id='word_1_921' title='bbox 2684 5633 2900 5672; x_wconf 89' lang='lat' dir='ltr'><strong>servum</strong></span> <span class='ocrx_word' id='word_1_922' title='bbox 2930 5633 3084 5673; x_wconf 87' lang='lat' dir='ltr'><strong>suum</strong></span> <span class='ocrx_word' id='word_1_923' title='bbox 3106 5659 3119 5682; x_wconf 97' lang='lat'><strong>,</strong></span> <span class='ocrx_word' id='word_1_924' title='bbox 3152 5619 3216 5672; x_wconf 88' lang='lat' dir='ltr'><strong>de</strong></span> <span class='ocrx_word' id='word_1_925' title='bbox 3245 5631 3352 5687; x_wconf 87' lang='lat' dir='ltr'><strong>quo</strong></span> <span class='ocrx_word' id='word_1_926' title='bbox 3381 5615 3515 5670; x_wconf 84' lang='lat' dir='ltr'><strong>dicit</strong></span> <span class='ocrx_word' id='word_1_927' title='bbox 3547 5633 3561 5668; x_wconf 89' lang='lat'><strong><em>:</em></strong></span> <span class='ocrx_word' id='word_1_928' title='bbox 3594 5607 3770 5667; x_wconf 69' lang='lat' dir='ltr'><strong>Inveni</strong></span> 
     </span>
    </p>
   </div>
   <div class='ocr_carea' id='block_1_115' title="bbox 2187 5703 3765 5780">
    <p class='ocr_par' dir='ltr' id='par_1_115' title="bbox 2187 5703 3765 5780">
     <span class='ocr_line' id='line_1_116' title="bbox 2187 5703 3765 5780; baseline -0.003 -21"><span class='ocrx_word' id='word_1_929' title='bbox 2187 5703 2356 5762; x_wconf 83' lang='lat' dir='ltr'><strong>David</strong></span> <span class='ocrx_word' id='word_1_930' title='bbox 2382 5717 2583 5761; x_wconf 77' lang='lat' dir='ltr'><strong>servant</strong></span> <span class='ocrx_word' id='word_1_931' title='bbox 2613 5725 2802 5775; x_wconf 81' lang='lat' dir='ltr'><strong>nteant,</strong></span> <span class='ocrx_word' id='word_1_932' title='bbox 2825 5709 2913 5780; x_wconf 87' lang='lat' dir='ltr'><strong>qui</strong></span> <span class='ocrx_word' id='word_1_933' title='bbox 2943 5707 3068 5778; x_wconf 81' lang='lat' dir='ltr'><strong>facit</strong></span> <span class='ocrx_word' id='word_1_934' title='bbox 3091 5721 3268 5762; x_wconf 74' lang='lat' dir='ltr'><strong>attines</strong></span> <span class='ocrx_word' id='word_1_935' title='bbox 3291 5704 3586 5761; x_wconf 81' lang='lat' dir='ltr'><strong>voluntates</strong></span> <span class='ocrx_word' id='word_1_936' title='bbox 3609 5709 3765 5756; x_wconf 69' lang='lat' dir='ltr'><strong>meas.</strong></span> 
     </span>
    </p>
   </div>
   <div class='ocr_carea' id='block_1_116' title="bbox 2186 5797 3767 5872">
    <p class='ocr_par' dir='ltr' id='par_1_116' title="bbox 2186 5797 3767 5872">
     <span class='ocr_line' id='line_1_117' title="bbox 2186 5797 3767 5872; baseline -0.003 -18"><span class='ocrx_word' id='word_1_937' title='bbox 2186 5801 2319 5872; x_wconf 83' lang='lat' dir='ltr'><strong>Ego,</strong></span> <span class='ocrx_word' id='word_1_938' title='bbox 2351 5802 2542 5871; x_wconf 83' lang='lat' dir='ltr'><strong>inquit,</strong></span> <span class='ocrx_word' id='word_1_939' title='bbox 2576 5811 2623 5856; x_wconf 87' lang='lat' dir='ltr'><strong>te</strong></span> <span class='ocrx_word' id='word_1_940' title='bbox 2653 5802 2750 5855; x_wconf 84' lang='lat' dir='ltr'><strong>tuli</strong></span> <span class='ocrx_word' id='word_1_941' title='bbox 2785 5803 2848 5856; x_wconf 86' lang='lat' dir='ltr'><strong>de</strong></span> <span class='ocrx_word' id='word_1_942' title='bbox 2877 5803 3031 5856; x_wconf 88' lang='lat' dir='ltr'><strong>domo</strong></span> <span class='ocrx_word' id='word_1_943' title='bbox 3076 5803 3241 5871; x_wconf 82' lang='lat' dir='ltr'><strong>patris</strong></span> <span class='ocrx_word' id='word_1_944' title='bbox 3290 5802 3399 5866; x_wconf 82' lang='lat' dir='ltr'><strong>tui,</strong></span> <span class='ocrx_word' id='word_1_945' title='bbox 3432 5807 3484 5853; x_wconf 78' lang='lat' dir='ltr'><strong>et</strong></span> <span class='ocrx_word' id='word_1_946' title='bbox 3529 5797 3676 5867; x_wconf 81' lang='lat' dir='ltr'><strong>posui</strong></span> <span class='ocrx_word' id='word_1_947' title='bbox 3721 5803 3767 5845; x_wconf 75' lang='lat' dir='ltr'><strong>te</strong></span> 
     </span>
    </p>
   </div>
   <div class='ocr_carea' id='block_1_117' title="bbox 2182 5888 3763 5966">
    <p class='ocr_par' dir='ltr' id='par_1_117' title="bbox 2182 5888 3763 5966">
     <span class='ocr_line' id='line_1_118' title="bbox 2182 5888 3763 5966; baseline -0.006 -17"><span class='ocrx_word' id='word_1_948' title='bbox 2182 5911 2390 5965; x_wconf 81' lang='lat' dir='ltr'><strong>pascere</strong></span> <span class='ocrx_word' id='word_1_949' title='bbox 2420 5913 2621 5966; x_wconf 82' lang='lat' dir='ltr'><strong>gregem</strong></span> <span class='ocrx_word' id='word_1_950' title='bbox 2667 5895 2845 5966; x_wconf 82' lang='lat' dir='ltr'><strong>pepuli</strong></span> <span class='ocrx_word' id='word_1_951' title='bbox 2884 5897 3006 5962; x_wconf 87' lang='lat' dir='ltr'><strong>mei,</strong></span> <span class='ocrx_word' id='word_1_952' title='bbox 3046 5903 3102 5950; x_wconf 80' lang='lat' dir='ltr'><strong>et</strong></span> <span class='ocrx_word' id='word_1_953' title='bbox 3124 5895 3204 5964; x_wconf 79' lang='lat' dir='ltr'><strong>fui</strong></span> <span class='ocrx_word' id='word_1_954' title='bbox 3246 5901 3412 5947; x_wconf 78' lang='lat' dir='ltr'><strong>teram</strong></span> <span class='ocrx_word' id='word_1_955' title='bbox 3441 5892 3494 5944; x_wconf 86' lang='lat' dir='ltr'><strong>in</strong></span> <span class='ocrx_word' id='word_1_956' title='bbox 3530 5888 3763 5944; x_wconf 75' lang='lat' dir='ltr'><strong>omnibus</strong></span> 
     </span>
    </p>
   </div>
   <div class='ocr_carea' id='block_1_118' title="bbox 2186 5973 3760 6058">
    <p class='ocr_par' dir='ltr' id='par_1_118' title="bbox 2186 5973 3760 6058">
     <span class='ocr_line' id='line_1_119' title="bbox 2186 5973 3760 6058; baseline -0.008 -16"><span class='ocrx_word' id='word_1_957' title='bbox 2186 5973 2476 6058; x_wconf 75' lang='lat' dir='ltr'><strong>ubicunque</strong></span> <span class='ocrx_word' id='word_1_958' title='bbox 2521 5987 2821 6053; x_wconf 78' lang='lat' dir='ltr'><strong>atnbulasti,</strong></span> <span class='ocrx_word' id='word_1_959' title='bbox 2847 5988 3068 6055; x_wconf 83' lang='lat' dir='ltr'><strong>ﬁrmans</strong></span> <span class='ocrx_word' id='word_1_960' title='bbox 3097 6002 3310 6057; x_wconf 82' lang='lat' dir='ltr'><strong>regnum</strong></span> <span class='ocrx_word' id='word_1_961' title='bbox 3355 5993 3501 6038; x_wconf 84' lang='lat' dir='ltr'><strong>tuum</strong></span> <span class='ocrx_word' id='word_1_962' title='bbox 3529 5983 3580 6034; x_wconf 85' lang='lat' dir='ltr'><strong>in</strong></span> <span class='ocrx_word' id='word_1_963' title='bbox 3617 5990 3760 6036; x_wconf 42' lang='lat' dir='ltr'><strong>a&#39;ter‘</strong></span> 
     </span>
    </p>
   </div>
  </div>
