3990 6300
150 365 305 428 485
941 372 1185 432 OPUSC.
1222 364 1312 429 ΕΤ
1353 370 1570 431 EPIST.
1612 358 1680 428 lN
1710 358 1939 433 CAUSA.
1972 369 2307 435 HINCMARI
2342 368 2647 439 LAUDUN.
3391 378 3505 449 489

150 504 325 547 nam
350 488 460 563 (ll
494 488 622 562 Reg.
652 490 783 562 vn).
810 491 881 549 Et
907 491 1013 547 alia
1054 492 1286 563 plurima
1317 508 1437 565 qurc
1486 488 1560 547 illi
1598 490 1799 561 impro-
1827 476 1877 550 Α
1905 494 2143 550 exterius
2173 496 2483 567 proliciunt,
2515 500 2638 557 inde
2665 499 2733 559 ab
2760 498 2968 560 intimis
2993 503 3214 561 cadunt.
3236 502 3283 561 Α
3313 506 3499 567 inultis

154 594 385 658 perat,
413 586 675 659 quoniam
726 595 850 657 post
893 587 1213 659 multiplicia
1263 589 1402 645 dona
1458 584 1694 659 graviter
1742 583 1796 639 in
1903 585 2046 640 enim
2076 588 2291 657 dicitur,
2322 591 2467 664 quod
2497 594 2581 649 vix
2626 596 2803 667 pauci,
2847 606 2939 653 aut
2979 598 3160 669 potius
3192 598 3323 656 nulli
3353 604 3499 674 apud

158 693 317 739 eum
350 680 478 739 sine
513 688 762 749 respectu
808 688 1149 751 peccaverat.
1178 679 1322 752 Lege
1354 678 1608 753 epistolas
1647 674 1795 732 Pauli

160 772 257 827 ad
284 770 613 830 Corinthios
641 780 699 828 et
726 772 797 828 ad
824 772 1047 829 Galatas
1065 814 1079 839 ,
1111 784 1167 830 et
1190 773 1319 829 hinc
1352 769 1679 829 sullicienter
1715 772 1796 825 in-

159 867 409 923 venies.
440 866 578 928 Diam
616 876 851 938 quatuor
896 869 1129 941 legimus
1158 870 1370 941 species
1400 869 1793 941 arrogantium,

162 976 325 1016 cum.
346 971 449 1019 aut
468 960 673 1027 bonum
706 978 767 1018 se
792 970 987 1032 putant
1016 979 1049 1020 a
1078 978 1138 1019 se
1165 962 1367 1019 habere
1396 963 1538 1033 quod
1571 961 1791 1027 habent,

165 1064 284 1112 aut
329 1072 441 1127 pro
484 1057 696 1114 meritis
740 1059 854 1115 suis
903 1075 962 1115 se
1011 1060 1213 1116 habere
1253 1057 1399 1130 quod
1432 1057 1670 1123 habent,
1699 1052 1793 1111 aut

166 1148 546 1221 singulariter
566 1165 625 1206 se
654 1149 858 1207 habere
885 1151 1031 1222 quod
1058 1152 1281 1217 habent,
1311 1159 1406 1207 aut
1442 1165 1552 1223 prae
1582 1148 1791 1207 cateris

168 1256 243 1297 se
266 1241 479 1299 habere
499 1242 644 1314 quod
665 1242 886 1301 habent.
912 1243 995 1300 Ab
1019 1244 1107 1301 bis
1131 1245 1386 1301 omnibus
1407 1258 1500 1299 cor
1530 1251 1680 1299 tuum
1703 1257 1792 1297 cu-

169 1336 355 1403 stodi,
375 1336 539 1407 juxta
572 1340 717 1407 quod
746 1337 1009 1409 scriptum
1038 1347 1123 1395 est
1147 1354 1161 1393 :
1189 1335 1345 1394 Omni
1374 1336 1614 1393 custodia
1643 1353 1787 1392 serra

170 1446 273 1486 cor
300 1438 483 1498 tum,
510 1431 761 1502 quoniam
781 1446 846 1489 es
874 1431 986 1503 ipso
1018 1433 1121 1489 vita
1148 1431 1377 1501 procedit
1401 1428 1585 1511 (Prop.
1617 1426 1715 1500 tv).

813 1560 1042 1628 CAPUT
1077 1570 1162 1627 Li.

170 1660 259 1720 De
282 1650 508 1732 exeniis,
542 1680 661 1736 qua:
690 1682 723 1719 (ι
749 1661 951 1719 clericis
987 1666 1034 1720 at
1066 1663 1217 1719 laicis
1259 1664 1465 1737 exigere
1489 1661 1777 1718 dicebatur.
1818 1668 1819 1673 ‘

248 1803 469 1860 Dicitur
494 1811 551 1859 et
574 1817 609 1857 a
640 1802 859 1869 multis,
888 1802 1037 1874 quod
1067 1811 1122 1859 et
1153 1801 1381 1860 clericos
1407 1810 1459 1858 et
1487 1802 1654 1859 laicos
1683 1799 1778 1856 tibi
1818 1850 1831 1874 ἐ

1904 685 1955 732 te
1986 678 2240 751 quiddam
2274 678 2521 741 beneﬁcii
2542 728 2557 754 ,
2585 687 2687 744 nisi
2716 686 2923 760 prtemli
2954 686 3171 747 (latione
3200 691 3495 762 praevalent

1901 769 2147 829 obtinere
2183 792 2196 829 :
2232 777 2379 849 quod
2414 781 2544 836 satis
2592 792 2861 855 superque
2892 790 3205 841 sanctarum
3253 786 3500 859 Scriptu-

1900 880 2083 922 rarum
2134 867 2446 928 auctoritati
2496 878 2849 945 contrarium,
2882 887 2939 935 et
2984 886 3253 936 canonum
3296 886 3381 937 est
3409 898 3497 939 sa-

1897 970 2113 1013 crorum
2170 960 2407 1020 decretis
2456 965 2785 1036 adversum,
2838 974 2898 1026 tit
2951 974 3039 1027 res
3095 978 3150 1027 et
3210 966 3495 1031 facultates

1894 1048 2322 1123 ecclesiasticas,
2377 1074 2512 1129 quas
2576 1060 2629 1115 in
2687 1062 3032 1119 ordinatione
3084 1059 3375 1135 episcopali
3424 1064 3497 1119 ad

1895 1146 2187 1220 regendum
2220 1160 2273 1208 et
2323 1148 2645 1226 regulariter
2692 1156 3109 1228 dispensandum
3161 1159 3282 1216 sine
3317 1159 3499 1230 pretio

1893 1240 2217 1312 suscepisti,
2281 1234 2349 1299 ad
2410 1244 2584 1317 turpis
2647 1247 2781 1303 lucri
2840 1251 3121 1323 praemium
3179 1250 3232 1306 in
3284 1248 3490 1307 beneﬁ-

1891 1330 2034 1386 cium
2110 1326 2317 1402 dones,
2401 1353 2522 1392 cum
2597 1334 2795 1395 Paulus
2874 1340 3148 1411 apostolus
3210 1340 3333 1398 Tito
3399 1343 3491 1398 de;

1891 1422 2138 1482 scribens
2223 1428 2398 1499 qualis
2479 1428 2673 1487 debeat
2753 1436 2873 1488 esse
2949 1432 3234 1508 episcopus
3264 1476 3278 1501 ,
3349 1434 3491 1489 intér

1891 1519 1994 1574 alia
2061 1518 2206 1577 dicat
2264 1538 2277 1576 :
2332 1522 2583 1595 Oportet,
2658 1522 2951 1599 inquiens,
3018 1544 3315 1601 episcopum
3378 1529 3493 1585 sine

1888 1611 2107 1667 crimine
2146 1631 2257 1670 esse
2285 1615 2419 1670 sicut
2449 1606 2551 1672 Dei
2577 1610 3012 1692 dispensatorem,
3052 1639 3155 1676 non
3186 1618 3487 1692 superbum,

1887 1722 1990 1761 non
2024 1708 2363 1780 iracundum,
2410 1729 2515 1768 non
2561 1712 2902 1782 vinolentum,
2949 1734 3053 1772 non
3099 1722 3501 1787 percussorem,

1887 1814 1989 1853 non
2039 1802 2208 1872 turpis
2259 1798 2399 1857 lucri
2448 1804 2695 1876 cupidum
2746 1800 2876 1877 (Tit.
2926 1806 2988 1879 ι).
3045 1794 3113 1862 Et
3160 1807 3289 1863 item
3339 1807 3481 1862 idem

176 1894 514 1953 commissos
540 1895 599 1951 in
621 1894 813 1953 multis
831 1896 1041 1953 eseniis
1069 1910 1166 1966 per
1195 1895 1443 1953 diversas
1468 1893 1783 1951 occasiones
1813 1864 1860 1928 Β
1891 1888 2053 1949 dicit:
2074 1888 2314 1948 Avaritia
2335 1911 2454 1968 qua:
2476 1905 2549 1951 est
2573 1864 2837 1952 idolorum
2860 1864 3079 1953 seriitus
3103 1888 3487 1971 (Ephes.v,5);

173 2002 412 2059 graves,
439 1986 587 2059 quod
615 1996 839 2044 satiatus
862 1985 976 2045 Leo
998 2002 1137 2059 papa
1186 2003 1296 2045 nou
1336 1987 1649 2045 christiana:
1691 1984 1784 2042 de-

173 2080 419 2145 votioni,
446 2079 670 2136 minime
699 2088 886 2137 autem
908 2078 1199 2151 episcopali
1224 2079 1469 2151 religioni
1493 2078 1783 2136 convenire

168 2173 515 2239 ostendens,
540 2172 711 2229 dicit:
749 2191 767 2224 ί
808 2172 1175 2245 Sicut,inquit
1208 2171 1378 2245 (epist.
1412 2171 1503 2239 84,
1534 2171 1603 2226 ad
1630 2170 1783 2227 Anti-

169 2265 388 2340 ειμι),
443 2265 699 2336 przeiatns
742 2282 853 2323 non
894 2265 1011 2322 vult
1058 2266 1239 2338 gravis
1277 2266 1462 2322 oneris
1512 2264 1784 2322 sarcinam

171 2359 345 2426 ferre,
374 2359 455 2415 ita
490 2375 603 2416 non
640 2360 841 2417 audeat
881 2359 1007 2415 aliis
1054 2358 1398 2430 importabile
1436 2359 1649 2431 pondus
1677 2359 1780 2414 im-

172 2467 409 2525 ponere.
433 2452 699 2524 Discipuli
739 2453 886 2509 enim
916 2468 1106 2509 sumus
1144 2452 1367 2509 humilis
1395 2460 1454 2509 et
1491 2452 1639 2509 mitis
1667 2466 1782 2509 ma-

173 2547 331 2619 gissri
360 2547 636 2603 dicentis:
663 2545 859 2603 Discite
884 2565 919 2602 a
942 2562 1024 2603 me
1041 2547 1165 2619 quia
1189 2547 1332 2602 mitis
1353 2563 1470 2602 sum
1496 2556 1543 2601 et
1565 2546 1779 2601 humilis
1808 2610 1811 2613 γ

174 2641 355 2707 code,
386 2651 437 2697 et
466 2641 739 2697 insenietis
768 2644 998 2714 requiem
1034 2642 1309 2699 animabus
1338 2643 1522 2701 vestris
1558 2640 1777 2713 (Matth.

172 2737 277 2806 Si).
307 2735 419 2803 Qui
442 2734 668 2791 inutilis
695 2743 753 2793 et
793 2736 947 2792 mitis
974 2736 1232 2807 magister
1278 2736 1475 2792 iterum
1518 2734 1584 2790 de
1625 2734 1779 2806 gravi

171 2837 231 2884 et
276 2828 618 2900 impetrabili
664 2829 889 2901 pmlato
931 2829 1064 2886 dicit
1095 2827 1193 2884 :Si
1242 2828 1468 2895 dixerit,
1503 2826 1775 2898 inquiens,

170 2922 353 2979 metu
377 2922 469 2979 ille
494 2936 677 2980 seruus
694 2924 753 2978 in
776 2922 938 2979 sorde
958 2939 1088 2986 suo,
1118 2938 1325 2979 moratis
1366 2922 1493 2992 facit
1520 2919 1777 2977 Dominus

169 3034 321 3077 meus
368 3018 575 3088 sortire,
619 3029 669 3075 et
713 3020 923 3092 ceperit
970 3030 1241 3091 percutere
1289 3034 1565 3077 conservos
1613 3033 1775 3084 suos,

172 3120 461 3173 manducet
484 3127 660 3173 autem
689 3128 740 3173 et
783 3118 923 3177 bibat
968 3133 1091 3173 eum
1113 3116 1291 3183 ebriis,
1321 3116 1487 3170 veniet
1517 3114 1774 3169 Dominus

168 3212 307 3267 servi
333 3210 483 3267 illius
502 3212 563 3267 ite
587 3212 673 3267 die
696 3226 807 3283 qna
827 3226 933 3268 non
957 3222 1156 3283 sperat,
1177 3220 1225 3267 ct
1252 3212 1383 3267 liora
1407 3228 1513 3283 qua
1528 3213 1781 3282 ignorat,

168 3310 222 3359 et
262 3302 463 3360 dividet
489 3318 632 3371 eum,
661 3314 966 3378 partemque
998 3306 1117 3377 eius
1152 3317 1307 3377 ponet
1337 3314 1454 3361 curn
1485 3306 1769 3377 hypocritis

168 3397 391 3467 (Nouit.
428 3405 602 3472 xx").
639 3399 817 3456 «Hinc
831 3402 1027 3457 beatus
1060 3400 1500 3471 dieitGregorius
1528 3396 1766 3470 (Pastor.

167 3504 233 3558 it,
266 3500 393 3563 esp.
420 3491 479 3564 Ο)
512 3509 531 3547 :
560 3511 583 3545 ε
624 3493 772 3551 inter
799 3494 1117 3565 hypocritas
1139 3494 1283 3550 enim
1303 3494 1427 3565 iure
1455 3493 1766 3562 deputatur,

163 3583 269 3656 qui
285 3596 357 3641 es
386 3584 731 3644 stmtdatione
755 3586 1075 3658 disciplinae,
1103 3587 1465 3644 ministerium
1486 3586 1767 3658 regiminis

161 3677 346 3734 vertit
370 3675 425 3733 iii
452 3682 609 3736 dsunt
651 3680 1062 3738 dominationis.
1100 3699 1118 3733 ι
1153 3680 1222 3736 Et
1264 3680 1459 3737 beatus
1488 3678 1769 3750 apostolus

161 3769 387 3826 Paulus
410 3778 572 3837 vetat,
595 3780 697 3829 non
716 3788 1074 3845 percussorem
1096 3788 1206 3829 esse
1226 3773 1524 3843 episcopum
1547 3770 1602 3841 (Ι
1628 3769 1763 3824 Tim.

166 3862 533 3937 m;31'it.r).
573 3864 691 3921 Non
721 3867 1064 3937 quidemqui
1107 3880 1215 3921 non
1259 3864 1528 3936 percutiat
1575 3862 1768 3934 pugnis

166 3958 439 4026 subditos,
468 3958 563 4016 sed
594 3962 685 4032 Qui
736 3968 843 4015 non
888 3961 1157 4031 percutiat
1185 3959 1325 4014 sctis
1369 3964 1426 4013 et
1463 3956 1626 4012 dictis
1653 3956 1768 4011 suis

166 4054 561 4114 conscientiam
626 4054 1043 4127 subiectorum;
1087 4069 1224 4127 quos
1285 4062 1383 4124 per
1442 4052 1767 4123 prophetam

164 4150 429 4206 Dominus
452 4142 762 4221 redarguit:
787 4146 889 4215 Qui
916 4150 1211 4220 percutiunt
1240 4162 1416 4218 pugno
1444 4147 1602 4217 impie
1627 4146 1767 4219 (Isa.

162 4242 342 4315 mn).
375 4229 719 4298 Audiendum
749 4252 877 4313 ergo
912 4241 1071 4297 nobis
1104 4249 1187 4297 est
1222 4238 1461 4311 praelatis
1496 4238 1641 4310 quod
1670 4252 1768 4309 per

163 4320 461 4408 quemdam
507 4334 805 4407 sapientem
856 4334 1056 4391 dicitur
1095 4353 1110 4393 :
1146 4333 1340 4389 Ducem
1391 4342 1440 4389 te
1484 4333 1767 4387 constitue-

161 4436 309 4495 runt,
337 4427 445 4483 noli
477 4427 677 4495 extolli,
706 4430 794 4484 sed
824 4439 934 4485 esto
965 4430 1019 4483 in
1064 4429 1165 4484 illis
1201 4430 1356 4500 quasi
1398 4442 1533 4483 unus
1561 4444 1626 4483 ex
1657 4428 1767 4482 illis

161 4512 358 4593 (Eccli.
386 4522 595 4595 xxx");
628 4532 719 4577 et:
756 4521 965 4577 Divitiis?
989 4523 1035 4576 si
1066 4522 1280 4593 afﬂuant
1303 4564 1315 4587 ,
1348 4519 1506 4575 nolite
1551 4536 1640 4573 cor
1670 4535 1765 4589 ap-

1889 1981 1957 2037 Et
1985 2001 1997 2037 :
2024 1981 2205 2041 Radix
2250 1988 2483 2043 omnium
2530 1980 2794 2045 malorum
2847 1991 3109 2063 cupiditas
3159 1982 3217 2064 (Ῑ
3250 1988 3490 2061 mm,

1889 2079 2002 2151 10).
2029 2081 2099 2137 Ει
2119 2083 2259 2139 sacri
2284 2084 2742 2161 Carthaginenses
2763 2105 3001 2146 canones
3025 2076 3166 2163 (can.
3192 2088 3249 2164 5)
3276 2108 3290 2145 :
3324 2109 3344 2143 ‹
3366 2082 3490 2147 0m-

1888 2174 2040 2241 nino,
2085 2175 2364 2248 inquiunt,
2407 2179 2659 2251 cuiquam
2712 2180 3036 2239 clericorum
3083 2199 3191 2239 non
3229 2180 3393 2239 liceat
3422 2178 3491 2241 de'

1889 2266 2126 2339 qualibet
2176 2286 2237 2326 re
2275 2271 2436 2328 fenus
2482 2273 2761 2345 accipere;
2794 2294 2812 2326 ι
2843 2283 2897 2329 et
2935 2272 3096 2345 paulo
3124 2282 3285 2346 post:
3315 2272 3489 2330 «Pro-

1888 2361 2016 2417 inde
2048 2363 2194 2434 quod
2235 2363 2290 2417 in
2334 2362 2492 2421 laicis
2538 2365 2976 2435 reprehenditur,
3015 2362 3069 2421 id
3104 2367 3274 2423 multo
3311 2365 3488 2439 magis

1887 2454 2047 2515 debet
2076 2455 2133 2511 in
2163 2455 2379 2512 clericis
2400 2456 2784 2527 praedamnari.
2818 2457 3149 2516 Universum
3190 2458 3483 2516 concilium

1885 2550 2063 2606 dixit:
2093 2550 2266 2607 Nemo
2300 2560 2492 2608 contra
2523 2553 2840 2626 prophetas,
2884 2570 3048 2610 nemo
3087 2564 3279 2610 contra
3314 2540 3488 2609 Evan-

1883 2641 2025 2714 gelia
2076 2642 2209 2699 facit
2249 2643 2367 2700 sine
2396 2644 2661 2717 periculo.
2694 2665 2714 2699 ι
2760 2634 2828 2701 Et
2855 2644 3135 2701 Nicmnnm
3168 2643 3480 2717 concilium,

1883 2737 2029 2807 quod
2056 2752 2199 2809 saepe
2228 2747 2284 2795 et
2312 2738 2369 2795 in
2398 2738 2520 2809 aliis
2547 2739 2823 2797 invenitur
2849 2741 3174 2809 canonibus,
3207 2757 3359 2799 more
3383 2756 3483 2798 suo

1881 2828 2069 2899 plures
2116 2846 2315 2888 causas
2358 2848 2467 2888 uno
2508 2816 2977 2905 comprehendens
3026 2828 3296 2907 capitulo,
3353 2834 3482 2890 hinc

1881 2935 2007 2978 cum
2050 2922 2173 2978 aliis
2222 2925 2535 2983 conclusive
2587 2926 2720 2982 dicit
2767 2927 2908 2998 (can.
2952 2925 3041 2999 17)
3088 2944 3101 2982 :
3158 2946 3177 2978 ι
3209 2924 3477 2996 Quoniam

1880 3016 2042 3073 multi
2090 3019 2192 3075 sub
2239 3020 2431 3094 regula
2469 3009 2757 3079 constituti
2787 3021 3074 3078 avaritiam
3107 3032 3160 3080 et
3191 3022 3367 3096 turpia
3399 3020 3479 3080 lu-

1882 3126 1974 3169 cra
2004 3121 2306 3181 sectantur,
2338 3114 2490 3186 juste
2529 3116 2746 3172 censuit
2784 3124 2978 3172 sancta
3006 3124 3061 3173 et
3088 3094 3507 3190 magnalsynof

1880 3205 2001 3275 dus,
2047 3216 2107 3264 ut
2136 3208 2181 3264 si
2208 3209 2443 3279 quisque
2488 3209 2747 3267 inventus
2796 3209 2964 3266 fuerit
2995 3226 3063 3267 ex
3092 3211 3481 3269 adinventione

1876 3298 2061 3371 aliqua
2090 3300 2175 3359 vel
2215 3300 2458 3372 quolibet
2496 3301 2659 3361 modo
2704 3304 2981 3375 negotium
3024 3303 3352 3379 transigens,
3392 3302 3479 3361 vel

1876 3394 2085 3465 aliquid
2112 3394 2217 3452 tale
2246 3411 2473 3467 prorsus
2510 3396 2830 3468 excogitaus
2874 3396 3045 3469 turpis
3093 3398 3230 3456 lucri
3276 3399 3473 3471 gratia,

1875 3488 2163 3558 deiiciatur
2189 3507 2223 3549 a
2247 3491 2419 3560 clero,
2448 3500 2507 3548 et
2546 3493 2761 3549 alienus
2803 3491 3005 3548 existat
3033 3508 3063 3549 a
3096 3493 3279 3566 regula
3312 3534 3325 3549 .
3355 3512 3375 3546 ι
3409 3493 3477 3549 Ει

1872 3580 1985 3638 Leo
2003 3582 2065 3638 in
2088 3584 2315 3654 epistola
2343 3584 2411 3641 ad
2442 3584 2729 3642 universos
2754 3585 3038 3656 episcopos
3068 3600 3163 3656 per
3190 3585 3477 3643 universas

1872 3675 2189 3743 provincias
2243 3677 2571 3734 constitutos
2620 3696 2634 3733 :
2697 3696 2714 3731 ι
2744 3676 2903 3744 illud,
2953 3677 3128 3749 inquit
3178 3677 3350 3748 (epist.
3382 3662 3495 3753 ll),

1872 3769 2126 3827 duximus
2173 3771 2645 3841 praemonendum,
2694 3781 2755 3828 ut
2779 3772 2922 3828 sicut
2949 3787 3059 3828 non
3091 3786 3217 3839 suo,
3250 3773 3325 3828 ita
3358 3788 3471 3831 non

1872 3860 2052 3935 alieno
2106 3864 2352 3930 nomine,
2396 3863 2594 3936 aliquis
2636 3862 2963 3921 clericorum
3012 3879 3275 3922 exercere
3314 3865 3477 3926 fenus

1870 3962 2121 4012 attentet.
2147 3954 2409 4014 lndecens
2438 3957 2585 4014 enim
2612 3964 2697 4014 est
2730 3958 2938 4014 crimen
2981 3973 3142 4014 suum
3170 3956 3474 4017 commodis

1871 4047 2065 4105 alienis
2096 4050 2432 4121 impendere.
2462 4049 2645 4107 Fenus
2680 4060 2860 4109 autem
2894 4052 2997 4108 hoc
3021 4050 3199 4128 solum
3225 4052 3487 4124 aspicere,

1869 4151 1926 4197 et
1973 4158 2233 4200 exercere
2277 4144 2563 4211 debemus,
2606 4152 2667 4198 ut
2713 4141 2857 4215 quod
2900 4143 2989 4199 hic
3043 4142 3471 4200 misericorditer

1872 4236 2186 4303 tribuimus,
2236 4238 2307 4293 ab
2333 4254 2401 4293 eo
2434 4237 2690 4303 Domino,
2736 4238 2830 4308 qui
2877 4236 3268 4308 multipliciter,
3315 4245 3371 4294 et
3409 4236 3469 4295 in

1868 4338 2191 4399 perpetuum
2234 4347 2491 4387 mansura
2540 4331 2823 4395 retribuet,
2874 4331 3118 4399 recipere
3157 4330 3459 4387 valeamus.

1870 4421 1985 4478 Hoc
2004 4424 2190 4494 itaque
2218 4425 2516 4480 admonitio
2547 4432 2735 4480 nostra
2767 4422 3069 4488 denuntiat,
3101 4421 3245 4492 quod
3269 4423 3313 4479 si
3342 4423 3471 4495 quis

1868 4514 2101 4570 fratrum
2138 4524 2328 4571 contra
2365 4518 2483 4572 lucc
2519 4516 2816 4573 constituta
2844 4514 3030 4570 venire
3057 4516 3376 4583 teutaverit,
3406 4523 3465 4572 et

158 4610 354 4686 potiere
391 4610 563 4688 (Psal.
599 4615 730 4683 th).
766 4615 983 4670 Timere
1007 4614 1172 4669 etiam
1202 4611 1489 4679 debemus,
1520 4625 1589 4667 ne
1616 4626 1757 4681 prat-
1791 4633 1841 4695 ι)
1866 4609 2139 4682 prohibita
2186 4609 2354 4665 fuerit
2404 4625 2569 4666 ausus
2615 4609 2927 4675 admittere,
2974 4624 3004 4662 a
3037 4623 3136 4663 suo
3164 4622 3222 4663 se
3251 4607 3469 4665 noverit

158 4704 290 4763 latio
319 4718 377 4762 et
426 4705 678 4776 honores,
712 4723 847 4779 quos
898 4707 951 4761 in
1002 4707 1108 4762 isto
1157 4705 1359 4762 steeuio
1388 4703 1683 4769 habemus,
1716 4705 1762 4759 si
1862 4701 2046 4757 uiﬁcio
2073 4700 2527 4768 submovendum,
2559 4715 2662 4756 nec
2690 4714 2815 4755 eum
2838 4698 3237 4756 communionis
3260 4707 3461 4753 nostrae

157 4792 369 4875 aliquid
406 4800 534 4858 boni
563 4812 781 4869 sanius,
814 4801 1103 4859 retributio
1128 4800 1285 4857 nobis
1314 4801 1427 4865 iiat,
1455 4807 1511 4855 et
1539 4813 1569 4853 a
1598 4797 1760 4853 retri-

158 4895 386 4952 butione
407 4896 678 4969 iustorum
709 4896 912 4954 alienos
935 4892 1151 4951 elilciat.
1185 4894 1340 4950 Unde
1366 4893 1600 4949 Abrahae
1628 4907 1762 4949 voce

155 4987 375 5045 ardenti
420 4986 576 5046 diviti
624 4990 858 5047 dicitur:
892 4989 1178 5055 Memento,
1226 4986 1324 5057 ﬁli,
1351 4987 1472 5059 quia
1524 4985 1760 5056 recepisti

154 5080 295 5137 bona
341 5080 402 5137 in
435 5080 541 5138 vita
587 5093 679 5138 tua
706 5082 858 5157 (Luc.
906 5083 1041 5155 xvr).
1078 5080 1282 5137 Idcirco
1310 5079 1455 5137 enim
1502 5080 1642 5137 bona
1668 5078 1759 5135 hic

154 5174 373 5246 recepit
404 5183 461 5231 et
508 5174 706 5243 malus,
737 5186 799 5232 ut
842 5176 954 5232 illic
1004 5174 1217 5247 plenius
1265 5172 1404 5230 maia
1455 5174 1755 5244 reciperet,

150 5268 420 5338 quoniam
470 5264 560 5325 hic
587 5267 767 5326 fuerat
794 5285 897 5326 nec
943 5284 1042 5341 per
1078 5266 1220 5324 bona
1256 5280 1554 5324 conversus
1588 5281 1603 5321 :
1632 5266 1759 5337 quia

149 5375 281 5417 cum
332 5359 659 5433 largientem
707 5360 876 5419 Deum
929 5363 1165 5417 humana
1196 5372 1349 5416 mens
1394 5358 1522 5416 boni
1574 5359 1759 5427 operis

150 5455 513 5525 responsione
543 5472 651 5512 non
679 5455 945 5527 sequitur,
972 5456 1114 5511 unde
1140 5453 1343 5509 nutrita
1376 5452 1464 5523 pie
1491 5451 1754 5518 creditur,

142 5546 357 5620 iustius
404 5546 529 5604 inde
556 5548 867 5605 damnatur.
910 5546 1047 5606 Hinc
1095 5550 1239 5605 enim
1282 5560 1379 5618 per
1413 5543 1761 5603 Psalmismm

151 5640 363 5698 dicitur
386 5658 401 5696 :
423 5638 675 5713 Dejecisti
705 5659 791 5698 eos
822 5641 947 5696 dum
974 5640 1323 5697 ollevarentur
1351 5634 1527 5710 (Psal.
1554 5638 1753 5711 Lxxn).

152 5733 430 5804 Quoniam
460 5733 713 5791 videlicet
758 5735 996 5808 reprobi,
1026 5750 1148 5790 cum
1179 5743 1329 5791 recta
1356 5748 1520 5805 Opera
1558 5731 1759 5789 divinis

156 5830 480 5887 muneribus
527 5848 637 5889 non
678 5831 1000 5904 rependunt,
1032 5846 1158 5887 cum
1187 5838 1328 5887 totos
1375 5840 1434 5886 se
1480 5828 1568 5884 hic
1608 5828 1756 5885 deses

154 5934 308 5998 runt,
342 5936 397 5986 et
420 5927 764 5989 alliueutibus
791 5927 1241 6002 prosperitatibus
1267 5926 1579 5995 dimittunt,
1612 5925 1755 5983 unde

1867 4794 2109 4851 futurum
2154 4807 2274 4849 esse
2320 4801 2652 4859 consortem,
2696 4793 2788 4865 qui
2820 4792 3000 4848 socius
3023 4791 3195 4848 noluit
3222 4807 3344 4847 esse
3374 4790 3457 4845 di-

1867 4888 2132 4959 sciplina.
2160 4908 2179 4940 ι
2215 4887 2287 4942 Et
2327 4886 2587 4942 Dominus
2633 4885 2686 4939 in
2733 4881 3329 4959 Evangelio;Esurici,
3371 4881 3457 4937 in-

1864 4979 2008 5049 quit,
2041 4989 2087 5034 et
2119 4995 2223 5033 non
2255 4976 2474 5032 dedistis
2519 4977 2648 5031 mihi
2682 4976 3006 5031 manducare
3034 4993 3052 5041 ;
3080 4973 3239 5037 sitivi,
3279 4983 3456 5027 et'non

1865 5072 2087 5127 dedistis
2132 5071 2261 5126 mihi
2310 5071 2521 5136 bibere;
2553 5070 2739 5142 hospes
2768 5087 2914 5125 eram
2948 5079 2996 5126 et
3039 5086 3143 5123 non
3177 5065 3458 5138 collegistis

1865 5182 1965 5235 me,
1996 5165 2171 5220 nudus
2193 5174 2242 5220 et
2277 5181 2384 5220 non
2411 5164 2753 5236 cooperuistis
2784 5180 2888 5230 me,
2916 5162 3157 5233 inﬁrmus
3185 5162 3310 5216 etin
3335 5177 3455 5215 caro

1864 5274 1998 5325 cere,
2025 5266 2077 5313 et
2103 5273 2205 5311 non
2246 5257 2491 5312 visitastis
2546 5273 2627 5311 me
2669 5254 2885 5328 (Matth.
2934 5269 3064 5321 xxv,
3095 5251 3209 5325 49.).
3250 5248 3457 5320 Quibus

1863 5352 2026 5407 etiam
2072 5350 2356 5421 [Immittit
2398 5351 2582 5407 dicens
2611 5365 2625 5403 :
2660 5348 2924 5404 Discedite
2955 5364 2985 5399 a
3021 5363 3120 5410 me,
3166 5342 3457 5411 maledicti,

1860 5447 1917 5501 in
1934 5447 2106 5518 ignem
2130 5454 2408 5513 internum,
2442 5446 2533 5519 qui
2562 5451 2891 5516 praeparatus
2924 5448 2998 5494 est
3028 5437 3239 5492 diabolo
3275 5448 3323 5493 et
3354 5456 3453 5493 an-

1867 5540 1995 5612 gelis
2042 5540 2157 5612 ejus
2223 5539 2397 5610 (ibid.,
2474 5537 2588 5610 41).
2634 5538 2775 5594 Ecce
2837 5549 3185 5606 nequaquam
3255 5533 3456 5593 audiun

1866 5632 1991 5704 quia
2021 5634 2242 5705 rapinas
2266 5633 2351 5690 vel
2371 5632 2625 5704 quaelibet
2648 5630 2752 5686 alia
2772 5629 3009 5685 violenta
3039 5627 3454 5693 commiserunt,

1863 5735 1917 5785 et
1973 5736 2155 5785 tamen
2205 5726 2427 5785 aeternis
2472 5726 2734 5799 gehennam
2781 5722 2996 5795 ignibus
3052 5721 3451 5793 mancipantur.

1863 5826 2001 5883 Hinc
2020 5841 2150 5899 ergo
2194 5822 2555 5897 colligendum
2592 5828 2697 5887 est,
2734 5826 2939 5892 quanta
2969 5816 3320 5874 damnatione
3343 5810 3454 5882 plc-

1861 5919 2044 5980 ctendi
2071 5918 2320 5992 suntqui
2357 5916 2533 5975 aliena
2559 5914 2814 5989 lrapiunt,
2852 5910 2897 5970 si
2927 5918 3077 5967 tanta
3108 5904 3449 5965 animadver-
