3948 5376
101 294 222 350 tae
881 291 1253 370 causam
1287 291 1504 350 EPIST.
1544 292 1612 348 lN
1651 291 1888 386 CAUSA.
1919 293 2248 352 lilNCMARl
2286 290 2591 354 LAUDUN.
3260 294 3369 382 ise

100 407 520 475 quibuscunque
569 404 1038 462 adiuventionibus
1095 408 1314 476 praemia
1365 404 1446 459 vel
1491 403 1680 459 exenia
1714 414 1756 466 Α
1788 414 1911 459 rcut
1942 423 1954 458 :
1986 422 2201 478 semper
2226 408 2398 463 aliena
2427 423 2591 478 opera
2620 407 2868 478 despicit,
2898 421 3112 478 semper
3143 409 3374 467 miratur
3411 399 3414 402 ’

100 509 446 564 quaeautque
479 496 743 565 accipere,
771 497 1125 552 simoniacum
1159 504 1214 550 et
1239 505 1428 550 contra
1469 504 1687 550 sanctas
1789 495 1932 561 quod
1965 493 2117 560 facit,
2147 497 2270 565 quia
2301 505 2356 551 ct
2384 499 2644 567 quidquid
2669 499 2863 568 egerit,
2891 498 3070 569 egisse
3096 513 3156 555 se
3187 497 3370 570 singu-

103 586 442 656 Scripturas,
471 596 654 656 atque,
703 597 759 643 ιιι
805 601 968 658 supra
1005 589 1236 657 ostendi.
1282 598 1470 642 contra
1501 601 1688 640 sacros
1791 583 1978 636 lariter
2007 585 2198 648 credit,
2240 587 2483 655 atquein
2517 601 2583 641 eo
2605 587 2749 656 quod
2793 586 3013 642 exhibet
3062 603 3161 659 per
3188 588 3374 662 gloria,-

99 687 197 730 est
219 689 476 731 canones.
506 675 665 731 Unde
713 678 876 732 etiam
932 679 1096 749 leges,
1140 679 1335 748 quibus
1369 677 1561 733 debita:
1593 680 1689 732 ob-
1791 677 2160 745 cupiditatem,
2189 678 2506 749 sibiiuetipsi
2532 693 2632 750 per
2658 679 3038 750 cogitationum
3079 679 3374 749 favet,,uec

102 766 434 820 servatiouis
463 769 818 822 reverentiam
858 777 1042 823 sancta
1088 769 1324 824 Ecclesia
1364 769 1605 833 exhibet,
1631 768 1687 823 in
1790 767 2100 823 considerat
2141 767 2268 837 quid
2319 768 2455 823 alter
2500 769 2627 823 boui
2659 768 2891 840 amplius
2917 784 3079 839 quam
3111 770 3248 841 ipse,
3279 770 3376 828 sed

100 858 496 913 constitutione
523 858 646 920 U7,
673 859 911 928 capitulo
951 859 1058 914 582
1087 860 1487 916 constitution-is
1515 857 1688 914 Justi-
1788 856 1920 924 quid
1967 855 2094 910 boui
2141 856 2257 926 ipse
2285 858 2518 928 amplius
2550 874 2712 929 quam
2741 858 2883 914 alter
2920 857 3139 914 habeat.
3189 859 3379 931 Neque

101 948 285 1012 niani,
310 947 920 1004 dicuntuUtlocorum
936 951 1321 1005 venerabilium
1339 948 1689 1006 administra-
1791 946 1937 1003 enim
1963 955 2152 1018 pensat
2177 964 2297 1018 qua:
2344 949 2482 1004 bona
2529 950 2752 1020 spiritus
2797 949 2936 1006 alter
2974 952 3265 1021 acceperit,
3319 961 3378 1008 et

102 1046 260 1091 tores
285 1037 405 1092 sine
443 1037 673 1106 pecunia
719 1036 1092 1094 liam.1\‘ullus
1119 1054 1294 1110 neque
1340 1055 1404 1094 ex
1456 1040 1691 1094 xenodo-
1791 1037 1896 1108 ipsi
1938 1037 2141 1102 desint,
2174 1039 2270 1093 sed
2299 1053 2419 1108 quze
2465 1039 2604 1093 bona
2654 1039 2776 1110 ipsi,
2806 1046 2864 1094 et
2911 1053 3032 1109 quae
3075 1038 3219 1094 mala
3265 1039 3410 1095 sint-

105 1122 498 1193 cbiis,-neque
532 1126 982 1196 ptochotrephiis,
1009 1142 1184 1197 neque
1211 1129 1555 1192 nesooemiis,
1597 1145 1693 1184 ne-
1789 1125 1950 1182 alteri
1981 1135 2080 1183 :et
2101 1145 2225 1184 cum
2268 1144 2328 1182 se
2362 1128 2418 1183 in
2458 1127 2670 1184 eunetis
2709 1128 3114 1195 transcendam,
3149 1137 3378 1185 exetet'os

103 1227 222 1282 que
242 1210 472 1282 alicujus
517 1213 781 1285 religiosa:
808 1217 1000 1270 domus
1027 1217 1458 1282 administrator,
1484 1216 1566 1272 vel
1597 1235 1691 1273 cu-
1788 1217 2046 1283 aestimat,
2081 1234 2180 1288 per
2220 1217 2328 1272 lata
2373 1218 2762 1287 cogitationum
2791 1219 2965 1288 spatia
2985 1232 3170 1274 secum
3197 1217 3382 1273 deam-

100 1303 583 1376 juscuuquecurae
616 1305 995 1362 ecclesiastica:
1017 1318 1217 1377 gestor,
1237 1319 1460 1378 pmstet
1487 1310 1689 1380 aliquid
1790 1307 2007 1374 bulans,
2056 1309 2245 1365 laudes
2291 1321 2421 1364 suas
2469 1309 2664 1364 tacitus
2707 1309 2924 1364 clamat.
2976 1307 3374 1380 Nonnunquam

106 1394 159 1450 ei
195 1410 236 1449 ι
268 1409 384 1463 Quo
430 1395 779 1466 praeponitur,
812 1397 897 1454 vel
938 1397 1242 1468 cuicunque
1282 1415 1550 1470 personae,
1590 1415 1726 1471 pros
1789 1413 1923 1458 vero
1964 1401 2033 1454 ad
2067 1408 2272 1456 tantam
2310 1401 2600 1457 elationem
2647 1416 2802 1456 mens
2840 1400 3078 1466 ducitur,
3122 1408 3186 1456 ut
3227 1402 3281 1456 in
3312 1415 3379 1456 eo

104 1485 402 1544 commissa
431 1483 530 1540 sibi
567 1485 1062 1544 administratione.
1111 1488 1216 1555 Qui
1259 1499 1461 1544 autem.
1495 1499 1691 1562 prmter
1720 1533 1724 1542 ς
1789 1489 1936 1558 quod
1966 1498 2160 1556 tumet,
2189 1491 2354 1545 etiam
2385 1506 2484 1560 per
2511 1491 2932 1546 ostentationem
2961 1490 3254 1547 locutionis
3292 1490 3377 1546 ef-

106 1577 230 1633 hzc
247 1591 375 1646 quae
407 1576 773 1646 disposuimus
794 1579 1008 1638 dederit
1035 1579 1260 1649 aliquid,
1282 1580 1365 1635 vel
1398 1582 1688 1652 acceperit,
1792 1578 2037 1636 frenctur
2059 1591 2115 1636 et
2146 1589 2294 1635 tanto
2323 1580 2498 1638 facilis
2525 1582 2680 1636 ruina
2711 1580 2976 1651 sequitur,
3003 1589 3209 1652 quanto
3234 1580 3378 1652 apud

105 1665 200 1724 vel
223 1665 490 1739 mediator
511 1664 690 1722 factus
718 1668 908 1733 fuerit,
943 1669 1252 1725 sacerdotio
1280 1670 1365 1724 vel
1390 1669 1561 1736 clero,
1607 1672 1689 1727 vel
1715 1731 1758 1740 _
1793 1685 1853 1725 se
1890 1670 2124 1740 quisque
2171 1669 2535 1740 impudentius
2569 1670 2858 1727 exaltatur.
2891 1669 3030 1726 Hinc
3054 1672 3202 1727 enim
3241 1672 3378 1728 scri-

425 1757 534 1813 sibi
568 1731 1038 1818 administratione
1069 1761 1396 1826 nudabitur,
1443 1731 1691 1832 bis'quai
1715 1731 1765 1794 Β
1789 1731 1943 1832 ptum
1986 1731 2067 1816 est
2096 1778 2108 1814 :
2141 1731 2274 1816 Ante
2303 1763 2514 1817 ruinam
2541 1762 2864 1818 exaltabitur
2895 1779 2986 1817 cor
3015 1759 3200 1833 (Prae.
3239 1761 3380 1832 xvr),

105 1847 392 1908 datasunt
415 1847 752 1908 vindicandis
778 1849 1030 1920 religioso
1057 1850 1198 1916 loco,
1228 1851 1383 1920 cujus
1414 1853 1535 1910 talis
1557 1869 1690 1923 per-
1787 1859 1846 1907 et
1869 1851 1987 1906 ha-c
2001 1850 2163 1905 elatio
2187 1849 2322 1904 alios
2343 1867 2408 1904 ex
2436 1853 2598 1906 rebus
2620 1850 2991 1917 saecularibus,
3006 1849 3140 1906 alios
3159 1864 3292 1906 vero
3309 1863 3382 1906 ex

103 1937 756 2004 meomeeratiouem,
791 1939 876 1995 vel
909 1955 1126 2006 curam,
1148 1941 1239 1998 vel
1259 1943 1692 2006 administratio-
1721 2001 1724 2006 _
1791 1939 2127 2009 spiritalibus
2151 1941 2408 2010 possidet.
2462 1941 2615 1995 Alter
2644 1955 2881 2010 namque
2921 1939 3179 1995 tumescit
3223 1952 3382 2007 auro,

106 2042 240 2086 nem
268 2028 520 2098 accepit:
549 2028 632 2084 sin
658 2038 840 2088 autem
865 2029 1036 2086 laicus
1064 2031 1138 2086 sit
1160 2032 1253 2101 qui
1277 2035 1570 2104 acceperit,
1608 2036 1692 2092 vel
1790 2029 1932 2084 alter
1955 2028 2190 2100 eloquio,
2240 2030 2382 2083 alter
2426 2028 2627 2083 inlimis
2657 2038 2713 2085 et
2751 2028 2979 2084 terrenis
3019 2029 3205 2095 rebus,
3244 2027 3386 2084 alter

106 2121 378 2186 mediator
403 2120 580 2178 factus
605 2129 712 2188 est,
741 2121 962 2192 duplum
991 2124 1060 2178 ab
1085 2137 1151 2178 eo
1179 2125 1447 2196 exigatur,
1475 2134 1532 2180 ei,
1566 2126 1691 2182 reti-
1723 2175 1726 2178 ,
1791 2117 2021 2172 summis
2047 2117 2466 2187 cmlcstibusque
2486 2115 2800 2181 virtutibus,
2823 2131 2929 2170 una
2955 2125 3135 2172 tamen
3165 2117 3384 2172 eadem-

103 2212 272 2283 gioso,
299 2212 440 2280 loco,
469 2214 524 2270 in
563 2229 671 2285 quo
698 2215 822 2270 talis
865 2231 1120 2285 persona,
1153 2217 1237 2272 vel
1268 2199 1724 2278 υάηιίιιίειηαως
1789 2223 1897 2277 que
1943 2208 2195 2278 superbia
2242 2218 2369 2262 ante
2425 2207 2520 2264 Dei
2568 2207 2753 2263 oculos
2795 2207 2993 2278 agitur,
3035 2209 3284 2278 quamvis
3313 2209 3384 2264 ad

104 2302 380 2369 nem..vel.
406 2304 898 2372 consecrationem,
927 2305 1010 2359 vel
1049 2321 1239 2362 curam
1275 2307 1510 2372 accepit,
1546 2323 1690 2378 pm-
1790 2297 2026 2352 humana
2069 2297 2234 2352 corda
2267 2297 2489 2352 veniens
2531 2297 2583 2352 in
2631 2312 2820 2352 eorum
2867 2296 3143 2352 obtutibus
3169 2297 3385 2353 diverso

101 2399 306 2450 stetur.
341 2411 364 2446 ι
396 2393 551 2458 Jusie
596 2395 762 2465 igitur
787 2405 843 2452 ει
873 2397 1267 2454 ταιίοηειιήιίιω·
1305 2397 1452 2468 [eges
1484 2399 1692 2462 sauciis
1791 2387 1994 2441 amictu
2018 2387 2293 2457 pallietur.
2320 2387 2701 2454 Alitcrrautcm
2733 2386 3051 2456 praepositos
3091 2393 3256 2454 atque
3286 2385 3386 2440 ali-

105 2481 504 2554 Scripturiset
535 2485 832 2548 canouibus
859 2487 1250 2543 concordantes
1276 2487 1400 2554 talia
1432 2489 1689 2544 deri-cie-
1721 2535 1724 2540 _
1795 2482 1878 2529 ter
1919 2475 2167 2531 subditos
2197 2485 2387 2532 tcutat.
2421 2475 2650 2530 Praelato
2679 2487 2914 2545 namque
2954 2474 3009 2532 in
3040 2473 3384 2544 cogitationi-

101 2581 258 2638 runt,
285 2575 415 2644 quia
438 2583 500 2630 ut
524 2584 744 2638 sanctus
774 2575 884 2634 Leo.
916 2576 1046 2638 dicit
1073 2583 1251 2644 (serm.
1278 2577 1311 2633 9
1337 2577 1403 2632 de
1435 2577 1660 2634 Passion

1825 2583 1893 2622 us
1945 2567 2207 2638 suggerit,
2250 2567 2378 2636 quia
2423 2566 2539 2621 solo
2581 2565 2703 2619 vita:
2746 2564 2942 2619 merito
2970 2579 3133 2635 super
3157 2571 3384 2619 caeteros

104 2663 396 2735 Domini):
450 2684 470 2718 ι
514 2664 816 2722 Avaritiam
868 2667 1063 2734 merito
1107 2666 1394 2736 Apostolus
1455 2667 1663 2732 radiceu

1829 2657 2054 2720 xcrevit,
2087 2665 2141 2710 et
2165 2656 2210 2711 si
2237 2671 2342 2726 qua
2371 2656 2440 2710 ab
2485 2669 2552 2709 eo
2575 2654 2867 2724 aliquando
2894 2653 3030 2710 bene
3055 2662 3206 2723 gesta
3231 2659 3383 2715 sunt,

99 2768 232 2810 esse
261 2754 529 2818 malorum
553 2755 798 2822 omnium
839 2754 1104 2812 dil'liuivit.
1138 2757 1352 2814 Nullum
1388 2757 1534 2828 enim
1560 2771 1688 2827 pec-
1717 2825 1722 2834 ί
1791 2747 1909 2803 lucc
1936 2747 2242 2817 importune
2267 2745 2384 2812 ejus
2409 2746 2592 2800 animo
2637 2744 2844 2815 objicit,
2869 2752 2924 2800 et
2952 2759 3074 2799 cum
3104 2743 3250 2797 hunc
3271 2742 3383 2797 Deo

99 2857 291 2905 catum
320 2847 438 2906 sine
471 2845 764 2918 cupiditate
785 2847 1166 2913 committitur,
1196 2858 1252 2904 et
1275 2848 1451 2906 omnis
1473 2847 1690 2923 illicitus
1791 2836 2142 2908 singulariter
2177 2835 2442 2906 placuisse
2494 2835 2755 2899 insinuat,
2784 2848 2892 2904 quo
2931 2830 3381 2923 facilesuggesta

100 2937 387 3010 appetitus
428 2936 886 3000 istiusgavidilaljs
914 2946 999 3006 est,
1026 2938 1266 3008 mor-1mg,
1297 2938 1484 3000 Αιηοιιὶ
1520 2919 1688 3010 pecu-
1791 2927 2136 2997 persuadeat,
2159 2925 2328 2996 ipsam
2359 2924 2426 2978 ad
2465 2923 2831 3010 testimonium
2862 2918 3146 3010 potestatis
3171 2918 3404 3010 tradith

97 3007 211 3083 ηἰτρ
246 3027 374 3082 vitis
401 3034 486 3082 est
511 3011 691 3082 omnis
732 3025 967 3090 an‘eciio,
1013 3036 1070 3082 ei
1097 3028 1278 3094 anima
1305 3027 1447 3084 Ῑυειιί
1493 3007 1685 3098 cupida
1715 3071 1761 3098 η
1794 3017 2207 3072 retributionem
2254 3022 2430 3078 vocat,
2478 3013 2707 3069 dicens:
2736 3007 2872 3079 Quia
2896 3009 3000 3065 nisi
3041 3008 3387 3078 omnipotens

95 3120 276 3175 etiam
301 3133 403 3189 pro
428 3118 624 3190 exiguo
653 3120 834 3189 perire
870 3134 974 3175 non
1007 3121 1215 3185 metuit,
1258 3120 1568 3190 nullumque
1607 3128 1692 3176 εει
1715 3098 1764 3133 “
1798 3106 1940 3160 Deus
1961 3113 2012 3160 te
2035 3104 2124 3159 his
2163 3102 2415 3157 omnibus
2458 3101 2738 3198 meliorem
2768 3106 3041 3198 cerneret,
3067 3113 3259 3154 omnes
3285 3098 3388 3152 hos

88 3210 336 3280 iustitiae
378 3210 430 3264 in
456 3189 548 3264 anu
575 3209 742 3266 corde
772 3209 1081 3279 vestigium,
1115 3209 1432 3280 inquosibi
1466 3209 1693 3264 avaritia
1795 3194 1896 3250 sub
1935 3200 2025 3248 ιυο
2054 3191 2318 3263 regimine
2349 3205 2454 3244 ιιοη
2494 3189 2778 3280 dedisset:
2801 3189 3024 3257 eiusque
3068 3199 3389 3280 morum":

96 3272 243 3355 iacit
292 3299 686 3356 habitaculum.
746 3299 862 3356 lloc
911 3272 1150 3368 perﬁdus
1187 3272 1357 3356 nu.
1398 3297 1696 3354 inebriatus
1797 3291 1904 3338 tem
1935 3281 2116 3352 erigit.
2145 3291 2201 3338 et
2247 3280 2381 3334 viles
2434 3288 2597 3348 atque
2624 3277 2844 3335 inutiles
2887 3292 2984 3332 eos
3024 3276 3263 3332 ostendit
3294 3272 3388 3346 qui

97 3403 346 3456 veneno.
377 3389 504 3446 dum
531 3388 648 3445 sitit
674 3388 907 3454 lucrum,
932 3388 1180 3457 pervenit
1207 3387 1273 3442 ad
1295 3386 1566 3457 laqueum.
1600 3405 1618 3438 ι
1797 3375 2027 3444 subjecti
2060 3381 2203 3436 sunt,
2230 3373 2304 3426 ita
2338 3382 2398 3425 ut
2425 3371 2629 3425 nullum
2647 3371 2760 3440 jam
2789 3369 2943 3440 quasi
2968 3369 3187 3454 dignum
3219 3369 3390 3439 respi-

1539 3453 1542 3458 l
1797 3466 1927 3530 ciat,
1951 3466 2036 3520 cui
2067 3465 2448 3534 aequanimiter
2467 3463 2736 3534 loquatur.
2773 3461 2928 3519 Unde
2955 3470 3010 3517 et
3039 3477 3159 3515 mox
3193 3463 3392 3517 mentis

125 3625 130 3628 _
721 3541 952 3599 CAPUT
991 3539 1095 3596 Lu-
1800 3541 2184 3623 tranquillitas~
2219 3555 2272 3628 in
2321 3543 2457 3606 iram
2507 3553 2758 3616 vertitur,
2810 3550 2935 3620 quia
2981 3551 3108 3604 dum
3163 3559 3392 3606 cunctos

97 3653 188 3718 De
221 3651 472 3723 superbia
500 3665 613 3720 ejus
654 3660 704 3704 et
746 3651 1074 3723 arrogantia,
1113 3647 1482 3717 jactantiaque
1524 3649 1699 3716 inepta
1801 3641 2054 3710 despicit,
2079 3643 2203 3694 dum
2248 3655 2466 3694 sensum
2491 3639 2764 3710 vitamque
2794 3639 3035 3693 omnium
3063 3638 3183 3693 sine
3209 3641 3391 3695 mode-

737 3727 784 3772 ει
813 3716 1091 3770 ίηδεσεητί·
1396 3716 1400 3717 ν
1619 3723 1622 3728 ’
1711 3728 1713 3730 ’
1803 3725 2016 3789 ratione
2048 3731 2416 3802 reprehendit,
2442 3737 2595 3786 tanto
2617 3727 2997 3786 irrel‘renatius
3017 3745 3077 3784 se
3099 3729 3150 3783 iu
3174 3727 3393 3784 iracun~

176 3834 231 3890 A
264 3830 450 3902 multis
475 3830 637 3886 etiam
667 3826 964 3891 denotaris,
988 3823 1129 3896 quod
1156 3827 1403 3894 superbia
1435 3825 1699 3893 cll‘eraris,
1804 3824 1947 3880 diam
1998 3821 2207 3888 dilatat,
2235 3831 2441 3892 quanto
2488 3837 2602 3886 eos,
2632 3820 2724 3891 qui
2769 3821 2872 3877 Sibi
2920 3819 3195 3876 commissi
3242 3831 3388 3880 sunt.

103 3933 166 3981 et
192 3935 341 3977 vana
373 3919 541 3990 gloria
560 3917 851 3988 jactiteris,
883 3925 1045 3985 atque
1077 3917 1380 3985 arrogantia
1409 3917 1700 3986 supereris.
1804 3928 1926 3969 esse
1956 3912 2173 3992 sibimet
2200 3910 2449 3980 indignos
2487 3919 2656 3980 putat.
2686 3908 2753 3964 Et
2793 3910 2836 3964 si
2865 3909 2964 3980 ipsi
3008 3908 3238 3979 subjecti
3267 3917 3395 3964 sunt

110 4013 278 4071 Unde
303 4025 403 4080 ego
437 4018 494 4064 et
543 4018 623 4075 tu,
671 4007 827 4078 quasi
867 4007 921 4062 in
967 4005 1207 4074 speculo,
1253 4006 1304 4060 in
1351 4007 1530 4062 verbis
1559 4009 1698 4063 beati
1803 4003 1946 4068 aliis,
1972 4018 2156 4058 eorum
2185 3997 2280 4057 eor
2298 4000 2549 4070 superbia
2582 3998 2823 4068 instigat,
2849 4006 2908 4052 ut
2935 4013 3030 4052 sua
3056 4006 3174 4052 acta
3213 3998 3394 4052 consi-

108 4099 366 4171 Gregorii
401 4114 501 4154 nos
544 4106 867 4167 nostrasque
918 4103 1128 4150 mentes
1177 4096 1596 4164 conspiciamus,
1647 4105 1701 4152 ct
1804 4097 1997 4152 derare
2045 4093 2288 4147 funditus
2329 4089 2622 4162 negligant,
2652 4098 2709 4142 et
2738 4102 2952 4158 semper
2973 4089 3154 4144 tacitis
3183 4089 3390 4158 cogita-

111 4207 220 4248 uos
254 4205 438 4244 coram
477 4187 675 4244 divinis
731 4186 904 4242 oculis
960 4199 1366 4254 componamus.
1415 4184 1506 4239 Ait
1555 4176 1710 4241 enim]
1806 4183 2039 4238 tionibus
2073 4177 2305 4237 rectoris
2337 4181 2417 4236 sui
2439 4177 2651 4246 judiccs
2679 4176 2812 4232 ﬁant
2861 4195 2874 4229 :
2931 4177 3023 4246 qui
3068 4178 3191 4232 dum
3224 4177 3274 4231 iu
3303 4177 3394 4231 illo

107 4283 234 4354 (lib.
294 4293 460 4334 xxnv
504 4277 725 4344 Moral.,
767 4293 817 4332 c.
848 4275 938 4345 l8)
973 4293 986 4329 :
1035 4295 1053 4326 ι
1095 4275 1378 4345 Superbia,
1431 4277 1700 4346 inquiens,
1805 4277 1947 4345 quod
1980 4275 2376 4345 reprehendere
2403 4275 2633 4329 debeant
2657 4273 2962 4342 importune
2988 4272 3303 4342 respiciunt,
3338 4271 3393 4327 in

111 4386 290 4444 quam
319 4370 568 4425 vitiorum
613 4368 850 4423 radicem
878 4367 1134 4428 diximus,
1169 4380 1507 4434 nequaquam
1539 4367 1700 4448 unius
1730 4400 1780 4458 υ
1807 4364 2115 4433 semetipsis
2154 4364 2298 4432 quod
2349 4363 2625 4434 corrigant
2678 4376 2953 4430 nunquam
2996 4361 3212 4427 vident;
3254 4362 3399 4416 unde

109 4461 346 4516 virtutis
368 4460 724 4515 exstinctione
752 4463 1029 4519 contenta,
1059 4463 1244 4509 contra
1285 4463 1476 4510 euucta
1506 4457 1702 4511 animz'e
1730 4453 1769 4458 '
1805 4462 1863 4510 et
1902 4462 2049 4508 tanto
2080 4455 2321 4509 atrocius
2345 4463 2597 4523 pereunt,
2629 4460 2833 4521 quanto
2864 4468 2894 4507 a
2925 4467 2984 4508 se
3007 4453 3192 4508 oculos
3236 4455 3397 4508 aver-

107 4551 372 4607 xnemhra
398 4565 456 4607 se
477 4551 658 4622 erigit,
680 4548 834 4618 quasi
856 4545 1120 4617 generalis
1146 4560 1209 4599 ac
1237 4546 1463 4614 pestifer
1482 4546 1724 4602 morbus
1765 4605 1771 4622 ε
1809 4553 1950 4600 tunt.
1999 4545 2305 4616 Aliquando
2350 4553 2531 4599 autem
2571 4544 2706 4598 tales
2752 4543 2948 4599 subditi
2987 4549 3235 4615 proterva
3276 4561 3398 4615 qua:

109 4654 326 4712 corpus
353 4654 513 4698 omne
553 4639 873 4708 corrumpit,
900 4645 959 4690 ut
988 4635 1248 4704 quidquid
1291 4635 1378 4689 illa
1419 4635 1708 4693 invadente
1793 4623 2052 4693 'Sentiunt
2080 4649 2422 4705 nequaquam
2446 4635 2702 4706 produnt,
2735 4644 2790 4689 et
2830 4634 2906 4702 hi,
2948 4639 3180 4706 quorum
3209 4636 3397 4704 loqua-

109 4732 333 4802 agitur,
361 4730 597 4794 etiamsi
636 4741 760 4784 esse
786 4728 957 4780 virtus
983 4725 1306 4794 ostenditur,
1338 4739 1444 4780 non
1478 4739 1576 4795 per
1605 4725 1707 4781 hoc
1809 4727 1949 4802 citas
1978 4727 2067 4782 vix
2109 4723 2497 4794 compescitur,
2546 4739 2933 4792 nonnunquam
2961 4741 3028 4780 ex
3060 4724 3170 4780 sola
3197 4719 3396 4792 amari-

110 4821 261 4886 Deo,
292 4806 388 4882 Sed
411 4821 510 4876 soli
539 4835 692 4876 vanae
715 4818 900 4890 gloriae
951 4817 1204 4871 servitur.
1249 4816 1411 4883 Quasi
1441 4817 1584 4872 enim
1627 4828 1708 4889 ty-
1813 4821 2000 4876 tudine
2029 4816 2203 4873 intimi
2251 4817 2494 4871 rancoris
2520 4816 2903 4871 obmutescunt
2932 4833 2947 4870 :
2985 4816 3076 4884 qui
3117 4828 3214 4884 per
3241 4810 3398 4865 dolo-

109 4923 338 4966 rannus
369 4910 582 4980 quidam
608 4910 886 4965 obsessam
923 4907 1196 4962 civitatem
1249 4907 1544 4977 intercipit,
1571 4917 1704 4964 cum
1815 4922 1931 4962 rem
1974 4903 2171 4962 mentis
2208 4904 2557 4974 procacitatis
2613 4919 2724 4960 sua:
2774 4906 2938 4960 verba
2993 4901 3399 4960 subtrahentes,

110 5008 369 5056 utentem
389 5001 637 5070 superbia
663 4998 940 5068 irrumpit,
959 5007 1145 5067 etvquo
1167 4998 1414 5052 ditiorem
1435 5012 1710 5069 quemque
1814 5013 1939 5054 cum
1972 4997 2110 5053 male
2133 4994 2278 5064 loqui
2303 4995 2536 5064 soleant,
2558 4993 2711 5066 pejus
2742 5007 2941 5060 tacent,
2976 4993 3100 5063 quia
3131 5006 3252 5046 cum
3274 5003 3401 5057 pec.

112 5089 362 5160 ceperit,
409 5105 474 5146 eo
530 5090 586 5145 in
637 5087 874 5144 dominio
922 5086 1110 5143 durior
1152 5087 1413 5156 exsurgit,
1443 5088 1569 5157 quia
1601 5101 1708 5154 quo
1815 5099 2007 5146 cantes
2028 5088 2230 5158 aliquid
2268 5087 2346 5142 de
2375 5089 2722 5146 correctione
2759 5089 3009 5150 audiunt,
3058 5083 3406 5153 indignantes

114 5179 368 5212 ..Μιλησία
394 5195 476 5212 ἰω
499 5179 712 5212 viui-Iulia
742 5177 863 5212 cina
885 5177 1184 5212 humiliter!“
1225 5177 1401 5212 ouillu-
1450 5191 1514 5212 Μ
1550 5175 1673 5212 ΙιιΙῖιι

1844 5180 1980 5212 ..ἴοι-η
2047 5175 2412 5212 νωηηηαῖηηῖο
2482 5179 2642 5212 lu)"le
2714 5177 3042 5212 onennnl'lln'
3124 5170 3258 5212 Cum
