3990 6300
520 383 666 464 495’

1405 388 1408 391 ·
1479 386 1806 442 tuscum
1847 339 2784 442 ttttEitI-zus’tsaucnuartscort

3651 363 3770 434 ιω

529 512 531 514 ‘
585 521 616 554 -ί
649 501 736 557 ιν.
770 502 836 558 Et
871 501 1090 558 mandat
1127 502 1312 573 vobis,
1333 503 1458 572 quia
1483 494 1559 558 et
1593 478 1726 572 alias
1769 516 1852 556 res
1883 501 1949 556 de
1991 517 2086 562 sua
2115 487 2320 571 Alporc
2344 485 2656 556 abccclesia
2684 501 3022 556 Lauduncnsi
3052 498 3337 555 subtracta:
3363 496 3598 558 fuerant,
3627 509 3752 562 pra:-
3815 473 3832 488 ’

512 590 745 645 ecclesia
791 601 974 646 tenent
1018 591 1097 644 sui
1147 590 1392 645 homines
1420 605 1516 661 per
1543 599 1863 659 potestatem
1901 599 1956 645 et
1992 604 2090 658 per

522 681 745 737 verbum
795 682 968 750 regis,
1021 689 1079 736 et
1128 681 1400 735 mandavit
1444 697 1571 736 suos
1625 681 1873 745 homines
1919 681 1986 734 ad
2031 694 2092 734 se

521 771 707 827 venire
743 770 1013 838 praeterita
1053 771 1140 824 die
1177 771 1406 834 sabbati,
1446 784 1501 826 et
1537 772 1707 826 voluit
1745 770 2090 834 considerare
2133 804 2135 806 -

521 861 588 915 de
608 859 828 914 servitio
857 859 1020 926 regis,
1048 867 1102 914 et
1126 859 1192 913 de
1220 860 1305 913 illa
1325 876 1486 930 opera
1511 862 1577 915 ad
1605 876 1756 914 suam
1781 860 2087 923 ecclesiam,

519 956 574 1001 et
597 945 670 1000 illi
692 960 797 1000 non
831 955 1117 1011 venerunt,
1142 956 1198 1000 et
1242 952 1332 1002 rex
1365 947 1436 1001 illi
1463 963 1557 1017 per
1581 948 1918 1002 Bertharium
1949 960 2092 1002 nunc

519 1033 815 1099 mandavit,
858 1043 918 1088 ut
965 1035 1139 1104 Eligio
1176 1050 1331 1090 suum
1373 1037 1691 1092 beneﬁcium
1739 1037 2003 1099 redderet,
2039 1045 2093 1093 et

521 1124 725 1196 Eligius
772 1125 897 1179 inde
945 1125 1087 1195 regis
1135 1125 1423 1180 indiculum
1473 1128 1792 1196 apportavit,
1835 1136 1905 1181 ut-
1933 1133 2090 1182 suum

442 1285 454 1294 ε
522 1213 840 1269 beneﬁcium
867 1212 941 1268 illi
965 1214 1233 1278 redderet,
1255 1221 1310 1268 et
1329 1229 1479 1268 meus
1491 1215 1674 1270 senior
1693 1214 1765 1267 illi
1792 1213 2088 1283 respondit,

522 1314 582 1358 nt
611 1303 878 1360 revenit-et
901 1304 988 1358 die
1011 1303 1194 1368 Lenis,
1219 1311 1275 1358 et
1297 1304 1420 1358 inde
1445 1303 1811 1379 consideraret
1836 1318 1956 1362 cum
1980 1304 2093 1359 suis

521 1396 790 1460 fidelibus,
819 1406 873 1452 et
899 1406 1024 1452 tunc
1049 1397 1122 1452 illi
1145 1397 1530 1464 responderet:
1565 1400 1675 1468 ipse
1721 1409 1899 1454 autem
1934 1399 2090 1463 dixit,

519 1486 662 1553 quod
692 1486 794 1540 hoc
814 1493 1129 1556 eXspectare
1149 1502 1254 1542 non
1278 1486 1572 1551 debuisset,
1593 1486 1719 1555 quia
1750 1502 1843 1541 rex
1867 1487 1943 1542 illi
1968 1501 2093 1542 eum

522 1575 839 1632 beneﬁcium
869 1576 1122 1646 reddidit,
1149 1584 1206 1631 et
1229 1575 1447 1630 intravit
1474 1575 1565 1636 ibi,
1594 1584 1650 1630 et
1675 1583 1820 1630 tenet
1852 1575 2018 1631 illum.

598 1687 619 1722 α
645 1658 714 1723 γ.
759 1667 826 1722 Et
859 1668 984 1736 quia
1031 1673 1127 1722 vos
1163 1666 1295 1722 estis
1349 1681 1480 1721 suus
1528 1666 1824 1721 avunculus
1865 1675 1921 1720 et
1964 1680 2095 1722 suus

521 1759 995 1829 archiepiscopus,
1045 1758 1091 1814 si
1147 1774 1241 1814 vos
1289 1757 1364 1812 illi
1411 1759 1639 1828 potestis
1683 1759 1972 1828 impetrare
2025 1761 2094 1814 ad

2191 593 2474 647 seutaliter
2497 594 2782 662 reciperes,
2809 601 2862 647 et
2900 593 3016 646 illas
3056 591 3189 646 alias
3227 592 3292 644 de
3316 589 3513 658 quibus
3545 584 3614 639 ad
3642 599 3757 639 eum

2193 682 2506 737 reclamatio
2540 683 2704 739 venit.
2729 683 3077 737 iuterim'non
3105 681 3395 750 reciperes,
3425 678 3524 734 sed
3558 685 3757 732 tantum

2191 769 2315 825 inde
2341 781 2707 841 exspectares,
2734 772 2902 828 donec
2934 770 3058 825 illud
3081 779 3404 840 praeceptum
3427 775 3758 838 apportans.

2191 870 2244 916 et
2263 877 2391 916 suos
2419 878 2484 916 ac
2515 878 2666 917 meus
2697 864 2892 917 missus
2930 863 2981 916 in
3007 863 3177 929 ipsum
3202 864 3392 930 pagum
3425 860 3589 922 irent,
3620 868 3676 912 et
3699 873 3762 912 ex

2191 950 2277 1005 his
2307 951 2381 1004 rei
2415 950 2696 1006 veritatem
2742 951 3164 1021 investigarent:
3196 961 3248 1003 et
3277 947 3539 1018 quidquid
3586 947 3761 1002 inven-

2192 1049 2305 1094 tum
2335 1039 2515 1103 fuerit,
2543 1041 2683 1109 quod
2713 1054 2777 1096 ex
2799 1040 3004 1095 eisdem
3029 1039 3186 1092 rebus
3208 1036 3352 1106 juste
3380 1048 3434 1092 et
3475 1036 3763 1090 rationabi-

2192 1129 2316 1184 liter
2329 1130 2393 1182 ad
2417 1129 2825 1184 Laudunensem
2841 1128 3123 1182 ecclesiam
3139 1127 3448 1195 pertineret,
3468 1139 3577 1179 non
3599 1122 3764 1178 solum

2193 1233 2298 1272 non
2312 1218 2636 1286 discoperet,
2650 1232 2834 1272 verum
2849 1227 2899 1270 et
2919 1217 3145 1270 libenter
3162 1231 3254 1270 eas
3273 1215 3370 1284 ipsi
3387 1213 3635 1270 ecclesia:
3651 1229 3764 1268 eon-

2193 1306 2386 1361 cedere
2405 1307 2584 1369 vellet,
2611 1315 2666 1361 et
2688 1314 2742 1360 tu
2765 1321 2831 1361 ex
2857 1305 2939 1360 bis
2963 1305 3089 1359 nihil
3121 1315 3246 1360 tunc
3272 1303 3672 1359 contradixisti.
3698 1305 3766 1358 De

2193 1390 2472 1448 beneﬁciis
2491 1403 2670 1449 autent
2692 1394 2968 1448 hominum
2994 1403 3229 1458 tuorum,
3251 1393 3319 1449 de
3337 1394 3534 1463 quibus
3553 1394 3765 1447 manda.

2193 1483 2286 1548 sti,
2317 1485 2612 1552 respondeo
2641 1483 2762 1552 quia
2793 1484 2866 1537 tui
2914 1483 3158 1538 homines
3187 1499 3244 1539 se
3270 1484 3335 1538 ad
3359 1499 3484 1537 eum
3517 1482 3764 1538 redama-

2193 1581 2408 1638 verunt,
2453 1575 2594 1643 quod
2615 1574 2683 1628 ab
2709 1573 2790 1628 eis
2813 1588 2908 1627 sua
2938 1573 3224 1639 beneﬁcia,
3269 1587 3392 1643 qua:
3442 1571 3588 1643 apud
3620 1582 3764 1626 ante-

2195 1675 2438 1715 cessores
2466 1668 2608 1722 tuos,
2651 1668 2709 1715 et
2745 1661 2886 1730 apud
2931 1668 2984 1714 te
3012 1660 3448 1730 proservierunt,
3495 1659 3766 1728 injusteet

2196 1747 2637 1802 irrationabiliter
2674 1748 3008 1803 abstulisses.
3044 1747 3196 1804 Unde
3239 1747 3537 1804 secundum
3593 1764 3770 1804 saeros

524 1863 724 1917 regem,
768 1857 827 1901 ut
857 1846 945 1902 ille
989 1847 1159 1917 possit
1203 1861 1290 1902 res
1318 1847 1390 1902 .de
1426 1862 1524 1901 sua
1552 1847 1778 1903 ecclesia
1821 1848 2093 1914 ordinare,

2198 1853 2456 1900 canones,
2481 1847 2537 1891 et
2559 1837 2776 1892 decreta
2827 1847 3031 1892 sancta:
3076 1838 3220 1892 sedis
3246 1838 3507 1893 Romana:
3557 1838 3765 1908 pontiﬁ-

517 1947 586 1994 et
617 1937 687 1992 illi
734 1953 830 1992 eas
869 1937 1027 1992 liceat
1071 1937 1211 1991 sicut
1247 1937 1297 1991 ei
1342 1936 1676 1992 simulaverit
1717 1939 2004 2008 disponere
2035 1946 2093 1994 et
2128 1967 2132 1971 ι

517 2027 859 2094 gubernare:
891 2025 1018 2096 quia
1063 2024 1206 2096 quod
1252 2025 1340 2081 ille
1387 2025 1538 2091 facit,
1585 2027 1724 2081 alter
1763 2028 2008 2092 disfacit;
2035 2037 2092 2083 et

519 2117 663 2187 qwd
710 2117 797 2174 ille
839 2115 1096 2186 disponit,
1120 2115 1282 2180 .alter
1325 2116 1602 2186 pervertit.
1647 2115 1797 2174 'l‘unc
1839 2117 1956 2171 vult
2002 2117 2092 2172 ille
2130 2131 2132 2134 '

519 2209 676 2263 vobis
713 2207 965 2273 obedire,
1007 2215 1064 2262 et
1109 2209 1176 2262 ad
1224 2223 1322 2263 vos
1363 2208 1578 2272 venire,
1617 2216 1672 2264 et
1715 2223 1812 2279 per
1851 2217 2090 2263 vestrum
2129 2277 2132 2282 _

520 2298 805 2353 consilium
845 2296 1022 2352 facere
1048 2314 1062 2351 :
1089 2297 1211 2365 quia
1253 2296 1512 2366 quidquid
1541 2299 1607 2352 de
1651 2298 1810 2352 rebus
1849 2313 1961 2352 suae
2003 2312 2092 2355 ec—
2130 2353 2134 2359 κ

521 2388 699 2444 rlesize
737 2385 867 2441 fecit
920 2396 978 2441 et
1018 2387 1316 2449 ordinavit,
1365 2403 1469 2441 non
1516 2403 1612 2456 per
1655 2403 1812 2452 scaz,
1865 2387 1948 2442 vel
1996 2403 2094 2459 per

521 2477 758 2552 aliquam
796 2476 1257 2546 prepinquitatem
1306 2485 1394 2530 aut
1437 2477 1730 2532 amicitiam
1777 2477 1900 2533 inde
1942 2477 2089 2540 fecit,
2125 2513 2131 2539 ;

521 2565 614 2621 sed
639 2567 779 2622 sicut
800 2566 993 2620 melius
1017 2566 1104 2620 ille
1130 2566 1416 2630 intellexit,
1443 2583 1487 2620 st
1519 2567 1642 2622 inde
1664 2567 1807 2624 fecit.
1835 2567 1902 2624 Et
1919 2569 1962 2622 si
1991 2569 2094 2624 hoc

523 2669 620 2710 vos
649 2669 754 2708 non
785 2653 1005 2722 potestis
1043 2653 1115 2706 ad
1164 2669 1342 2723 regem
1389 2654 1586 2718 facere,
1619 2664 1744 2711 tunc
1773 2672 1878 2718 non
1918 2664 2097 2726 potest

521 2744 612 2799 ille
652 2743 768 2814 regi
803 2743 1043 2805 obedire,
1082 2757 1180 2798 nec
1209 2743 1282 2797 illi
1325 2745 1550 2806 servire.
1589 2761 1688 2800 nec
1714 2747 2095 2817 aliquodtem-

522 2835 706 2902 porale
744 2834 1061 2904 obsequium
1103 2833 1310 2899 facere,
1355 2850 1457 2890 nec
1498 2837 1565 2892 ad
1607 2837 1753 2891 illum
1790 2839 1996 2902 venire,
2039 2845 2097 2894 et

524 2943 631 2981 non
651 2931 829 2996 potest
847 2923 1139 2991 dimittere,
1171 2931 1231 2980 ut
1259 2924 1341 2980 sic
1365 2923 1522 2996 longe
1551 2924 1674 2986 inde
1699 2940 1760 2982 se
1789 2940 1894 2982 non
1926 2924 2094 2982 recla-

524 3027 632 3074 met
655 3018 702 3074 si
724 3017 844 3088 plus
864 3017 970 3072 alte
997 3027 1195 3088 potest,
1228 3018 1281 3072 id
1300 3028 1392 3074 est
1414 3021 1482 3074 ad
1512 3021 1692 3075 sedem
1721 3021 2090 3090 apostolicam.

523 3113 590 3166 lit
613 3127 718 3168 non
744 3111 1000 3175 dimittet,
1028 3119 1098 3166 .ut
1127 3111 1264 3169 inde
1295 3127 1450 3168 suum
1490 3113 1848 3168 ministerium
1875 3129 1982 3170 non
2013 3115 2095 3167 fa-

2192 1942 2314 1982 cum
2341 1942 2406 1981 ex
2433 1927 2634 1982 eisdem
2657 1927 2828 1982 sacris
2858 1928 3154 1982 canonibus
3176 1928 3537 2000 promulgata,
3579 1928 3770 1984 electos

2187 2019 2398 2088 iudices
2439 2021 2724 2091 episcopos
2749 2003 2890 2091 apud
2912 2037 2998 2074 me
3021 2021 3292 2091 espeIiSti,
3324 2030 3597 2075 eteorum
3623 2030 3770 2089 atque

2192 2109 2424 2164 aliorum
2457 2110 2622 2164 Deum
2671 2110 2973 2164 timentium
2997 2109 3204 2179 judicio
3227 2111 3295 2164 dc
3323 2109 3657 2178 quibusdam
3686 2112 3768 2164 de-

2191 2210 2399 2256 cretum
2430 2200 2545 2263 fuit,
2579 2209 2638 2256 ut
2679 2200 2937 2256 beneﬁcia
2987 2216 3082 2255 sua
3107 2241 3124 2265 ,
3168 2216 3290 2271 qua:
3327 2201 3769 2256 irrationabiliter

2191 2290 2559 2359 perdiderant,
2588 2305 2911 2360 recuperare
2940 2291 3233 2346 deberent:
3286 2291 3654 2359 quorumdam
3683 2304 3771 2342 auo

2192 2389 2301 2435 tem
2341 2395 2528 2436 eorum
2555 2396 2718 2436 causa
2746 2395 2915 2452 usque
2960 2379 3027 2434 ad
3072 2381 3236 2435 alium
3267 2381 3770 2450 tractatumcertis

2193 2471 2374 2527 causis
2398 2471 2878 2528 intervenientibus
2908 2490 3010 2527 non
3043 2471 3286 2537 difl‘tnita,
3330 2474 3424 2528 sed
3451 2473 3770 2543 implacitata

2194 2564 2476 2627 remansit,
2504 2573 2559 2619 et
2581 2575 2636 2619 tu
2666 2574 2794 2620 ante
2821 2562 3214 2629 diﬁinitionem,
3242 2575 3432 2620 contra
3465 2581 3658 2620 sacros
3693 2581 3772 2618 ra-

2194 2668 2386 2718 nones,
2432 2654 2548 2709 sine
2575 2655 2680 2708 ulla
2710 2654 3034 2709 necessitate
3064 2653 3150 2709 vel
3181 2654 3392 2710 ratione
3414 2654 3542 2724 fuga
3580 2655 3772 2725 lapsus,

2195 2743 2499 2814 regularem
2557 2742 2930 2800 dilbuitiouem
2995 2754 3312 2814 exspectare
3367 2747 3772 2815 contempsisti,

2194 2833 2342 2889 unde
2383 2834 2512 2904 quid
2537 2834 2678 2890 sacri
2709 2831 3006 2890 decernant
3044 2849 3282 2890 canones
3327 2834 3777 2894 suﬁicientissime

2194 2924 2360 2983 nosti.
2387 2923 2543 2982 Nune
2569 2937 2700 2982 vero
2731 2924 2856 2996 quia
2881 2925 2997 2996 ipse
3020 2923 3136 2995 jam
3155 2927 3218 2981 in
3240 2934 3394 2982 motu
3424 2937 3533 2994 est,
3555 2943 3778 2999 pergens

2195 3019 2410 3074 obviam
2461 3018 2615 3074 fratri
2649 3034 2748 3074 suo
2784 3027 3007 3088 propter
3031 3019 3180 3088 pacis
3222 3019 3616 3090 charitatisque
3657 3035 3777 3074 con-

2191 3110 2462 3180 cordiam.
2504 3119 2560 3164 et
2603 3117 2806 3164 sancta:
2846 3109 3101 3164 Ecclesia:
3147 3123 3212 3163 ac
3255 3109 3548 3164 Christiani
3604 3109 3776 3179 populi

521 3201 758 3266 riat,.id
790 3210 884 3257 ea
923 3202 1413 3256 excommunicabit
1457 3203 1578 3258 illos
1620 3205 1759 3259 sicut
1801 3205 1890 3258 bic
1934 3205 2096 3259 habet
2121 3213 2170 3277 ο
2197 3200 2545 3255 obtinendam
2603 3187 2879 3270 quietem;
2930 3203 3053 3254 cum
3097 3200 3314 3254 favente
3364 3201 3599 3256 Domino
3660 3201 3777 3254 inde

523 3288 665 3358 quod
709 3288 792 3343 illi
815 3288 1053 3358 episcopi
1101 3288 1448 3356 diﬁinierunt,
1486 3291 1610 3360 quia
1643 3307 1746 3345 non
1793 3300 1968 3360 potest
2015 3294 2096 3347 tli-

527 3381 741 3437 mittere
782 3387 842 3435 ut
866 3379 985 3435 illos
1016 3394 1120 3434 non
1151 3381 1602 3445 exeommuuicet,
1629 3381 1882 3450 quoniam
1927 3382 2096 3436 altera

530 3473 668 3537 vice,
714 3469 930 3540 quando
975 3469 1174 3525 domno'
1205 3469 1501 3539 apostolico
1527 3470 1804 3524 mandavit
1831 3469 1908 3524 de?
1942 3469 2098 3524 Nort—

524 3576 744 3627 manno,
777 3563 879 3617 hoc
923 3560 974 3631 ei
1021 3559 1618 3626 remaudavitdmnnus
1645 3560 1996 3631 apostolicus,
2041 3571 2100 3616 ut

527 3651 676 3726 prius
702 3650 824 3706 inde
847 3649 1060 3705 fecisset
1088 3664 1242 3704 suum
1283 3648 1658 3710 ministerium,
1692 3658 1746 3701 et
1779 3657 1905 3719 tunc
1932 3663 1991 3702 se
2017 3664 2109 3710 res

524 3743 828 3798 clamasset.
873 3740 938 3795 Et
981 3740 1083 3796 hoc
1114 3739 1248 3794 .idco
1277 3754 1446 3809 usque
1477 3738 1634 3792 modo
1665 3738 1888 3803 dimisit,
1931 3739 2101 3793 donec

528 3834 682 3890 vobis
711 3832 990 3888 mandaret
1032 3816 1112 3898 ut.
1134 3831 1235 3888 hoc
1275 3846 1369 3887 vos
1396 3830 1609 3887 sciretis
1640 3816 1765 3901 quia
1804 3847 1946 3885 nunc
1975 3829 2100 3886 inde

526 3940 684 3982 suum
712 3923 1070 3980 ministerium
1113 3923 1292 3979 faciet.
1339 3943 1357 3976 ι
1687 3941 1689 3943 ί

597 4015 752 4070 Unde
795 4013 964 4066 frater
1004 4026 1109 4068 una
1142 4028 1275 4066 cum
1318 4013 1711 4068 venerabilibus
1751 4012 2018 4083 episcopis
2047 4022 2102 4066 et

527 4106 738 4162 dilectis
784 4103 1046 4158 fratribus
1092 4103 1291 4159 nostris
1337 4102 1427 4171 qui
1483 4103 1806 4165 adfuerunt,
1855 4103 2103 4172 lletnigio

529 4195 757 4260 scilicet,
778 4203 834 4250 et
855 4177 1146 4258 ﬂardnieo,
1177 4202 1232 4248 et
1259 4193 1557 4256 Francouc,
1583 4208 1648 4247 ac
1673 4193 1914 4254 llodoue,
1944 4203 2103 4264 atque

532 4285 870 4350 Willeberto,
901 4284 969 4339 ad
1009 4285 1263 4339 domuum
1307 4283 1554 4339 Carolum
1599 4299 1782 4354 regem
1806 4283 2123 4354 gloriosum

455 4393 460 4398 ί
532 4375 838 4443 petitoriam
875 4375 1272 4450 suggesﬁonem
1320 4373 1522 4428 referre
1553 4376 1758 4429 curavi.
1803 4376 1902 4442 Qui
1953 4376 2105 4429 nobis

534 4465 827 4532 respondit,
855 4464 1290 4534 seputassetibi
1335 4479 1495 4533 posse
1531 4463 1774 4520 sufﬁcere
1803 4467 1944 4534 quod
1977 4467 2119 4522 hinc:

2199 3303 2450 3344 reversus
2478 3287 2660 3353 fuerit,
2685 3289 2806 3343 veni
2836 3289 2904 3342 ad
2931 3289 3101 3354 illum,
3131 3297 3187 3344 et
3208 3299 3428 3359 apporto
3464 3290 3598 3344 illud
3643 3306 3776 3361 pra--

2196 3387 2431 3448 ceptum,
2461 3393 2558 3448 per
2584 3379 2726 3448 quod
2755 3378 3008 3448 prtefatas
3029 3395 3117 3435 res
3159 3380 3405 3436 ecclesia:
3431 3381 3775 3438 Laudonensi

2197 3469 2450 3534 restituit,
2478 3470 2594 3524 sive
2629 3470 2857 3525 contulit
2885 3510 2900 3534 ,
2926 3479 2982 3526 et
3003 3471 3138 3526 sicut
3165 3471 3372 3541 justum
3397 3471 3467 3526 de
3489 3471 3596 3527 illis
3619 3473 3797 3527 rebus-

2197 3573 2332 3627 quas
2384 3558 2616 3628 requiris
2665 3560 2942 3614 inventum
2968 3611 2969 3614 η
2997 3559 3193 3624 fuerit,
3236 3573 3412 3631 agere.
3443 3562 3778 3630 procumbit.

2199 3647 2454 3704 Homines
2481 3659 2657 3706 autem
2688 3649 2782 3711 tui,
2837 3664 3068 3718 quorum
3095 3664 3282 3714 causa,
3333 3659 3385 3708 te
3411 3648 3782 3720 irregulariter

2198 3737 2572 3808 acillegaliter
2602 3739 2967 3803 abscedente,
3025 3740 3215 3794 adhuc.
3254 3755 3361 3794 non
3415 3739 3634 3796 diliinita
3679 3743 3781 3796 sed

2200 3828 2528 3896 implacitata
2554 3829 2840 3890 remansit,
2868 3828 3012 3898 juste
3040 3839 3094 3883 et
3141 3830 3532 3886 rationabiliter
3554 3831 3782 3888 ventile-

2199 3925 2318 3980 tur,
2336 3927 2391 3971 et
2421 3918 2720 3974 secundum
2743 3933 2930 3974 sacras
2958 3919 3103 3989 leges
3126 3919 3438 3976 diﬁiuiatur.
3490 3922 3782 3988 Caeterum,

2201 4006 2517 4063 charissime
2547 4006 2732 4070 frater,
2761 4009 2828 4063 de
2855 4010 3070 4065 scedula
3093 4011 3246 4080 quasi
3273 4013 3654 4082 episcoporum
3681 4015 3781 4069 dif-

2203 4095 2499 4148 finitionem
2548 4097 2890 4160 continente,
2929 4099 2980 4152 in
3030 4100 3237 4170 synodo
3266 4104 3568 4172 quaz'apud
3595 4103 3784 4159 Tusia-

2201 4199 2324 4238 cutn
2361 4183 2535 4239 fuerat
2565 4187 2768 4252 habita,
2807 4187 2962 4242 valle
3015 4191 3240 4244 miratus
3269 4205 3389 4245 sum
3444 4192 3533 4247 ubi
3566 4201 3626 4247 et
3649 4208 3786 4261 quo-

2202 4277 2364 4331 modo
2415 4277 2552 4331 hanc
2574 4278 2916 4344 adinvenisti,
2966 4297 3127 4349 quam
3179 4291 3468 4351 antequam
3520 4299 3620 4353 per
3643 4284 3784 4338 llcd-

2203 4368 2394 4423 donem
2422 4368 2677 4423 clericum
2733 4381 2882 4424 tuum
2913 4373 3214 4441 acceperim
3263 4390 3535 4443 nunquam
3570 4376 3706 4439 vidi,
3734 4387 3792 4430 et

2203 4471 2478 4526 nunquam
2528 4457 2611 4511 vel
2662 4474 2927 4528 nusquam
2981 4461 3180 4525 audivi,
3233 4463 3328 4518 sed
3354 4478 3454 4518 nec
3487 4464 3580 4532 qui
3630 4468 3792 4520 modo

525 4553 638 4619 jam
666 4571 680 4606 :
708 4568 887 4608 coram
914 4554 1180 4624 episcopis
1201 4554 1432 4622 benigno
1471 4555 1652 4610 animo
1689 4565 1746 4610 et
1779 4556 2178 4614 allocutione.D
2204 4549 2492 4604 adfuerunt
2516 4549 2752 4620 episcopi
2785 4566 2905 4604 eam
2939 4565 3000 4606 se
3026 4553 3223 4607 Vidisse
3248 4553 3329 4607 Vel
3377 4553 3593 4609 audisse
3637 4555 3793 4610 dixe-

508 4644 739 4714 'placida
775 4644 867 4699 tibi
897 4644 950 4698 in
989 4645 1258 4699 Attiniaeo
1293 4646 1444 4708 dixit,
1478 4645 1726 4700 videlicet
1755 4647 2008 4716 quoniam
2033 4647 2104 4701 ad

532 4733 679 4787 illum
711 4733 976 4801 pervenit,
1017 4741 1071 4787 te
1104 4733 1332 4801 amplius
1373 4734 1778 4804 praesumpsisse
1801 4717 1884 4789 Ide
1923 4736 2116 4800 rebus,

533 4827 600 4885 de
623 4823 818 4893 quibus
859 4838 1000 4877 nunc
1028 4824 1252 4878 mandas
1287 4825 1411 4893 quia
1442 4824 1747 4879 Flotharius
1770 4826 1966 4880 missus
1989 4826 2107 4895 ejus

535 4915 868 4970 Nortmanno
895 4914 1311 4983 consignaverit,
1359 4931 1520 4985 quam
1549 4917 1790 4971 ecclesia:
1820 4917 1913 4970 tibi
1954 4928 2113 4970 com-‘

535 5008 715 5061 missa:
747 5006 1064 5067 debeantur,
1097 5013 1150 5057 et
1187 5006 1414 5070 amplius
1447 5022 1605 5074 quam
1634 5008 1686 5062 iu
1720 5016 1984 5077 praecepto
2014 5008 2118 5062 ha»-

534 5095 746 5158 bratur,
778 5107 873 5160 per
895 5091 1038 5160 quod
1073 5092 1166 5145 tibi
1210 5106 1296 5146 res
1325 5110 1354 5146 a
1384 5093 1539 5163 longo
1575 5105 1812 5163 tempore
1837 5097 1905 5150 ab
1932 5095 2107 5150 eccle-

533 5185 613 5238 sia
649 5183 986 5237 Laudunensi
1030 5182 1333 5237 subtractus
1371 5185 1625 5246 restituit,-
1676 5186 1756 5239 vel
1793 5186 1962 5254 gratis
2006 5196 2110 5240 tua:

534 5273 777 5343 petitioni
802 5283 1050 5328 annuens
1078 5273 1243 5336 dedit,
1282 5273 1421 5327 sicut
1439 5281 1511 5327 .et
1539 5273 1972 5330 manifestissime
1998 5276 2110 5331 cla-

544 5366 650 5420 ruit
675 5365 745 5420 de
768 5363 875 5427 his,
897 5377 1033 5432 quas
1059 5372 1247 5419 contra
1275 5365 1540 5419 rationem
1565 5374 1621 5418 et
1638 5364 1902 5434 justitiam
1929 5367 2110 5435 illega-

494 5475 506 5483 '
529 5453 660 5512 liter
691 5464 866 5527 atque.
897 5453 1264 5525 irregulariter
1288 5455 1581 5523 usurpa'sti,
1610 5471 1732 5526 qua:
1760 5457 1810 5509 in
1842 5465 2111 5525 pmtecpto

537 5559 644 5598 non
668 5547 1030 5610 Continentur,
1054 5552 1110 5600 et
1133 5542 1280 5612 justo
1302 5554 1464 5614 atque
1506 5545 1896 5599 rationabiliter
1918 5560 2109 5599 secun-

516 5618 664 5685 ‘dnm
693 5632 861 5699 legero
891 5635 1051 5688 homo
1072 5648 1202 5694 suus
1221 5635 1628 5704 recouquisivit.
1669 5635 1956 5703 Pmpterea
1989 5636 2106 5689 illas

537 5707 919 5787 res,‘videlieet
965 5721 1142 5774 villam
1187 5715 1518 5786 Paulia'cum,
1546 5736 1663 5788 quae
1703 5739 1744 5785 al
1772 5723 1925 5790 longo
1966 5733 2102 5776 tem-

2208 4649 2354 4695 runt.
2391 4639 2538 4694 illaut
2583 4640 2781 4710 quippe
2805 4641 3170 4696 autbcnticam
3221 4641 3620 4708 diﬁinitiouem,
3667 4659 3796 4713 qua

2208 4731 2500 4786 secundum
2528 4745 2712 4784 sacras
2741 4730 2886 4800 leges
2913 4731 2964 4784 in
2991 4732 3180 4784 eadem
3204 4733 3410 4800 synodo
3433 4732 3652 4787 decreta
3679 4744 3793 4795 est,

2208 4822 2294 4875 cui
2337 4830 2624 4876 ctmccum
2677 4820 2990 4884 interfuisti,
3047 4837 3147 4892 ego
3202 4823 3393 4888 habeo,
3450 4833 3506 4875 et
3538 4822 3796 4880 divinare

2208 4927 2313 4966 non
2359 4912 2530 4974 valeo,
2582 4913 2723 4965 unde
2771 4913 3083 4967 adiuv-cutio
3131 4913 3233 4966 ista
3283 4913 3590 4977 emerserit,
3641 4929 3795 4982 qua,

2209 5003 2350 5057 sicut
2375 5017 2439 5056 ex
2471 5002 2554 5056 bis
2582 5003 2859 5056 evidenter
2905 5011 3058 5070 potes
3103 5017 3427 5072 cognoscere
3451 5043 3467 5066 ,
3515 5017 3637 5072 qua:
3691 5006 3796 5060 tibi

2213 5104 2398 5146 contra
2437 5094 2882 5162 pnesumptioues
2911 5103 3026 5147 tuas
3057 5094 3235 5148 studui
3275 5094 3534 5158 scribere,
3587 5095 3639 5148 in
3663 5099 3799 5164 qui-

2215 5183 2437 5237 busdam
2487 5184 2657 5237 sacris
2691 5183 2890 5252 regulis
2929 5185 3130 5248 obviat,
3177 5193 3232 5237 et
3275 5185 3587 5239 mendacem
3638 5185 3796 5239 illam

2213 5288 2335 5329 esse
2365 5273 2618 5328 facillime
2669 5287 2856 5343 posses
2882 5276 3181 5338 advertere,
3235 5274 3456 5329 sigillos
3477 5273 3661 5330 oculos
3697 5277 3796 5330 ba-

2218 5359 2428 5419 buisses
2465 5365 2744 5434 in-capite,
2773 5365 2842 5420 de
2870 5367 3065 5434 quibus
3092 5363 3369 5434 Scriptura
3415 5365 3543 5418 dicit
3571 5381 3584 5416 :
3627 5362 3798 5420 Oculi

2215 5455 2463 5522 sapientis
2502 5456 2556 5508 in
2583 5457 2750 5525 capite
2792 5457 2908 5524 ejus
2953 5456 3152 5520 (Hrcle.
3181 5472 3237 5518 tt,
3283 5455 3391 5525 14).
3429 5456 3493 5509 Et
3531 5456 3796 5511 miranda

2213 5554 2297 5599 est
2323 5555 2410 5598 tua
2440 5546 2745 5615 prudentia,
2794 5561 2892 5600 cur
2915 5547 3015 5599 sibi
3047 5546 3246 5615 placuit
3291 5545 3409 5614 plus
3446 5546 3585 5598 hanc
3631 5559 3780 5600 uten-

2212 5632 2420 5698 dacem,
2446 5642 2501 5687 et
2529 5634 2932 5704 inquibusdam
2953 5677 2968 5698 ,
3011 5647 3069 5690 ut
3099 5637 3224 5695 dixi,
3255 5635 3423 5687 sacris
3461 5633 3658 5702 regulis
3689 5635 3794 5690 ob-

2211 5723 2444 5778 viantem
2489 5726 2920 5792 compilationem
2969 5727 3187 5787 habere,
3237 5735 3292 5778 et
3323 5725 3458 5778 mihi
3501 5727 3792 5781 'ransmit-
