3990 6300
177 263 312 338 soi.

969 259 1212 317 OPUSC.
1251 261 1342 318 ET
1379 261 1598 320 EPIST.
1638 263 1706 321 IN
1743 263 1972 330 CAUSA
2008 265 2340 334 HINCMAN
2375 269 2673 340 ιλυυυΝ.

171 377 388 450 synoli
431 385 484 431 et
515 389 739 430 auorum
787 382 1098 429 sanctorum
1139 391 1378 431 canones
1403 377 1580 441 editis,
1613 377 1772 433 colle-
1801 380 1849 441 Α
1876 394 2036 450 agere
2085 396 2330 458 possem,
2376 397 2430 448 et
2461 359 2578 456 illa,
2614 405 2736 461 quae
2775 393 2868 450 tibi
2922 411 2987 452 ac
3031 401 3300 475 parochiae

173 469 344 537 gisti.
366 467 422 521 in
445 465 639 536 quibus
660 463 956 519 sententias
983 465 1121 526 inter
1138 483 1194 520 se
1220 468 1484 534 dissonas,
1507 478 1560 522 et
1587 479 1776 524 contra
1835 483 1838 488 '

173 555 574 626 cvangdicam
627 564 683 614 et
752 555 1100 622 apostolicam
1146 568 1312 624 atque
1360 558 1675 612 canonicam
1723 570 1781 616 et

175 649 514 721 apostolicae
540 647 683 702 sedis
713 648 1092 700 auektritatem
1129 648 1489 712 inuitiscuisti,
1521 659 1575 704 et
1603 649 1778 706 eidem

174 738 400 803 libello,
449 738 566 792 sine
615 734 1009 804 metropolitani
1051 745 1106 790 et
1145 736 1585 810 coepiscoporum
1635 733 1780 792 Rhe-

175 829 407 884 n‘ensis
448 826 737 898 provincia:
764 825 1097 880 conscientia
1129 841 1193 879 ac
1221 841 1512 894 consensu,
1543 828 1782 882 subscri-

173 914 376 990 tisisﬁ,
425 928 478 974 et
529 936 560 973 a
590 917 804 973 clericis
846 915 1099 970 Ecclesia:
1144 927 1246 971 tua!
1284 925 1340 973 et
1381 934 1410 971 a
1439 920 1783 987 parochianis

173 1012 534 1083 presE-yteris
562 1009 824 1065 subscribi
865 1008 1060 1083 fecisti,
1091 1009 1274 1066 volens
1306 1021 1357 1076 te
1385 1029 1417 1067 a
1445 1005 1782 1085 subjeclio-ne

175 1114 302 1177 tua:
350 1101 668 1171 metropolis
713 1111 933 1154 exutum
980 1110 1290 1164 ostentare,
1335 1113 1390 1157 et
1435 1105 1779 1176 privilegium

173 1193 624 1264 metropolitanum
667 1192 815 1248 sellis
869 1191 1149 1247 annulare.
1195 1194 1359 1262 Quasi
1409 1211 1514 1256 non
1567 1181 1780 1264 poSsetn

172 1285 498 1358 impietatis
544 1293 647 1338 tuae
698 1281 1072 1362 colligationes
1125 1285 1385 1346 canonica
1431 1287 1778 1351 auctoritate,

172 1373 308 1429 sine
341 1384 437 1429 tuo
465 1390 730 1432 consensu
760 1389 824 1428 ac
853 1374 969 1428 sine
1001 1373 1246 1444 synodali
1291 1387 1557 1429 conventu
1602 1377 1654 1428 in
1686 1392 1778 1447 pa-

175 1466 381 1520 rochia
414 1473 505 1520 tua
554 1463 866 1526 dissolvere,
901 1478 1024 1517 cum
1072 1463 1140 1520 de
1182 1464 1350 1520 certis
1390 1476 1446 1518 et
1477 1464 1780 1520 manifestis

163 1555 394 1615 'causis,
424 1569 545 1623 qum
589 1554 640 1607 in
687 1552 834 1606 nullo
873 1553 1028 1607 nobis
1053 1561 1180 1608 sunt
1206 1553 1366 1610 dubia
1393 1553 1479 1610 vel
1522 1555 1803 1622 obseura,

175 1633 238 1700 et
288 1647 358 1700 de
394 1645 592 1718 quibus
619 1641 855 1698 linitivas
891 1645 1214 1709 sententias,
1243 1661 1364 1716 qua:
1394 1647 1448 1710 in
1481 1646 1622 1700 nulla
1655 1663 1778 1718 pos-

1875 478 2060 559 eontra
2090 471 2455 544 colligationes
2479 486 2581 532 tua:
2607 470 2897 550 impietatis
2922 470 3245 555 direxerant,
3269 470 3474 559 cor-am,

1879 553 2006 655 illis-
2027 556 2188 628 relegi
2208 653 2217 655 _
2239 561 2361 617 feci.
2400 563 2546 628 Unde
2578 576 2632 623 et
2667 568 2736 625 ab
2772 571 2975 636 eisdem
3007 553 3292 655 episcopis.
3317 553 3462 652 νηίῆ

1877 647 2037 744 dictis
2079 653 2219 744 sacri
2267 668 2564 715 conventus
2593 647 3048 740 auctoritatibus,
3084 647 3340 740 quoniam
3371 647 3458 738 in."

1873 737 2017 802 juste
2061 753 2126 792 ac
2163 737 2533 810 i'rregulariter
2562 756 2738 824 tantas
2760 759 2813 812 et
2845 751 2983 823 tales
3019 737 3466 820 excotntnunica;

1881 825 2054 926 tiones
2080 844 2240 897 agere
2274 832 2695 906 prmsnmpsisti,
2741 850 2869 911 eta
2907 848 3102 910 domno
3130 865 3256 926 rege
3287 845 3456 923 impe-

1885 922 2033 1016 litns,
2067 923 2323 1016 quoniam
2354 923 2664 1016 juramenta
2697 927 2772 986 illi
2804 948 2834 988 a
2865 942 2916 988 te
2951 952 3112 1014 super
3136 922 3288 1002 saera
3313 922 3455 1016 ptim-

1881 1103 2071 1149 contra
2093 1098 2237 1177 leges
2264 1101 2474 1160 divinas
2503 1115 2558 1160 et
2581 1107 2843 1168 humanas
2867 1113 3131 1182 invasisti,
3163 1098 3221 1186 et
3247 1138 3277 1176 a
3298 1098 3480 1192 {Sorte
3553 1098 3557 1162 Ii

1880 1202 2079 1247 Inanno
2110 1191 2162 1245 in
2203 1195 2408 1264 synodo
2440 1209 2744 1268 accusatus,
2769 1205 3022 1274 quoniam
3051 1223 3175 1270 eum
3203 1212 3269 1270 de
3295 1215 3480 1277 rebus.

1883 1284 1973 1331 tua
2005 1284 2353 1340 concessione
2377 1294 2540 1358 atque
2565 1295 2921 1351 consensione
2967 1314 2997 1352 a
3025 1299 3228 1359 domno
3255 1301 3452 1364 Carolo
3476 1360 3479 1364 .

1879 1366 1982 1460 sibi
2013 1366 2343 1428 beneliciatis
2365 1415 2382 1440 ,
2410 1377 2534 1433 sine.
2547 1382 2867 1438 auctoritate
2899 1387 3042 1458 regia
3061 1427 3076 1453 ,
3108 1401 3319 1450 armata
3343 1395 3447 1460 mi-

1881 1455 2025 1553 litari
2058 1475 2218 1516 manu
2239 1503 2254 1528 ,
2286 1469 2341 1519 et
2382 1467 2536 1522 turba
2579 1469 2720 1541 vulgi
2768 1455 2995 1538 collecta
3031 1494 3152 1542 cum
3183 1482 3374 1553 gladiis
3399 1455 3482 1544 et.

1881 1544 2148 1640 fustibus,
2204 1553 2436 1622 primum
2475 1556 2693 1626 quidem
2753 1578 2975 1620 uxorem
3020 1544 3487 1640 suam—omnim.

1880 1635 1995 1692 sine
2014 1638 2131 1736 .ullo
2155 1651 2275 1696 erat
2293 1684 2308 1707 ,
2343 1653 2396 1699 et
2422 1657 2606 1718 postea
2635 1648 2781 1706 illum
2809 1652 2982 1723 ipsum
3013 1668 3200 1730 contra
3228 1635 3372 1736 leges
3395 1673 3486 1728 et.

170 1749 315 1793 sunt
337 1715 551 1792 ratione
575 1734 824 1799 convelli,
849 1752 879 1788 a
906 1736 1110 1790 sanctis
1135 1715 1386 1799 Patribus
1411 1715 1776 1810 promulgatas
1805 1715 1850 1773 Β
1879 1729 2091 1820 regulas
2114 1733 2376 1804 repulisti,
2409 1715 2462 1792 et
2505 1740 2687 1796 omnia
2732 1715 2980 1820 Sua-qut»
3005 1747 3076 1812 ibi

173 1827 495 1895 habemus,
545 1823 806 1896 synodale
850 1823 1152 1879 consultum
1198 1823 1280 1880 vel
1331 1825 1774 1902 coepiscoporum

174 1928 391 1973 nostra:
427 1915 720 1986 provincia:
757 1913 1041 1970 consilium
1088 1913 1172 1969 vel
1197 1931 1521 1972 consensum
1550 1933 1658 1979 non
1685 1917 1776 1972 de-

172 1991 344 2064 beam
370 2016 708 2078 exspectare,
737 2015 793 2062 et
824 2019 853 2060 a
886 2005 1085 2076 regulis
1110 2007 1448 2076 praestitutis,
1477 2016 1776 2066 utsanctns

175 2086 295 2156 Leo
320 2099 476 2166 dicit,
505 2116 526 2149 ι
557 2097 701 2151 nulla
742 2105 837 2151 aut
862 2091 1185 2166 negligentia
1232 2107 1326 2151 aut
1356 2098 1776 2168 praesumptione

173 2189 496 2254 discedere,
539 2203 642 2244 nec
682 2187 846 2242 etiam
896 2186 1080 2244 sedem
1125 2187 1477 2263 apostolicam
1526 2188 1651 2244 inde
1692 2189 1775 2243 in-

170 2279 456 2350 quietare,
482 2279 624 2336 sicut
659 2277 828 2348 ipsius
855 2287 1058 2334 sanetae
1102 2278 1249 2340 sedis
1277 2279 1421 2341 beati
1462 2279 1772 2350 pontiﬁces,
1801 2338 1804 2342 ,

170 2374 567 2438 Innocentius,
621 2371 900 2438 Zosimus,
949 2371 1308 2439 C(elestinus,
1355 2373 1486 2443 Leo,
1532 2374 1772 2444 Hilarus,

175 2463 457 2528 Gelasius,
485 2461 802 2532 Gregorius,
849 2471 903 2516 et
951 2461 1038 2515 alii
1070 2462 1252 2532 plures
1293 2463 1534 2535 ejusdem
1572 2475 1774 2522 sancta:

174 2557 336 2611 sedis
372 2563 612 2610 rectores
647 2555 702 2610 in
730 2554 962 2616 decretis
1000 2555 1115 2610 suis
1157 2556 1474 2620 ostendunt,
1498 2575 1518 2610 ο
1553 2566 1610 2618 et
1649 2557 1773 2612 reli-

173 2663 316 2717 qua.
341 2644 477 2701 Item
507 2645 648 2698 datis
691 2643 1103 2698 auctoritatibus
1149 2643 1350 2699 Gelasii
1384 2659 1554 2720 papa.
1593 2663 1612 2696 ι
1640 2644 1772 2717 Post

174 2734 396 2806 ιιι-,πτελιί
423 2732 674 2803 denique,
702 2732 900 2802 inquit,
923 2733 1251 2787 monstruosi
1278 2731 1463 2798 libelli,
1489 2751 1517 2786 a
1546 2742 1596 2788 te
1627 2750 1772 2789 mon-

175 2838 404 2888 struose
432 2826 684 2896 collecti,
732 2833 878 2880 tuam
927 2834 1254 2896 tuorumque
1295 2827 1768 2896 subscriptionem,

174 2919 383 2974 litteris
402 2932 635 2994 quarum
661 2913 938 2985 exemplar
964 2916 1138 2972 habeo
1165 2915 1345 2972 denuo
1366 2925 1419 2972 te
1439 2918 1769 2986 commetiui,

175 3020 238 3070 ut
275 3025 347 3070 ea
390 3024 512 3080 qtae
556 3009 609 3064 in
651 3007 908 3076 parochia
941 3016 1029 3064 tua
1061 3016 1251 3064 contra
1277 3007 1544 3067 rationem
1575 3017 1631 3064 et
1663 3024 1760 3068 au-

1877 1818 2230 1912 tulisti,_sed
2268 1832 2323 1877 et
2360 1839 2391 1878 a
2437 1827 2542 1882 tuis
2591 1818 3259 1912 hominibusaecusattts,
3322 1843 3462 1912 quia.

1875 1918 2064 1964 contra
2099 1909 2248 1982 leges
2282 1911 2492 1971 divinas
2522 1924 2577 1971 et
2616 1921 2918 1981 mundanas
2942 1909 3022 1981 eis
3059 1942 3155 1988 sua
3190 1909 3458 1992 beneficia

1873 1999 2162 2065 abstulisti.
2193 2012 2253 2058 ut
2278 2005 2589 2076 synodalem
2616 2025 2902 2068 censuram
2928 2017 3188 2078 evaderes
3205 2059 3221 2087 ,
3256 2019 3457 2084 dedisti

1874 2092 1987 2162 regi
2017 2100 2073 2147 et
2101 2094 2233 2149 mihi
2265 2095 2318 2149 in
2365 2098 2555 2154 eadem
2606 2102 2812 2172 synodo
2845 2106 3201 2175 professionis
3250 2120 3354 2172 tua:
3391 2113 3458 2174 lis.

1871 2181 2071 2236 bellum
2099 2183 2165 2237 de
2192 2185 2423 2254 regulari
2466 2189 2772 2246 obedientia
2809 2201 2931 2262 tua,
2976 2213 3138 2270 quem
3172 2199 3364 2267 habeo,
3394 2212 3489 2272 et...

1875 2279 1931 2327 tu
1958 2287 2156 2344 negare
2190 2289 2299 2337 non
2344 2287 2533 2347 potes,
2565 2284 2820 2352 quoniam
2871 2287 3040 2358 ipsius
3080 2294 3358 2364 exemplar
3387 2296 3457 2353 de

1873 2375 2034 2415 manu
2064 2377 2182 2418 mea
2219 2363 2274 2419 in
2311 2367 2501 2429 eadem
2532 2372 2740 2442 synodo
2763 2376 3041 2448 accepisti,
3073 2377 3214 2434 sicut
3238 2363 3291 2436 in
3321 2396 3453 2456 pro-

1873 2467 2033 2508 cesso
2077 2458 2408 2512 monstrabo.
2469 2459 2577 2518 Sed
2619 2469 2679 2517 ut
2723 2464 2808 2518 vir
2833 2465 3029 2537 duplex
3062 2468 3244 2526 animo
3271 2479 3328 2534 ei,
3369 2470 3470 2534 ina.

1871 2551 2130 2598 constans
2172 2545 2227 2599 in
2270 2547 2524 2608 omnilms
2569 2551 2668 2608 viis
2710 2554 2844 2623 tuis,
2887 2557 3070 2612 statim
3119 2559 3172 2614 in
3211 2553 3457 2620 crastina

1872 2631 2066 2686 misisti
2101 2633 2232 2696 mihi
2279 2651 2374 2708 per
2403 2639 2719 2708 Arduicum,
2770 2647 3133 2710 venerabilem
3163 2647 3449 2714 Vesontio—

1871 2737 2092 2778 nensem
2124 2725 2436 2798 episc0pum
2457 2770 2472 2796 ,
2495 2731 2560 2787 ad
2598 2735 2960 2803 proﬁtendum
3009 2747 3075 2799 et
3099 2741 3449 2802 subscriben-
3481 2795 3484 2800 .

1870 2809 1997 2902 dum
2051 2812 2184 2880 tibi,
2233 2815 2566 2874 breviculum
2608 2820 2682 2876 ita
2723 2838 2784 2878 se
2822 2813 3106 2884 habéttem
3141 2845 3161 2883 ε.
3201 2845 3220 2882 ί
3247 2810 3313 2883 Et
3351 2844 3454 2902 ego

1875 2918 1896 2954 ι
1931 2899 2254 2959 Hincmarus
2297 2905 2628 2964 Rhemorum
2668 2911 3106 2990 archiepiscopus
3151 2919 3244 2974 tibi
3282 2899 3445 2982 iliac-

1876 3007 1897 3043 ι
1933 3005 2085 3048 mare
2118 2991 2457 3053 Laudunensi
2504 3002 2757 3074 episcopo
2805 3013 2954 3066 tuum
3003 3007 3242 3064 debitum
3278 3012 3460 3078 sacris.

175 3056 734 3168 εωτίυῶωθεωςε,
764 3097 1010 3159 studens
1045 3097 1322 3168 corrigere
1346 3112 1360 3151 τ
1385 3099 1479 3153 sed
1513 3056 1831 3166 “mon-PC
1879 3097 1899 3132 ι
1934 3082 2232 3139 canonibus
2261 3086 2598 3159 privilegium
2647 3096 3002 3168 conservabo,
3029 3107 3085 3159 et
3131 3098 3186 3154 in
3223 3073 3487 3171 quibus?

179 3193 322 3254 tioni
352 3206 486 3251 mea:
514 3205 620 3245 non
652 3187 902 3259 paruisti.
943 3188 1142 3246 Deinde
1165 3204 1231 3244 ex
1262 3189 1502 3260 praefatis
1529 3189 1772 3260 epistolis

175 3282 442 3339 Romana:
466 3279 611 3336 sedis
646 3279 992 3348 pontiﬁcum.
1040 3287 1166 3336 ante
1192 3276 1465 3334 Nicaenam
1503 3280 1772 3352 synodum

173 3373 423 3444 scriptis,
461 3370 701 3428 libellum
749 3385 782 3425 a
829 3378 885 3428 te
929 3368 1251 3436 collectum,
1285 3380 1341 3429 et
1383 3369 1666 3430 versiculis
1713 3370 1771 3428 in

175 3464 404 3523 lmine
455 3462 640 3522 damni
684 3463 829 3534 regis
871 3459 1052 3517 Caroli
1108 3461 1412 3530 titnlatum,
1452 3477 1552 3539 per
1601 3476 1800 3520 venc-,

1879 3185 1901 3221 ι
1928 3185 2144 3241 cunque
2193 3174 2577 3234 ecclesiasticis
2623 3184 2854 3253 negotiis
2904 3183 3224 3256 indigneris,
3248 3205 3442 3247 secun-

1877 3258 2052 3340 c'ldum
2093 3277 2278 3320 sacras
2307 3266 2519 3337 regulas
2547 3269 2786 3327 debitum
2831 3275 2929 3330 tibi
2964 3275 3088 3348 jure
3120 3261 3447 3352 adiutorium
3478 3259 3480 3262 I

1877 3366 1900 3402 ι
1928 3352 2369 3426 archiepiscopali
2399 3359 2719 3417 auctoritate
2763 3364 3048 3422 adhibebo.
3080 3386 3098 3420 ι
3131 3367 3261 3434 Qum
3285 3385 3449 3430 causa

1871 3458 1978 3498 non
2004 3444 2176 3501 solum
2206 3463 2310 3502 non
2342 3449 2407 3504 de
2434 3450 2654 3518 humili,
2691 3469 2877 3514 verum
2901 3437 3004 3514 nec
3029 3458 3097 3514 de
3129 3473 3262 3514 sano
3283 3475 3452 3516 sensu

175 3553 416 3610 rabilem
471 3550 740 3621 quondam
793 3548 1253 3620 archiepiscopum
1310 3547 1652 3606 Wanilonem
1712 3550 1770 3609 in

1875 3540 2154 3606 processit.
2191 3540 2449 3609 lnjustum
2479 3543 2676 3616 quippe
2717 3561 2783 3606 ac
2811 3547 3183 3609 irrationabile
3212 3550 3444 3610 videtur.

181 3640 446 3699 Gundnlﬁ
493 3641 619 3697 villa
671 3655 854 3700 coram
898 3639 1166 3710 episcopis
1204 3640 1294 3709 qui
1317 3639 1604 3696 adfuerunt
1635 3640 1774 3699 mihi
1870 3633 1932 3681 ιιι
1974 3629 2413 3701 πνιιίερίεοοριιε
2441 3672 2456 3695 ο
2499 3648 2530 3686 a
2561 3633 2730 3687 sacris
2769 3635 3073 3696 canonibus
3099 3653 3203 3692 non
3230 3639 3450 3693 exorbi-

175 3730 458 3787 direxisti.
484 3731 560 3792 De
587 3745 697 3801 quo
743 3730 839 3785 tibi
867 3729 1074 3801 scripto
1105 3729 1382 3797 respondi,
1409 3727 1562 3796 cujus
1588 3743 1792 3790 exem,
1833 3735 1836 3739 ·
1870 3723 2014 3780 tans,
2044 3727 2180 3770 exce
2203 3720 2324 3771 'enti
2373 3719 2625 3788 episcopo
2672 3720 3016 3794 suifraganeo
3044 3739 3074 3780 a
3110 3739 3170 3780 se
3197 3727 3456 3782 ordinato

179 3824 310 3895 plar
335 3824 529 3888 habeo.
569 3838 794 3880 monens
823 3831 878 3885 te
906 3829 966 3878 ut
998 3821 1169 3878 sacris
1203 3819 1505 3878 canonibus
1533 3819 1770 3890 promul-
1869 3805 2225 3876 professionis
2263 3824 2329 3863 ac
2371 3809 2784 3880 subscriptionis
2813 3811 3015 3877 libello,
3045 3813 3185 3874 sicut
3208 3815 3446 3890 postula-

177 3919 325 3983 ⁸³η,
349 3911 510 3969 οδω,
540 3911 1000 3975 ,οωωηιοαω-εε,
1042 3919 1098 3966 ει
1136 3909 1375 3965 debitam
1405 3907 1778 3971 οδωξεηιίειω
1869 3911 2050 3961 veras,
2079 3897 2440 3953 satisfaceret.
2499 3897 2651 3953 Sicut
2688 3902 2833 3955 enim
2877 3902 3171 3960 secundum
3205 3903 3449 3972 Scriptu~

180 4005 292 4060 iui,
329 4004 686 4074 dependens.
711 4001 841 4058 ιηάο
883 4002 937 4056 in
976 3999 1250 4060 Αιιίηίεοο
1298 3999 1621 4058 [immensis
1668 4015 1797 4069 ιλιι-η
1872 4003 1992 4045 ram
2025 3991 2202 4044 minor
2226 4007 2258 4046 a
2297 3989 2500 4061 majore
2527 3992 2886 4058 benedicitur,
2910 3994 2984 4048 ita
3020 4007 3242 4070 prorsus
3270 3996 3448 4054 minor

182 4095 407 4158 rochize,
435 4093 530 4149 tibi
564 4108 748 4148 coram
788 4091 1058 4162 episcopis
1085 4090 1207 4145 dedi
1252 4087 1489 4144 libellum
1535 4088 1591 4144 in
1615 4088 1771 4159 quiu-
1868 4099 1900 4138 a
1923 4084 2126 4154 majore
2165 4094 2222 4140 et
2259 4103 2365 4140 non
2411 4087 2581 4158 major
2609 4104 2638 4142 a
2670 4090 2878 4146 mimre
2894 4089 3193 4158 judicatur,
3224 4090 3450 4162 ligatur,

183 4185 445 4254 quaginta
501 4185 738 4254 quinque
784 4181 1056 4251 capitulis,
1103 4181 1456 4236 auctoritates
1502 4180 1766 4235 eeclesia-
1867 4176 1953 4232 vel
1981 4178 2231 4244 solvitur,
2285 4180 2428 4245 sicut
2451 4190 2506 4235 et
2532 4181 2584 4237 in
2617 4181 2852 4239 decretis
2881 4181 3079 4236 Gelasii
3107 4183 3449 4237 demonstra.-

179 4276 348 4336 sticas
401 4275 806 4337 continentem,
845 4282 1036 4328 contra
1099 4273 1189 4332 illa
1249 4287 1370 4342 quas
1413 4273 1471 4328 in
1525 4271 1772 4342 praefatis
1871 4277 1978 4323 tur.
2030 4269 2182 4326 Iuste
2226 4271 2388 4343 igitur
2423 4279 2480 4328 et
2510 4273 2902 4326 rationabiliter
2928 4273 3025 4327 tibi
3067 4275 3193 4330 hinc
3222 4287 3443 4342 respon-

180 4366 289 4425 tuis
343 4365 556 4426 duobus
621 4363 946 4434 eollegeras,
1005 4377 1228 4418 monens
1283 4373 1342 4416 ut
1395 4378 1426 4418 a
1479 4362 1674 4420 talibus
1714 4370 1768 4418 et
1799 4361 2028 4435 ndetur
2068 4377 2135 4416 ex
2169 4361 2373 4418 Iacobo
2416 4364 2554 4434 (cap.
2588 4364 2688 4430 Iv),
2715 4363 2902 4418 Petisti
2933 4371 2987 4416 et
3016 4380 3121 4417 non
3163 4363 3449 4435 accepisti,

179 4453 490 4526 huiusmodi
555 4452 1062 4527 reprehensionibus
1129 4461 1181 4509 te
1241 4453 1558 4518 cohibet-es,
1608 4463 1665 4510 et
1716 4463 1768 4508 te
1794 4449 1844 4466 ν
1869 4449 2102 4519 ecquod
2133 4451 2275 4506 male
2317 4451 2518 4519 petisti.
2575 4451 2681 4507 Sed
2707 4461 2763 4508 et
2806 4453 2857 4507 in
2903 4468 2976 4506 eo
3001 4453 3140 4522 quod
3177 4453 3326 4507 tibia
3359 4469 3448 4508 me

177 4548 352 4609 sacris
399 4545 599 4616 regulis
625 4545 883 4610 subdens,
924 4559 1112 4616 pacem
1141 4553 1197 4600 et
1231 4544 1645 4604 sanctimoniam
1683 4560 1770 4605 se-
1871 4540 2139 4596 subscribi
2178 4541 2510 4610 poposcisti,
2555 4550 2613 4595 ut
2647 4549 2795 4595 tuum
2832 4541 3084 4596 debitum
3113 4542 3284 4598 sacris
3308 4558 3450 4613 pne-

177 4637 418 4691 cundum
467 4633 778 4706 Apostolnm
820 4633 971 4704 sequi
1010 4633 1276 4689 studeres.
1305 4631 1384 4689 Tu
1419 4641 1599 4687 autem
1649 4631 1769 4687 nul-
1871 4633 2197 4704 cipientibus
2221 4634 2516 4689 eanonibus
2551 4634 2888 4704 privilegium
2919 4650 3316 4698 conservaram,
3353 4651 3447 4708 pe-

178 4723 282 4780 lam
327 4724 456 4784 inde
524 4739 656 4779 mere
713 4723 1064 4779 admonitioni
1125 4723 1550 4780 satisfactionem
1612 4724 1768 4780 exhi—
1870 4725 1982 4780 tisti
2009 4725 2149 4794 quod
2182 4725 2550 4787 voluisti,seil
2572 4725 2790 4779 nescisti
2817 4723 2959 4794 quod
2999 4723 3223 4782 dixisti:
3260 4745 3278 4777 ε
3314 4741 3452 4795 quo-

178 4813 346 4870 boisti
377 4832 392 4869 :
423 4815 552 4886 quin
597 4814 778 4891 potius
817 4814 1048 4870 rotulam
1091 4815 1510 4886 prolixissimam
1530 4855 1544 4881 ,
1574 4824 1766 4870 contra
1870 4814 2039 4881 niam,
2061 4823 2360 4872 utsanctus
2390 4815 2748 4887 Hieronymus
2770 4816 3231 4888 dicit,privilegia
3263 4814 3446 4886 singu:

177 4906 468 4961 veritatem
509 4914 567 4961 et
600 4905 979 4962 auctoritatem
1008 4921 1074 4962 ac
1106 4906 1366 4960 rationem
1411 4916 1725 4962 contextam
1744 4946 1762 4974 ,
1797 4955 1819 4981 ρ
1868 4903 2042 4958 lorum
2064 4920 2403 4962 communem
2427 4904 2595 4975 legero
2621 4904 2802 4960 facere
2825 4922 2929 4960 non
2958 4913 3200 4976 possunt.
3222 4903 3442 4958 Etsaeri

182 4995 235 5051 in
271 4996 464 5055 eadem
497 4996 704 5069 synodo
739 4995 1000 5064 obtulisti,
1030 5004 1084 5052 et
1113 4995 1394 5066 praefatum
1426 5005 1576 5050 tuum
1611 5012 1765 5052 mon-
1871 5010 2111 5050 canones
2137 4993 2556 5063 provincialibus
2573 4995 2870 5068 episcopis,
2895 5008 2948 5051 et
2977 5011 3163 5051 eorum
3193 4993 3440 5048 ecclesiis

182 5075 476 5146 stmosum.
512 5087 764 5142 .libellum
809 5103 840 5142 a
885 5095 938 5142 te
977 5095 1034 5142 et
1070 5100 1100 5138 a
1138 5086 1244 5140 tuis
1295 5085 1657 5162 subscriptum
1708 5086 1760 5139 in
1873 5084 1957 5138 vel
1983 5083 2203 5138 sedibus
2221 5124 2240 5149 ί,
2280 5084 2556 5160 privilegia
2585 5126 2600 5151 ,
2644 5087 2850 5142 scilicet
2893 5085 3128 5155 privatas
3174 5081 3318 5154 leges
3357 5083 3448 5156 vel

181 5179 374 5234 eadem
421 5179 625 5250 synodo
672 5177 983 5250 protulisti,
1031 5192 1191 5248 quem
1249 5175 1446 5231 ibidem
1493 5178 1766 5248 accipiens
1861 5171 1986 5243 jura
2032 5172 2244 5243 privata.
2284 5175 2608 5246 generaliter
2652 5191 2756 5230 non
2805 5176 3098 5238 dederunt,
3143 5174 3266 5242 quia
3297 5174 3442 5242 quod

182 5264 448 5323 hactenus
482 5283 658 5322 servo.
692 5267 758 5322 Et
803 5283 924 5321 cum
972 5283 1058 5322 me
1089 5267 1193 5321 vidi
1236 5277 1359 5338 post
1403 5276 1482 5323 tot
1517 5268 1764 5324 admoni-

185 5356 368 5413 tiones
415 5357 546 5412 nihil
596 5356 736 5428 apud
784 5366 837 5412 te
883 5373 1042 5430 posse
1107 5359 1394 5429 prolicere,
1442 5359 1756 5414 schedulam

183 5450 402 5516 porrexi
449 5448 503 5502 in
552 5436 1176 5522 synodo'episcoporum
1227 5450 1414 5508 decem
1458 5451 1763 5520 provincia~

188 5543 333 5601 rum,
363 5538 668 5602 abeisdem
709 5539 1028 5605 venerandis
1063 5539 1330 5615 episcopis
1359 5554 1606 5611 quaerens
1635 5556 1761 5595 con-

187 5621 387 5700 silium,
425 5631 554 5702 quid
591 5638 781 5688 contra
809 5638 955 5688 tuam
995 5630 1324 5703 pertinacem
1363 5631 1757 5691 contumaciam

1872 5281 2061 5322 omnes
2086 5266 2409 5338 generaliter
2447 5266 2678 5333 habent,
2719 5265 2808 5334 jus
2833 5265 3064 5335 speciale
3091 5274 3147 5319 et
3168 5263 3442 5334 dignitatis

1870 5355 1967 5423 lex__
1985 5354 2194 5425 privata
2224 5371 2344 5412 esse
2382 5372 2486 5411 non
2514 5356 2672 5415 valet.
2734 5355 2838 5410 Sed
2873 5352 3298 5423 metmpolitanis
3321 5352 3440 5422 epi-

1869 5445 2049 5514 scopis
2086 5460 2150 5499 ae
2191 5445 2618 5520 metropolitanis
2653 5444 2868 5498 sedibus
2917 5441 3193 5512 privilegia
3239 5442 3439 5496 tribue—

1871 5544 2013 5599 runt,
2049 5543 2145 5589 oet
2189 5543 2383 5590 cmtera
2429 5535 2497 5589 de
2537 5527 2709 5589 sacris
2753 5533 3048 5610 canonibus
3103 5541 3157 5587 et
3203 5534 3441 5588 decretis

1868 5626 2061 5684 Leonis
2089 5641 2240 5704 papm
2269 5625 2696 5708 subnexarPost
2738 5639 2854 5708 quae
2899 5623 3197 5686 subinfert:
3247 5644 3262 5677 ι
3293 5629 3442 5695 Qum

3509 844 3548 1012 .\

1881 1004 2006 1058 slita
2035 1023 2139 1107 non
2162 1009 2482 1107 observasti,
2514 1017 2608 1071 sed
2629 1027 2684 1074 et
2707 1021 2833 1091 quia
2865 1039 2952 1080 res
2976 1004 3085 1090 sua;
3107 1004 3461 1107 ριομιιίυῖκηιι
3545 1009 3573 1107 ξ’

3551 1085 3556 1118 1
