3990 6300
611 299 751 364 ως

1426 321 1434 328 -
1498 252 1500 254 V
1573 272 2337 366 titNCttant'ttttt-zstESSIS
2378 301 2890 363 ARClllEI‘ISCOl‘t

3703 320 3778 394 ευ

619 425 840 493 propter
864 423 1082 492 quando
1125 423 1251 478 talia
1295 421 1424 477 mihi
1460 423 1527 477 ad
1562 421 1918 486 proﬁtendum
1960 430 2015 476 et
2059 420 2262 503 sub-5A
2289 421 2795 478 comnmnieationc.
2820 440 2838 474 ι
2866 423 3685 508 Desacrameutisautcmateregi
3699 455 3777 509 pra

615 513 964 569 scribemlum
1015 512 1207 570 misisti
1232 553 1249 576 ,
1297 514 1440 570 scire
1479 514 1742 570 debueras
1785 515 1927 584 quod
1970 514 2024 568 in
2067 513 2187 570 istis

621 604 934 671 regionibus
971 619 1130 660 nemo
1173 618 1311 675 pene
1356 606 1606 676 ignorat,
1661 605 2184 674 quiamunicipium

611 693 858 749 Lauduni
878 733 894 757 ,
926 694 978 748 in
1001 708 1108 763 quo
1133 708 1194 751 es
1217 693 1498 750 ordinatus
1522 695 1837 766 episcopus,
1867 695 1936 750 ab
1959 693 2185 749 exordio

613 798 722 848 sm,
768 792 1054 856 postquam
1103 799 1135 839 a
1183 785 1484 840 Mart-obrio
1524 796 1792 855 przetore,
1847 795 1904 838 ιιι
1951 785 2184 854 prodttnt

612 872 889 934 historire,
932 874 1206 929 conditum
1239 875 1367 937 fuit,
1403 881 1686 944 'nnnquatn
1713 876 1852 930 inter
1875 875 2031 952 sedes
2057 889 2184 943 pro-

605 957 869 1017 vinciales
897 961 1224 1018 Illtemorum
1250 965 1541 1034 provinche
1561 1005 1577 1030 ,
1604 966 1657 1020 itt
1683 965 1998 1036 paganismo
2019 964 2099 1019 vel
2127 963 2182 1020 iu

605 1053 1046 1120 Christianismo,
1079 1074 1274 1112 nomen
1303 1059 1384 1113 vel
1419 1059 1592 1114 locum
1623 1059 1828 1125 habuit,
1852 1060 2022 1115 donec
2051 1073 2180 1114 san-

604 1150 728 1199 ctus
757 1142 1074 1215 Bhemigius
1113 1148 1354 1204 decimus
1379 1150 1600 1219 quintus
1647 1150 1974 1204 llhemorum
2002 1150 2181 1204 archi-

601 1233 890 1304 episcopus
915 1276 937 1317 ,1
979 1237 1144 1293 certis
1189 1239 1509 1308 quibusdam
1568 1242 1938 1296 accidentibus
1977 1242 2182 1306 causis,

537 1379 547 1388 ,
599 1324 810 1395 primus
834 1326 1031 1382 ibidem
1069 1330 1335 1384 ordinavit
1385 1332 1716 1402 episcopum,
1755 1343 1808 1387 et
1831 1334 1969 1388 idem
2006 1335 2181 1389 tttttniv

599 1415 768 1485 cipio,
795 1417 862 1472 tle
892 1419 1053 1474 rebus
1082 1419 1400 1475 llhemensis
1426 1424 1738 1493 metropolis
1758 1425 1894 1479 satis
1911 1440 2181 1494 superque

600 1503 798 1568 dilato,
830 1504 1003 1574 ipsum
1051 1508 1400 1572 comitatum,
1427 1511 1477 1563 in
1511 1529 1616 1580 qun
1647 1513 1932 1574 consistit,
1969 1523 2181 1582 partem

596 1592 806 1648 scilicet
849 1609 911 1648 es
945 1592 1234 1650 lihemensi
1263 1598 1514 1667 parochia
1545 1601 1847 1671 delt-gavit;
1889 1602 1984 1657 sed
2027 1619 2178 1658 sem-

593 1698 696 1752 per
737 1683 838 1739 luit
891 1684 1212 1742 Ithetueusis
1261 1689 1549 1758 provincia:
1597 1691 1988 1762 municipium,
2032 1695 2175 1750 sicut

2288 509 2432 565 stilis
2453 526 2558 565 non
2579 522 2662 566 est
2684 513 2812 568 mihi
2837 529 3055 570 necesse
3081 515 3285 586 aliquid
3307 517 3530 578 scribere
3545 563 3560 588 ,
3583 530 3775 593 quoniam

2286 615 2422 670 pene
2441 617 2628 659 omnes
2649 604 2848 671 sciunt,
2862 607 2989 675 quid
3009 607 3074 662 de
3095 607 3351 678 pcrjttrio,
3376 611 3420 666 si
3447 611 3571 670 forte
3594 616 3696 673 illud
3712 625 3776 676 ad-

2287 691 2508 757 misisti,
2535 693 2792 750 Dominus
2806 695 2859 750 in
2875 694 2992 765 lege
3015 707 3068 752 et
3091 699 3387 768 prophetis,
3403 713 3449 755 et
3472 702 3519 755 in
3540 704 3775 778 Evangelio,

2285 793 2340 838 et
2372 799 2467 853 per
2487 784 2763 852 apostolos
2788 801 2853 841 ac
2889 785 3147 841 Ecclesia:
3199 789 3445 845 doctores
3477 802 3620 862 atque
3658 801 3774 868 magi.

2283 883 2426 930 stros
2455 875 2618 931 dicat.
2651 875 2716 930 Et
2735 877 2883 946 quia,
2910 888 2968 931 ut
2999 877 3051 931 in
3103 878 3332 935 decretis
3375 884 3648 951 apostolica:
3677 890 3774 941 sedis

2284 966 2508 1033 dicitur,
2540 967 2810 1023 noluimus
2831 983 3162 1040 exaggerate
3209 970 3350 1039 quod
3395 982 3585 1042 gestum
3625 989 3775 1045 est,tte

2282 1056 2806 1126 cogamurjudicare
2838 1056 2982 1126 quod
3019 1066 3105 1113 est
3148 1055 3394 1128 justum,
3433 1063 3653 1130 quoniam
3673 1071 3772 1136 quod

2283 1145 2408 1200 imle
2434 1146 2528 1202 tibi
2557 1147 2610 1202 in
2655 1149 2859 1218 synodo
2900 1158 3207 1220 reputatum
3233 1160 3340 1214 est,
3360 1151 3620 1220 judiciario
3639 1160 3774 1214 ordine

2281 1237 2691 1306 comprobatum
2725 1248 2960 1304 nonest,
2988 1238 3085 1294 sed
3116 1239 3264 1310 regia
3312 1240 3613 1314 benignitate
3657 1247 3772 1302 inter»

2282 1325 2508 1380 missmn
2537 1336 2642 1389 cst,
2671 1327 2826 1386 omisi
2857 1327 2984 1383 hinc
3033 1328 3288 1398 regulare
3329 1327 3570 1397 judicium
3611 1349 3772 1403 ponere,

2282 1426 2341 1470 ut
2375 1427 2426 1472 te
2453 1419 2519 1473 ad
2562 1418 2950 1474 conscientiam
3007 1427 3156 1474 tuam
3211 1420 3543 1476 remitterem.
3584 1422 3772 1480 Pet-vasin

2281 1518 2463 1562 autem
2501 1523 2680 1563 rerum
2709 1509 3053 1578 proprietatis
3075 1510 3240 1580 regia:
3268 1509 3303 1564 it
3334 1519 3384 1564 te
3406 1521 3670 1580 perpetrata
3691 1530 3768 1569 ma-

2277 1595 2627 1652 nifestissime
2653 1597 2878 1661 claruit,
2909 1599 3034 1667 quia
3077 1614 3354 1678 nunquam
3404 1616 3486 1656 res
3539 1601 3642 1671 ipsa:
3673 1603 3771 1671 juris

2282 1688 2530 1745 ecclesia:
2561 1689 2936 1746 Laudunensis
2963 1689 3132 1746 fuisse
3158 1692 3400 1762 legaliter
3433 1693 3640 1763 probata
3667 1706 3768 1762 Slllll,

597 1773 866 1844 hodieque
888 1775 990 1830 alia
1019 1777 1308 1848 municipia
1349 1779 1400 1832 in
1443 1779 1732 1837 llbemensi
1760 1783 2034 1853 parochia,
2057 1801 2180 1856 qua:
2209 1772 2255 1833 Β
2283 1792 2384 1834 nec
2411 1793 2509 1833 sua
2541 1779 2621 1832 vel
2650 1777 3019 1849 cujuscunque
3045 1780 3279 1849 alicujus
3306 1781 3516 1836 alterius
3557 1782 3770 1838 donatione

600 1864 657 1918 in
677 1863 1032 1933 subiectionis
1059 1868 1178 1921 loco
1204 1883 1266 1924 ac
1295 1871 1511 1925 nuntinc
1539 1883 1878 1941 permanent.
1915 1873 2032 1930 Non
2073 1876 2176 1947 igi-

599 1968 689 2010 tur
711 1957 1070 2028 privileginm,
1093 1963 1187 2015 sed
1219 1962 1603 2032 municipatum
1631 1964 1722 2018 tibi
1751 1967 1946 2021 debere
1967 1969 2179 2022 servari

594 2063 922 2107 convenerat
947 2065 1150 2120 petere.
1173 2054 1299 2124 quia
1322 2053 1462 2110 sicut
1489 2067 1672 2126 patres
1707 2058 1874 2112 nostri
1909 2073 1974 2115 ac
2003 2060 2175 2131 magi-

595 2141 695 2196 stri
744 2141 1000 2199 Ecclesia:
1044 2145 1260 2201 tradunt
1281 2186 1297 2209 ,
1345 2145 1541 2204 l‘aulus
1563 2149 1840 2218 apostolus
1871 2166 1976 2206 non
2004 2167 2063 2207 se
2097 2152 2175 2207 ei-

592 2243 752 2295 vem,
801 2234 897 2289 sed
945 2233 1270 2305 municipem
1308 2237 1540 2307 appellat
1587 2239 1811 2295 dicens:
1864 2239 1978 2312 Ego
2018 2243 2173 2297 homo

591 2339 712 2376 sunt
738 2325 946 2392 quidem
968 2326 1192 2382 ludam:
1223 2345 1254 2382 α
1280 2326 1445 2383 Tarso
1471 2327 1704 2393 Cificiw,
1740 2346 1844 2386 non
1871 2333 2065 2403 ignota:
2099 2334 2175 2388 ci-

590 2413 767 2470 ritatis
797 2417 1062 2485 mtmiceps’
1103 2419 1240 2482 (Art.
1290 2435 1422 2484 xm,
1451 2421 1528 2490 '5).
1588 2419 1758 2476 Natus
1792 2422 2009 2492 quidem
2047 2439 2179 2494 apo-

593 2502 768 2560 stolus
795 2505 847 2560 in
882 2506 1080 2576 oppido
1100 2507 1319 2564 Galileze
1347 2509 1551 2566 Giscali
1585 2510 1702 2578 fuit,
1727 2527 1834 2581 quo
1860 2528 1892 2568 a
1917 2513 2178 2572 Romanis
2207 2573 2210 2578 _

591 2604 778 2663 capto,
829 2611 950 2650 cum
986 2599 1304 2666 parentibus
1325 2600 1438 2655 suis
1464 2599 1694 2657 Tarsum
1722 2600 1925 2658 Cilicia:
1953 2605 2178 2660 commi-

592 2683 790 2752 gravit.
829 2683 872 2739 Α
903 2686 1100 2755 quibus
1145 2688 1217 2742 ob
1259 2688 1495 2744 stmlinm
1529 2690 1660 2762 legis
1687 2691 1886 2748 missus
1921 2691 2177 2749 llieroso-

589 2773 818 2844 lymam,
844 2789 873 2828 a
903 2775 1199 2834 Gamaliele
1227 2778 1342 2833 viro
1372 2779 1708 2846 doctissimo,
1748 2782 1887 2836 sicut
1909 2783 1965 2836 in
1991 2784 2177 2838 subse-

593 2863 888 2931 quentibus
919 2864 1034 2934 ipse
1057 2878 1321 2924 memorat
1347 2909 1365 2934 ,
1395 2870 1641 2924 eruditus
1667 2880 1789 2925 est:
1815 2881 1870 2927 et
1906 2860 2038 2927 ideo
2067 2887 2205 2944 non.

597 2967 659 3008 se
681 2953 874 3017 civem,
905 2957 1000 3011 sed
1043 2959 1368 3030 municipem
1414 2976 1443 3014 a
1477 2962 1794 3032 municipio,
1830 2963 1883 3018 id
1911 2972 1996 3020 est
2021 2965 2177 3019 terri-

592 3045 736 3099 torio
764 3045 1006 3116 ejusdem
1037 3047 1274 3104 civitatis
1297 3090 1310 3113 ,
1345 3050 1397 3104 in
1425 3066 1533 3120 quo
1569 3062 1655 3106 est
1693 3053 1960 3115 nutritus,
1993 3053 2176 3123 appel-

589 3135 688 3191 lat.
723 3136 933 3192 Dictum
955 3147 1135 3193 autem
1164 3142 1538 3212 nmnicipium,
1563 3143 1706 3213 quod
1735 3152 1942 3198 tantum
1966 3115 2247 3208 munia,.c
2279 3135 2478 3189 domno
2525 3135 2637 3204 ι’εεί
2666 3135 2807 3200 ῘῙΙειε»
2829 3137 2946 3190 Sine
2974 3152 3097 3192 meo
3123 3153 3190 3193 ac
3240 3137 3634 3207 οοορῑεοοροωτη
3667 3143 3756 3184 ¹¹⁰⁶³

589 3226 645 3280 id
687 3234 770 3282 est
802 3228 1001 3283 tributa
1029 3229 1210 3284 debita
1257 3232 1339 3285 vel
1383 3248 1604 3287 munera
1635 3233 1844 3287 reddat.
1880 3231 2015 3288 Nam
2047 3233 2176 3288 libe-

588 3318 737 3374 rales
783 3327 841 3374 et
887 3318 1262 3378 famosissima:
1290 3339 1506 3389 cause,
1563 3333 1618 3379 et
1652 3339 1772 3393 qua:
1813 3339 1880 3379 ex
1929 3323 2198 3394 principe.

589 3409 1035 3477 proﬁciscuntur,
1091 3413 1157 3467 ad
1207 3413 1522 3484 dignitatem
1566 3415 1844 3469 civitatum
1876 3415 2204 3490 pertinent.

590 3499 706 3555 Nec
736 3501 932 3556 mirum
951 3543 969 3568 ,
1013 3502 1060 3557 si
1087 3517 1147 3558 se
1175 3503 1498 3559 Tarsensem
1525 3512 1578 3558 ct
1600 3519 1706 3559 non
1735 3503 2050 3560 Giscalitem
2091 3504 2174 3559 die

588 3603 697 3656 cat,
729 3611 852 3651 cum
875 3595 1138 3652 Dominus
1164 3596 1279 3666 ipse
1307 3596 1358 3650 in
1382 3595 1657 3652 Bethleem
1687 3606 1848 3652 natus
1869 3637 1886 3662 ,
1937 3611 2041 3652 non
2073 3595 2175 3651 Be—

589 3685 900 3742 thleemites
923 3727 939 3751 ,
983 3688 1080 3743 sed
1120 3687 1438 3744 Nazarenus
1473 3704 1503 3743 a
1531 3688 1652 3744 loco
1671 3688 1762 3744 ubi
1791 3689 2030 3744 nutritus
2055 3697 2174 3744 erat

590 3779 1006 3850 cognominatus
1051 3788 1154 3834 est.
1214 3779 1283 3833 Et
1307 3788 1362 3834 tu
1387 3794 1520 3850 ergo
1547 3779 1601 3834 in
1631 3778 1856 3834 dioecesi
1879 3778 2174 3834 lthemensi

587 3877 775 3933 natas,
825 3879 882 3924 et
929 3869 983 3923 in
1025 3869 1308 3938 metropoli
1349 3867 1685 3925 Rbemorum
1719 3869 1987 3933 nutritus,
2025 3877 2082 3923 et
2117 3869 2172 3924 in

587 3958 888 4027 municipio
931 3957 1178 4012 Lauduni
1227 3959 1531 4020 ordinatus,
1580 3974 1688 4013 non
1741 3968 1792 4014 te
1841 3959 2056 4015 civilem
2087 3958 2172 4013 vel

586 4046 846 4108 civicum,
873 4045 967 4098 sed
996 4043 1342 4113 municipem,
1376 4045 1625 4099 videlicet
1652 4046 1996 4100 tributarium
2025 4087 2040 4111 ,
2077 4061 2172 4100 seu

591 4134 962 4190 munerarium
987 4174 1004 4198 ,
1043 4133 1254 4192 utinam
1286 4135 1611 4206 spiritalium
1654 4136 1938 4200 donorum,
1963 4136 2172 4206 episco-

589 4241 763 4297 pum;
792 4234 849 4280 et
877 4235 1103 4295 excepto
1138 4227 1280 4296 quod
1319 4228 1349 4280 a
1380 4225 1627 4296 pluribus
1648 4225 1920 4296 ,episc0pis
1948 4240 2009 4280 es
2033 4227 2177 4281 ordi-

595 4323 942 4386 natus,’pene
966 4315 1228 4372 vicarium
1256 4317 1589 4387 episcopum,
1618 4332 1780 4387 quem
1811 4314 1984 4372 (ιι-ωρί
2017 4317 2174 4372 chor-

590 4406 905 4477 episeOpom
929 4415 1148 4471 vocant,
1175 4406 1440 4462 debueras
1454 4411 1861 4479 recognoscere,
1880 4423 1944 4463 ac
1959 4424 2056 4479 per
2069 4408 2172 4464 hoc

591 4491 1065 4569 non'privllegium
1083 4497 1182 4552 tibi
1212 4496 1432 4563 ascribi,
1451 4498 1567 4553 sed
1601 4498 1992 4569 municipatum
2023 4489 2040 4554 :4
2073 4515 2174 4556 nec

591 4596 781 4644 contra
803 4590 1140 4660 privilegium
1170 4587 1274 4644 tua:
1301 4589 1616 4661 metropolis
1647 4599 1698 4644 te
1734 4600 2049 4660 oportuerat
2091 4605 2175 4645 re-

591 4677 834 4736 bellare.
855 4677 997 4746 quod
1029 4692 1163 4732 non.
1193 4679 1406 4749 ageres,
1450 4679 1494 4734 si
1523 4679 1706 4734 animo
1746 4678 1944 4734 Paulus
1966 4679 2173 4736 scilicet
2200 4669 2204 4754 ’ν

591 4768 900 4840 pusilluset
925 4769 1335 4825 humilisesses.
1379 4770 1529 4825 Unde
1560 4771 1853 4825 timendum
1881 4779 1994 4834 est,
2024 4786 2090 4826 ne
2115 4780 2173 4826 et

590 4863 780 4917 in'boc
802 4859 1126 4930 perditionis
1151 4859 1315 4914 illium
1353 4861 1581 4915 imiteris
1605 4901 1620 4924 ,
1653 4861 1742 4930 qui
1769 4861 2092 4914 adversatur
2115 4870 2171 4915 et

591 4951 874 5007 extollitur
899 4962 1062 5018 supra
1107 4949 1284 5003 omne
1311 4950 1453 5018 quod
1480 4949 1676 5003 dicitur
1707 4949 1873 5014 Deus,
1904 4958 2001 5004 aut
2024 4950 2167 5019 quod
2199 5021 2204 5032 τ

591 5043 828 5098 colitur:
853 5043 947 5112 Qui
977 5037 1344 5110 quantumzex
1377 5051 1432 5094 te
1454 5038 1553 5094 fuit
1586 5041 1857 5095 tradidisti
1887 5056 2004 5106 eos,
2033 5057 2170 5112 quos

543 5120 547 5124 i
591 5130 969 5198 mmemor
1002 5143 1069 5188 tut
1111 5130 1345 5204 pimtnisi
1377 5133 1868 5190 tevcommunicasti
1894 5174 1910 5200 ,
1955 5151 2062 5190 non
2111 5145 2172 5193 ut

589 5219 890 5284 secundum
909 5219 1223 5295 Apostoluin
1243 5224 1481 5295 spiritus
1494 5240 1682 5280 eorum
1704 5225 1860 5290 salvi,
1892 5225 1986 5280 sed
2000 5240 2173 5294 quan-
2195 5285 2198 5288 ,

590 5323 710 5390 tum
741 5306 966 5373 Petebat
997 5311 1732 5386 indignatio-mazprzevalere
1748 5315 2198 5384 potuit,tperditi‘;

589 5405 851 5461 essetam
863 5403 1367 5472 dieDomitti.‘Qttas
1379 5405 1750 5476 nauigationes
1774 5404 2089 5474 impietatis,
2104 5413 2164 5460 ut

595 5501 738 5566 stupe
763 5495 1102 5563 dieuttweSt,‘
1133 5496 1188 5552 dt
1201 5498 1848 5564 .semnwdieendumrest
1859 5537 1890 5574 ,,_
1903 5499 2175 5578 quoniam

591 5581 1506 5655 regulmi‘verteoutmzvommztuum
1529 5590 1770 5655 dissolvi,
1795 5599 1850 5647 te
1876 5590 2164 5662 adversum

593 5676 899 5732 iactunam
911 5677 1001 5731 im-
1019 5677 1151 5735 ltem
1167 5687 1292 5750 post
1304 5677 1670 5741 auctoritates
1685 5695 1850 5757 super
1871 5680 2170 5752 iniciatis:
2189 5741 2191 5743 .

2280 1865 2367 1920 vel
2385 1866 2733 1923 concessione
2752 1868 2820 1922 ab
2867 1868 3055 1924 eadem
3106 1870 3336 1924 ecclesia
3380 1885 3623 1940 possessas
3654 1870 3770 1926 fuisse

2281 1967 2640 2012 monstratum
2669 1969 2774 2014 est.
2801 1958 2955 2015 Unde
2979 1975 3146 2030 super
3170 1961 3438 2015 hominem
3472 1971 3598 2015 tuum
3627 1959 3764 2017 Talai-

2279 2063 2431 2112 mnn,
2461 2049 2545 2103 cui
2568 2050 2786 2104 easdem
2807 2065 3062 2120 pervasas
3090 2051 3450 2117 beneﬁciasti,
3469 2052 3763 2123 legalitercon-

2278 2139 2535 2209 qttisitnm
2572 2149 2674 2196 est.
2702 2139 2808 2198 Sed
2839 2151 2894 2196 et
2914 2141 3274 2212 proclamatio
3311 2144 3572 2198 adversum
3597 2153 3637 2197 te
3656 2143 3763 2199 Nort-

2275 2213 2609 2286 manni'vcra
2639 2229 2803 2286 fuisse
2827 2232 3044 2298 claruit,
3073 2247 3176 2288 nec
3204 2233 3428 2289 testibus
3457 2234 3764 2304 indiguit,quo-

2277 2320 2425 2374 niam
2457 2329 2567 2374 tant
2598 2320 3042 2380 manifestissime
3064 2323 3171 2378 hoc
3204 2316 3367 2393 'quod
3397 2323 3512 2378 inde
3555 2333 3696 2380 contra
3717 2324 3766 2380 Ιθο

2278 2424 2374 2480 ges
2400 2419 2456 2464 et
2487 2410 2702 2481 regulas
2725 2412 2902 2482 egisti,
2933 2413 3071 2468 adeo
3101 2415 3356 2468 omnibus
3389 2414 3437 2468 in
3459 2413 3565 2468 istis
3595 2412 3760 2483 regioni-

2277 2503 2378 2557 bus
2404 2505 2592 2572 patuit,
2617 2513 2676 2559 ut
2705 2505 2850 2558 nulla
2875 2505 3327 2576 tergiversatione
3374 2505 3557 2560 factum
3595 2506 3672 2574 tegi
3699 2513 3760 2557 aut

2278 2593 2529 2648 excusari
2552 2593 2779 2649 valeret.
2823 2593 2957 2648 Nam
2982 2603 3201 2650 constat
3252 2593 3436 2649 multis
3460 2609 3564 2650 esse
3607 2591 3758 2646 notissi-

2279 2701 2446 2749 mum,
2474 2695 2529 2740 et
2553 2695 2606 2740 tu
2646 2687 2698 2740 in
2724 2687 2939 2757 scriptis
2965 2689 3071 2743 tuis
3100 2689 3300 2744 domno
3318 2690 3422 2760 regi
3444 2698 3493 2744 et
3521 2687 3628 2743 mihi
3666 2685 3763 2739 dirc-

2277 2775 2380 2829 ctis
2406 2775 2506 2830 hoc
2528 2776 2826 2842 conﬁteris,
2870 2779 3129 2848 quoniam
3185 2781 3254 2834 ad
3282 2777 3658 2849 deprecationem
3692 2773 3759 2827 Re

2283 2863 2408 2916 dulli
2433 2864 2732 2921 etConradi
2753 2867 2970 2921 easdem
2999 2882 3107 2930 res,
3141 2877 3420 2938 postquam
3465 2869 3653 2921 domnus
3693 2875 3757 2915 rex

2284 2952 2405 3032 illas
2431 2969 2462 3008 a
2485 2955 2645 3026 longo
2688 2965 2927 3026 tempore
2956 2957 3023 3012 de
3063 2959 3298 3014 ecclesia
3345 2954 3640 3013 Lauduncnsi
3671 2952 3755 3006 abs-

2278 3051 2478 3096 tractas
2511 3042 2686 3096 eidem
2741 3043 2981 3099 ecclesiae
3024 3061 3124 3099 sua
3181 3046 3380 3116 pietate
3419 3043 3649 3105 restituit,
3688 3037 3756 3107 ipsi

2292 3234 2497 3280 trornm
2521 3233 2575 3279 et
2597 3226 3094 3282 eomministrorum
3116 3237 3329 3284 tuorum
3357 3224 3635 3283 conscientia
3647 3229 3758 3289 atque

2284 3329 2552 3369 consensu
2589 3317 2944 3382 beneliciasti,
3000 3328 3273 3386 quatenus
3310 3303 3470 3374 eidem
3509 3315 3756 3371 Nortmanno

2278 3404 2399 3460 illas
2420 3407 2787 3463 beneﬁciaret.
2822 3427 2842 3460 ι
2877 3409 3006 3464 ltem
3026 3420 3082 3466 et
3108 3421 3233 3481 post
3254 3411 3451 3480 aliquas
3475 3412 3598 3464 datas
3619 3411 3756 3458 aucto-

2276 3494 2486 3550 ritates.
2524 3514 2542 3546 ι
2573 3495 2637 3550 Ει
2675 3498 2777 3552 hoc
2819 3513 2848 3550 a
2899 3508 2951 3552 te
2992 3499 3066 3553 ita
3097 3499 3522 3555 irratiOnabiliter
3538 3495 3686 3548 factum
3707 3489 3759 3541 ir-

2292 3583 2672 3640 rationabilius
2701 3585 2992 3642 dissolvisti
3023 3604 3038 3643 :
3071 3591 3169 3658 qui
3199 3598 3403 3643 armata
3424 3583 3595 3642 militari
3616 3592 3754 3636 man".

2274 3682 2330 3728 ct
2355 3675 2617 3745 permista
2648 3675 2791 3747 vulgt
2821 3678 3173 3734 multitudine
3203 3696 3322 3735 cum
3347 3677 3556 3748 armisel
3583 3665 3760 3746 hstibus

2274 3773 2329 3819 et
2357 3765 2587 3819 tumultu
2611 3767 2848 3823 maximo
2880 3807 2897 3833 ,
2923 3769 3064 3823 sicut
3091 3771 3286 3826 dicunt
3331 3769 3419 3840 qui
3468 3759 3638 3821 factum
3661 3752 3755 3811 illud

2274 3855 2528 3911 viderunt
2560 3867 2615 3912 et
2643 3859 2954 3925 audierunt,
2999 3861 3255 3918 eumdem
3298 3859 3654 3915 ‘Nortmannum.
3691 3843 3753 3913 ll"i

2276 3947 2424 4016 ipsas
2454 3963 2539 4003 res
2566 3947 2598 4003 ἐι
2629 3958 2680 4004 te
2712 3951 2825 4020 regi
2868 3966 3159 4008 concessas
3210 3969 3304 4025 per
3353 3952 3484 4022 regis
3517 3939 3753 4002 beneﬁcium

2277 4039 2576 4104 retinebat,
2614 4040 2882 4096 violenter
2901 4051 2956 4096 et
2985 4043 3101 4100 sine
3131 4046 3277 4115 regis
3299 4041 3585 4098 auctoritate
3605 4047 3653 4085 ac
3669 4042 3749 4080 ver-

2273 4125 2344 4182 bo
2372 4127 2457 4182 vel
2484 4128 2678 4185 litteris
2709 4131 2997 4200 expulisti,
3037 4135 3267 4204 expulso
3293 4133 3382 4188 illo
3430 4131 3533 4185 illas
3558 4115 3749 4180 inrasisti.

2275 4226 2330 4270 et
2359 4218 2411 4271 in
2445 4233 2541 4274 eas
2566 4220 2885 4287 iutrasti,ac
2911 4224 3226 4292 possedisti,
3250 4237 3366 4278 cum
3393 4218 3623 4287 sintlcges
3637 4216 3749 4263 δεῖθ’

2276 4307 2413 4378 gula:
2434 4348 2450 4373 ,
2503 4311 2573 4362 sit
2627 4311 2792 4365 etiam
2817 4327 2908 4366 rex
2933 4323 3161 4382 portans
3186 4315 3411 4385 gladium
3438 4310 3497 4364 ad
3533 4301 3746 4385 vindictae:

2279 4398 2712 4466 malelactorum,
2747 4393 3120 4474 sint‘episcopi
3146 4383 3209 4459 et
3228 4416 3450 4460 canones
3469 4383 3748 4462 adjudicanda

2279 4491 2508 4546 crimina
2537 4493 2944 4564 sacrilegorum,
2973 4505 3032 4548 ιιι
3056 4495 3101 4552 si
3132 4496 3250 4566 ipse
3276 4490 3750 4576 Nortmannttsjperf'l'

2278 4598 2370 4639 sor
2395 4598 2578 4638 rerum
2605 4585 3094 4640 ecclesiasticarum
3119 4585 3278 4650 foret,
3305 4581 3486 4656 gladio,
3507 4575 3551 4632 id
3569 4579 3635 4626 est
3666 4579 3746 4618 un-

2277 4679 2419 4735 dicta
2450 4681 2594 4750 regia
2625 4681 2929 4751 puniretur,
2947 4682 2992 4736 si
3033 4682 3326 4753 sacrilegus
3351 4669 3746 4753 comprobatus

2275 4781 2380 4837 set,
2405 4749 2696 4842 episcopali
2725 4783 2781 4827 et
2806 4773 3066 4828 canonico
3087 4749 3288 4841 judicio
3307 4769 3615 4839 judicaretur.

2273 4835 2684 4930 etiam-iudices,
2714 4873 2770 4918 et
2795 4873 2919 4918 sunt
2951 4835 3113 4934 leges,
3138 4835 3359 4933 quorum
3381 4869 3430 4913 et
3449 4835 3744 4938 (ωειωωὶυῷ

2273 4953 2380 5017 cio,
2411 4954 2456 5007 si
2487 4953 2617 5023 quid
2645 4951 2784 5009 forte
2813 4954 2908 5009 tibi
2945 4963 2998 5009 et
3025 4955 3264 5010 ecclesia:
3285 4951 3375 5006 tibi
3398 4941 3648 5003 commissae
3686 4941 3741 5023 I_||'

2268 5041 2416 5109 iuste
2445 5017 2646 5098 factum
2675 5054 2813 5109 erat,
2853 5045 3097 5115 legaliter
3123 5054 3177 5100 et
3225 5037 3516 5113 regulariter
3560 5017 3744 5114 ementiti:

2274 5146 2445 5190 retur.
2465 5156 2500 5189 η»
2531 5136 2660 5192 Item
2683 5146 2805 5206 post
2833 5137 3078 5206 quaedam
3095 5177 3110 5202 ,
3141 5135 3398 5207 praecipue
3417 5124 3538 5183 benti
3564 5117 3741 5207 δτίῖεθῃξ

2277 5225 2701 5303 ριἀδςθριίοιιυιιι
2725 5205 2960 5290 decreta.
2999 5245 3018 5278 ς
3063 5205 3299 5296 Denique
3351 5239 3412 5278 ex
3441 5233 3498 5273 eo
3538 5205 3649 5283 quod
3687 5209 3740 5303 “‘L'

2279 5295 2528 5374 homines
2551 5334 2608 5374 se
2634 5320 2701 5375 ad
2727 5335 2907 5390 regem
2949 5321 3369 5376 reclamaverunt
3388 5354 3403 5380 ,
3447 5305 3655 5380 quoniam
3693 5287 3741 5344 αδ

2272 5411 2354 5468 eis
2369 5427 2469 5478 sua
2495 5411 2777 5477 beneﬁcia,
2810 5428 2930 5481 qua:
2957 5413 3097 5482 apud
3138 5418 3482 5466 antecessores
3515 5392 3741 5488 ιυοεηιδιξν

2272 5501 2580 5574 εθτνῖθιῖιιιιι
2601 5541 2617 5566 ς
2667 5479 2888 5571 ἱηὶιιείθ
2913 5511 2969 5557 et
2990 5479 3438 5559 irrationabiliter
3481 5479 3736 5574 abstulisset.

2274 5602 2400 5660 ροει
2419 5571 2602 5652 (latum
2627 5592 2736 5662 regi
2767 5601 2820 5646 et
2850 5592 2980 5652 mihi
3006 5592 3242 5648 libellum
3269 5590 3320 5646 in
3341 5578 3522 5659 synodo
3556 5572 3609 5627 de
3627 5571 3759 5662 rege

2277 5647 2380 5740 iari
2395 5647 2718 5752 obedienti;
2735 5693 2832 5742 tua
2844 5685 3139 5742 secundum
3167 5695 3342 5746 sacros
3366 5680 3568 5753 canone
3601 5663 3646 5714 ⁸⁸
3669 5647 3736 5719 ᾡ-

2204 4461 2252 4521 D

3883 407 3885 466 l
