  <div class='ocr_page' id='page_1' title='image "/cluster/home/n/w/nwhite01/storage/ocr_20150623/126/hvd.32044015471675/258.png"; bbox 0 0 3948 5376; ppageno 0'>
   <div class='ocr_carea' id='block_1_1' title="bbox 135 326 254 388">
    <p class='ocr_par' dir='ltr' id='par_1_1' title="bbox 135 326 254 388">
     <span class='ocr_line' id='line_1_1' title="bbox 135 326 254 388; baseline 0 -2"><span class='ocrx_word' id='word_1_1' title='bbox 135 326 254 388; x_wconf 66' lang='lat'><strong>505</strong></span> 
     </span>
    </p>
   </div>
   <div class='ocr_carea' id='block_1_2' title="bbox 916 301 2623 384">
    <p class='ocr_par' dir='ltr' id='par_1_2' title="bbox 916 301 2623 384">
     <span class='ocr_line' id='line_1_2' title="bbox 916 301 2623 384; baseline -0.008 1"><span class='ocrx_word' id='word_1_2' title='bbox 916 324 1160 384; x_wconf 76' lang='lat' dir='ltr'><strong>opusc.</strong></span> <span class='ocrx_word' id='word_1_3' title='bbox 1199 323 1288 380; x_wconf 85' lang='lat' dir='ltr'><strong>ET</strong></span> <span class='ocrx_word' id='word_1_4' title='bbox 1331 319 1545 378; x_wconf 81' lang='lat' dir='ltr'><strong>EPIST.</strong></span> <span class='ocrx_word' id='word_1_5' title='bbox 1581 301 1652 372; x_wconf 83' lang='lat' dir='ltr'><strong>t‘N</strong></span> <span class='ocrx_word' id='word_1_6' title='bbox 1687 315 1924 374; x_wconf 55' lang='lat' dir='ltr'><strong>causa</strong></span> <span class='ocrx_word' id='word_1_7' title='bbox 1953 308 2282 374; x_wconf 67' lang='lat' dir='ltr'><strong>nmmum</strong></span> <span class='ocrx_word' id='word_1_8' title='bbox 2321 315 2623 374; x_wconf 77' lang='lat' dir='ltr'><strong>LAUDUN.</strong></span> 
     </span>
    </p>
   </div>
   <div class='ocr_carea' id='block_1_3' title="bbox 3291 318 3421 385">
    <p class='ocr_par' dir='ltr' id='par_1_3' title="bbox 3291 318 3421 385">
     <span class='ocr_line' id='line_1_3' title="bbox 3291 318 3421 385; baseline -0.023 0"><span class='ocrx_word' id='word_1_9' title='bbox 3291 318 3421 385; x_wconf 45' lang='lat'><strong>506‘</strong></span> 
     </span>
    </p>
   </div>
   <div class='ocr_carea' id='block_1_4' title="bbox 137 428 3400 507">
    <p class='ocr_par' dir='ltr' id='par_1_4' title="bbox 137 428 3400 507">
     <span class='ocr_line' id='line_1_4' title="bbox 137 428 3400 507; baseline -0.003 -13"><span class='ocrx_word' id='word_1_10' title='bbox 137 445 297 494; x_wconf 89' lang='lat' dir='ltr'><strong>creta</strong></span> <span class='ocrx_word' id='word_1_11' title='bbox 324 446 511 494; x_wconf 86' lang='lat' dir='ltr'><strong>sancta</strong></span> <span class='ocrx_word' id='word_1_12' title='bbox 539 435 684 492; x_wconf 80' lang='lat' dir='ltr'><strong>sedis</strong></span> <span class='ocrx_word' id='word_1_13' title='bbox 703 437 957 491; x_wconf 81' lang='lat' dir='ltr'><strong>Romana:</strong></span> <span class='ocrx_word' id='word_1_14' title='bbox 976 436 1308 507; x_wconf 81' lang='lat' dir='ltr'><strong>pontiﬁcum,</strong></span> <span class='ocrx_word' id='word_1_15' title='bbox 1332 449 1398 488; x_wconf 85' lang='lat' dir='ltr'><strong>ex</strong></span> <span class='ocrx_word' id='word_1_16' title='bbox 1413 431 1617 487; x_wconf 84' lang='lat' dir='ltr'><strong>eisdem</strong></span> <span class='ocrx_word' id='word_1_17' title='bbox 1640 443 1728 484; x_wconf 83' lang='lat' dir='ltr'><strong>sa-</strong></span> <span class='ocrx_word' id='word_1_18' title='bbox 1753 436 1802 493; x_wconf 78' lang='grc' dir='ltr'><strong>Α</strong></span> <span class='ocrx_word' id='word_1_19' title='bbox 1830 431 1920 499; x_wconf 90' lang='lat' dir='ltr'><strong>qui</strong></span> <span class='ocrx_word' id='word_1_20' title='bbox 1944 432 2010 486; x_wconf 91' lang='lat' dir='ltr'><strong>de</strong></span> <span class='ocrx_word' id='word_1_21' title='bbox 2035 446 2093 487; x_wconf 90' lang='lat' dir='ltr'><strong>se</strong></span> <span class='ocrx_word' id='word_1_22' title='bbox 2109 432 2339 501; x_wconf 86' lang='lat' dir='ltr'><strong>judicari</strong></span> <span class='ocrx_word' id='word_1_23' title='bbox 2374 447 2479 486; x_wconf 93' lang='lat' dir='ltr'><strong>non</strong></span> <span class='ocrx_word' id='word_1_24' title='bbox 2520 429 2800 500; x_wconf 75' lang='lat' dir='ltr'><strong>prospicit.</strong></span> <span class='ocrx_word' id='word_1_25' title='bbox 2833 429 2966 485; x_wconf 80' lang='lat' dir='ltr'><strong>Nam</strong></span> <span class='ocrx_word' id='word_1_26' title='bbox 2991 428 3237 486; x_wconf 86' lang='lat' dir='ltr'><strong>.vclimus</strong></span> <span class='ocrx_word' id='word_1_27' title='bbox 3266 433 3400 492; x_wconf 77' lang='lat' dir='ltr'><strong>noli-</strong></span> 
     </span>
    </p>
   </div>
   <div class='ocr_carea' id='block_1_5' title="bbox 139 521 1740 600">
    <p class='ocr_par' dir='ltr' id='par_1_5' title="bbox 139 521 1740 600">
     <span class='ocr_line' id='line_1_5' title="bbox 139 521 1740 600; baseline -0.006 -14"><span class='ocrx_word' id='word_1_28' title='bbox 139 531 258 586; x_wconf 88' lang='lat' dir='ltr'><strong>cris</strong></span> <span class='ocrx_word' id='word_1_29' title='bbox 285 529 583 586; x_wconf 90' lang='lat' dir='ltr'><strong>canonibus</strong></span> <span class='ocrx_word' id='word_1_30' title='bbox 597 529 932 600; x_wconf 77' lang='lat' dir='ltr'><strong>promulgata</strong></span> <span class='ocrx_word' id='word_1_31' title='bbox 975 570 990 592; x_wconf 90' lang='lat'><strong>,</strong></span> <span class='ocrx_word' id='word_1_32' title='bbox 1015 528 1215 582; x_wconf 86' lang='lat' dir='ltr'><strong>electos</strong></span> <span class='ocrx_word' id='word_1_33' title='bbox 1239 525 1450 594; x_wconf 88' lang='lat' dir='ltr'><strong>judiees</strong></span> <span class='ocrx_word' id='word_1_34' title='bbox 1504 521 1740 592; x_wconf 75' lang='lat' dir='ltr'><strong>episco-&#39;</strong></span> 
     </span>
    </p>
   </div>
   <div class='ocr_carea' id='block_1_6' title="bbox 137 613 1719 691">
    <p class='ocr_par' dir='ltr' id='par_1_6' title="bbox 137 613 1719 691">
     <span class='ocr_line' id='line_1_6' title="bbox 137 613 1719 691; baseline -0.007 -16"><span class='ocrx_word' id='word_1_35' title='bbox 137 636 244 691; x_wconf 84' lang='lat' dir='ltr'><strong>pos</strong></span> <span class='ocrx_word' id='word_1_36' title='bbox 268 621 406 690; x_wconf 89' lang='lat' dir='ltr'><strong>apud</strong></span> <span class='ocrx_word' id='word_1_37' title='bbox 429 634 515 673; x_wconf 88' lang='lat' dir='ltr'><strong>me</strong></span> <span class='ocrx_word' id='word_1_38' title='bbox 541 620 814 688; x_wconf 89' lang='lat' dir='ltr'><strong>expetisti,</strong></span> <span class='ocrx_word' id='word_1_39' title='bbox 839 628 893 673; x_wconf 90' lang='lat' dir='ltr'><strong>et</strong></span> <span class='ocrx_word' id='word_1_40' title='bbox 929 629 1038 673; x_wconf 90' lang='lat' dir='ltr'><strong>tres</strong></span> <span class='ocrx_word' id='word_1_41' title='bbox 1085 617 1378 672; x_wconf 89' lang='lat' dir='ltr'><strong>secundum</strong></span> <span class='ocrx_word' id='word_1_42' title='bbox 1404 613 1719 668; x_wconf 79' lang='lat' dir='ltr'><strong>Africanum</strong></span> 
     </span>
    </p>
   </div>
   <div class='ocr_carea' id='block_1_7' title="bbox 136 703 1720 775">
    <p class='ocr_par' dir='ltr' id='par_1_7' title="bbox 136 703 1720 775">
     <span class='ocr_line' id='line_1_7' title="bbox 136 703 1720 775; baseline -0.006 -12"><span class='ocrx_word' id='word_1_43' title='bbox 136 707 456 772; x_wconf 85' lang='lat' dir='ltr'><strong>concilium,</strong></span> <span class='ocrx_word' id='word_1_44' title='bbox 484 707 696 762; x_wconf 76' lang='lat' dir='ltr'><strong>scilicet</strong></span> <span class='ocrx_word' id='word_1_45' title='bbox 721 707 1034 768; x_wconf 81' lang='lat' dir='ltr'><strong>Actardum,</strong></span> <span class='ocrx_word' id='word_1_46' title='bbox 1089 703 1496 775; x_wconf 71' lang='lat' dir='ltr'><strong>liageuclmum,</strong></span> <span class='ocrx_word' id='word_1_47' title='bbox 1555 707 1720 770; x_wconf 89' lang='lat' dir='ltr'><strong>atque</strong></span> 
     </span>
    </p>
   </div>
   <div class='ocr_carea' id='block_1_8' title="bbox 132 797 1714 870">
    <p class='ocr_par' dir='ltr' id='par_1_8' title="bbox 132 797 1714 870">
     <span class='ocr_line' id='line_1_8' title="bbox 132 797 1714 870; baseline -0.005 -16"><span class='ocrx_word' id='word_1_48' title='bbox 132 798 424 864; x_wconf 83' lang='lat' dir='ltr'><strong>Joannem,</strong></span> <span class='ocrx_word' id='word_1_49' title='bbox 455 815 486 852; x_wconf 92' lang='lat' dir='ltr'><strong>a</strong></span> <span class='ocrx_word' id='word_1_50' title='bbox 511 814 597 852; x_wconf 91' lang='lat' dir='ltr'><strong>me</strong></span> <span class='ocrx_word' id='word_1_51' title='bbox 629 799 722 853; x_wconf 93' lang='lat' dir='ltr'><strong>tibi</strong></span> <span class='ocrx_word' id='word_1_52' title='bbox 752 799 1057 870; x_wconf 85' lang='lat' dir='ltr'><strong>designatos</strong></span> <span class='ocrx_word' id='word_1_53' title='bbox 1080 797 1360 866; x_wconf 76' lang='lat' dir='ltr'><strong>suscepisti</strong></span> <span class='ocrx_word' id='word_1_54' title='bbox 1392 834 1408 861; x_wconf 92' lang='lat'><strong>,</strong></span> <span class='ocrx_word' id='word_1_55' title='bbox 1437 804 1492 849; x_wconf 90' lang='lat' dir='ltr'><strong>et</strong></span> <span class='ocrx_word' id='word_1_56' title='bbox 1522 809 1714 850; x_wconf 87' lang='lat' dir='ltr'><strong>eorum</strong></span> 
     </span>
    </p>
   </div>
   <div class='ocr_carea' id='block_1_9' title="bbox 137 884 1718 959">
    <p class='ocr_par' dir='ltr' id='par_1_9' title="bbox 137 884 1718 959">
     <span class='ocr_line' id='line_1_9' title="bbox 137 884 1718 959; baseline -0.002 -18"><span class='ocrx_word' id='word_1_57' title='bbox 137 897 305 957; x_wconf 86' lang='lat' dir='ltr'><strong>atque</strong></span> <span class='ocrx_word' id='word_1_58' title='bbox 326 887 554 942; x_wconf 89' lang='lat' dir='ltr'><strong>aliorum</strong></span> <span class='ocrx_word' id='word_1_59' title='bbox 586 889 754 942; x_wconf 90' lang='lat' dir='ltr'><strong>Deum</strong></span> <span class='ocrx_word' id='word_1_60' title='bbox 808 890 1110 944; x_wconf 91' lang='lat' dir='ltr'><strong>timentium</strong></span> <span class='ocrx_word' id='word_1_61' title='bbox 1161 887 1386 959; x_wconf 87' lang='lat' dir='ltr'><strong>judicio,</strong></span> <span class='ocrx_word' id='word_1_62' title='bbox 1441 887 1494 941; x_wconf 92' lang='lat' dir='ltr'><strong>iu</strong></span> <span class='ocrx_word' id='word_1_63' title='bbox 1535 884 1718 940; x_wconf 88' lang='lat' dir='ltr'><strong>domui</strong></span> 
     </span>
    </p>
   </div>
   <div class='ocr_carea' id='block_1_10' title="bbox 137 976 1718 1048">
    <p class='ocr_par' dir='ltr' id='par_1_10' title="bbox 137 976 1718 1048">
     <span class='ocr_line' id='line_1_10' title="bbox 137 976 1718 1048; baseline 0.001 -20"><span class='ocrx_word' id='word_1_64' title='bbox 137 979 309 1048; x_wconf 84' lang='lat' dir='ltr'><strong>regis,</strong></span> <span class='ocrx_word' id='word_1_65' title='bbox 338 979 480 1033; x_wconf 85' lang='lat' dir='ltr'><strong>sicut</strong></span> <span class='ocrx_word' id='word_1_66' title='bbox 507 977 811 1047; x_wconf 82' lang='lat' dir='ltr'><strong>postulasti,</strong></span> <span class='ocrx_word' id='word_1_67' title='bbox 838 979 1122 1048; x_wconf 80' lang='lat' dir='ltr'><strong>praesentia</strong></span> <span class='ocrx_word' id='word_1_68' title='bbox 1159 979 1224 1033; x_wconf 92' lang='lat' dir='ltr'><strong>de</strong></span> <span class='ocrx_word' id='word_1_69' title='bbox 1276 977 1598 1048; x_wconf 89' lang='lat' dir='ltr'><strong>quibusdam</strong></span> <span class='ocrx_word' id='word_1_70' title='bbox 1629 976 1718 1030; x_wconf 85' lang='lat' dir='ltr'><strong>de-</strong></span> 
     </span>
    </p>
   </div>
   <div class='ocr_carea' id='block_1_11' title="bbox 133 1065 1720 1137">
    <p class='ocr_par' dir='ltr' id='par_1_11' title="bbox 133 1065 1720 1137">
     <span class='ocr_line' id='line_1_11' title="bbox 133 1065 1720 1137; baseline -0.001 -17"><span class='ocrx_word' id='word_1_71' title='bbox 133 1076 344 1120; x_wconf 89' lang='lat' dir='ltr'><strong>cretum</strong></span> <span class='ocrx_word' id='word_1_72' title='bbox 378 1065 479 1120; x_wconf 78' lang='lat' dir='ltr'><strong>fuit</strong></span> <span class='ocrx_word' id='word_1_73' title='bbox 506 1105 524 1133; x_wconf 92' lang='lat'><strong>,</strong></span> <span class='ocrx_word' id='word_1_74' title='bbox 549 1076 607 1119; x_wconf 90' lang='lat' dir='ltr'><strong>ut</strong></span> <span class='ocrx_word' id='word_1_75' title='bbox 642 1067 905 1121; x_wconf 83' lang='lat' dir='ltr'><strong>beneﬁcia</strong></span> <span class='ocrx_word' id='word_1_76' title='bbox 932 1082 1051 1131; x_wconf 89' lang='lat' dir='ltr'><strong>sua,</strong></span> <span class='ocrx_word' id='word_1_77' title='bbox 1103 1082 1223 1137; x_wconf 62' lang='lat' dir='ltr'><strong>qua:</strong></span> <span class='ocrx_word' id='word_1_78' title='bbox 1281 1065 1720 1120; x_wconf 81' lang='lat' dir='ltr'><strong>irrationabiliter</strong></span> 
     </span>
    </p>
   </div>
   <div class='ocr_carea' id='block_1_12' title="bbox 131 1153 1708 1225">
    <p class='ocr_par' dir='ltr' id='par_1_12' title="bbox 131 1153 1708 1225">
     <span class='ocr_line' id='line_1_12' title="bbox 131 1153 1708 1225; baseline 0.001 -19"><span class='ocrx_word' id='word_1_79' title='bbox 131 1153 505 1222; x_wconf 80' lang='lat' dir='ltr'><strong>perdiderant,</strong></span> <span class='ocrx_word' id='word_1_80' title='bbox 525 1168 846 1222; x_wconf 86' lang='lat' dir='ltr'><strong>recuperare</strong></span> <span class='ocrx_word' id='word_1_81' title='bbox 863 1155 1138 1208; x_wconf 73' lang='lat' dir='ltr'><strong>deberent:</strong></span> <span class='ocrx_word' id='word_1_82' title='bbox 1154 1155 1510 1225; x_wconf 87' lang='lat' dir='ltr'><strong>quorumdam</strong></span> <span class='ocrx_word' id='word_1_83' title='bbox 1528 1165 1708 1208; x_wconf 86' lang='lat' dir='ltr'><strong>autem</strong></span> 
     </span>
    </p>
   </div>
   <div class='ocr_carea' id='block_1_13' title="bbox 132 1245 1714 1312">
    <p class='ocr_par' dir='ltr' id='par_1_13' title="bbox 132 1245 1714 1312">
     <span class='ocr_line' id='line_1_13' title="bbox 132 1245 1714 1312; baseline 0.004 -16"><span class='ocrx_word' id='word_1_84' title='bbox 132 1258 322 1297; x_wconf 89' lang='lat' dir='ltr'><strong>eorum</strong></span> <span class='ocrx_word' id='word_1_85' title='bbox 344 1259 509 1298; x_wconf 85' lang='lat' dir='ltr'><strong>causa</strong></span> <span class='ocrx_word' id='word_1_86' title='bbox 545 1259 715 1312; x_wconf 89' lang='lat' dir='ltr'><strong>usque</strong></span> <span class='ocrx_word' id='word_1_87' title='bbox 742 1246 808 1298; x_wconf 87' lang='lat' dir='ltr'><strong>ad</strong></span> <span class='ocrx_word' id='word_1_88' title='bbox 835 1245 997 1298; x_wconf 89' lang='lat' dir='ltr'><strong>alium</strong></span> <span class='ocrx_word' id='word_1_89' title='bbox 1027 1254 1313 1300; x_wconf 83' lang='lat' dir='ltr'><strong>tractatmu</strong></span> <span class='ocrx_word' id='word_1_90' title='bbox 1344 1247 1509 1301; x_wconf 91' lang='lat' dir='ltr'><strong>certis</strong></span> <span class='ocrx_word' id='word_1_91' title='bbox 1533 1248 1714 1302; x_wconf 81' lang='lat' dir='ltr'><strong>causis</strong></span> 
     </span>
    </p>
   </div>
   <div class='ocr_carea' id='block_1_14' title="bbox 131 1331 1711 1398">
    <p class='ocr_par' dir='ltr' id='par_1_14' title="bbox 131 1331 1711 1398">
     <span class='ocr_line' id='line_1_14' title="bbox 131 1331 1711 1398; baseline 0.002 -12"><span class='ocrx_word' id='word_1_92' title='bbox 131 1331 620 1388; x_wconf 79' lang='lat' dir='ltr'><strong>intervenientibus</strong></span> <span class='ocrx_word' id='word_1_93' title='bbox 642 1347 747 1388; x_wconf 91' lang='lat' dir='ltr'><strong>non</strong></span> <span class='ocrx_word' id='word_1_94' title='bbox 773 1331 1017 1398; x_wconf 82' lang='lat' dir='ltr'><strong>diﬂiuita,</strong></span> <span class='ocrx_word' id='word_1_95' title='bbox 1049 1335 1142 1388; x_wconf 90' lang='lat' dir='ltr'><strong>sed</strong></span> <span class='ocrx_word' id='word_1_96' title='bbox 1165 1335 1250 1388; x_wconf 91' lang='lat' dir='ltr'><strong>die</strong></span> <span class='ocrx_word' id='word_1_97' title='bbox 1274 1334 1378 1387; x_wconf 88' lang='lat' dir='ltr'><strong>alia</strong></span> <span class='ocrx_word' id='word_1_98' title='bbox 1404 1332 1711 1389; x_wconf 84' lang='lat' dir='ltr'><strong>diﬂiuicuda</strong></span> 
     </span>
    </p>
   </div>
   <div class='ocr_carea' id='block_1_15' title="bbox 134 1424 1710 1491">
    <p class='ocr_par' dir='ltr' id='par_1_15' title="bbox 134 1424 1710 1491">
     <span class='ocr_line' id='line_1_15' title="bbox 134 1424 1710 1491; baseline 0 -13"><span class='ocrx_word' id='word_1_99' title='bbox 134 1426 414 1491; x_wconf 89' lang='lat' dir='ltr'><strong>remansit,</strong></span> <span class='ocrx_word' id='word_1_100' title='bbox 450 1435 507 1481; x_wconf 92' lang='lat' dir='ltr'><strong>et</strong></span> <span class='ocrx_word' id='word_1_101' title='bbox 537 1437 591 1480; x_wconf 90' lang='lat' dir='ltr'><strong>tu</strong></span> <span class='ocrx_word' id='word_1_102' title='bbox 616 1435 741 1479; x_wconf 87' lang='lat' dir='ltr'><strong>ante</strong></span> <span class='ocrx_word' id='word_1_103' title='bbox 765 1424 1134 1479; x_wconf 77' lang='lat' dir='ltr'><strong>tltﬂiuitionem</strong></span> <span class='ocrx_word' id='word_1_104' title='bbox 1159 1434 1344 1479; x_wconf 83' lang='lat' dir='ltr'><strong>contra</strong></span> <span class='ocrx_word' id='word_1_105' title='bbox 1393 1441 1577 1480; x_wconf 88' lang='lat' dir='ltr'><strong>sacros</strong></span> <span class='ocrx_word' id='word_1_106' title='bbox 1615 1441 1710 1479; x_wconf 81' lang='lat' dir='ltr'><strong>ca-</strong></span> 
     </span>
    </p>
   </div>
   <div class='ocr_carea' id='block_1_16' title="bbox 132 1512 1710 1592">
    <p class='ocr_par' dir='ltr' id='par_1_16' title="bbox 132 1512 1710 1592">
     <span class='ocr_line' id='line_1_16' title="bbox 132 1512 1710 1592; baseline 0.001 -25"><span class='ocrx_word' id='word_1_107' title='bbox 132 1529 319 1579; x_wconf 90' lang='lat' dir='ltr'><strong>nones,</strong></span> <span class='ocrx_word' id='word_1_108' title='bbox 337 1515 526 1569; x_wconf 91' lang='lat' dir='ltr'><strong>etsine</strong></span> <span class='ocrx_word' id='word_1_109' title='bbox 554 1513 658 1568; x_wconf 90' lang='lat' dir='ltr'><strong>ulla</strong></span> <span class='ocrx_word' id='word_1_110' title='bbox 683 1514 1005 1568; x_wconf 88' lang='lat' dir='ltr'><strong>necessitate</strong></span> <span class='ocrx_word' id='word_1_111' title='bbox 1019 1513 1101 1568; x_wconf 85' lang='lat' dir='ltr'><strong>vel</strong></span> <span class='ocrx_word' id='word_1_112' title='bbox 1119 1512 1494 1592; x_wconf 44' lang='lat' dir='ltr'><strong>ratione,.l&#39;uga</strong></span> <span class='ocrx_word' id='word_1_113' title='bbox 1527 1513 1710 1584; x_wconf 89' lang='lat' dir='ltr'><strong>lapsus</strong></span> 
     </span>
    </p>
   </div>
   <div class='ocr_carea' id='block_1_17' title="bbox 132 1604 1704 1676">
    <p class='ocr_par' dir='ltr' id='par_1_17' title="bbox 132 1604 1704 1676">
     <span class='ocr_line' id='line_1_17' title="bbox 132 1604 1704 1676; baseline 0.002 -19"><span class='ocrx_word' id='word_1_114' title='bbox 132 1605 433 1675; x_wconf 82' lang='lat' dir='ltr'><strong>regularem</strong></span> <span class='ocrx_word' id='word_1_115' title='bbox 473 1604 842 1659; x_wconf 78' lang='lat' dir='ltr'><strong>dilliuitioucm</strong></span> <span class='ocrx_word' id='word_1_116' title='bbox 885 1615 1200 1674; x_wconf 83' lang='lat' dir='ltr'><strong>exspectare</strong></span> <span class='ocrx_word' id='word_1_117' title='bbox 1245 1607 1635 1676; x_wconf 81' lang='lat' dir='ltr'><strong>contempsisti.</strong></span> <span class='ocrx_word' id='word_1_118' title='bbox 1683 1625 1704 1659; x_wconf 77' lang='grc' dir='ltr'><strong><em>ι</em></strong></span> 
     </span>
    </p>
   </div>
   <div class='ocr_carea' id='block_1_18' title="bbox 129 1694 1707 1766">
    <p class='ocr_par' dir='ltr' id='par_1_18' title="bbox 129 1694 1707 1766">
     <span class='ocr_line' id='line_1_18' title="bbox 129 1694 1707 1766; baseline 0.001 -18"><span class='ocrx_word' id='word_1_119' title='bbox 129 1694 279 1758; x_wconf 85' lang='lat' dir='ltr'><strong>Item,</strong></span> <span class='ocrx_word' id='word_1_120' title='bbox 314 1705 443 1766; x_wconf 89' lang='lat' dir='ltr'><strong>post</strong></span> <span class='ocrx_word' id='word_1_121' title='bbox 471 1695 650 1765; x_wconf 91' lang='lat' dir='ltr'><strong>aliqua</strong></span> <span class='ocrx_word' id='word_1_122' title='bbox 681 1697 746 1750; x_wconf 90' lang='lat' dir='ltr'><strong>de</strong></span> <span class='ocrx_word' id='word_1_123' title='bbox 795 1697 1116 1751; x_wconf 86' lang='lat' dir='ltr'><strong>cauouibus.</strong></span> <span class='ocrx_word' id='word_1_124' title='bbox 1163 1716 1181 1748; x_wconf 76' lang='grc' dir='ltr'>ι</span> <span class='ocrx_word' id='word_1_125' title='bbox 1212 1696 1291 1765; x_wconf 57' lang='grc' dir='ltr'><strong>έΕι</strong></span> <span class='ocrx_word' id='word_1_126' title='bbox 1320 1697 1387 1750; x_wconf 90' lang='lat' dir='ltr'><strong>ab</strong></span> <span class='ocrx_word' id='word_1_127' title='bbox 1414 1697 1707 1752; x_wconf 88' lang='lat' dir='ltr'><strong>electorum</strong></span> 
     </span>
    </p>
   </div>
   <div class='ocr_carea' id='block_1_19' title="bbox 1824 519 3426 590">
    <p class='ocr_par' dir='ltr' id='par_1_19' title="bbox 1824 519 3426 590">
     <span class='ocr_line' id='line_1_19' title="bbox 1824 519 3426 590; baseline -0.001 -14"><span class='ocrx_word' id='word_1_128' title='bbox 1824 537 1965 584; x_wconf 90' lang='lat' dir='ltr'><strong>mus,</strong></span> <span class='ocrx_word' id='word_1_129' title='bbox 1996 529 2087 574; x_wconf 89' lang='lat' dir='ltr'><strong>aut</strong></span> <span class='ocrx_word' id='word_1_130' title='bbox 2114 521 2193 576; x_wconf 88' lang='lat' dir='ltr'><strong>eis</strong></span> <span class='ocrx_word' id='word_1_131' title='bbox 2223 522 2552 590; x_wconf 84' lang='lat' dir='ltr'><strong>parebimus,</strong></span> <span class='ocrx_word' id='word_1_132' title='bbox 2587 529 2682 573; x_wconf 89' lang='lat' dir='ltr'><strong>aut</strong></span> <span class='ocrx_word' id='word_1_133' title='bbox 2720 533 2904 574; x_wconf 90' lang='lat' dir='ltr'><strong>eorum</strong></span> <span class='ocrx_word' id='word_1_134' title='bbox 2948 519 3159 588; x_wconf 68' lang='lat' dir='ltr'><strong>judicio</strong></span> <span class='ocrx_word' id='word_1_135' title='bbox 3182 521 3426 588; x_wconf 55' lang='lat' dir='ltr'><strong>percel-g</strong></span> 
     </span>
    </p>
   </div>
   <div class='ocr_carea' id='block_1_20' title="bbox 1823 609 3406 680">
    <p class='ocr_par' dir='ltr' id='par_1_20' title="bbox 1823 609 3406 680">
     <span class='ocr_line' id='line_1_20' title="bbox 1823 609 3406 680; baseline 0.002 -14"><span class='ocrx_word' id='word_1_136' title='bbox 1823 613 2018 676; x_wconf 91' lang='lat' dir='ltr'><strong>lemur,</strong></span> <span class='ocrx_word' id='word_1_137' title='bbox 2063 626 2290 680; x_wconf 90' lang='lat' dir='ltr'><strong>quorum</strong></span> <span class='ocrx_word' id='word_1_138' title='bbox 2343 612 2611 666; x_wconf 87' lang='lat' dir='ltr'><strong>nemiuem</strong></span> <span class='ocrx_word' id='word_1_139' title='bbox 2653 609 2814 680; x_wconf 81' lang='lat' dir='ltr'><strong>aliqui</strong></span> <span class='ocrx_word' id='word_1_140' title='bbox 2861 611 3061 680; x_wconf 63' lang='lat' dir='ltr'><strong>quique</strong></span> <span class='ocrx_word' id='word_1_141' title='bbox 3115 612 3406 679; x_wconf 67' lang='lat' dir='ltr'><strong>.eprobaro</strong></span> 
     </span>
    </p>
   </div>
   <div class='ocr_carea' id='block_1_21' title="bbox 1824 702 3423 772">
    <p class='ocr_par' dir='ltr' id='par_1_21' title="bbox 1824 702 3423 772">
     <span class='ocr_line' id='line_1_21' title="bbox 1824 702 3423 772; baseline 0.001 -14"><span class='ocrx_word' id='word_1_142' title='bbox 1824 703 2084 758; x_wconf 86' lang='lat' dir='ltr'><strong>valemus.</strong></span> <span class='ocrx_word' id='word_1_143' title='bbox 2128 703 2203 757; x_wconf 89' lang='lat' dir='ltr'><strong>De</strong></span> <span class='ocrx_word' id='word_1_144' title='bbox 2232 703 2653 772; x_wconf 91' lang='lat' dir='ltr'><strong>archiepiscopis</strong></span> <span class='ocrx_word' id='word_1_145' title='bbox 2693 710 2872 756; x_wconf 89' lang='lat' dir='ltr'><strong>autem</strong></span> <span class='ocrx_word' id='word_1_146' title='bbox 2910 702 3156 772; x_wconf 77' lang='lat' dir='ltr'><strong>Remigio</strong></span> <span class='ocrx_word' id='word_1_147' title='bbox 3184 718 3250 757; x_wconf 90' lang='lat' dir='ltr'><strong>ac</strong></span> <span class='ocrx_word' id='word_1_148' title='bbox 3286 703 3423 769; x_wconf 60' lang='grc' dir='ltr'><strong>ΔΜΔ</strong></span> 
     </span>
    </p>
   </div>
   <div class='ocr_carea' id='block_1_22' title="bbox 1822 792 3397 863">
    <p class='ocr_par' dir='ltr' id='par_1_22' title="bbox 1822 792 3397 863">
     <span class='ocr_line' id='line_1_22' title="bbox 1822 792 3397 863; baseline 0.001 -15"><span class='ocrx_word' id='word_1_149' title='bbox 1822 795 2002 857; x_wconf 90' lang='lat' dir='ltr'><strong>duico,</strong></span> <span class='ocrx_word' id='word_1_150' title='bbox 2034 793 2176 863; x_wconf 90' lang='lat' dir='ltr'><strong>quod</strong></span> <span class='ocrx_word' id='word_1_151' title='bbox 2224 793 2352 846; x_wconf 90' lang='lat' dir='ltr'><strong>mihi</strong></span> <span class='ocrx_word' id='word_1_152' title='bbox 2390 810 2486 862; x_wconf 88' lang='lat' dir='ltr'><strong>per</strong></span> <span class='ocrx_word' id='word_1_153' title='bbox 2514 792 2872 861; x_wconf 85' lang='lat' dir='ltr'><strong>Teutlandum</strong></span> <span class='ocrx_word' id='word_1_154' title='bbox 2902 794 3187 849; x_wconf 91' lang='lat' dir='ltr'><strong>diaconum</strong></span> <span class='ocrx_word' id='word_1_155' title='bbox 3238 811 3397 859; x_wconf 78' lang='lat' dir='ltr'><strong>man-</strong></span> 
     </span>
    </p>
   </div>
   <div class='ocr_carea' id='block_1_23' title="bbox 1822 883 3414 954">
    <p class='ocr_par' dir='ltr' id='par_1_23' title="bbox 1822 883 3414 954">
     <span class='ocr_line' id='line_1_23' title="bbox 1822 883 3414 954; baseline 0.001 -13"><span class='ocrx_word' id='word_1_156' title='bbox 1822 885 2032 949; x_wconf 91' lang='lat' dir='ltr'><strong>dastis,</strong></span> <span class='ocrx_word' id='word_1_157' title='bbox 2089 883 2372 954; x_wconf 87' lang='lat' dir='ltr'><strong>privilegio</strong></span> <span class='ocrx_word' id='word_1_158' title='bbox 2420 893 2621 939; x_wconf 81' lang='lat' dir='ltr'><strong>sancta:</strong></span> <span class='ocrx_word' id='word_1_159' title='bbox 2669 885 2924 940; x_wconf 65' lang='lat' dir='ltr'><strong>Romanae</strong></span> <span class='ocrx_word' id='word_1_160' title='bbox 2977 885 3231 941; x_wconf 75' lang='lat' dir='ltr'><strong>Ecclesia:</strong></span> <span class='ocrx_word' id='word_1_161' title='bbox 3285 902 3414 944; x_wconf 49' lang='lat' dir='ltr'><strong>nou‘</strong></span> 
     </span>
    </p>
   </div>
   <div class='ocr_carea' id='block_1_24' title="bbox 1820 974 3416 1045">
    <p class='ocr_par' dir='ltr' id='par_1_24' title="bbox 1820 974 3416 1045">
     <span class='ocr_line' id='line_1_24' title="bbox 1820 974 3416 1045; baseline 0.004 -15"><span class='ocrx_word' id='word_1_162' title='bbox 1820 974 2162 1045; x_wconf 72' lang='lat' dir='ltr'><strong>prmjudicat,</strong></span> <span class='ocrx_word' id='word_1_163' title='bbox 2197 975 2290 1029; x_wconf 89' lang='lat' dir='ltr'><strong>sed</strong></span> <span class='ocrx_word' id='word_1_164' title='bbox 2329 975 2470 1044; x_wconf 88' lang='lat' dir='ltr'><strong>quod</strong></span> <span class='ocrx_word' id='word_1_165' title='bbox 2523 976 2602 1028; x_wconf 90' lang='lat' dir='ltr'><strong>eis</strong></span> <span class='ocrx_word' id='word_1_166' title='bbox 2647 977 2835 1031; x_wconf 90' lang='lat' dir='ltr'><strong>eadem</strong></span> <span class='ocrx_word' id='word_1_167' title='bbox 2885 987 3072 1033; x_wconf 84' lang='lat' dir='ltr'><strong>sancta</strong></span> <span class='ocrx_word' id='word_1_168' title='bbox 3128 981 3284 1034; x_wconf 87' lang='lat' dir='ltr'><strong>sedes</strong></span> <span class='ocrx_word' id='word_1_169' title='bbox 3326 982 3416 1038; x_wconf 83' lang='lat' dir='ltr'><strong>de.</strong></span> 
     </span>
    </p>
   </div>
   <div class='ocr_carea' id='block_1_25' title="bbox 1819 1061 3410 1133">
    <p class='ocr_par' dir='ltr' id='par_1_25' title="bbox 1819 1061 3410 1133">
     <span class='ocr_line' id='line_1_25' title="bbox 1819 1061 3410 1133; baseline 0.005 -14"><span class='ocrx_word' id='word_1_170' title='bbox 1819 1080 1907 1119; x_wconf 87' lang='lat' dir='ltr'><strong>me</strong></span> <span class='ocrx_word' id='word_1_171' title='bbox 1945 1064 2115 1120; x_wconf 92' lang='lat' dir='ltr'><strong>voluit</strong></span> <span class='ocrx_word' id='word_1_172' title='bbox 2151 1079 2217 1119; x_wconf 89' lang='lat' dir='ltr'><strong>ac</strong></span> <span class='ocrx_word' id='word_1_173' title='bbox 2262 1061 2524 1133; x_wconf 88' lang='lat' dir='ltr'><strong>disposuit</strong></span> <span class='ocrx_word' id='word_1_174' title='bbox 2570 1066 2908 1123; x_wconf 90' lang='lat' dir='ltr'><strong>committere</strong></span> <span class='ocrx_word' id='word_1_175' title='bbox 2955 1069 3245 1124; x_wconf 90' lang='lat' dir='ltr'><strong>commisit.</strong></span> <span class='ocrx_word' id='word_1_176' title='bbox 3285 1072 3410 1127; x_wconf 85' lang='lat' dir='ltr'><strong>Vos</strong></span> 
     </span>
    </p>
   </div>
   <div class='ocr_carea' id='block_1_26' title="bbox 1820 1158 3427 1227">
    <p class='ocr_par' dir='ltr' id='par_1_26' title="bbox 1820 1158 3427 1227">
     <span class='ocr_line' id='line_1_26' title="bbox 1820 1158 3427 1227; baseline 0.007 -17"><span class='ocrx_word' id='word_1_177' title='bbox 1820 1171 1947 1212; x_wconf 92' lang='lat' dir='ltr'><strong>vero</strong></span> <span class='ocrx_word' id='word_1_178' title='bbox 1968 1158 2110 1226; x_wconf 91' lang='lat' dir='ltr'><strong>quod</strong></span> <span class='ocrx_word' id='word_1_179' title='bbox 2135 1164 2372 1212; x_wconf 91' lang='lat' dir='ltr'><strong>vestrum</strong></span> <span class='ocrx_word' id='word_1_180' title='bbox 2417 1167 2504 1212; x_wconf 89' lang='lat' dir='ltr'><strong>est</strong></span> <span class='ocrx_word' id='word_1_181' title='bbox 2534 1159 2695 1227; x_wconf 83' lang='lat' dir='ltr'><strong>agite.</strong></span> <span class='ocrx_word' id='word_1_182' title='bbox 2728 1161 2786 1215; x_wconf 92' lang='lat' dir='ltr'><strong>lu</strong></span> <span class='ocrx_word' id='word_1_183' title='bbox 2828 1159 3055 1217; x_wconf 90' lang='lat' dir='ltr'><strong>Domino</strong></span> <span class='ocrx_word' id='word_1_184' title='bbox 3082 1162 3209 1218; x_wconf 79' lang='lat' dir='ltr'><strong>Jesu</strong></span> <span class='ocrx_word' id='word_1_185' title='bbox 3237 1165 3394 1221; x_wconf 81' lang='lat' dir='ltr'><strong>Chri-</strong></span> <span class='ocrx_word' id='word_1_186' title='bbox 3425 1199 3427 1202; x_wconf 62' lang='grc'>‹</span> 
     </span>
    </p>
   </div>
   <div class='ocr_carea' id='block_1_27' title="bbox 1815 1247 3395 1320">
    <p class='ocr_par' dir='ltr' id='par_1_27' title="bbox 1815 1247 3395 1320">
     <span class='ocr_line' id='line_1_27' title="bbox 1815 1247 3395 1320; baseline 0.005 -18"><span class='ocrx_word' id='word_1_187' title='bbox 1815 1257 1900 1303; x_wconf 85' lang='lat' dir='ltr'><strong>sto</strong></span> <span class='ocrx_word' id='word_1_188' title='bbox 1929 1247 2064 1304; x_wconf 88' lang='lat' dir='ltr'><strong>bene</strong></span> <span class='ocrx_word' id='word_1_189' title='bbox 2086 1249 2282 1303; x_wconf 81' lang='lat' dir='ltr'><strong>valete.</strong></span> <span class='ocrx_word' id='word_1_190' title='bbox 2321 1269 2337 1300; x_wconf 77' lang='grc' dir='ltr'>ι</span> <span class='ocrx_word' id='word_1_191' title='bbox 2369 1248 2479 1320; x_wconf 84' lang='lat' dir='ltr'><strong>Ego</strong></span> <span class='ocrx_word' id='word_1_192' title='bbox 2508 1249 2828 1306; x_wconf 86' lang='lat' dir='ltr'><strong>llincmarus</strong></span> <span class='ocrx_word' id='word_1_193' title='bbox 2855 1263 3054 1309; x_wconf 66' lang='lat' dir='ltr'><strong>sancta:</strong></span> <span class='ocrx_word' id='word_1_194' title='bbox 3075 1254 3395 1312; x_wconf 86' lang='lat' dir='ltr'><strong>Lauduueu—</strong></span> 
     </span>
    </p>
   </div>
   <div class='ocr_carea' id='block_1_28' title="bbox 1814 1337 3392 1416">
    <p class='ocr_par' dir='ltr' id='par_1_28' title="bbox 1814 1337 3392 1416">
     <span class='ocr_line' id='line_1_28' title="bbox 1814 1337 3392 1416; baseline 0.008 -25"><span class='ocrx_word' id='word_1_195' title='bbox 1814 1337 1890 1391; x_wconf 90' lang='lat' dir='ltr'><strong>sis</strong></span> <span class='ocrx_word' id='word_1_196' title='bbox 1936 1338 2179 1392; x_wconf 74' lang='lat' dir='ltr'><strong>ecclesia:</strong></span> <span class='ocrx_word' id='word_1_197' title='bbox 2209 1338 2493 1408; x_wconf 90' lang='lat' dir='ltr'><strong>episcopus</strong></span> <span class='ocrx_word' id='word_1_198' title='bbox 2524 1349 2716 1408; x_wconf 89' lang='lat' dir='ltr'><strong>sponte</strong></span> <span class='ocrx_word' id='word_1_199' title='bbox 2758 1343 3075 1414; x_wconf 89' lang='lat' dir='ltr'><strong>subscripsi.</strong></span> <span class='ocrx_word' id='word_1_200' title='bbox 3107 1364 3126 1398; x_wconf 76' lang='grc' dir='ltr'><strong><em>ι</em></strong></span> <span class='ocrx_word' id='word_1_201' title='bbox 3163 1345 3240 1401; x_wconf 92' lang='lat' dir='ltr'><strong>De</strong></span> <span class='ocrx_word' id='word_1_202' title='bbox 3283 1362 3392 1416; x_wconf 85' lang='lat' dir='ltr'><strong>quo</strong></span> 
     </span>
    </p>
   </div>
   <div class='ocr_carea' id='block_1_29' title="bbox 1813 1426 3390 1502">
    <p class='ocr_par' dir='ltr' id='par_1_29' title="bbox 1813 1426 3390 1502">
     <span class='ocr_line' id='line_1_29' title="bbox 1813 1426 3390 1502; baseline 0.007 -22"><span class='ocrx_word' id='word_1_203' title='bbox 1813 1427 2035 1496; x_wconf 89' lang='lat' dir='ltr'><strong>pittacio</strong></span> <span class='ocrx_word' id='word_1_204' title='bbox 2067 1427 2160 1482; x_wconf 88' lang='lat' dir='ltr'><strong>tibi</strong></span> <span class='ocrx_word' id='word_1_205' title='bbox 2181 1426 2365 1482; x_wconf 90' lang='lat' dir='ltr'><strong>distuli</strong></span> <span class='ocrx_word' id='word_1_206' title='bbox 2394 1429 2743 1498; x_wconf 88' lang='lat' dir='ltr'><strong>respondere,</strong></span> <span class='ocrx_word' id='word_1_207' title='bbox 2773 1441 2968 1501; x_wconf 88' lang='lat' dir='ltr'><strong>putans</strong></span> <span class='ocrx_word' id='word_1_208' title='bbox 2995 1443 3045 1490; x_wconf 89' lang='lat' dir='ltr'><strong>te</strong></span> <span class='ocrx_word' id='word_1_209' title='bbox 3070 1443 3390 1502; x_wconf 87' lang='lat' dir='ltr'><strong>retractare,</strong></span> 
     </span>
    </p>
   </div>
   <div class='ocr_carea' id='block_1_30' title="bbox 1813 1516 3391 1588">
    <p class='ocr_par' dir='ltr' id='par_1_30' title="bbox 1813 1516 3391 1588">
     <span class='ocr_line' id='line_1_30' title="bbox 1813 1516 3391 1588; baseline 0.007 -19"><span class='ocrx_word' id='word_1_210' title='bbox 1813 1522 1868 1569; x_wconf 86' lang='lat' dir='ltr'><strong>et</strong></span> <span class='ocrx_word' id='word_1_211' title='bbox 1907 1529 1937 1567; x_wconf 91' lang='lat' dir='ltr'><strong>a</strong></span> <span class='ocrx_word' id='word_1_212' title='bbox 1987 1523 2075 1568; x_wconf 91' lang='lat' dir='ltr'><strong>tua</strong></span> <span class='ocrx_word' id='word_1_213' title='bbox 2123 1516 2466 1570; x_wconf 88' lang='lat' dir='ltr'><strong>contumacia</strong></span> <span class='ocrx_word' id='word_1_214' title='bbox 2519 1518 2888 1588; x_wconf 88' lang='lat' dir='ltr'><strong>resipiscere:</strong></span> <span class='ocrx_word' id='word_1_215' title='bbox 2938 1531 2991 1576; x_wconf 90' lang='lat' dir='ltr'><strong>tu</strong></span> <span class='ocrx_word' id='word_1_216' title='bbox 3036 1533 3217 1578; x_wconf 91' lang='lat' dir='ltr'><strong>autem</strong></span> <span class='ocrx_word' id='word_1_217' title='bbox 3283 1541 3391 1580; x_wconf 92' lang='lat' dir='ltr'><strong>non</strong></span> 
     </span>
    </p>
   </div>
   <div class='ocr_carea' id='block_1_31' title="bbox 1813 1607 3391 1686">
    <p class='ocr_par' dir='ltr' id='par_1_31' title="bbox 1813 1607 3391 1686">
     <span class='ocr_line' id='line_1_31' title="bbox 1813 1607 3391 1686; baseline 0.008 -26"><span class='ocrx_word' id='word_1_218' title='bbox 1813 1607 2088 1676; x_wconf 90' lang='lat' dir='ltr'><strong>quievisti,</strong></span> <span class='ocrx_word' id='word_1_219' title='bbox 2114 1607 2251 1662; x_wconf 90' lang='lat' dir='ltr'><strong>sicut</strong></span> <span class='ocrx_word' id='word_1_220' title='bbox 2280 1624 2444 1664; x_wconf 90' lang='lat' dir='ltr'><strong>causa</strong></span> <span class='ocrx_word' id='word_1_221' title='bbox 2476 1609 2762 1667; x_wconf 77' lang='lat' dir='ltr'><strong>brevitatis</strong></span> <span class='ocrx_word' id='word_1_222' title='bbox 2788 1616 3000 1669; x_wconf 89' lang='lat' dir='ltr'><strong>omitto.</strong></span> <span class='ocrx_word' id='word_1_223' title='bbox 3028 1617 3095 1669; x_wconf 85' lang='lat' dir='ltr'><strong>Et</strong></span> <span class='ocrx_word' id='word_1_224' title='bbox 3115 1625 3236 1686; x_wconf 88' lang='lat' dir='ltr'><strong>post</strong></span> <span class='ocrx_word' id='word_1_225' title='bbox 3273 1618 3391 1672; x_wconf 73' lang='lat' dir='ltr'><strong>hmc</strong></span> 
     </span>
    </p>
   </div>
   <div class='ocr_carea' id='block_1_32' title="bbox 1812 1696 3391 1775">
    <p class='ocr_par' dir='ltr' id='par_1_32' title="bbox 1812 1696 3391 1775">
     <span class='ocr_line' id='line_1_32' title="bbox 1812 1696 3391 1775; baseline 0.006 -25"><span class='ocrx_word' id='word_1_226' title='bbox 1812 1712 1912 1767; x_wconf 87' lang='lat' dir='ltr'><strong>per</strong></span> <span class='ocrx_word' id='word_1_227' title='bbox 1947 1696 2207 1753; x_wconf 90' lang='lat' dir='ltr'><strong>clericum</strong></span> <span class='ocrx_word' id='word_1_228' title='bbox 2238 1707 2386 1753; x_wconf 92' lang='lat' dir='ltr'><strong>tuum</strong></span> <span class='ocrx_word' id='word_1_229' title='bbox 2430 1698 2774 1756; x_wconf 83' lang='lat' dir='ltr'><strong>Bertharium</strong></span> <span class='ocrx_word' id='word_1_230' title='bbox 2805 1703 3004 1760; x_wconf 87' lang='lat' dir='ltr'><strong>domno</strong></span> <span class='ocrx_word' id='word_1_231' title='bbox 3041 1706 3153 1775; x_wconf 85' lang='lat' dir='ltr'><strong>regi</strong></span> <span class='ocrx_word' id='word_1_232' title='bbox 3183 1706 3391 1761; x_wconf 87' lang='lat' dir='ltr'><strong>litteras</strong></span> 
     </span>
    </p>
   </div>
   <div class='ocr_carea' id='block_1_33' title="bbox 121 1775 3394 1864">
    <p class='ocr_par' dir='ltr' id='par_1_33' title="bbox 121 1775 3394 1864">
     <span class='ocr_line' id='line_1_33' title="bbox 121 1775 3394 1864; baseline 0.004 -27"><span class='ocrx_word' id='word_1_233' title='bbox 121 1786 350 1856; x_wconf 87' lang='lat' dir='ltr'><strong>judicio,</strong></span> <span class='ocrx_word' id='word_1_234' title='bbox 380 1796 440 1840; x_wconf 94' lang='lat' dir='ltr'><strong>ut</strong></span> <span class='ocrx_word' id='word_1_235' title='bbox 465 1787 706 1857; x_wconf 71' lang='lat' dir='ltr'><strong>prtedixi,</strong></span> <span class='ocrx_word' id='word_1_236' title='bbox 725 1787 938 1842; x_wconf 89' lang='lat' dir='ltr'><strong>incaute</strong></span> <span class='ocrx_word' id='word_1_237' title='bbox 962 1803 1024 1840; x_wconf 89' lang='lat' dir='ltr'><strong>ac</strong></span> <span class='ocrx_word' id='word_1_238' title='bbox 1047 1787 1328 1842; x_wconf 89' lang='lat' dir='ltr'><strong>inhoneste</strong></span> <span class='ocrx_word' id='word_1_239' title='bbox 1355 1788 1478 1858; x_wconf 87' lang='lat' dir='ltr'><strong>l‘uga</strong></span> <span class='ocrx_word' id='word_1_240' title='bbox 1505 1788 1708 1859; x_wconf 86' lang='lat' dir='ltr'><strong>lapsus,</strong></span> <span class='ocrx_word' id='word_1_241' title='bbox 1738 1775 1784 1834; x_wconf 77' lang='grc' dir='ltr'>Β</span> <span class='ocrx_word' id='word_1_242' title='bbox 1814 1796 1934 1842; x_wconf 90' lang='lat' dir='ltr'><strong>tuas</strong></span> <span class='ocrx_word' id='word_1_243' title='bbox 1960 1788 2230 1856; x_wconf 81' lang='lat' dir='ltr'><strong>direxisti,</strong></span> <span class='ocrx_word' id='word_1_244' title='bbox 2259 1805 2527 1848; x_wconf 85' lang='lat' dir='ltr'><strong>excusans</strong></span> <span class='ocrx_word' id='word_1_245' title='bbox 2555 1802 2625 1860; x_wconf 92' lang='lat' dir='ltr'><strong>te,</strong></span> <span class='ocrx_word' id='word_1_246' title='bbox 2667 1795 2923 1864; x_wconf 91' lang='lat' dir='ltr'><strong>quoniam</strong></span> <span class='ocrx_word' id='word_1_247' title='bbox 2951 1797 3018 1851; x_wconf 89' lang='lat' dir='ltr'><strong>ad</strong></span> <span class='ocrx_word' id='word_1_248' title='bbox 3061 1798 3208 1852; x_wconf 90' lang='lat' dir='ltr'><strong>illum</strong></span> <span class='ocrx_word' id='word_1_249' title='bbox 3250 1798 3394 1852; x_wconf 92' lang='lat' dir='ltr'><strong>sicut</strong></span> 
     </span>
    </p>
   </div>
   <div class='ocr_carea' id='block_1_34' title="bbox 127 1878 1706 1951">
    <p class='ocr_par' dir='ltr' id='par_1_34' title="bbox 127 1878 1706 1951">
     <span class='ocr_line' id='line_1_34' title="bbox 127 1878 1706 1951; baseline 0.003 -19"><span class='ocrx_word' id='word_1_250' title='bbox 127 1878 426 1934; x_wconf 86' lang='lat' dir='ltr'><strong>abscedens</strong></span> <span class='ocrx_word' id='word_1_251' title='bbox 479 1880 789 1951; x_wconf 88' lang='lat' dir='ltr'><strong>pitaciolum</strong></span> <span class='ocrx_word' id='word_1_252' title='bbox 849 1880 1294 1936; x_wconf 85' lang='lat' dir='ltr'><strong>irrationabiliter</strong></span> <span class='ocrx_word' id='word_1_253' title='bbox 1356 1883 1657 1937; x_wconf 78' lang='lat' dir='ltr'><strong>confectum</strong></span> <span class='ocrx_word' id='word_1_254' title='bbox 1691 1925 1706 1950; x_wconf 92' lang='lat'><strong>,</strong></span> 
     </span>
    </p>
   </div>
   <div class='ocr_carea' id='block_1_35' title="bbox 125 1971 1710 2044">
    <p class='ocr_par' dir='ltr' id='par_1_35' title="bbox 125 1971 1710 2044">
     <span class='ocr_line' id='line_1_35' title="bbox 125 1971 1710 2044; baseline 0.004 -20"><span class='ocrx_word' id='word_1_255' title='bbox 125 1979 178 2024; x_wconf 91' lang='lat' dir='ltr'><strong>et</strong></span> <span class='ocrx_word' id='word_1_256' title='bbox 204 1985 369 2026; x_wconf 90' lang='lat' dir='ltr'><strong>manu</strong></span> <span class='ocrx_word' id='word_1_257' title='bbox 393 1979 482 2026; x_wconf 89' lang='lat' dir='ltr'><strong>tua</strong></span> <span class='ocrx_word' id='word_1_258' title='bbox 510 1973 892 2044; x_wconf 88' lang='lat' dir='ltr'><strong>subscriptum,</strong></span> <span class='ocrx_word' id='word_1_259' title='bbox 911 1987 974 2026; x_wconf 90' lang='lat' dir='ltr'><strong>ac</strong></span> <span class='ocrx_word' id='word_1_260' title='bbox 994 1971 1230 2043; x_wconf 75' lang='lat' dir='ltr'><strong>przel‘atze</strong></span> <span class='ocrx_word' id='word_1_261' title='bbox 1255 1973 1575 2042; x_wconf 75' lang='lat' dir='ltr'><strong>professioni</strong></span> <span class='ocrx_word' id='word_1_262' title='bbox 1607 1983 1710 2031; x_wconf 77' lang='lat' dir='ltr'><strong>tua:</strong></span> 
     </span>
    </p>
   </div>
   <div class='ocr_carea' id='block_1_36' title="bbox 123 2064 1709 2134">
    <p class='ocr_par' dir='ltr' id='par_1_36' title="bbox 123 2064 1709 2134">
     <span class='ocr_line' id='line_1_36' title="bbox 123 2064 1709 2134; baseline 0.005 -22"><span class='ocrx_word' id='word_1_263' title='bbox 123 2075 514 2132; x_wconf 76' lang='lat' dir='ltr'><strong>usquequaque</strong></span> <span class='ocrx_word' id='word_1_264' title='bbox 555 2065 907 2126; x_wconf 88' lang='lat' dir='ltr'><strong>contrarium,</strong></span> <span class='ocrx_word' id='word_1_265' title='bbox 964 2079 1060 2134; x_wconf 92' lang='lat' dir='ltr'><strong>per</strong></span> <span class='ocrx_word' id='word_1_266' title='bbox 1104 2064 1486 2119; x_wconf 87' lang='lat' dir='ltr'><strong>Ermenoldum</strong></span> <span class='ocrx_word' id='word_1_267' title='bbox 1537 2066 1709 2120; x_wconf 83' lang='lat' dir='ltr'><strong>diaco-</strong></span> 
     </span>
    </p>
   </div>
   <div class='ocr_carea' id='block_1_37' title="bbox 123 2154 1707 2214">
    <p class='ocr_par' dir='ltr' id='par_1_37' title="bbox 123 2154 1707 2214">
     <span class='ocr_line' id='line_1_37' title="bbox 123 2154 1707 2214; baseline 0.008 -12"><span class='ocrx_word' id='word_1_268' title='bbox 123 2165 256 2204; x_wconf 90' lang='lat' dir='ltr'><strong>num</strong></span> <span class='ocrx_word' id='word_1_269' title='bbox 305 2161 454 2207; x_wconf 92' lang='lat' dir='ltr'><strong>tuum</strong></span> <span class='ocrx_word' id='word_1_270' title='bbox 506 2170 559 2209; x_wconf 81' lang='lat' dir='ltr'><strong>vt</strong></span> <span class='ocrx_word' id='word_1_271' title='bbox 615 2154 798 2212; x_wconf 80' lang='lat' dir='ltr'><strong>Nonas</strong></span> <span class='ocrx_word' id='word_1_272' title='bbox 852 2154 1020 2210; x_wconf 86' lang='lat' dir='ltr'><strong>Julias</strong></span> <span class='ocrx_word' id='word_1_273' title='bbox 1078 2171 1138 2210; x_wconf 87' lang='lat' dir='ltr'><strong>ut</strong></span> <span class='ocrx_word' id='word_1_274' title='bbox 1216 2155 1528 2212; x_wconf 90' lang='lat' dir='ltr'><strong>lndictionis</strong></span> <span class='ocrx_word' id='word_1_275' title='bbox 1575 2159 1707 2214; x_wconf 87' lang='lat' dir='ltr'><strong>mihi</strong></span> 
     </span>
    </p>
   </div>
   <div class='ocr_carea' id='block_1_38' title="bbox 118 2239 1708 2311">
    <p class='ocr_par' dir='ltr' id='par_1_38' title="bbox 118 2239 1708 2311">
     <span class='ocr_line' id='line_1_38' title="bbox 118 2239 1708 2311; baseline 0.006 -20"><span class='ocrx_word' id='word_1_276' title='bbox 118 2239 356 2305; x_wconf 90' lang='lat' dir='ltr'><strong>misisti,</strong></span> <span class='ocrx_word' id='word_1_277' title='bbox 392 2242 537 2311; x_wconf 88' lang='lat' dir='ltr'><strong>quod</strong></span> <span class='ocrx_word' id='word_1_278' title='bbox 592 2243 668 2297; x_wconf 89' lang='lat' dir='ltr'><strong>ita</strong></span> <span class='ocrx_word' id='word_1_279' title='bbox 701 2259 760 2298; x_wconf 90' lang='lat' dir='ltr'><strong>se</strong></span> <span class='ocrx_word' id='word_1_280' title='bbox 814 2244 994 2298; x_wconf 87' lang='lat' dir='ltr'><strong>habet.</strong></span> <span class='ocrx_word' id='word_1_281' title='bbox 1025 2242 1454 2299; x_wconf 67' lang='lat' dir='ltr'><strong>Reuerentissimo</strong></span> <span class='ocrx_word' id='word_1_282' title='bbox 1485 2245 1708 2300; x_wconf 83' lang='lat' dir='ltr'><strong>Rhemo-</strong></span> 
     </span>
    </p>
   </div>
   <div class='ocr_carea' id='block_1_39' title="bbox 116 2333 1742 2404">
    <p class='ocr_par' dir='ltr' id='par_1_39' title="bbox 116 2333 1742 2404">
     <span class='ocr_line' id='line_1_39' title="bbox 116 2333 1742 2404; baseline 0.005 -22"><span class='ocrx_word' id='word_1_283' title='bbox 116 2346 238 2384; x_wconf 75' lang='lat' dir='ltr'><strong>rum</strong></span> <span class='ocrx_word' id='word_1_284' title='bbox 283 2333 670 2404; x_wconf 71' lang='lat' dir='ltr'><strong>archiepiscopo</strong></span> <span class='ocrx_word' id='word_1_285' title='bbox 715 2333 1035 2399; x_wconf 82' lang='lat' dir='ltr'><strong>Hincmaro,</strong></span> <span class='ocrx_word' id='word_1_286' title='bbox 1083 2345 1278 2388; x_wconf 81' lang='lat' dir='ltr'><strong>sancta:</strong></span> <span class='ocrx_word' id='word_1_287' title='bbox 1338 2334 1742 2391; x_wconf 56' lang='lat' dir='ltr'><strong>Laudunemis”</strong></span> 
     </span>
    </p>
   </div>
   <div class='ocr_carea' id='block_1_40' title="bbox 114 2418 1705 2496">
    <p class='ocr_par' dir='ltr' id='par_1_40' title="bbox 114 2418 1705 2496">
     <span class='ocr_line' id='line_1_40' title="bbox 114 2418 1705 2496; baseline 0.006 -25"><span class='ocrx_word' id='word_1_288' title='bbox 114 2418 357 2474; x_wconf 77' lang='lat' dir='ltr'><strong>ccclesia:</strong></span> <span class='ocrx_word' id='word_1_289' title='bbox 379 2421 700 2478; x_wconf 78' lang='lat' dir='ltr'><strong>Hincmarus</strong></span> <span class='ocrx_word' id='word_1_290' title='bbox 741 2424 852 2478; x_wconf 86' lang='lat' dir='ltr'><strong>Deo</strong></span> <span class='ocrx_word' id='word_1_291' title='bbox 880 2425 1158 2479; x_wconf 72' lang='lat' dir='ltr'><strong>miserante</strong></span> <span class='ocrx_word' id='word_1_292' title='bbox 1183 2425 1426 2496; x_wconf 77' lang='lat' dir='ltr'><strong>epicopus</strong></span> <span class='ocrx_word' id='word_1_293' title='bbox 1478 2426 1705 2481; x_wconf 82' lang='lat' dir='ltr'><strong>debitam</strong></span> 
     </span>
    </p>
   </div>
   <div class='ocr_carea' id='block_1_41' title="bbox 115 2507 1704 2585">
    <p class='ocr_par' dir='ltr' id='par_1_41' title="bbox 115 2507 1704 2585">
     <span class='ocr_line' id='line_1_41' title="bbox 115 2507 1704 2585; baseline 0.007 -24"><span class='ocrx_word' id='word_1_294' title='bbox 115 2507 173 2562; x_wconf 76' lang='lat' dir='ltr'><strong>in</strong></span> <span class='ocrx_word' id='word_1_295' title='bbox 201 2507 414 2566; x_wconf 74' lang='lat' dir='ltr'><strong>Christo</strong></span> <span class='ocrx_word' id='word_1_296' title='bbox 434 2512 777 2568; x_wconf 78' lang='lat' dir='ltr'><strong>devotionem.</strong></span> <span class='ocrx_word' id='word_1_297' title='bbox 814 2513 921 2570; x_wconf 87' lang='lat' dir='ltr'><strong>Vos</strong></span> <span class='ocrx_word' id='word_1_298' title='bbox 940 2516 1112 2581; x_wconf 90' lang='lat' dir='ltr'><strong>scitis,</strong></span> <span class='ocrx_word' id='word_1_299' title='bbox 1151 2515 1276 2585; x_wconf 86' lang='lat' dir='ltr'><strong>quia</strong></span> <span class='ocrx_word' id='word_1_300' title='bbox 1301 2516 1369 2570; x_wconf 89' lang='lat' dir='ltr'><strong>ab</strong></span> <span class='ocrx_word' id='word_1_301' title='bbox 1412 2517 1704 2572; x_wconf 89' lang='lat' dir='ltr'><strong>universali</strong></span> 
     </span>
    </p>
   </div>
   <div class='ocr_carea' id='block_1_42' title="bbox 114 2606 1708 2685">
    <p class='ocr_par' dir='ltr' id='par_1_42' title="bbox 114 2606 1708 2685">
     <span class='ocr_line' id='line_1_42' title="bbox 114 2606 1708 2685; baseline 0.006 -28"><span class='ocrx_word' id='word_1_302' title='bbox 114 2614 324 2661; x_wconf 67' lang='lat' dir='ltr'><strong>sancta:</strong></span> <span class='ocrx_word' id='word_1_303' title='bbox 352 2606 610 2663; x_wconf 69' lang='lat' dir='ltr'><strong>Romanae</strong></span> <span class='ocrx_word' id='word_1_304' title='bbox 636 2609 892 2666; x_wconf 66' lang='lat' dir='ltr'><strong>Ecclesiae</strong></span> <span class='ocrx_word' id='word_1_305' title='bbox 920 2627 1080 2683; x_wconf 90' lang='lat' dir='ltr'><strong>papa,</strong></span> <span class='ocrx_word' id='word_1_306' title='bbox 1103 2622 1259 2682; x_wconf 84' lang='lat' dir='ltr'><strong>patre</strong></span> <span class='ocrx_word' id='word_1_307' title='bbox 1279 2629 1493 2685; x_wconf 86' lang='lat' dir='ltr'><strong>quoque</strong></span> <span class='ocrx_word' id='word_1_308' title='bbox 1517 2623 1708 2668; x_wconf 90' lang='lat' dir='ltr'><strong>nostro</strong></span> 
     </span>
    </p>
   </div>
   <div class='ocr_carea' id='block_1_43' title="bbox 107 2695 1700 2774">
    <p class='ocr_par' dir='ltr' id='par_1_43' title="bbox 107 2695 1700 2774">
     <span class='ocr_line' id='line_1_43' title="bbox 107 2695 1700 2774; baseline 0.007 -27"><span class='ocrx_word' id='word_1_309' title='bbox 107 2702 170 2748; x_wconf 88' lang='lat' dir='ltr'><strong>et</strong></span> <span class='ocrx_word' id='word_1_310' title='bbox 192 2695 457 2766; x_wconf 83' lang='lat' dir='ltr'><strong>magistro</strong></span> <span class='ocrx_word' id='word_1_311' title='bbox 489 2697 761 2754; x_wconf 83' lang='lat' dir='ltr'><strong>Hadriano</strong></span> <span class='ocrx_word' id='word_1_312' title='bbox 781 2701 866 2754; x_wconf 88' lang='lat' dir='ltr'><strong>bis</strong></span> <span class='ocrx_word' id='word_1_313' title='bbox 888 2711 1110 2757; x_wconf 89' lang='lat' dir='ltr'><strong>vocatus</strong></span> <span class='ocrx_word' id='word_1_314' title='bbox 1129 2703 1324 2768; x_wconf 90' lang='lat' dir='ltr'><strong>existo,</strong></span> <span class='ocrx_word' id='word_1_315' title='bbox 1353 2713 1409 2759; x_wconf 87' lang='lat' dir='ltr'><strong>et</strong></span> <span class='ocrx_word' id='word_1_316' title='bbox 1469 2719 1564 2760; x_wconf 91' lang='lat' dir='ltr'><strong>vos</strong></span> <span class='ocrx_word' id='word_1_317' title='bbox 1599 2704 1700 2774; x_wconf 90' lang='lat' dir='ltr'><strong>ipsi</strong></span> 
     </span>
    </p>
   </div>
   <div class='ocr_carea' id='block_1_44' title="bbox 109 2782 1703 2866">
    <p class='ocr_par' dir='ltr' id='par_1_44' title="bbox 109 2782 1703 2866">
     <span class='ocr_line' id='line_1_44' title="bbox 109 2782 1703 2866; baseline 0.008 -29"><span class='ocrx_word' id='word_1_318' title='bbox 109 2782 169 2866; x_wconf 75' lang='lat' dir='ltr'><strong>in</strong></span> <span class='ocrx_word' id='word_1_319' title='bbox 195 2786 676 2854; x_wconf 84' lang='lat' dir='ltr'><strong>quaterniouibus,</strong></span> <span class='ocrx_word' id='word_1_320' title='bbox 707 2789 836 2844; x_wconf 90' lang='lat' dir='ltr'><strong>mihi</strong></span> <span class='ocrx_word' id='word_1_321' title='bbox 862 2790 893 2844; x_wconf 74' lang='grc' dir='ltr'><strong>ει</strong></span> <span class='ocrx_word' id='word_1_322' title='bbox 914 2791 1068 2847; x_wconf 89' lang='lat' dir='ltr'><strong>vobis</strong></span> <span class='ocrx_word' id='word_1_323' title='bbox 1117 2792 1170 2847; x_wconf 92' lang='lat' dir='ltr'><strong>in</strong></span> <span class='ocrx_word' id='word_1_324' title='bbox 1205 2793 1476 2849; x_wconf 88' lang='lat' dir='ltr'><strong>Attiuiaco</strong></span> <span class='ocrx_word' id='word_1_325' title='bbox 1500 2794 1703 2864; x_wconf 89' lang='lat' dir='ltr'><strong>palatio</strong></span> 
     </span>
    </p>
   </div>
   <div class='ocr_carea' id='block_1_45' title="bbox 109 2874 1699 2952">
    <p class='ocr_par' dir='ltr' id='par_1_45' title="bbox 109 2874 1699 2952">
     <span class='ocr_line' id='line_1_45' title="bbox 109 2874 1699 2952; baseline 0.01 -27"><span class='ocrx_word' id='word_1_326' title='bbox 109 2885 309 2926; x_wconf 91' lang='lat' dir='ltr'><strong>coram</strong></span> <span class='ocrx_word' id='word_1_327' title='bbox 338 2874 758 2946; x_wconf 91' lang='lat' dir='ltr'><strong>archiepiscopis</strong></span> <span class='ocrx_word' id='word_1_328' title='bbox 783 2887 839 2932; x_wconf 88' lang='lat' dir='ltr'><strong>et</strong></span> <span class='ocrx_word' id='word_1_329' title='bbox 864 2880 1134 2951; x_wconf 89' lang='lat' dir='ltr'><strong>episcopis</strong></span> <span class='ocrx_word' id='word_1_330' title='bbox 1160 2882 1252 2952; x_wconf 89' lang='lat' dir='ltr'><strong>qui</strong></span> <span class='ocrx_word' id='word_1_331' title='bbox 1283 2882 1577 2940; x_wconf 79' lang='lat' dir='ltr'><strong>adfuerunt</strong></span> <span class='ocrx_word' id='word_1_332' title='bbox 1603 2885 1699 2940; x_wconf 88' lang='lat' dir='ltr'><strong>da-</strong></span> 
     </span>
    </p>
   </div>
   <div class='ocr_carea' id='block_1_46' title="bbox 107 2962 1699 3034">
    <p class='ocr_par' dir='ltr' id='par_1_46' title="bbox 107 2962 1699 3034">
     <span class='ocr_line' id='line_1_46' title="bbox 107 2962 1699 3034; baseline 0.01 -18"><span class='ocrx_word' id='word_1_333' title='bbox 107 2962 206 3027; x_wconf 89' lang='lat' dir='ltr'><strong>tis,</strong></span> <span class='ocrx_word' id='word_1_334' title='bbox 241 2964 385 3034; x_wconf 88' lang='lat' dir='ltr'><strong>quod</strong></span> <span class='ocrx_word' id='word_1_335' title='bbox 421 2965 489 3020; x_wconf 90' lang='lat' dir='ltr'><strong>ad</strong></span> <span class='ocrx_word' id='word_1_336' title='bbox 515 2967 758 3022; x_wconf 88' lang='lat' dir='ltr'><strong>eamdem</strong></span> <span class='ocrx_word' id='word_1_337' title='bbox 786 2972 966 3024; x_wconf 90' lang='lat' dir='ltr'><strong>sedem</strong></span> <span class='ocrx_word' id='word_1_338' title='bbox 997 2972 1180 3027; x_wconf 91' lang='lat' dir='ltr'><strong>venire</strong></span> <span class='ocrx_word' id='word_1_339' title='bbox 1211 2974 1431 3029; x_wconf 88' lang='lat' dir='ltr'><strong>totidem</strong></span> <span class='ocrx_word' id='word_1_340' title='bbox 1478 2984 1699 3032; x_wconf 90' lang='lat' dir='ltr'><strong>vocatus</strong></span> 
     </span>
    </p>
   </div>
   <div class='ocr_carea' id='block_1_47' title="bbox 103 3053 1694 3135">
    <p class='ocr_par' dir='ltr' id='par_1_47' title="bbox 103 3053 1694 3135">
     <span class='ocr_line' id='line_1_47' title="bbox 103 3053 1694 3135; baseline 0.008 -28"><span class='ocrx_word' id='word_1_341' title='bbox 103 3053 436 3120; x_wconf 88' lang='lat' dir='ltr'><strong>detrectem,</strong></span> <span class='ocrx_word' id='word_1_342' title='bbox 458 3071 545 3110; x_wconf 89' lang='lat' dir='ltr'><strong>me</strong></span> <span class='ocrx_word' id='word_1_343' title='bbox 567 3059 1008 3127; x_wconf 87' lang='lat' dir='ltr'><strong>reprehendistis,</strong></span> <span class='ocrx_word' id='word_1_344' title='bbox 1035 3063 1080 3116; x_wconf 90' lang='lat' dir='ltr'><strong>si</strong></span> <span class='ocrx_word' id='word_1_345' title='bbox 1110 3063 1241 3118; x_wconf 91' lang='lat' dir='ltr'><strong>vitio</strong></span> <span class='ocrx_word' id='word_1_346' title='bbox 1267 3064 1549 3135; x_wconf 89' lang='lat' dir='ltr'><strong>scriptoris</strong></span> <span class='ocrx_word' id='word_1_347' title='bbox 1597 3081 1694 3135; x_wconf 91' lang='lat' dir='ltr'><strong>pro</strong></span> 
     </span>
    </p>
   </div>
   <div class='ocr_carea' id='block_1_48' title="bbox 1815 1877 3391 1952">
    <p class='ocr_par' dir='ltr' id='par_1_48' title="bbox 1815 1877 3391 1952">
     <span class='ocr_line' id='line_1_48' title="bbox 1815 1877 3391 1952; baseline 0.006 -22"><span class='ocrx_word' id='word_1_348' title='bbox 1815 1877 1909 1934; x_wconf 90' lang='lat' dir='ltr'><strong>tibi</strong></span> <span class='ocrx_word' id='word_1_349' title='bbox 1940 1879 2288 1934; x_wconf 88' lang='lat' dir='ltr'><strong>mandaverat</strong></span> <span class='ocrx_word' id='word_1_350' title='bbox 2311 1880 2496 1936; x_wconf 91' lang='lat' dir='ltr'><strong>venire</strong></span> <span class='ocrx_word' id='word_1_351' title='bbox 2522 1897 2626 1936; x_wconf 92' lang='lat' dir='ltr'><strong>non</strong></span> <span class='ocrx_word' id='word_1_352' title='bbox 2658 1896 2861 1952; x_wconf 88' lang='lat' dir='ltr'><strong>posses,</strong></span> <span class='ocrx_word' id='word_1_353' title='bbox 2897 1885 3022 1952; x_wconf 87' lang='lat' dir='ltr'><strong>quia</strong></span> <span class='ocrx_word' id='word_1_354' title='bbox 3071 1886 3391 1940; x_wconf 84' lang='lat' dir='ltr'><strong>febricitans</strong></span> 
     </span>
    </p>
   </div>
   <div class='ocr_carea' id='block_1_49' title="bbox 1811 1969 3390 2041">
    <p class='ocr_par' dir='ltr' id='par_1_49' title="bbox 1811 1969 3390 2041">
     <span class='ocr_line' id='line_1_49' title="bbox 1811 1969 3390 2041; baseline 0.005 -19"><span class='ocrx_word' id='word_1_355' title='bbox 1811 1976 1868 2022; x_wconf 93' lang='lat' dir='ltr'><strong>ut</strong></span> <span class='ocrx_word' id='word_1_356' title='bbox 1893 1976 1944 2023; x_wconf 93' lang='lat' dir='ltr'><strong>te</strong></span> <span class='ocrx_word' id='word_1_357' title='bbox 1974 1969 2054 2025; x_wconf 89' lang='lat' dir='ltr'><strong>sol</strong></span> <span class='ocrx_word' id='word_1_358' title='bbox 2079 1979 2320 2040; x_wconf 77' lang='lat' dir='ltr'><strong>tangeret</strong></span> <span class='ocrx_word' id='word_1_359' title='bbox 2343 1969 2570 2026; x_wconf 72' lang='lat' dir='ltr'><strong>sull’erre</strong></span> <span class='ocrx_word' id='word_1_360' title='bbox 2591 1974 2852 2041; x_wconf 89' lang='lat' dir='ltr'><strong>nequibas</strong></span> <span class='ocrx_word' id='word_1_361' title='bbox 2877 1990 2892 2027; x_wconf 88' lang='lat'><strong>:</strong></span> <span class='ocrx_word' id='word_1_362' title='bbox 2921 1975 3013 2029; x_wconf 91' lang='lat' dir='ltr'><strong>sed</strong></span> <span class='ocrx_word' id='word_1_363' title='bbox 3039 1975 3132 2029; x_wconf 88' lang='lat' dir='ltr'><strong>tibi</strong></span> <span class='ocrx_word' id='word_1_364' title='bbox 3161 1975 3390 2030; x_wconf 87' lang='lat' dir='ltr'><strong>Romam</strong></span> 
     </span>
    </p>
   </div>
   <div class='ocr_carea' id='block_1_50' title="bbox 1809 2061 3389 2136">
    <p class='ocr_par' dir='ltr' id='par_1_50' title="bbox 1809 2061 3389 2136">
     <span class='ocr_line' id='line_1_50' title="bbox 1809 2061 3389 2136; baseline 0.004 -22"><span class='ocrx_word' id='word_1_365' title='bbox 1809 2061 1971 2116; x_wconf 90' lang='lat' dir='ltr'><strong>eundi</strong></span> <span class='ocrx_word' id='word_1_366' title='bbox 2008 2061 2285 2117; x_wconf 86' lang='lat' dir='ltr'><strong>licentiam</strong></span> <span class='ocrx_word' id='word_1_367' title='bbox 2313 2061 2469 2118; x_wconf 89' lang='lat' dir='ltr'><strong>daret</strong></span> <span class='ocrx_word' id='word_1_368' title='bbox 2511 2065 2804 2119; x_wconf 88' lang='lat' dir='ltr'><strong>secundum</strong></span> <span class='ocrx_word' id='word_1_369' title='bbox 2834 2076 3016 2120; x_wconf 89' lang='lat' dir='ltr'><strong>votum</strong></span> <span class='ocrx_word' id='word_1_370' title='bbox 3052 2078 3199 2121; x_wconf 90' lang='lat' dir='ltr'><strong>tuum</strong></span> <span class='ocrx_word' id='word_1_371' title='bbox 3245 2069 3389 2136; x_wconf 90' lang='lat' dir='ltr'><strong>quod</strong></span> 
     </span>
    </p>
   </div>
   <div class='ocr_carea' id='block_1_51' title="bbox 1808 2151 3390 2222">
    <p class='ocr_par' dir='ltr' id='par_1_51' title="bbox 1808 2151 3390 2222">
     <span class='ocr_line' id='line_1_51' title="bbox 1808 2151 3390 2222; baseline 0.006 -19"><span class='ocrx_word' id='word_1_372' title='bbox 1808 2151 2026 2216; x_wconf 87' lang='lat' dir='ltr'><strong>vovisti,</strong></span> <span class='ocrx_word' id='word_1_373' title='bbox 2069 2153 2287 2221; x_wconf 87' lang='lat' dir='ltr'><strong>quando</strong></span> <span class='ocrx_word' id='word_1_374' title='bbox 2316 2153 2487 2208; x_wconf 88' lang='lat' dir='ltr'><strong>altera</strong></span> <span class='ocrx_word' id='word_1_375' title='bbox 2529 2155 2649 2209; x_wconf 87' lang='lat' dir='ltr'><strong>vice</strong></span> <span class='ocrx_word' id='word_1_376' title='bbox 2699 2154 2906 2211; x_wconf 80' lang='lat' dir='ltr'><strong>febrem</strong></span> <span class='ocrx_word' id='word_1_377' title='bbox 2940 2158 3198 2222; x_wconf 89' lang='lat' dir='ltr'><strong>habuisti,</strong></span> <span class='ocrx_word' id='word_1_378' title='bbox 3231 2168 3290 2211; x_wconf 89' lang='lat' dir='ltr'><strong>ut</strong></span> <span class='ocrx_word' id='word_1_379' title='bbox 3320 2158 3390 2212; x_wconf 88' lang='lat' dir='ltr'><strong>ad</strong></span> 
     </span>
    </p>
   </div>
   <div class='ocr_carea' id='block_1_52' title="bbox 1808 2245 3393 2312">
    <p class='ocr_par' dir='ltr' id='par_1_52' title="bbox 1808 2245 3393 2312">
     <span class='ocr_line' id='line_1_52' title="bbox 1808 2245 3393 2312; baseline 0.003 -15"><span class='ocrx_word' id='word_1_380' title='bbox 1808 2250 2118 2297; x_wconf 86' lang='lat' dir='ltr'><strong>sanctorum</strong></span> <span class='ocrx_word' id='word_1_381' title='bbox 2168 2245 2535 2312; x_wconf 90' lang='lat' dir='ltr'><strong>apostolorum</strong></span> <span class='ocrx_word' id='word_1_382' title='bbox 2588 2245 2772 2298; x_wconf 89' lang='lat' dir='ltr'><strong>limina</strong></span> <span class='ocrx_word' id='word_1_383' title='bbox 2827 2247 2968 2300; x_wconf 90' lang='lat' dir='ltr'><strong>sicut</strong></span> <span class='ocrx_word' id='word_1_384' title='bbox 3016 2263 3244 2302; x_wconf 87' lang='lat' dir='ltr'><strong>voveras</strong></span> <span class='ocrx_word' id='word_1_385' title='bbox 3299 2263 3393 2302; x_wconf 79' lang='lat' dir='ltr'><strong>ve-</strong></span> 
     </span>
    </p>
   </div>
   <div class='ocr_carea' id='block_1_53' title="bbox 1806 2331 3389 2398">
    <p class='ocr_par' dir='ltr' id='par_1_53' title="bbox 1806 2331 3389 2398">
     <span class='ocr_line' id='line_1_53' title="bbox 1806 2331 3389 2398; baseline 0.004 -13"><span class='ocrx_word' id='word_1_386' title='bbox 1806 2331 1987 2398; x_wconf 89' lang='lat' dir='ltr'><strong>niens,</strong></span> <span class='ocrx_word' id='word_1_387' title='bbox 2015 2332 2214 2387; x_wconf 90' lang='lat' dir='ltr'><strong>ibidem</strong></span> <span class='ocrx_word' id='word_1_388' title='bbox 2241 2335 2309 2389; x_wconf 90' lang='lat' dir='ltr'><strong>ab</strong></span> <span class='ocrx_word' id='word_1_389' title='bbox 2335 2335 2526 2389; x_wconf 88' lang='lat' dir='ltr'><strong>eadem</strong></span> <span class='ocrx_word' id='word_1_390' title='bbox 2575 2334 2725 2388; x_wconf 80' lang='lat' dir='ltr'><strong>febre</strong></span> <span class='ocrx_word' id='word_1_391' title='bbox 2755 2335 3083 2391; x_wconf 84' lang='lat' dir='ltr'><strong>liberareris.</strong></span> <span class='ocrx_word' id='word_1_392' title='bbox 3113 2337 3163 2392; x_wconf 94' lang='lat' dir='ltr'><strong>ls</strong></span> <span class='ocrx_word' id='word_1_393' title='bbox 3203 2347 3389 2392; x_wconf 90' lang='lat' dir='ltr'><strong>autem</strong></span> 
     </span>
    </p>
   </div>
   <div class='ocr_carea' id='block_1_54' title="bbox 1807 2423 3391 2496">
    <p class='ocr_par' dir='ltr' id='par_1_54' title="bbox 1807 2423 3391 2496">
     <span class='ocr_line' id='line_1_54' title="bbox 1807 2423 3391 2496; baseline 0.004 -18"><span class='ocrx_word' id='word_1_394' title='bbox 1807 2423 2037 2480; x_wconf 89' lang='lat' dir='ltr'><strong>domnus</strong></span> <span class='ocrx_word' id='word_1_395' title='bbox 2082 2441 2200 2490; x_wconf 83' lang='lat' dir='ltr'><strong>rex,</strong></span> <span class='ocrx_word' id='word_1_396' title='bbox 2233 2442 2418 2481; x_wconf 90' lang='lat' dir='ltr'><strong>coram</strong></span> <span class='ocrx_word' id='word_1_397' title='bbox 2456 2427 2729 2496; x_wconf 90' lang='lat' dir='ltr'><strong>episcopis</strong></span> <span class='ocrx_word' id='word_1_398' title='bbox 2755 2435 2810 2482; x_wconf 89' lang='lat' dir='ltr'><strong>et</strong></span> <span class='ocrx_word' id='word_1_399' title='bbox 2852 2427 2972 2482; x_wconf 87' lang='lat' dir='ltr'><strong>aliis</strong></span> <span class='ocrx_word' id='word_1_400' title='bbox 2999 2428 3112 2483; x_wconf 88' lang='lat' dir='ltr'><strong>suis</strong></span> <span class='ocrx_word' id='word_1_401' title='bbox 3143 2428 3391 2484; x_wconf 83' lang='lat' dir='ltr'><strong>ﬁdelibus</strong></span> 
     </span>
    </p>
   </div>
   <div class='ocr_carea' id='block_1_55' title="bbox 1805 2512 3391 2586">
    <p class='ocr_par' dir='ltr' id='par_1_55' title="bbox 1805 2512 3391 2586">
     <span class='ocr_line' id='line_1_55' title="bbox 1805 2512 3391 2586; baseline 0.005 -20"><span class='ocrx_word' id='word_1_402' title='bbox 1805 2512 1897 2581; x_wconf 87' lang='lat' dir='ltr'><strong>qui</strong></span> <span class='ocrx_word' id='word_1_403' title='bbox 1925 2513 2248 2580; x_wconf 83' lang='lat' dir='ltr'><strong>adfuerunt,</strong></span> <span class='ocrx_word' id='word_1_404' title='bbox 2279 2515 2373 2570; x_wconf 92' lang='lat' dir='ltr'><strong>tibi</strong></span> <span class='ocrx_word' id='word_1_405' title='bbox 2413 2531 2510 2586; x_wconf 87' lang='lat' dir='ltr'><strong>per</strong></span> <span class='ocrx_word' id='word_1_406' title='bbox 2547 2518 2796 2572; x_wconf 82' lang='lat' dir='ltr'><strong>eutndem</strong></span> <span class='ocrx_word' id='word_1_407' title='bbox 2839 2517 3094 2572; x_wconf 89' lang='lat' dir='ltr'><strong>clericum</strong></span> <span class='ocrx_word' id='word_1_408' title='bbox 3127 2527 3274 2582; x_wconf 86' lang='lat' dir='ltr'><strong>tuum</strong></span> <span class='ocrx_word' id='word_1_409' title='bbox 3306 2535 3391 2574; x_wconf 88' lang='lat' dir='ltr'><strong>re-</strong></span> 
     </span>
    </p>
   </div>
   <div class='ocr_carea' id='block_1_56' title="bbox 1805 2601 3387 2678">
    <p class='ocr_par' dir='ltr' id='par_1_56' title="bbox 1805 2601 3387 2678">
     <span class='ocr_line' id='line_1_56' title="bbox 1805 2601 3387 2678; baseline 0.007 -23"><span class='ocrx_word' id='word_1_410' title='bbox 1805 2601 2103 2670; x_wconf 89' lang='lat' dir='ltr'><strong>mandavit,</strong></span> <span class='ocrx_word' id='word_1_411' title='bbox 2132 2606 2328 2659; x_wconf 91' lang='lat' dir='ltr'><strong>mirum</strong></span> <span class='ocrx_word' id='word_1_412' title='bbox 2357 2616 2413 2662; x_wconf 90' lang='lat' dir='ltr'><strong>et</strong></span> <span class='ocrx_word' id='word_1_413' title='bbox 2459 2622 2566 2661; x_wconf 91' lang='lat' dir='ltr'><strong>non</strong></span> <span class='ocrx_word' id='word_1_414' title='bbox 2608 2623 2795 2661; x_wconf 87' lang='lat' dir='ltr'><strong>verum</strong></span> <span class='ocrx_word' id='word_1_415' title='bbox 2825 2623 2944 2663; x_wconf 91' lang='lat' dir='ltr'><strong>esse</strong></span> <span class='ocrx_word' id='word_1_416' title='bbox 2983 2608 3125 2678; x_wconf 91' lang='lat' dir='ltr'><strong>quod</strong></span> <span class='ocrx_word' id='word_1_417' title='bbox 3153 2608 3387 2675; x_wconf 89' lang='lat' dir='ltr'><strong>diceres,</strong></span> 
     </span>
    </p>
   </div>
   <div class='ocr_carea' id='block_1_57' title="bbox 1804 2695 3385 2767">
    <p class='ocr_par' dir='ltr' id='par_1_57' title="bbox 1804 2695 3385 2767">
     <span class='ocr_line' id='line_1_57' title="bbox 1804 2695 3385 2767; baseline 0.006 -21"><span class='ocrx_word' id='word_1_418' title='bbox 1804 2695 2058 2762; x_wconf 89' lang='lat' dir='ltr'><strong>quoniam</strong></span> <span class='ocrx_word' id='word_1_419' title='bbox 2108 2696 2176 2750; x_wconf 91' lang='lat' dir='ltr'><strong>ad</strong></span> <span class='ocrx_word' id='word_1_420' title='bbox 2229 2695 2380 2752; x_wconf 90' lang='lat' dir='ltr'><strong>illum</strong></span> <span class='ocrx_word' id='word_1_421' title='bbox 2426 2697 2615 2752; x_wconf 89' lang='lat' dir='ltr'><strong>venire</strong></span> <span class='ocrx_word' id='word_1_422' title='bbox 2660 2713 2767 2752; x_wconf 91' lang='lat' dir='ltr'><strong>non</strong></span> <span class='ocrx_word' id='word_1_423' title='bbox 2814 2713 3024 2767; x_wconf 89' lang='lat' dir='ltr'><strong>posses,</strong></span> <span class='ocrx_word' id='word_1_424' title='bbox 3051 2707 3107 2754; x_wconf 90' lang='lat' dir='ltr'><strong>et</strong></span> <span class='ocrx_word' id='word_1_425' title='bbox 3157 2699 3385 2754; x_wconf 82' lang='lat' dir='ltr'><strong>Romam</strong></span> 
     </span>
    </p>
   </div>
   <div class='ocr_carea' id='block_1_58' title="bbox 1804 2785 3414 2863">
    <p class='ocr_par' dir='ltr' id='par_1_58' title="bbox 1804 2785 3414 2863">
     <span class='ocr_line' id='line_1_58' title="bbox 1804 2785 3414 2863; baseline 0.005 -24"><span class='ocrx_word' id='word_1_426' title='bbox 1804 2785 1956 2841; x_wconf 86' lang='lat' dir='ltr'><strong>adire</strong></span> <span class='ocrx_word' id='word_1_427' title='bbox 1985 2787 2212 2842; x_wconf 87' lang='lat' dir='ltr'><strong>valeres.</strong></span> <span class='ocrx_word' id='word_1_428' title='bbox 2267 2788 2495 2844; x_wconf 85' lang='lat' dir='ltr'><strong>Venires</strong></span> <span class='ocrx_word' id='word_1_429' title='bbox 2539 2798 2717 2844; x_wconf 89' lang='lat' dir='ltr'><strong>autem</strong></span> <span class='ocrx_word' id='word_1_430' title='bbox 2765 2790 2832 2845; x_wconf 91' lang='lat' dir='ltr'><strong>ad</strong></span> <span class='ocrx_word' id='word_1_431' title='bbox 2883 2789 3066 2856; x_wconf 89' lang='lat' dir='ltr'><strong>illum,</strong></span> <span class='ocrx_word' id='word_1_432' title='bbox 3094 2799 3149 2845; x_wconf 90' lang='lat' dir='ltr'><strong>et</strong></span> <span class='ocrx_word' id='word_1_433' title='bbox 3183 2792 3228 2847; x_wconf 89' lang='lat' dir='ltr'><strong>si</strong></span> <span class='ocrx_word' id='word_1_434' title='bbox 3270 2793 3414 2863; x_wconf 82' lang='lat' dir='ltr'><strong>ipse</strong></span> 
     </span>
    </p>
   </div>
   <div class='ocr_carea' id='block_1_59' title="bbox 1802 2877 3413 2949">
    <p class='ocr_par' dir='ltr' id='par_1_59' title="bbox 1802 2877 3413 2949">
     <span class='ocr_line' id='line_1_59' title="bbox 1802 2877 3413 2949; baseline 0.001 -17"><span class='ocrx_word' id='word_1_435' title='bbox 1802 2877 1902 2945; x_wconf 85' lang='lat' dir='ltr'><strong>pro</strong></span> <span class='ocrx_word' id='word_1_436' title='bbox 1945 2891 2106 2932; x_wconf 89' lang='lat' dir='ltr'><strong>causa</strong></span> <span class='ocrx_word' id='word_1_437' title='bbox 2159 2877 2467 2931; x_wconf 88' lang='lat' dir='ltr'><strong>rationabili</strong></span> <span class='ocrx_word' id='word_1_438' title='bbox 2523 2886 2575 2932; x_wconf 90' lang='lat' dir='ltr'><strong>te</strong></span> <span class='ocrx_word' id='word_1_439' title='bbox 2619 2877 2746 2932; x_wconf 92' lang='lat' dir='ltr'><strong>illuc</strong></span> <span class='ocrx_word' id='word_1_440' title='bbox 2777 2878 2858 2933; x_wconf 91' lang='lat' dir='ltr'><strong>ire</strong></span> <span class='ocrx_word' id='word_1_441' title='bbox 2891 2879 3030 2933; x_wconf 88' lang='lat' dir='ltr'><strong>velle</strong></span> <span class='ocrx_word' id='word_1_442' title='bbox 3059 2894 3413 2949; x_wconf 19' lang='lat' dir='ltr'><strong>cognosceret</strong></span> 
     </span>
    </p>
   </div>
   <div class='ocr_carea' id='block_1_60' title="bbox 1802 2966 3386 3040">
    <p class='ocr_par' dir='ltr' id='par_1_60' title="bbox 1802 2966 3386 3040">
     <span class='ocr_line' id='line_1_60' title="bbox 1802 2966 3386 3040; baseline 0.001 -18"><span class='ocrx_word' id='word_1_443' title='bbox 1802 2976 2005 3037; x_wconf 91' lang='lat' dir='ltr'><strong>posset,</strong></span> <span class='ocrx_word' id='word_1_444' title='bbox 2040 2966 2132 3021; x_wconf 90' lang='lat' dir='ltr'><strong>tibi</strong></span> <span class='ocrx_word' id='word_1_445' title='bbox 2162 2967 2440 3023; x_wconf 88' lang='lat' dir='ltr'><strong>licentiam</strong></span> <span class='ocrx_word' id='word_1_446' title='bbox 2493 2984 2600 3023; x_wconf 91' lang='lat' dir='ltr'><strong>non</strong></span> <span class='ocrx_word' id='word_1_447' title='bbox 2649 2969 2960 3040; x_wconf 88' lang='lat' dir='ltr'><strong>denegaret.</strong></span> <span class='ocrx_word' id='word_1_448' title='bbox 3009 2968 3091 3023; x_wconf 89' lang='lat' dir='ltr'><strong>Tu</strong></span> <span class='ocrx_word' id='word_1_449' title='bbox 3133 2985 3266 3024; x_wconf 91' lang='lat' dir='ltr'><strong>vero</strong></span> <span class='ocrx_word' id='word_1_450' title='bbox 3315 2969 3386 3024; x_wconf 90' lang='lat' dir='ltr'><strong>ad</strong></span> 
     </span>
    </p>
   </div>
   <div class='ocr_carea' id='block_1_61' title="bbox 1802 3058 3384 3128">
    <p class='ocr_par' dir='ltr' id='par_1_61' title="bbox 1802 3058 3384 3128">
     <span class='ocr_line' id='line_1_61' title="bbox 1802 3058 3384 3128; baseline 0 -15"><span class='ocrx_word' id='word_1_451' title='bbox 1802 3074 1925 3113; x_wconf 92' lang='lat' dir='ltr'><strong>eum</strong></span> <span class='ocrx_word' id='word_1_452' title='bbox 1952 3059 2136 3113; x_wconf 91' lang='lat' dir='ltr'><strong>venire</strong></span> <span class='ocrx_word' id='word_1_453' title='bbox 2164 3058 2408 3124; x_wconf 90' lang='lat' dir='ltr'><strong>noluisti,</strong></span> <span class='ocrx_word' id='word_1_454' title='bbox 2443 3060 2616 3114; x_wconf 89' lang='lat' dir='ltr'><strong>donec</strong></span> <span class='ocrx_word' id='word_1_455' title='bbox 2655 3059 2800 3114; x_wconf 89' lang='lat' dir='ltr'><strong>circa</strong></span> <span class='ocrx_word' id='word_1_456' title='bbox 2824 3058 3096 3114; x_wconf 86' lang='lat' dir='ltr'><strong>Kalendas</strong></span> <span class='ocrx_word' id='word_1_457' title='bbox 3128 3060 3384 3128; x_wconf 74' lang='lat' dir='ltr'><strong>Septem-</strong></span> 
     </span>
    </p>
   </div>
   <div class='ocr_carea' id='block_1_62' title="bbox 100 3125 3388 3218">
    <p class='ocr_par' dir='ltr' id='par_1_62' title="bbox 100 3125 3388 3218">
     <span class='ocr_line' id='line_1_62' title="bbox 100 3125 3388 3218; baseline 0.001 -19"><span class='ocrx_word' id='word_1_458' title='bbox 100 3144 434 3210; x_wconf 87' lang='lat' dir='ltr'><strong>detrectem,</strong></span> <span class='ocrx_word' id='word_1_459' title='bbox 490 3125 641 3218; x_wconf 80' lang='lat' dir='ltr'><strong>quod</strong></span> <span class='ocrx_word' id='word_1_460' title='bbox 664 3157 748 3203; x_wconf 89' lang='lat' dir='ltr'><strong>est</strong></span> <span class='ocrx_word' id='word_1_461' title='bbox 777 3125 1109 3206; x_wconf 81' lang='lat' dir='ltr'><strong>dissimulem</strong></span> <span class='ocrx_word' id='word_1_462' title='bbox 1167 3153 1250 3208; x_wconf 75' lang='grc' dir='ltr'><strong>νει</strong></span> <span class='ocrx_word' id='word_1_463' title='bbox 1303 3125 1570 3218; x_wconf 69' lang='grc' dir='ltr'><strong>άίὰοηιιη,</strong></span> <span class='ocrx_word' id='word_1_464' title='bbox 1598 3125 1699 3212; x_wconf 68' lang='grc' dir='ltr'><strong>ἀρ-</strong></span> <span class='ocrx_word' id='word_1_465' title='bbox 1726 3125 1771 3187; x_wconf 84' lang='lat' dir='ltr'>C</span> <span class='ocrx_word' id='word_1_466' title='bbox 1802 3147 1917 3202; x_wconf 87' lang='lat' dir='ltr'><strong>bris</strong></span> <span class='ocrx_word' id='word_1_467' title='bbox 1947 3147 2120 3201; x_wconf 84' lang='lat' dir='ltr'><strong>tertia:</strong></span> <span class='ocrx_word' id='word_1_468' title='bbox 2169 3147 2481 3201; x_wconf 88' lang='lat' dir='ltr'><strong>indictiouis</strong></span> <span class='ocrx_word' id='word_1_469' title='bbox 2512 3147 2580 3200; x_wconf 89' lang='lat' dir='ltr'><strong>ad</strong></span> <span class='ocrx_word' id='word_1_470' title='bbox 2620 3146 2895 3202; x_wconf 89' lang='lat' dir='ltr'><strong>Silvacum</strong></span> <span class='ocrx_word' id='word_1_471' title='bbox 2929 3147 2996 3201; x_wconf 90' lang='lat' dir='ltr'><strong>de</strong></span> <span class='ocrx_word' id='word_1_472' title='bbox 3026 3125 3388 3202; x_wconf 67' lang='lat' dir='ltr'><strong>collocatione</strong></span> 
     </span>
    </p>
   </div>
   <div class='ocr_carea' id='block_1_63' title="bbox 101 3240 1697 3318">
    <p class='ocr_par' dir='ltr' id='par_1_63' title="bbox 101 3240 1697 3318">
     <span class='ocr_line' id='line_1_63' title="bbox 101 3240 1697 3318; baseline 0.006 -27"><span class='ocrx_word' id='word_1_473' title='bbox 101 3245 373 3306; x_wconf 88' lang='lat' dir='ltr'><strong>tractem,</strong></span> <span class='ocrx_word' id='word_1_474' title='bbox 391 3241 536 3308; x_wconf 89' lang='lat' dir='ltr'><strong>quod</strong></span> <span class='ocrx_word' id='word_1_475' title='bbox 567 3240 718 3296; x_wconf 85' lang='lat' dir='ltr'><strong>valde</strong></span> <span class='ocrx_word' id='word_1_476' title='bbox 745 3250 969 3296; x_wconf 89' lang='lat' dir='ltr'><strong>tractem</strong></span> <span class='ocrx_word' id='word_1_477' title='bbox 997 3259 1103 3299; x_wconf 92' lang='lat' dir='ltr'><strong>nou</strong></span> <span class='ocrx_word' id='word_1_478' title='bbox 1124 3247 1191 3301; x_wconf 90' lang='lat' dir='ltr'><strong>ab</strong></span> <span class='ocrx_word' id='word_1_479' title='bbox 1216 3262 1273 3301; x_wconf 91' lang='lat' dir='ltr'><strong>re</strong></span> <span class='ocrx_word' id='word_1_480' title='bbox 1299 3249 1469 3316; x_wconf 91' lang='lat' dir='ltr'><strong>accipi</strong></span> <span class='ocrx_word' id='word_1_481' title='bbox 1499 3259 1697 3318; x_wconf 73' lang='lat' dir='ltr'><strong>potest,</strong></span> 
     </span>
    </p>
   </div>
   <div class='ocr_carea' id='block_1_64' title="bbox 99 3329 1700 3409">
    <p class='ocr_par' dir='ltr' id='par_1_64' title="bbox 99 3329 1700 3409">
     <span class='ocr_line' id='line_1_64' title="bbox 99 3329 1700 3409; baseline 0.01 -27"><span class='ocrx_word' id='word_1_482' title='bbox 99 3329 616 3386; x_wconf 85' lang='lat' dir='ltr'><strong>intercharaxatum</strong></span> <span class='ocrx_word' id='word_1_483' title='bbox 648 3348 753 3388; x_wconf 90' lang='lat' dir='ltr'><strong>non</strong></span> <span class='ocrx_word' id='word_1_484' title='bbox 778 3333 900 3388; x_wconf 83' lang='lat' dir='ltr'><strong>fuit.</strong></span> <span class='ocrx_word' id='word_1_485' title='bbox 926 3334 1082 3392; x_wconf 90' lang='lat' dir='ltr'><strong>Unde</strong></span> <span class='ocrx_word' id='word_1_486' title='bbox 1116 3352 1214 3392; x_wconf 88' lang='lat' dir='ltr'><strong>vos</strong></span> <span class='ocrx_word' id='word_1_487' title='bbox 1239 3355 1381 3394; x_wconf 91' lang='lat' dir='ltr'><strong>nunc</strong></span> <span class='ocrx_word' id='word_1_488' title='bbox 1403 3356 1498 3409; x_wconf 91' lang='lat' dir='ltr'><strong>pro</strong></span> <span class='ocrx_word' id='word_1_489' title='bbox 1515 3357 1700 3398; x_wconf 86' lang='lat' dir='ltr'><strong>amore</strong></span> 
     </span>
    </p>
   </div>
   <div class='ocr_carea' id='block_1_65' title="bbox 99 3418 1696 3500">
    <p class='ocr_par' dir='ltr' id='par_1_65' title="bbox 99 3418 1696 3500">
     <span class='ocr_line' id='line_1_65' title="bbox 99 3418 1696 3500; baseline 0.009 -30"><span class='ocrx_word' id='word_1_490' title='bbox 99 3418 205 3472; x_wconf 89' lang='lat' dir='ltr'><strong>Dei</strong></span> <span class='ocrx_word' id='word_1_491' title='bbox 238 3420 630 3488; x_wconf 87' lang='lat' dir='ltr'><strong>omnipotentis</strong></span> <span class='ocrx_word' id='word_1_492' title='bbox 651 3431 705 3476; x_wconf 88' lang='lat' dir='ltr'><strong>et</strong></span> <span class='ocrx_word' id='word_1_493' title='bbox 731 3425 1038 3479; x_wconf 89' lang='lat' dir='ltr'><strong>reverentia</strong></span> <span class='ocrx_word' id='word_1_494' title='bbox 1067 3426 1239 3480; x_wconf 87' lang='lat' dir='ltr'><strong>sancti</strong></span> <span class='ocrx_word' id='word_1_495' title='bbox 1256 3427 1411 3488; x_wconf 82' lang='lat' dir='ltr'><strong>Petri</strong></span> <span class='ocrx_word' id='word_1_496' title='bbox 1441 3445 1696 3500; x_wconf 78' lang='lat' dir='ltr'><strong>exposco,</strong></span> 
     </span>
    </p>
   </div>
   <div class='ocr_carea' id='block_1_66' title="bbox 95 3507 1700 3582">
    <p class='ocr_par' dir='ltr' id='par_1_66' title="bbox 95 3507 1700 3582">
     <span class='ocr_line' id='line_1_66' title="bbox 95 3507 1700 3582; baseline 0.007 -20"><span class='ocrx_word' id='word_1_497' title='bbox 95 3507 260 3562; x_wconf 82' lang='lat' dir='ltr'><strong>sicut</strong></span> <span class='ocrx_word' id='word_1_498' title='bbox 286 3507 338 3562; x_wconf 90' lang='lat' dir='ltr'><strong>in</strong></span> <span class='ocrx_word' id='word_1_499' title='bbox 367 3509 556 3563; x_wconf 85' lang='lat' dir='ltr'><strong>eadem</strong></span> <span class='ocrx_word' id='word_1_500' title='bbox 585 3511 792 3582; x_wconf 81' lang='lat' dir='ltr'><strong>synodo</strong></span> <span class='ocrx_word' id='word_1_501' title='bbox 823 3512 875 3566; x_wconf 92' lang='lat' dir='ltr'><strong>in</strong></span> <span class='ocrx_word' id='word_1_502' title='bbox 909 3514 1098 3568; x_wconf 90' lang='lat' dir='ltr'><strong>eodem</strong></span> <span class='ocrx_word' id='word_1_503' title='bbox 1134 3515 1409 3572; x_wconf 84' lang='lat' dir='ltr'><strong>Attiuiaco</strong></span> <span class='ocrx_word' id='word_1_504' title='bbox 1463 3533 1494 3571; x_wconf 90' lang='lat' dir='ltr'><strong>a</strong></span> <span class='ocrx_word' id='word_1_505' title='bbox 1548 3518 1700 3574; x_wconf 88' lang='lat' dir='ltr'><strong>vobis</strong></span> 
     </span>
    </p>
   </div>
   <div class='ocr_carea' id='block_1_67' title="bbox 93 3605 1701 3680">
    <p class='ocr_par' dir='ltr' id='par_1_67' title="bbox 93 3605 1701 3680">
     <span class='ocr_line' id='line_1_67' title="bbox 93 3605 1701 3680; baseline 0.006 -23"><span class='ocrx_word' id='word_1_506' title='bbox 93 3612 432 3668; x_wconf 82' lang='lat' dir='ltr'><strong>convocata,</strong></span> <span class='ocrx_word' id='word_1_507' title='bbox 463 3605 607 3672; x_wconf 90' lang='lat' dir='ltr'><strong>quod</strong></span> <span class='ocrx_word' id='word_1_508' title='bbox 629 3613 685 3659; x_wconf 93' lang='lat' dir='ltr'><strong>et</strong></span> <span class='ocrx_word' id='word_1_509' title='bbox 709 3607 1133 3676; x_wconf 84' lang='lat' dir='ltr'><strong>impetrareuon</strong></span> <span class='ocrx_word' id='word_1_510' title='bbox 1176 3611 1342 3675; x_wconf 91' lang='lat' dir='ltr'><strong>valui,</strong></span> <span class='ocrx_word' id='word_1_511' title='bbox 1388 3613 1701 3680; x_wconf 82' lang='lat' dir='ltr'><strong>expostula-</strong></span> 
     </span>
    </p>
   </div>
   <div class='ocr_carea' id='block_1_68' title="bbox 90 3691 1701 3768">
    <p class='ocr_par' dir='ltr' id='par_1_68' title="bbox 90 3691 1701 3768">
     <span class='ocr_line' id='line_1_68' title="bbox 90 3691 1701 3768; baseline 0.007 -22"><span class='ocrx_word' id='word_1_512' title='bbox 90 3691 174 3756; x_wconf 77' lang='lat' dir='ltr'><strong>vi,</strong></span> <span class='ocrx_word' id='word_1_513' title='bbox 211 3705 286 3745; x_wconf 82' lang='lat' dir='ltr'><strong>ac</strong></span> <span class='ocrx_word' id='word_1_514' title='bbox 306 3692 422 3760; x_wconf 84' lang='lat' dir='ltr'><strong>jam</strong></span> <span class='ocrx_word' id='word_1_515' title='bbox 449 3693 611 3746; x_wconf 89' lang='lat' dir='ltr'><strong>etiam</strong></span> <span class='ocrx_word' id='word_1_516' title='bbox 635 3709 732 3762; x_wconf 88' lang='lat' dir='ltr'><strong>per</strong></span> <span class='ocrx_word' id='word_1_517' title='bbox 765 3695 1032 3765; x_wconf 85' lang='lat' dir='ltr'><strong>integrum</strong></span> <span class='ocrx_word' id='word_1_518' title='bbox 1062 3696 1348 3768; x_wconf 85' lang='lat' dir='ltr'><strong>elllagitavi</strong></span> <span class='ocrx_word' id='word_1_519' title='bbox 1399 3717 1624 3766; x_wconf 88' lang='lat' dir='ltr'><strong>auuum,</strong></span> <span class='ocrx_word' id='word_1_520' title='bbox 1645 3714 1701 3758; x_wconf 92' lang='lat' dir='ltr'><strong>et</strong></span> 
     </span>
    </p>
   </div>
   <div class='ocr_carea' id='block_1_69' title="bbox 89 3777 1698 3856">
    <p class='ocr_par' dir='ltr' id='par_1_69' title="bbox 89 3777 1698 3856">
     <span class='ocr_line' id='line_1_69' title="bbox 89 3777 1698 3856; baseline 0.008 -24"><span class='ocrx_word' id='word_1_521' title='bbox 89 3778 386 3848; x_wconf 69' lang='lat' dir='ltr'><strong>pmcipue</strong></span> <span class='ocrx_word' id='word_1_522' title='bbox 427 3777 480 3832; x_wconf 92' lang='lat' dir='ltr'><strong>in</strong></span> <span class='ocrx_word' id='word_1_523' title='bbox 522 3781 726 3850; x_wconf 81' lang='lat' dir='ltr'><strong>synodo</strong></span> <span class='ocrx_word' id='word_1_524' title='bbox 752 3784 893 3850; x_wconf 89' lang='lat' dir='ltr'><strong>apud</strong></span> <span class='ocrx_word' id='word_1_525' title='bbox 923 3781 1254 3839; x_wconf 85' lang='lat' dir='ltr'><strong>Vermeriam</strong></span> <span class='ocrx_word' id='word_1_526' title='bbox 1290 3787 1544 3856; x_wconf 86' lang='lat' dir='ltr'><strong>palatium</strong></span> <span class='ocrx_word' id='word_1_527' title='bbox 1569 3789 1698 3845; x_wconf 92' lang='lat' dir='ltr'><strong>olim</strong></span> 
     </span>
    </p>
   </div>
   <div class='ocr_carea' id='block_1_70' title="bbox 93 3866 1699 3950">
    <p class='ocr_par' dir='ltr' id='par_1_70' title="bbox 93 3866 1699 3950">
     <span class='ocr_line' id='line_1_70' title="bbox 93 3866 1699 3950; baseline 0.009 -28"><span class='ocrx_word' id='word_1_528' title='bbox 93 3866 170 3922; x_wconf 85' lang='lat' dir='ltr'><strong>ab</strong></span> <span class='ocrx_word' id='word_1_529' title='bbox 201 3880 347 3919; x_wconf 91' lang='lat' dir='ltr'><strong>orno</strong></span> <span class='ocrx_word' id='word_1_530' title='bbox 374 3866 556 3922; x_wconf 88' lang='lat' dir='ltr'><strong>habita</strong></span> <span class='ocrx_word' id='word_1_531' title='bbox 585 3869 920 3925; x_wconf 90' lang='lat' dir='ltr'><strong>obsecrando</strong></span> <span class='ocrx_word' id='word_1_532' title='bbox 940 3873 1256 3938; x_wconf 85' lang='lat' dir='ltr'><strong>declamavi,</strong></span> <span class='ocrx_word' id='word_1_533' title='bbox 1287 3892 1430 3933; x_wconf 91' lang='lat' dir='ltr'><strong>nunc</strong></span> <span class='ocrx_word' id='word_1_534' title='bbox 1484 3894 1699 3950; x_wconf 91' lang='lat' dir='ltr'><strong>quoque</strong></span> 
     </span>
    </p>
   </div>
   <div class='ocr_carea' id='block_1_71' title="bbox 93 3960 1700 4040">
    <p class='ocr_par' dir='ltr' id='par_1_71' title="bbox 93 3960 1700 4040">
     <span class='ocr_line' id='line_1_71' title="bbox 93 3960 1700 4040; baseline 0.007 -25"><span class='ocrx_word' id='word_1_535' title='bbox 93 3968 159 4017; x_wconf 87' lang='lat' dir='ltr'><strong>et</strong></span> <span class='ocrx_word' id='word_1_536' title='bbox 184 3960 445 4024; x_wconf 88' lang='lat' dir='ltr'><strong>obsecro,</strong></span> <span class='ocrx_word' id='word_1_537' title='bbox 472 3969 528 4015; x_wconf 90' lang='lat' dir='ltr'><strong>et</strong></span> <span class='ocrx_word' id='word_1_538' title='bbox 549 3961 675 4016; x_wconf 90' lang='lat' dir='ltr'><strong>item</strong></span> <span class='ocrx_word' id='word_1_539' title='bbox 701 3961 958 4028; x_wconf 89' lang='lat' dir='ltr'><strong>declamo,</strong></span> <span class='ocrx_word' id='word_1_540' title='bbox 987 3973 1045 4016; x_wconf 90' lang='lat' dir='ltr'><strong>ut</strong></span> <span class='ocrx_word' id='word_1_541' title='bbox 1065 3975 1119 4018; x_wconf 89' lang='lat' dir='ltr'><strong>et</strong></span> <span class='ocrx_word' id='word_1_542' title='bbox 1158 3966 1421 4023; x_wconf 87' lang='lat' dir='ltr'><strong>hactenus</strong></span> <span class='ocrx_word' id='word_1_543' title='bbox 1456 3969 1564 4038; x_wconf 88' lang='lat' dir='ltr'><strong>egi,</strong></span> <span class='ocrx_word' id='word_1_544' title='bbox 1590 3985 1700 4040; x_wconf 91' lang='lat' dir='ltr'><strong>quo</strong></span> 
     </span>
    </p>
   </div>
   <div class='ocr_carea' id='block_1_72' title="bbox 98 4051 1698 4130">
    <p class='ocr_par' dir='ltr' id='par_1_72' title="bbox 98 4051 1698 4130">
     <span class='ocr_line' id='line_1_72' title="bbox 98 4051 1698 4130; baseline 0.004 -23"><span class='ocrx_word' id='word_1_545' title='bbox 98 4058 302 4106; x_wconf 79' lang='lat' dir='ltr'><strong>vestra</strong></span> <span class='ocrx_word' id='word_1_546' title='bbox 331 4051 778 4122; x_wconf 89' lang='lat' dir='ltr'><strong>arcbiepiscopali</strong></span> <span class='ocrx_word' id='word_1_547' title='bbox 799 4054 1117 4108; x_wconf 87' lang='lat' dir='ltr'><strong>auctoritate</strong></span> <span class='ocrx_word' id='word_1_548' title='bbox 1133 4057 1273 4126; x_wconf 90' lang='lat' dir='ltr'><strong>apud</strong></span> <span class='ocrx_word' id='word_1_549' title='bbox 1295 4055 1477 4111; x_wconf 92' lang='lat' dir='ltr'><strong>domui</strong></span> <span class='ocrx_word' id='word_1_550' title='bbox 1499 4058 1698 4130; x_wconf 80' lang='lat' dir='ltr'><strong>glorio-</strong></span> 
     </span>
    </p>
   </div>
   <div class='ocr_carea' id='block_1_73' title="bbox 102 4141 1697 4218">
    <p class='ocr_par' dir='ltr' id='par_1_73' title="bbox 102 4141 1697 4218">
     <span class='ocr_line' id='line_1_73' title="bbox 102 4141 1697 4218; baseline 0.004 -20"><span class='ocrx_word' id='word_1_551' title='bbox 102 4141 318 4198; x_wconf 85' lang='lat' dir='ltr'><strong>sissimi</strong></span> <span class='ocrx_word' id='word_1_552' title='bbox 337 4142 478 4212; x_wconf 81' lang='lat' dir='ltr'><strong>regis</strong></span> <span class='ocrx_word' id='word_1_553' title='bbox 501 4141 682 4198; x_wconf 88' lang='lat' dir='ltr'><strong>Caroli</strong></span> <span class='ocrx_word' id='word_1_554' title='bbox 713 4143 1056 4199; x_wconf 90' lang='lat' dir='ltr'><strong>clementiam</strong></span> <span class='ocrx_word' id='word_1_555' title='bbox 1084 4144 1395 4210; x_wconf 88' lang='lat' dir='ltr'><strong>obtineatis,</strong></span> <span class='ocrx_word' id='word_1_556' title='bbox 1425 4158 1697 4218; x_wconf 87' lang='lat' dir='ltr'><strong>quatenus</strong></span> 
     </span>
    </p>
   </div>
   <div class='ocr_carea' id='block_1_74' title="bbox 100 4231 1696 4307">
    <p class='ocr_par' dir='ltr' id='par_1_74' title="bbox 100 4231 1696 4307">
     <span class='ocr_line' id='line_1_74' title="bbox 100 4231 1696 4307; baseline 0.005 -21"><span class='ocrx_word' id='word_1_557' title='bbox 100 4231 295 4286; x_wconf 88' lang='lat' dir='ltr'><strong>domui</strong></span> <span class='ocrx_word' id='word_1_558' title='bbox 345 4239 401 4286; x_wconf 91' lang='lat' dir='ltr'><strong>et</strong></span> <span class='ocrx_word' id='word_1_559' title='bbox 440 4231 763 4288; x_wconf 83' lang='lat' dir='ltr'><strong>universalis</strong></span> <span class='ocrx_word' id='word_1_560' title='bbox 819 4248 970 4303; x_wconf 77' lang='lat' dir='ltr'><strong>papa:</strong></span> <span class='ocrx_word' id='word_1_561' title='bbox 1015 4235 1238 4289; x_wconf 83' lang='lat' dir='ltr'><strong>Adriani</strong></span> <span class='ocrx_word' id='word_1_562' title='bbox 1286 4239 1571 4307; x_wconf 72' lang='lat' dir='ltr'><strong>prmceptis</strong></span> <span class='ocrx_word' id='word_1_563' title='bbox 1631 4255 1696 4294; x_wconf 89' lang='lat' dir='ltr'><strong>ac</strong></span> 
     </span>
    </p>
   </div>
   <div class='ocr_carea' id='block_1_75' title="bbox 100 4319 1694 4397">
    <p class='ocr_par' dir='ltr' id='par_1_75' title="bbox 100 4319 1694 4397">
     <span class='ocr_line' id='line_1_75' title="bbox 100 4319 1694 4397; baseline 0.006 -24"><span class='ocrx_word' id='word_1_564' title='bbox 100 4319 542 4376; x_wconf 87' lang='lat' dir='ltr'><strong>institutionibus</strong></span> <span class='ocrx_word' id='word_1_565' title='bbox 569 4322 954 4378; x_wconf 88' lang='lat' dir='ltr'><strong>ecclesiasticis</strong></span> <span class='ocrx_word' id='word_1_566' title='bbox 983 4323 1138 4390; x_wconf 90' lang='lat' dir='ltr'><strong>mihi,</strong></span> <span class='ocrx_word' id='word_1_567' title='bbox 1179 4333 1236 4379; x_wconf 93' lang='lat' dir='ltr'><strong>ut</strong></span> <span class='ocrx_word' id='word_1_568' title='bbox 1257 4326 1506 4382; x_wconf 89' lang='lat' dir='ltr'><strong>omnibus</strong></span> <span class='ocrx_word' id='word_1_569' title='bbox 1526 4343 1694 4397; x_wconf 81' lang='lat' dir='ltr'><strong>expe-</strong></span> 
     </span>
    </p>
   </div>
   <div class='ocr_carea' id='block_1_76' title="bbox 1801 3235 3380 3304">
    <p class='ocr_par' dir='ltr' id='par_1_76' title="bbox 1801 3235 3380 3304">
     <span class='ocr_line' id='line_1_76' title="bbox 1801 3235 3380 3304; baseline 0.002 -14"><span class='ocrx_word' id='word_1_570' title='bbox 1801 3235 1988 3292; x_wconf 82' lang='lat' dir='ltr'><strong>fratris</strong></span> <span class='ocrx_word' id='word_1_571' title='bbox 2021 3238 2104 3292; x_wconf 91' lang='lat' dir='ltr'><strong>sui</strong></span> <span class='ocrx_word' id='word_1_572' title='bbox 2126 3235 2384 3293; x_wconf 89' lang='lat' dir='ltr'><strong>Ludovici</strong></span> <span class='ocrx_word' id='word_1_573' title='bbox 2417 3238 2598 3292; x_wconf 90' lang='lat' dir='ltr'><strong>rediit.</strong></span> <span class='ocrx_word' id='word_1_574' title='bbox 2632 3237 2750 3304; x_wconf 84' lang='lat' dir='ltr'><strong>Quo</strong></span> <span class='ocrx_word' id='word_1_575' title='bbox 2796 3239 3011 3293; x_wconf 85' lang='lat' dir='ltr'><strong>obviam</strong></span> <span class='ocrx_word' id='word_1_576' title='bbox 3044 3239 3116 3292; x_wconf 90' lang='lat' dir='ltr'><strong>illi</strong></span> <span class='ocrx_word' id='word_1_577' title='bbox 3141 3239 3380 3304; x_wconf 88' lang='lat' dir='ltr'><strong>veniens,</strong></span> 
     </span>
    </p>
   </div>
   <div class='ocr_carea' id='block_1_77' title="bbox 1800 3326 3384 3397">
    <p class='ocr_par' dir='ltr' id='par_1_77' title="bbox 1800 3326 3384 3397">
     <span class='ocr_line' id='line_1_77' title="bbox 1800 3326 3384 3397; baseline 0.003 -17"><span class='ocrx_word' id='word_1_578' title='bbox 1800 3326 1935 3380; x_wconf 88' lang='lat' dir='ltr'><strong>nihil</strong></span> <span class='ocrx_word' id='word_1_579' title='bbox 1959 3341 2082 3381; x_wconf 91' lang='lat' dir='ltr'><strong>cum</strong></span> <span class='ocrx_word' id='word_1_580' title='bbox 2112 3341 2197 3391; x_wconf 87' lang='lat' dir='ltr'><strong>eo,</strong></span> <span class='ocrx_word' id='word_1_581' title='bbox 2226 3328 2319 3381; x_wconf 89' lang='lat' dir='ltr'><strong>sed</strong></span> <span class='ocrx_word' id='word_1_582' title='bbox 2345 3342 2444 3381; x_wconf 87' lang='lat' dir='ltr'><strong>nec</strong></span> <span class='ocrx_word' id='word_1_583' title='bbox 2473 3343 2709 3392; x_wconf 89' lang='lat' dir='ltr'><strong>mecum,</strong></span> <span class='ocrx_word' id='word_1_584' title='bbox 2732 3344 2828 3397; x_wconf 87' lang='lat' dir='ltr'><strong>per</strong></span> <span class='ocrx_word' id='word_1_585' title='bbox 2851 3338 2904 3384; x_wconf 89' lang='lat' dir='ltr'><strong>te</strong></span> <span class='ocrx_word' id='word_1_586' title='bbox 2932 3328 3012 3383; x_wconf 90' lang='lat' dir='ltr'><strong>vel</strong></span> <span class='ocrx_word' id='word_1_587' title='bbox 3037 3328 3233 3384; x_wconf 89' lang='lat' dir='ltr'><strong>missos</strong></span> <span class='ocrx_word' id='word_1_588' title='bbox 3263 3337 3384 3384; x_wconf 90' lang='lat' dir='ltr'><strong>tuos</strong></span> 
     </span>
    </p>
   </div>
   <div class='ocr_carea' id='block_1_78' title="bbox 1798 3417 3385 3488">
    <p class='ocr_par' dir='ltr' id='par_1_78' title="bbox 1798 3417 3385 3488">
     <span class='ocr_line' id='line_1_78' title="bbox 1798 3417 3385 3488; baseline 0.001 -17"><span class='ocrx_word' id='word_1_589' title='bbox 1798 3417 1865 3471; x_wconf 91' lang='lat' dir='ltr'><strong>de</strong></span> <span class='ocrx_word' id='word_1_590' title='bbox 1894 3417 2105 3471; x_wconf 89' lang='lat' dir='ltr'><strong>licentia</strong></span> <span class='ocrx_word' id='word_1_591' title='bbox 2137 3426 2228 3471; x_wconf 89' lang='lat' dir='ltr'><strong>tua</strong></span> <span class='ocrx_word' id='word_1_592' title='bbox 2266 3417 2493 3470; x_wconf 88' lang='lat' dir='ltr'><strong>Romam</strong></span> <span class='ocrx_word' id='word_1_593' title='bbox 2526 3418 2686 3472; x_wconf 89' lang='lat' dir='ltr'><strong>eundi</strong></span> <span class='ocrx_word' id='word_1_594' title='bbox 2723 3417 2926 3472; x_wconf 84' lang='lat' dir='ltr'><strong>dixisti.</strong></span> <span class='ocrx_word' id='word_1_595' title='bbox 2953 3417 3134 3474; x_wconf 89' lang='lat' dir='ltr'><strong>Sedet</strong></span> <span class='ocrx_word' id='word_1_596' title='bbox 3167 3420 3385 3488; x_wconf 91' lang='lat' dir='ltr'><strong>quando</strong></span> 
     </span>
    </p>
   </div>
   <div class='ocr_carea' id='block_1_79' title="bbox 1799 3507 3383 3578">
    <p class='ocr_par' dir='ltr' id='par_1_79' title="bbox 1799 3507 3383 3578">
     <span class='ocr_line' id='line_1_79' title="bbox 1799 3507 3383 3578; baseline -0.001 -16"><span class='ocrx_word' id='word_1_597' title='bbox 1799 3507 1949 3562; x_wconf 90' lang='lat' dir='ltr'><strong>missi</strong></span> <span class='ocrx_word' id='word_1_598' title='bbox 1971 3507 2152 3562; x_wconf 88' lang='lat' dir='ltr'><strong>domui</strong></span> <span class='ocrx_word' id='word_1_599' title='bbox 2181 3507 2463 3578; x_wconf 89' lang='lat' dir='ltr'><strong>apostolici</strong></span> <span class='ocrx_word' id='word_1_600' title='bbox 2491 3508 2718 3563; x_wconf 85' lang='lat' dir='ltr'><strong>Rhemis</strong></span> <span class='ocrx_word' id='word_1_601' title='bbox 2748 3510 2990 3573; x_wconf 79' lang='lat' dir='ltr'><strong>fuerunt,</strong></span> <span class='ocrx_word' id='word_1_602' title='bbox 3016 3509 3256 3578; x_wconf 90' lang='lat' dir='ltr'><strong>quotidie</strong></span> <span class='ocrx_word' id='word_1_603' title='bbox 3284 3524 3383 3576; x_wconf 89' lang='lat' dir='ltr'><strong>per</strong></span> 
     </span>
    </p>
   </div>
   <div class='ocr_carea' id='block_1_80' title="bbox 1797 3596 3383 3665">
    <p class='ocr_par' dir='ltr' id='par_1_80' title="bbox 1797 3596 3383 3665">
     <span class='ocr_line' id='line_1_80' title="bbox 1797 3596 3383 3665; baseline 0.001 -15"><span class='ocrx_word' id='word_1_604' title='bbox 1797 3603 2002 3665; x_wconf 86' lang='lat' dir='ltr'><strong>septem</strong></span> <span class='ocrx_word' id='word_1_605' title='bbox 2047 3597 2164 3650; x_wconf 84' lang='lat' dir='ltr'><strong>dies</strong></span> <span class='ocrx_word' id='word_1_606' title='bbox 2193 3612 2313 3650; x_wconf 92' lang='lat' dir='ltr'><strong>cum</strong></span> <span class='ocrx_word' id='word_1_607' title='bbox 2362 3611 2487 3663; x_wconf 83' lang='lat' dir='ltr'><strong>rege</strong></span> <span class='ocrx_word' id='word_1_608' title='bbox 2521 3606 2578 3650; x_wconf 90' lang='lat' dir='ltr'><strong>et</strong></span> <span class='ocrx_word' id='word_1_609' title='bbox 2623 3611 2832 3652; x_wconf 89' lang='lat' dir='ltr'><strong>mecum</strong></span> <span class='ocrx_word' id='word_1_610' title='bbox 2862 3596 3073 3650; x_wconf 90' lang='lat' dir='ltr'><strong>locutus</strong></span> <span class='ocrx_word' id='word_1_611' title='bbox 3119 3596 3291 3661; x_wconf 78' lang='lat' dir='ltr'><strong>fuisti,</strong></span> <span class='ocrx_word' id='word_1_612' title='bbox 3326 3606 3383 3652; x_wconf 88' lang='lat' dir='ltr'><strong>et</strong></span> 
     </span>
    </p>
   </div>
   <div class='ocr_carea' id='block_1_81' title="bbox 1799 3684 3380 3754">
    <p class='ocr_par' dir='ltr' id='par_1_81' title="bbox 1799 3684 3380 3754">
     <span class='ocr_line' id='line_1_81' title="bbox 1799 3684 3380 3754; baseline 0.001 -16"><span class='ocrx_word' id='word_1_613' title='bbox 1799 3686 1926 3738; x_wconf 88' lang='lat' dir='ltr'><strong>inde</strong></span> <span class='ocrx_word' id='word_1_614' title='bbox 1970 3684 2354 3739; x_wconf 77' lang='lat' dir='ltr'><strong>nihil-dixisti.</strong></span> <span class='ocrx_word' id='word_1_615' title='bbox 2405 3685 2558 3750; x_wconf 84' lang='lat' dir='ltr'><strong>Quod</strong></span> <span class='ocrx_word' id='word_1_616' title='bbox 2607 3685 2741 3739; x_wconf 91' lang='lat' dir='ltr'><strong>dicis</strong></span> <span class='ocrx_word' id='word_1_617' title='bbox 2781 3695 2834 3738; x_wconf 90' lang='lat' dir='ltr'><strong>te</strong></span> <span class='ocrx_word' id='word_1_618' title='bbox 2885 3685 2939 3738; x_wconf 89' lang='lat' dir='ltr'><strong>in</strong></span> <span class='ocrx_word' id='word_1_619' title='bbox 2983 3684 3190 3754; x_wconf 84' lang='lat' dir='ltr'><strong>synodo</strong></span> <span class='ocrx_word' id='word_1_620' title='bbox 3220 3689 3380 3754; x_wconf 79' lang='lat' dir='ltr'><strong>apud</strong></span> 
     </span>
    </p>
   </div>
   <div class='ocr_carea' id='block_1_82' title="bbox 1797 3773 3379 3846">
    <p class='ocr_par' dir='ltr' id='par_1_82' title="bbox 1797 3773 3379 3846">
     <span class='ocr_line' id='line_1_82' title="bbox 1797 3773 3379 3846; baseline 0.001 -18"><span class='ocrx_word' id='word_1_621' title='bbox 1797 3774 2172 3840; x_wconf 83' lang='lat' dir='ltr'><strong>Vermeriam,</strong></span> <span class='ocrx_word' id='word_1_622' title='bbox 2229 3773 2462 3842; x_wconf 87' lang='lat' dir='ltr'><strong>indeque</strong></span> <span class='ocrx_word' id='word_1_623' title='bbox 2518 3775 2659 3846; x_wconf 90' lang='lat' dir='ltr'><strong>apud</strong></span> <span class='ocrx_word' id='word_1_624' title='bbox 2719 3774 3048 3829; x_wconf 81' lang='lat' dir='ltr'><strong>Attiniacum</strong></span> <span class='ocrx_word' id='word_1_625' title='bbox 3105 3775 3379 3830; x_wconf 87' lang='lat' dir='ltr'><strong>licentiam</strong></span> 
     </span>
    </p>
   </div>
   <div class='ocr_carea' id='block_1_83' title="bbox 1797 3863 3378 3937">
    <p class='ocr_par' dir='ltr' id='par_1_83' title="bbox 1797 3863 3378 3937">
     <span class='ocr_line' id='line_1_83' title="bbox 1797 3863 3378 3937; baseline 0.003 -19"><span class='ocrx_word' id='word_1_626' title='bbox 1797 3865 1959 3918; x_wconf 89' lang='lat' dir='ltr'><strong>eundi</strong></span> <span class='ocrx_word' id='word_1_627' title='bbox 1990 3863 2216 3919; x_wconf 88' lang='lat' dir='ltr'><strong>Romam</strong></span> <span class='ocrx_word' id='word_1_628' title='bbox 2253 3865 2487 3936; x_wconf 89' lang='lat' dir='ltr'><strong>petisse,</strong></span> <span class='ocrx_word' id='word_1_629' title='bbox 2541 3874 2596 3920; x_wconf 90' lang='lat' dir='ltr'><strong>et</strong></span> <span class='ocrx_word' id='word_1_630' title='bbox 2643 3866 2932 3936; x_wconf 87' lang='lat' dir='ltr'><strong>impetrare</strong></span> <span class='ocrx_word' id='word_1_631' title='bbox 2964 3881 3068 3921; x_wconf 92' lang='lat' dir='ltr'><strong>non</strong></span> <span class='ocrx_word' id='word_1_632' title='bbox 3114 3867 3378 3937; x_wconf 89' lang='lat' dir='ltr'><strong>potuisse,</strong></span> 
     </span>
    </p>
   </div>
   <div class='ocr_carea' id='block_1_84' title="bbox 1795 3955 3400 4026">
    <p class='ocr_par' dir='ltr' id='par_1_84' title="bbox 1795 3955 3400 4026">
     <span class='ocr_line' id='line_1_84' title="bbox 1795 3955 3400 4026; baseline 0.002 -17"><span class='ocrx_word' id='word_1_633' title='bbox 1795 3969 1985 4009; x_wconf 91' lang='lat' dir='ltr'><strong>omnes</strong></span> <span class='ocrx_word' id='word_1_634' title='bbox 2009 3955 2270 4025; x_wconf 88' lang='lat' dir='ltr'><strong>episcopi,</strong></span> <span class='ocrx_word' id='word_1_635' title='bbox 2309 3956 2401 4024; x_wconf 90' lang='lat' dir='ltr'><strong>qui</strong></span> <span class='ocrx_word' id='word_1_636' title='bbox 2439 3956 2493 4010; x_wconf 91' lang='lat' dir='ltr'><strong>in</strong></span> <span class='ocrx_word' id='word_1_637' title='bbox 2531 3955 2736 4011; x_wconf 91' lang='lat' dir='ltr'><strong>eisdem</strong></span> <span class='ocrx_word' id='word_1_638' title='bbox 2782 3955 3004 4026; x_wconf 90' lang='lat' dir='ltr'><strong>synodis</strong></span> <span class='ocrx_word' id='word_1_639' title='bbox 3036 3956 3277 4023; x_wconf 78' lang='lat' dir='ltr'><strong>fuerunt,</strong></span> <span class='ocrx_word' id='word_1_640' title='bbox 3304 3957 3400 4012; x_wconf 89' lang='lat' dir='ltr'><strong>li--</strong></span> 
     </span>
    </p>
   </div>
   <div class='ocr_carea' id='block_1_85' title="bbox 1795 4045 3376 4115">
    <p class='ocr_par' dir='ltr' id='par_1_85' title="bbox 1795 4045 3376 4115">
     <span class='ocr_line' id='line_1_85' title="bbox 1795 4045 3376 4115; baseline 0.003 -17"><span class='ocrx_word' id='word_1_641' title='bbox 1795 4045 1960 4115; x_wconf 88' lang='lat' dir='ltr'><strong>quido</strong></span> <span class='ocrx_word' id='word_1_642' title='bbox 1985 4046 2179 4109; x_wconf 91' lang='lat' dir='ltr'><strong>sciunt,</strong></span> <span class='ocrx_word' id='word_1_643' title='bbox 2213 4047 2468 4114; x_wconf 91' lang='lat' dir='ltr'><strong>quoniam</strong></span> <span class='ocrx_word' id='word_1_644' title='bbox 2499 4062 2622 4101; x_wconf 89' lang='lat' dir='ltr'><strong>cum</strong></span> <span class='ocrx_word' id='word_1_645' title='bbox 2666 4047 2734 4102; x_wconf 92' lang='lat' dir='ltr'><strong>de</strong></span> <span class='ocrx_word' id='word_1_646' title='bbox 2779 4047 2885 4101; x_wconf 92' lang='lat' dir='ltr'><strong>tuis</strong></span> <span class='ocrx_word' id='word_1_647' title='bbox 2937 4047 3244 4102; x_wconf 88' lang='lat' dir='ltr'><strong>insolentiis</strong></span> <span class='ocrx_word' id='word_1_648' title='bbox 3291 4050 3376 4103; x_wconf 90' lang='lat' dir='ltr'><strong>iu-</strong></span> 
     </span>
    </p>
   </div>
   <div class='ocr_carea' id='block_1_86' title="bbox 1795 4135 3378 4210">
    <p class='ocr_par' dir='ltr' id='par_1_86' title="bbox 1795 4135 3378 4210">
     <span class='ocr_line' id='line_1_86' title="bbox 1795 4135 3378 4210; baseline 0.004 -21"><span class='ocrx_word' id='word_1_649' title='bbox 1795 4135 2148 4204; x_wconf 89' lang='lat' dir='ltr'><strong>crepabaris,</strong></span> <span class='ocrx_word' id='word_1_650' title='bbox 2209 4137 2407 4191; x_wconf 86' lang='lat' dir='ltr'><strong>timens</strong></span> <span class='ocrx_word' id='word_1_651' title='bbox 2459 4137 2708 4208; x_wconf 76' lang='lat' dir='ltr'><strong>regulare</strong></span> <span class='ocrx_word' id='word_1_652' title='bbox 2767 4137 3053 4206; x_wconf 88' lang='lat' dir='ltr'><strong>judicium,</strong></span> <span class='ocrx_word' id='word_1_653' title='bbox 3100 4139 3184 4194; x_wconf 89' lang='lat' dir='ltr'><strong>vel</strong></span> <span class='ocrx_word' id='word_1_654' title='bbox 3233 4141 3378 4210; x_wconf 85' lang='lat' dir='ltr'><strong>regis</strong></span> 
     </span>
    </p>
   </div>
   <div class='ocr_carea' id='block_1_87' title="bbox 1793 4227 3405 4306">
    <p class='ocr_par' dir='ltr' id='par_1_87' title="bbox 1793 4227 3405 4306">
     <span class='ocr_line' id='line_1_87' title="bbox 1793 4227 3405 4306; baseline 0.002 -24"><span class='ocrx_word' id='word_1_655' title='bbox 1793 4228 2224 4298; x_wconf 86' lang='lat' dir='ltr'><strong>castigationem,</strong></span> <span class='ocrx_word' id='word_1_656' title='bbox 2242 4227 2515 4284; x_wconf 87' lang='lat' dir='ltr'><strong>licentiam</strong></span> <span class='ocrx_word' id='word_1_657' title='bbox 2537 4229 2700 4283; x_wconf 90' lang='lat' dir='ltr'><strong>eundi</strong></span> <span class='ocrx_word' id='word_1_658' title='bbox 2725 4229 2953 4282; x_wconf 89' lang='lat' dir='ltr'><strong>Romam</strong></span> <span class='ocrx_word' id='word_1_659' title='bbox 2981 4229 3219 4299; x_wconf 88' lang='lat' dir='ltr'><strong>petebas.</strong></span> <span class='ocrx_word' id='word_1_660' title='bbox 3239 4229 3405 4306; x_wconf 40' lang='lat' dir='ltr'><strong>Cum}</strong></span> 
     </span>
    </p>
   </div>
   <div class='ocr_carea' id='block_1_88' title="bbox 1791 4319 3377 4391">
    <p class='ocr_par' dir='ltr' id='par_1_88' title="bbox 1791 4319 3377 4391">
     <span class='ocr_line' id='line_1_88' title="bbox 1791 4319 3377 4391; baseline -0.001 -14"><span class='ocrx_word' id='word_1_661' title='bbox 1791 4337 1922 4377; x_wconf 90' lang='lat' dir='ltr'><strong>vero</strong></span> <span class='ocrx_word' id='word_1_662' title='bbox 1961 4320 2183 4376; x_wconf 87' lang='lat' dir='ltr'><strong>videbas</strong></span> <span class='ocrx_word' id='word_1_663' title='bbox 2209 4361 2224 4385; x_wconf 93' lang='lat'><strong>,</strong></span> <span class='ocrx_word' id='word_1_664' title='bbox 2271 4322 2398 4391; x_wconf 88' lang='lat' dir='ltr'><strong>quia</strong></span> <span class='ocrx_word' id='word_1_665' title='bbox 2450 4329 2506 4375; x_wconf 91' lang='lat' dir='ltr'><strong>et</strong></span> <span class='ocrx_word' id='word_1_666' title='bbox 2550 4335 2645 4375; x_wconf 88' lang='lat' dir='ltr'><strong>rex</strong></span> <span class='ocrx_word' id='word_1_667' title='bbox 2687 4328 2742 4373; x_wconf 93' lang='lat' dir='ltr'><strong>et</strong></span> <span class='ocrx_word' id='word_1_668' title='bbox 2780 4321 3019 4390; x_wconf 88' lang='lat' dir='ltr'><strong>episcopi</strong></span> <span class='ocrx_word' id='word_1_669' title='bbox 3070 4329 3228 4374; x_wconf 90' lang='lat' dir='ltr'><strong>erant</strong></span> <span class='ocrx_word' id='word_1_670' title='bbox 3280 4319 3377 4376; x_wconf 91' lang='lat' dir='ltr'><strong>tibi</strong></span> 
     </span>
    </p>
   </div>
   <div class='ocr_carea' id='block_1_89' title="bbox 98 4409 3378 4518">
    <p class='ocr_par' dir='ltr' id='par_1_89' title="bbox 98 4409 3378 4518">
     <span class='ocr_line' id='line_1_89' title="bbox 98 4409 3378 4518; baseline 0 -53"><span class='ocrx_word' id='word_1_671' title='bbox 98 4409 205 4476; x_wconf 88' lang='lat' dir='ltr'><strong>dit,</strong></span> <span class='ocrx_word' id='word_1_672' title='bbox 237 4411 390 4466; x_wconf 83' lang='lat' dir='ltr'><strong>velut</strong></span> <span class='ocrx_word' id='word_1_673' title='bbox 425 4413 475 4467; x_wconf 88' lang='lat' dir='ltr'><strong>ei</strong></span> <span class='ocrx_word' id='word_1_674' title='bbox 501 4413 591 4482; x_wconf 90' lang='lat' dir='ltr'><strong>qui</strong></span> <span class='ocrx_word' id='word_1_675' title='bbox 621 4413 688 4469; x_wconf 87' lang='lat' dir='ltr'><strong>de</strong></span> <span class='ocrx_word' id='word_1_676' title='bbox 711 4414 859 4468; x_wconf 90' lang='lat' dir='ltr'><strong>omni</strong></span> <span class='ocrx_word' id='word_1_677' title='bbox 903 4415 1144 4470; x_wconf 84' lang='lat' dir='ltr'><strong>Ecclesia</strong></span> <span class='ocrx_word' id='word_1_678' title='bbox 1199 4416 1283 4471; x_wconf 82' lang='lat' dir='ltr'><strong>fas</strong></span> <span class='ocrx_word' id='word_1_679' title='bbox 1339 4419 1501 4474; x_wconf 74' lang='lat' dir='ltr'><strong>habet</strong></span> <span class='ocrx_word' id='word_1_680' title='bbox 1537 4419 1686 4487; x_wconf 75' lang='lat' dir='ltr'><strong>judi-</strong></span> <span class='ocrx_word' id='word_1_681' title='bbox 1720 4459 1766 4518; x_wconf 70' lang='grc' dir='ltr'>υ</span> <span class='ocrx_word' id='word_1_682' title='bbox 1791 4411 2103 4518; x_wconf 69' lang='lat' dir='ltr'><strong>placabiles,</strong></span> <span class='ocrx_word' id='word_1_683' title='bbox 2131 4409 2199 4465; x_wconf 93' lang='lat' dir='ltr'><strong>de</strong></span> <span class='ocrx_word' id='word_1_684' title='bbox 2237 4412 2352 4480; x_wconf 86' lang='lat' dir='ltr'><strong>ipsa</strong></span> <span class='ocrx_word' id='word_1_685' title='bbox 2405 4411 2624 4465; x_wconf 88' lang='lat' dir='ltr'><strong>licentia</strong></span> <span class='ocrx_word' id='word_1_686' title='bbox 2657 4409 2789 4464; x_wconf 86' lang='lat' dir='ltr'><strong>nihil</strong></span> <span class='ocrx_word' id='word_1_687' title='bbox 2829 4410 3064 4473; x_wconf 88' lang='lat' dir='ltr'><strong>dicebas,</strong></span> <span class='ocrx_word' id='word_1_688' title='bbox 3097 4409 3239 4464; x_wconf 90' lang='lat' dir='ltr'><strong>sicut</strong></span> <span class='ocrx_word' id='word_1_689' title='bbox 3273 4425 3378 4518; x_wconf 71' lang='lat' dir='ltr'><strong>nec</strong></span> 
     </span>
    </p>
   </div>
   <div class='ocr_carea' id='block_1_90' title="bbox 58 4499 1685 4568">
    <p class='ocr_par' dir='ltr' id='par_1_90' title="bbox 58 4499 1685 4568">
     <span class='ocr_line' id='line_1_90' title="bbox 58 4499 1685 4568; baseline 0.007 -14"><span class='ocrx_word' id='word_1_690' title='bbox 58 4510 64 4514; x_wconf 82' lang='grc'><em>’</em></span> <span class='ocrx_word' id='word_1_691' title='bbox 101 4499 292 4566; x_wconf 83' lang='lat' dir='ltr'><strong>caudi,</strong></span> <span class='ocrx_word' id='word_1_692' title='bbox 322 4500 482 4558; x_wconf 91' lang='lat' dir='ltr'><strong>liceat</strong></span> <span class='ocrx_word' id='word_1_693' title='bbox 514 4503 758 4568; x_wconf 88' lang='lat' dir='ltr'><strong>obedire,</strong></span> <span class='ocrx_word' id='word_1_694' title='bbox 779 4505 1028 4560; x_wconf 90' lang='lat' dir='ltr'><strong>videlicet</strong></span> <span class='ocrx_word' id='word_1_695' title='bbox 1047 4515 1108 4560; x_wconf 91' lang='lat' dir='ltr'><strong>ut</strong></span> <span class='ocrx_word' id='word_1_696' title='bbox 1151 4507 1334 4562; x_wconf 90' lang='lat' dir='ltr'><strong>limina</strong></span> <span class='ocrx_word' id='word_1_697' title='bbox 1375 4520 1685 4566; x_wconf 90' lang='lat' dir='ltr'><strong>sanctorum</strong></span> 
     </span>
    </p>
   </div>
   <div class='ocr_carea' id='block_1_91' title="bbox 102 4591 1688 4664">
    <p class='ocr_par' dir='ltr' id='par_1_91' title="bbox 102 4591 1688 4664">
     <span class='ocr_line' id='line_1_91' title="bbox 102 4591 1688 4664; baseline 0.009 -22"><span class='ocrx_word' id='word_1_698' title='bbox 102 4591 476 4661; x_wconf 86' lang='lat' dir='ltr'><strong>apostolorum</strong></span> <span class='ocrx_word' id='word_1_699' title='bbox 488 4594 630 4648; x_wconf 87' lang='lat' dir='ltr'><strong>Petri</strong></span> <span class='ocrx_word' id='word_1_700' title='bbox 646 4595 852 4651; x_wconf 89' lang='lat' dir='ltr'><strong>scilicet</strong></span> <span class='ocrx_word' id='word_1_701' title='bbox 864 4605 918 4648; x_wconf 90' lang='lat' dir='ltr'><strong>et</strong></span> <span class='ocrx_word' id='word_1_702' title='bbox 933 4595 1080 4650; x_wconf 84' lang='lat' dir='ltr'><strong>Pauli</strong></span> <span class='ocrx_word' id='word_1_703' title='bbox 1097 4612 1273 4652; x_wconf 89' lang='lat' dir='ltr'><strong>merea</strong></span> <span class='ocrx_word' id='word_1_704' title='bbox 1283 4609 1391 4664; x_wconf 91' lang='lat' dir='ltr'><strong>r,ut</strong></span> <span class='ocrx_word' id='word_1_705' title='bbox 1407 4600 1614 4664; x_wconf 89' lang='lat' dir='ltr'><strong>devovi,</strong></span> <span class='ocrx_word' id='word_1_706' title='bbox 1631 4612 1688 4656; x_wconf 92' lang='lat' dir='ltr'><strong>et</strong></span> 
     </span>
    </p>
   </div>
   <div class='ocr_carea' id='block_1_92' title="bbox 105 4680 1686 4758">
    <p class='ocr_par' dir='ltr' id='par_1_92' title="bbox 105 4680 1686 4758">
     <span class='ocr_line' id='line_1_92' title="bbox 105 4680 1686 4758; baseline 0.008 -26"><span class='ocrx_word' id='word_1_707' title='bbox 105 4680 173 4732; x_wconf 86' lang='lat' dir='ltr'><strong>ab</strong></span> <span class='ocrx_word' id='word_1_708' title='bbox 189 4680 384 4735; x_wconf 88' lang='lat' dir='ltr'><strong>eodem</strong></span> <span class='ocrx_word' id='word_1_709' title='bbox 402 4681 620 4752; x_wconf 88' lang='lat' dir='ltr'><strong>insuper</strong></span> <span class='ocrx_word' id='word_1_710' title='bbox 633 4692 855 4737; x_wconf 87' lang='lat' dir='ltr'><strong>vocatus</strong></span> <span class='ocrx_word' id='word_1_711' title='bbox 875 4696 1242 4754; x_wconf 87' lang='lat' dir='ltr'><strong>sum,peuetra</strong></span> <span class='ocrx_word' id='word_1_712' title='bbox 1251 4687 1584 4758; x_wconf 84' lang='lat' dir='ltr'><strong>re.Alioquiu</strong></span> <span class='ocrx_word' id='word_1_713' title='bbox 1602 4706 1686 4747; x_wconf 91' lang='lat' dir='ltr'><strong>me</strong></span> 
     </span>
    </p>
   </div>
   <div class='ocr_carea' id='block_1_93' title="bbox 103 4769 1684 4846">
    <p class='ocr_par' dir='ltr' id='par_1_93' title="bbox 103 4769 1684 4846">
     <span class='ocr_line' id='line_1_93' title="bbox 103 4769 1684 4846; baseline 0.005 -22"><span class='ocrx_word' id='word_1_714' title='bbox 103 4769 266 4824; x_wconf 86' lang='lat' dir='ltr'><strong>vobis</strong></span> <span class='ocrx_word' id='word_1_715' title='bbox 321 4770 539 4838; x_wconf 88' lang='lat' dir='ltr'><strong>abhinc,</strong></span> <span class='ocrx_word' id='word_1_716' title='bbox 570 4781 628 4826; x_wconf 92' lang='lat' dir='ltr'><strong>ut</strong></span> <span class='ocrx_word' id='word_1_717' title='bbox 656 4772 1063 4842; x_wconf 89' lang='lat' dir='ltr'><strong>archiepiscopo</strong></span> <span class='ocrx_word' id='word_1_718' title='bbox 1084 4775 1438 4846; x_wconf 88' lang='lat' dir='ltr'><strong>coepiscopus</strong></span> <span class='ocrx_word' id='word_1_719' title='bbox 1474 4779 1684 4832; x_wconf 90' lang='lat' dir='ltr'><strong>obtem-</strong></span> 
     </span>
    </p>
   </div>
   <div class='ocr_carea' id='block_1_94' title="bbox 102 4859 1684 4936">
    <p class='ocr_par' dir='ltr' id='par_1_94' title="bbox 102 4859 1684 4936">
     <span class='ocr_line' id='line_1_94' title="bbox 102 4859 1684 4936; baseline 0.007 -25"><span class='ocrx_word' id='word_1_720' title='bbox 102 4859 490 4928; x_wconf 87' lang='lat' dir='ltr'><strong>peraredebet,</strong></span> <span class='ocrx_word' id='word_1_721' title='bbox 509 4863 769 4916; x_wconf 85' lang='lat' dir='ltr'><strong>canonice</strong></span> <span class='ocrx_word' id='word_1_722' title='bbox 785 4862 970 4916; x_wconf 89' lang='lat' dir='ltr'><strong>sciatis</strong></span> <span class='ocrx_word' id='word_1_723' title='bbox 993 4863 1218 4931; x_wconf 88' lang='lat' dir='ltr'><strong>obsequi</strong></span> <span class='ocrx_word' id='word_1_724' title='bbox 1237 4881 1340 4918; x_wconf 93' lang='lat' dir='ltr'><strong>non</strong></span> <span class='ocrx_word' id='word_1_725' title='bbox 1362 4880 1538 4934; x_wconf 88' lang='lat' dir='ltr'><strong>posse,</strong></span> <span class='ocrx_word' id='word_1_726' title='bbox 1560 4868 1684 4936; x_wconf 90' lang='lat' dir='ltr'><strong>quia</strong></span> 
     </span>
    </p>
   </div>
   <div class='ocr_carea' id='block_1_95' title="bbox 105 4951 1687 5025">
    <p class='ocr_par' dir='ltr' id='par_1_95' title="bbox 105 4951 1687 5025">
     <span class='ocr_line' id='line_1_95' title="bbox 105 4951 1687 5025; baseline 0.008 -25"><span class='ocrx_word' id='word_1_727' title='bbox 105 4951 434 5005; x_wconf 87' lang='lat' dir='ltr'><strong>ntdecernit</strong></span> <span class='ocrx_word' id='word_1_728' title='bbox 471 4953 660 5006; x_wconf 87' lang='lat' dir='ltr'><strong>beatus</strong></span> <span class='ocrx_word' id='word_1_729' title='bbox 708 4967 844 5022; x_wconf 87' lang='lat' dir='ltr'><strong>papa</strong></span> <span class='ocrx_word' id='word_1_730' title='bbox 889 4952 1162 5016; x_wconf 85' lang='lat' dir='ltr'><strong>Gelasius,</strong></span> <span class='ocrx_word' id='word_1_731' title='bbox 1193 4956 1442 5011; x_wconf 90' lang='lat' dir='ltr'><strong>nesciunt</strong></span> <span class='ocrx_word' id='word_1_732' title='bbox 1463 4958 1588 5025; x_wconf 87' lang='lat' dir='ltr'><strong>quid</strong></span> <span class='ocrx_word' id='word_1_733' title='bbox 1610 4958 1687 5013; x_wconf 80' lang='lat' dir='ltr'><strong>lo-</strong></span> 
     </span>
    </p>
   </div>
   <div class='ocr_carea' id='block_1_96' title="bbox 107 5043 1685 5110">
    <p class='ocr_par' dir='ltr' id='par_1_96' title="bbox 107 5043 1685 5110">
     <span class='ocr_line' id='line_1_96' title="bbox 107 5043 1685 5110; baseline 0.009 -18"><span class='ocrx_word' id='word_1_734' title='bbox 107 5043 471 5110; x_wconf 85' lang='lat' dir='ltr'><strong>quuntur,qui</strong></span> <span class='ocrx_word' id='word_1_735' title='bbox 499 5043 732 5097; x_wconf 87' lang='lat' dir='ltr'><strong>decretis</strong></span> <span class='ocrx_word' id='word_1_736' title='bbox 753 5044 1226 5098; x_wconf 69' lang='lat' dir='ltr'><strong>sauctzeRomauze</strong></span> <span class='ocrx_word' id='word_1_737' title='bbox 1251 5047 1506 5102; x_wconf 68' lang='lat' dir='ltr'><strong>Ecclesia:</strong></span> <span class='ocrx_word' id='word_1_738' title='bbox 1542 5049 1685 5106; x_wconf 88' lang='lat' dir='ltr'><strong>sedis</strong></span> 
     </span>
    </p>
   </div>
   <div class='ocr_carea' id='block_1_97' title="bbox 868 5139 1683 5166">
    <p class='ocr_par' dir='ltr' id='par_1_97' title="bbox 868 5139 1683 5166">
     <span class='ocr_line' id='line_1_97' title="bbox 868 5139 1683 5166; baseline 0 0"><span class='ocrx_word' id='word_1_739' title='bbox 868 5145 1140 5166; x_wconf 69' lang='lat' dir='ltr'><strong>nnnnnnonl</strong></span> <span class='ocrx_word' id='word_1_740' title='bbox 1199 5139 1390 5166; x_wconf 64' lang='grc' dir='ltr'><strong>ηηῖΙιηη</strong></span> <span class='ocrx_word' id='word_1_741' title='bbox 1417 5140 1683 5166; x_wconf 54' lang='lat' dir='ltr'><strong>anni-ns}..-</strong></span> 
     </span>
    </p>
   </div>
   <div class='ocr_carea' id='block_1_98' title="bbox 107 5133 826 5166">
    <p class='ocr_par' dir='ltr' id='par_1_98' title="bbox 107 5133 826 5166">
     <span class='ocr_line' id='line_1_98' title="bbox 107 5133 826 5166; baseline 0 0"><span class='ocrx_word' id='word_1_742' title='bbox 107 5133 396 5166; x_wconf 62' lang='lat' dir='ltr'><strong>“menalcam</strong></span> <span class='ocrx_word' id='word_1_743' title='bbox 414 5135 564 5166; x_wconf 68' lang='grc' dir='ltr'><strong>11ηθοῖ</strong></span> <span class='ocrx_word' id='word_1_744' title='bbox 595 5149 826 5166; x_wconf 68' lang='grc' dir='ltr'><strong>ηαηηοιηο</strong></span> 
     </span>
    </p>
   </div>
   <div class='ocr_carea' id='block_1_99' title="bbox 1792 4498 3411 4569">
    <p class='ocr_par' dir='ltr' id='par_1_99' title="bbox 1792 4498 3411 4569">
     <span class='ocr_line' id='line_1_99' title="bbox 1792 4498 3411 4569; baseline -0.002 -12"><span class='ocrx_word' id='word_1_745' title='bbox 1792 4501 1953 4556; x_wconf 91' lang='lat' dir='ltr'><strong>modo</strong></span> <span class='ocrx_word' id='word_1_746' title='bbox 1992 4498 2165 4564; x_wconf 81' lang='lat' dir='ltr'><strong>facis,</strong></span> <span class='ocrx_word' id='word_1_747' title='bbox 2215 4499 2388 4554; x_wconf 91' lang='lat' dir='ltr'><strong>donec</strong></span> <span class='ocrx_word' id='word_1_748' title='bbox 2431 4500 2668 4569; x_wconf 83' lang='lat' dir='ltr'><strong>aliquam</strong></span> <span class='ocrx_word' id='word_1_749' title='bbox 2722 4500 3056 4564; x_wconf 81' lang='lat' dir='ltr'><strong>novitatem,</strong></span> <span class='ocrx_word' id='word_1_750' title='bbox 3102 4507 3160 4552; x_wconf 93' lang='lat' dir='ltr'><strong>ut</strong></span> <span class='ocrx_word' id='word_1_751' title='bbox 3211 4499 3411 4565; x_wconf 47' lang='lat' dir='ltr'><strong>soles,</strong></span> 
     </span>
    </p>
   </div>
   <div class='ocr_carea' id='block_1_100' title="bbox 1791 4589 3413 4664">
    <p class='ocr_par' dir='ltr' id='par_1_100' title="bbox 1791 4589 3413 4664">
     <span class='ocr_line' id='line_1_100' title="bbox 1791 4589 3413 4664; baseline -0.003 -19"><span class='ocrx_word' id='word_1_752' title='bbox 1791 4607 1954 4664; x_wconf 91' lang='lat' dir='ltr'><strong>quam</strong></span> <span class='ocrx_word' id='word_1_753' title='bbox 1985 4605 2200 4658; x_wconf 89' lang='lat' dir='ltr'><strong>semper</strong></span> <span class='ocrx_word' id='word_1_754' title='bbox 2221 4591 2458 4645; x_wconf 88' lang='lat' dir='ltr'><strong>timendo</strong></span> <span class='ocrx_word' id='word_1_755' title='bbox 2478 4599 2753 4659; x_wconf 83' lang='lat' dir='ltr'><strong>exspecto,</strong></span> <span class='ocrx_word' id='word_1_756' title='bbox 2776 4591 2967 4650; x_wconf 88' lang='lat' dir='ltr'><strong>iterum</strong></span> <span class='ocrx_word' id='word_1_757' title='bbox 2992 4589 3253 4653; x_wconf 83' lang='lat' dir='ltr'><strong>facias,de</strong></span> <span class='ocrx_word' id='word_1_758' title='bbox 3269 4607 3377 4661; x_wconf 90' lang='lat' dir='ltr'><strong>qua</strong></span> <span class='ocrx_word' id='word_1_759' title='bbox 3408 4629 3413 4640; x_wconf 51' lang='grc' dir='ltr'>η</span> 
     </span>
    </p>
   </div>
   <div class='ocr_carea' id='block_1_101' title="bbox 1792 4679 3403 4752">
    <p class='ocr_par' dir='ltr' id='par_1_101' title="bbox 1792 4679 3403 4752">
     <span class='ocr_line' id='line_1_101' title="bbox 1792 4679 3403 4752; baseline -0.002 -15"><span class='ocrx_word' id='word_1_760' title='bbox 1792 4679 2146 4752; x_wconf 87' lang='lat' dir='ltr'><strong>compellatus</strong></span> <span class='ocrx_word' id='word_1_761' title='bbox 2175 4680 2392 4734; x_wconf 87' lang='lat' dir='ltr'><strong>solitam</strong></span> <span class='ocrx_word' id='word_1_762' title='bbox 2437 4679 2743 4735; x_wconf 88' lang='lat' dir='ltr'><strong>cantionem</strong></span> <span class='ocrx_word' id='word_1_763' title='bbox 2784 4681 2858 4735; x_wconf 87' lang='lat' dir='ltr'><strong>de</strong></span> <span class='ocrx_word' id='word_1_764' title='bbox 2898 4679 3113 4735; x_wconf 87' lang='lat' dir='ltr'><strong>licentia</strong></span> <span class='ocrx_word' id='word_1_765' title='bbox 3160 4690 3250 4732; x_wconf 88' lang='lat' dir='ltr'><strong>tua</strong></span> <span class='ocrx_word' id='word_1_766' title='bbox 3295 4694 3403 4734; x_wconf 84' lang='lat' dir='ltr'><strong>re--</strong></span> 
     </span>
    </p>
   </div>
   <div class='ocr_carea' id='block_1_102' title="bbox 1793 4770 3383 4850">
    <p class='ocr_par' dir='ltr' id='par_1_102' title="bbox 1793 4770 3383 4850">
     <span class='ocr_line' id='line_1_102' title="bbox 1793 4770 3383 4850; baseline -0.003 -21"><span class='ocrx_word' id='word_1_767' title='bbox 1793 4781 1999 4829; x_wconf 88' lang='lat' dir='ltr'><strong>cantes.</strong></span> <span class='ocrx_word' id='word_1_768' title='bbox 2029 4770 2225 4825; x_wconf 81' lang='lat' dir='ltr'><strong>Potitio</strong></span> <span class='ocrx_word' id='word_1_769' title='bbox 2253 4781 2434 4850; x_wconf 86' lang='lat' dir='ltr'><strong>autem</strong></span> <span class='ocrx_word' id='word_1_770' title='bbox 2461 4782 2550 4826; x_wconf 89' lang='lat' dir='ltr'><strong>tua</strong></span> <span class='ocrx_word' id='word_1_771' title='bbox 2577 4771 2716 4840; x_wconf 86' lang='lat' dir='ltr'><strong>apud</strong></span> <span class='ocrx_word' id='word_1_772' title='bbox 2760 4773 3017 4828; x_wconf 90' lang='lat' dir='ltr'><strong>domuum</strong></span> <span class='ocrx_word' id='word_1_773' title='bbox 3043 4786 3222 4840; x_wconf 80' lang='lat' dir='ltr'><strong>regem</strong></span> <span class='ocrx_word' id='word_1_774' title='bbox 3254 4770 3383 4824; x_wconf 86' lang='lat' dir='ltr'><strong>talis</strong></span> 
     </span>
    </p>
   </div>
   <div class='ocr_carea' id='block_1_103' title="bbox 1795 4859 3388 4933">
    <p class='ocr_par' dir='ltr' id='par_1_103' title="bbox 1795 4859 3388 4933">
     <span class='ocr_line' id='line_1_103' title="bbox 1795 4859 3388 4933; baseline -0.008 -13"><span class='ocrx_word' id='word_1_775' title='bbox 1795 4865 1915 4930; x_wconf 80' lang='lat' dir='ltr'><strong>fuit,</strong></span> <span class='ocrx_word' id='word_1_776' title='bbox 1954 4862 2169 4933; x_wconf 90' lang='lat' dir='ltr'><strong>quando</strong></span> <span class='ocrx_word' id='word_1_777' title='bbox 2219 4863 2286 4917; x_wconf 92' lang='lat' dir='ltr'><strong>ad</strong></span> <span class='ocrx_word' id='word_1_778' title='bbox 2331 4879 2455 4920; x_wconf 92' lang='lat' dir='ltr'><strong>cum</strong></span> <span class='ocrx_word' id='word_1_779' title='bbox 2478 4859 2700 4924; x_wconf 88' lang='lat' dir='ltr'><strong>venisti,</strong></span> <span class='ocrx_word' id='word_1_780' title='bbox 2728 4865 2859 4931; x_wconf 90' lang='lat' dir='ltr'><strong>quia</strong></span> <span class='ocrx_word' id='word_1_781' title='bbox 2913 4863 3054 4918; x_wconf 89' lang='lat' dir='ltr'><strong>sicut</strong></span> <span class='ocrx_word' id='word_1_782' title='bbox 3099 4859 3280 4928; x_wconf 89' lang='lat' dir='ltr'><strong>plures</strong></span> <span class='ocrx_word' id='word_1_783' title='bbox 3317 4867 3388 4920; x_wconf 66' lang='grc' dir='ltr'><strong>,οι</strong></span> 
     </span>
    </p>
   </div>
   <div class='ocr_carea' id='block_1_104' title="bbox 1789 4949 3392 5027">
    <p class='ocr_par' dir='ltr' id='par_1_104' title="bbox 1789 4949 3392 5027">
     <span class='ocr_line' id='line_1_104' title="bbox 1789 4949 3392 5027; baseline -0.009 -15"><span class='ocrx_word' id='word_1_784' title='bbox 1789 4971 1926 5027; x_wconf 88' lang='lat' dir='ltr'><strong>pene</strong></span> <span class='ocrx_word' id='word_1_785' title='bbox 1969 4967 2160 5008; x_wconf 89' lang='lat' dir='ltr'><strong>omnes</strong></span> <span class='ocrx_word' id='word_1_786' title='bbox 2204 4953 2257 5006; x_wconf 94' lang='lat' dir='ltr'><strong>in</strong></span> <span class='ocrx_word' id='word_1_787' title='bbox 2311 4954 2432 5010; x_wconf 91' lang='lat' dir='ltr'><strong>istis</strong></span> <span class='ocrx_word' id='word_1_788' title='bbox 2480 4951 2779 5024; x_wconf 85' lang='lat' dir='ltr'><strong>provinciis</strong></span> <span class='ocrx_word' id='word_1_789' title='bbox 2832 4955 2975 5012; x_wconf 79' lang='lat' dir='ltr'><strong>scire</strong></span> <span class='ocrx_word' id='word_1_790' title='bbox 3025 4949 3299 5007; x_wconf 86' lang='lat' dir='ltr'><strong>dicuntur,</strong></span> <span class='ocrx_word' id='word_1_791' title='bbox 3333 4955 3392 5001; x_wconf 82' lang='lat' dir='ltr'><strong>et</strong></span> 
     </span>
    </p>
   </div>
   <div class='ocr_carea' id='block_1_105' title="bbox 1788 5037 3424 5118">
    <p class='ocr_par' dir='ltr' id='par_1_105' title="bbox 1788 5037 3424 5118">
     <span class='ocr_line' id='line_1_105' title="bbox 1788 5037 3424 5118; baseline -0.012 -14"><span class='ocrx_word' id='word_1_792' title='bbox 1788 5055 1964 5118; x_wconf 83' lang='lat' dir='ltr'><strong>patet,</strong></span> <span class='ocrx_word' id='word_1_793' title='bbox 1994 5045 2196 5098; x_wconf 89' lang='lat' dir='ltr'><strong>addens</strong></span> <span class='ocrx_word' id='word_1_794' title='bbox 2243 5047 2500 5116; x_wconf 81' lang='lat' dir='ltr'><strong>gravibus</strong></span> <span class='ocrx_word' id='word_1_795' title='bbox 2548 5041 2830 5112; x_wconf 78' lang='lat' dir='ltr'><strong>graviora,</strong></span> <span class='ocrx_word' id='word_1_796' title='bbox 2857 5043 3009 5101; x_wconf 81' lang='lat' dir='ltr'><strong>velut</strong></span> <span class='ocrx_word' id='word_1_797' title='bbox 3052 5037 3167 5104; x_wconf 86' lang='lat' dir='ltr'><strong>ipsa</strong></span> <span class='ocrx_word' id='word_1_798' title='bbox 3203 5047 3424 5116; x_wconf 5' lang='lat' dir='ltr'><strong>sacro-q</strong></span> 
     </span>
    </p>
   </div>
   <div class='ocr_carea' id='block_1_106' title="bbox 2681 5125 3407 5166">
    <p class='ocr_par' dir='ltr' id='par_1_106' title="bbox 2681 5125 3407 5166">
     <span class='ocr_line' id='line_1_106' title="bbox 2681 5125 3407 5166; baseline 0 0"><span class='ocrx_word' id='word_1_799' title='bbox 2681 5131 2894 5166; x_wconf 55' lang='grc' dir='ltr'><strong>ἷιιλῖλὲιι</strong></span> <span class='ocrx_word' id='word_1_800' title='bbox 2971 5128 3151 5166; x_wconf 62' lang='grc' dir='ltr'><strong>ηοαοῖη</strong></span> <span class='ocrx_word' id='word_1_801' title='bbox 3195 5125 3407 5166; x_wconf 65' lang='grc' dir='ltr'>ηιιῖῑιιιιι</span> 
     </span>
    </p>
   </div>
   <div class='ocr_carea' id='block_1_107' title="bbox 1789 5138 2626 5166">
    <p class='ocr_par' dir='ltr' id='par_1_107' title="bbox 1789 5138 2626 5166">
     <span class='ocr_line' id='line_1_107' title="bbox 1789 5138 2626 5166; baseline 0 0"><span class='ocrx_word' id='word_1_802' title='bbox 1789 5149 1907 5166; x_wconf 65' lang='grc' dir='ltr'><strong>...δε-κ</strong></span> <span class='ocrx_word' id='word_1_803' title='bbox 1949 5150 2216 5166; x_wconf 67' lang='grc' dir='ltr'><strong>Ληηηηηιιη</strong></span> <span class='ocrx_word' id='word_1_804' title='bbox 2247 5138 2626 5166; x_wconf 62' lang='grc' dir='ltr'><strong>ιιΔ-κιινιηοσιηη.</strong></span> 
     </span>
    </p>
   </div>
  </div>
