3948 5376
83 347 225 409 509

907 351 1148 410 OPUSC.
1189 352 1283 409 ΕΤ
1317 350 1533 406 EPIST.
1571 349 1639 405 IN
1676 349 1902 407 CAUSA
1940 346 2269 406 IIINCMARI
2304 343 2604 405 LAUDUN.

3271 343 3378 403 5i0

90 465 318 522 oculos
352 464 496 535 quod
536 479 720 520 coram
760 465 1025 534 episcopis
1068 464 1252 518 decem
1301 463 1696 533 provinciarum
1727 464 1774 522 Α
1801 460 1959 514 dicio.
1988 459 2103 515 Non
2131 460 2275 514 enim
2319 460 2387 513 de
2415 473 2503 513 me
2531 471 2714 511 verum
2753 471 2872 512 esse
2897 456 3098 512 valebis
3137 472 3372 527 unquam

93 554 411 624 professus
432 570 523 620 es,
551 564 608 610 et
636 570 795 609 manu
819 557 1036 624 propria
1065 555 1424 621 subscripsisti
1444 594 1458 619 ,
1498 553 1702 608 scilicet

95 652 252 714 quia
304 645 584 715 privilegio
611 646 1002 714 metropolitani
1043 645 1332 714 provincia:
1371 645 1702 698 Rhemorum

95 735 398 798 ecclesia,
423 733 715 790 semiudum
749 749 934 790 sacros
959 747 1212 797 canones,
1242 741 1298 788 et
1320 734 1535 788 decreta
1561 731 1705 788 sedis

96 822 447 891 apostolica:
463 823 636 877 sacris
660 823 954 878 canonibs
975 821 1330 892 promulgata,
1361 835 1460 891 pro
1484 821 1624 877 scire
1649 828 1706 876 et

91 925 294 978 posse
337 919 389 964 te
428 911 766 966 obediturum
807 911 1176 980 promet-eris,
1221 918 1278 964 et
1311 909 1700 980 subscripsisti.

99 1001 243 1064 Dic,
277 999 467 1066 i'rater,
494 1000 800 1070 quando,et
826 1000 915 1054 ubi
935 1041 952 1065 ,
977 999 1062 1054 vel
1089 999 1142 1053 in
1169 1000 1364 1069 quibus
1385 1016 1416 1054 a
1445 1009 1498 1055 te
1525 1001 1705 1070 requi-

99 1089 221 1151 sivi
254 1087 346 1142 vel
370 1097 698 1157 extorquere
721 1087 864 1142 volui
887 1127 901 1151 ,
929 1097 991 1141 ut
1015 1088 1147 1142 mihi
1173 1097 1360 1142 contra
1386 1088 1499 1143 hac
1525 1089 1582 1142 in
1607 1087 1705 1142 ali-

101 1192 229 1244 quo
254 1176 510 1232 obedires
525 1177 550 1231 Y
567 1177 658 1247 qui
685 1193 956 1245 nunquam
985 1187 1093 1240 tua,
1109 1177 1202 1231 sed
1221 1176 1373 1244 juxta
1389 1179 1701 1247 Apostolum

103 1276 178 1320 te
207 1267 440 1335 quaesivi
462 1305 479 1330 ,
513 1274 570 1322 et
593 1267 684 1336 qui
714 1282 864 1322 meas
903 1264 1158 1334 injurias,
1186 1267 1392 1323 scilicet
1419 1283 1552 1323 mea:
1583 1268 1705 1338 per-

101 1373 301 1423 sons.
328 1358 491 1415 facile
521 1360 631 1415 Deo
657 1360 859 1430 gratias
885 1375 1102 1429 possum
1142 1361 1413 1415 dimittere
1431 1402 1446 1425 ,
1483 1362 1622 1417 sicut
1645 1371 1703 1417 et

104 1461 218 1514 pro
261 1455 319 1502 te
357 1446 602 1516 quotidie
627 1449 1070 1518 omnipotentiam
1111 1448 1322 1503 Domini
1349 1450 1540 1506 devote
1569 1465 1703 1506 exo-

104 1540 252 1591 rans
283 1536 444 1600 iacio,
483 1536 708 1605 injurias
747 1539 1101 1594 ordinationis
1137 1539 1361 1604 divinae,
1402 1555 1524 1610 quae
1549 1557 1579 1596 a
1610 1551 1699 1596 tua

105 1625 414 1682 inscientia
456 1629 835 1697 exquiruntur,
880 1638 939 1684 ut
981 1631 1396 1700 metropolitano
1421 1633 1699 1704 privilegio

102 1718 387 1780 canonice
405 1734 512 1774 non
537 1721 804 1785 subdaris,
829 1721 882 1774 in
907 1736 1029 1775 eum
1059 1722 1436 1789 redundantes,
1467 1726 1556 1794 qui
1583 1726 1700 1795 Spi-

104 1806 224 1860 ritu
270 1817 463 1864 sancto
501 1823 620 1874 suo,
651 1824 681 1862 a
721 1779 830 1878 quo
855 1810 1176 1881 promulgati
1206 1779 1456 1882 leguntur
1578 1779 1695 1870 αἶθ-
1725 1779 1770 1839 Β

102 1895 329 1952 duntur
366 1909 633 1963 canones,
657 1897 922 1964 instituit,
949 1901 1213 1968 patienter
1238 1901 1382 1955 ferre
1421 1917 1526 1957 non
1571 1918 1695 1971 pos-

100 1997 236 2035 sum
264 2020 283 2047 ,
313 1997 417 2038 nec
454 1983 662 2050 debeo,
709 1987 840 2056 quin
888 1996 1092 2042 tantum
1135 1987 1260 2044 inde
1297 2004 1406 2045 non
1451 1999 1692 2062 satagam

93 2085 384 2142 quantum
409 2086 616 2147 potero.
656 2079 790 2134 Nam
829 2081 970 2136 sicut
1008 2081 1313 2136 sollicitudo
1350 2091 1404 2137 et
1428 2083 1694 2151 primatus

99 2165 291 2222 totius
309 2164 564 2224 Ecclesia:
587 2167 863 2226 catholica
883 2179 1084 2227 sanctae
1109 2171 1253 2226 sedis
1281 2169 1534 2227 Romanae
1561 2188 1693 2242 pon-

97 2254 142 2304 ti
154 2252 252 2308 iici
285 2254 539 2312 divinitus
565 2265 648 2314 est
673 2258 887 2322 collata,
913 2259 988 2313 ita
1024 2269 1080 2314 et
1107 2260 1394 2329 unicuique
1422 2270 1693 2330 metropo-

98 2341 294 2398 litano
320 2357 388 2400 ac
412 2345 628 2415 primati
657 2348 946 2418 provinciae
970 2348 1273 2404 sollicitudo
1302 2350 1405 2406 sibi
1439 2351 1694 2420 delegata:

98 2435 414 2501 provincia:
454 2451 555 2508 per
593 2455 778 2496 sacros
814 2455 1046 2496 canones
1072 2439 1262 2510 spiritu
1303 2440 1399 2496 Dei
1424 2441 1690 2506 conditos,

96 2533 164 2578 et
193 2524 370 2582 totius
394 2529 578 2584 mundi
611 2532 911 2586 reverentia
940 2540 1283 2587 consecratos
1309 2531 1550 2586 noscitur
1572 2544 1693 2586 esse

100 2615 444 2683 Comisse.
470 2635 492 2671 ι
521 2625 578 2673 et
612 2628 827 2675 caatera.
857 2619 1166 2690 Sequuntur
1187 2620 1420 2690 denique
1445 2618 1594 2690 plura
1625 2619 1693 2674 de

97 2703 546 2773 professionibus
565 2716 618 2763 et
638 2710 1119 2779 subscriptionibus
1135 2707 1374 2777 ejusdem
1395 2707 1688 2775 Hincmari,

98 2803 166 2850 et
183 2797 624 2868 corrcptionibus
646 2799 784 2869 ejus,
806 2813 974 2869 usque
997 2801 1065 2855 ad
1093 2799 1252 2855 linem
1274 2799 1470 2870 operis.

302 2929 634 2992 EPISTULA
672 2931 1002 2990 HINCMARI
1035 2932 1514 2991 LAUDUNENSIS

510 3038 579 3078 AD
614 3039 925 3081 BINCIARUI
959 3040 1298 3080 RIIEIIENSEI.

98 3111 416 3187 Respondet
452 3113 523 3166 ad
563 3114 872 3187 opusculum
914 3117 1290 3187 quinquaginta
1334 3117 1559 3186 quinque
1600 3133 1693 3187 ca-_

163 3183 356 3304 ‘pittzm
403 3193 453 3236 et
503 3183 573 3236 ad
618 3183 725 3238 alia
771 3201 888 3257 quia
926 3183 1112 3238 contra
1147 3183 1567 3255 ipsum'scripta
1616 3185 1694 3240 vel

155 3268 251 3306 -at
313 3287 332 3304 ο

259 3337 425 3412 (Vide
448 3339 767 3414 Patrologiai
819 3351 952 3400 tom.
977 3341 1213 3409 CXXIV,
1241 3342 1342 3398 col.
1373 3343 1554 3413 i027.)

487 3470 817 3530 HINCMARI
855 3473 1332 3532 LAUDUNENSIS

742 3580 812 3618 AD
849 3579 1068 3618 EUIDEI

98 3652 194 3711 De
246 3663 502 3707 consensu
547 3652 604 3709 in
646 3655 1230 3707 excommunicationem
1279 3653 1344 3707 ab
1391 3667 1452 3707 eo
1501 3651 1698 3720 faciant

693 3737 846 3792 quem
877 3721 1130 3790 exigebat.

499 3808 658 3881 (Vide
685 3809 776 3865 ubi
805 3823 990 3880 supra,
1013 3809 1114 3864 col.
1145 3808 1332 3880 1069.)

335 3939 668 4000 EPISTOLA
709 3940 1038 3997 HINCMARI
1080 3938 1470 3997 RHEMENSIS

473 4049 544 4091 Α»
579 4047 894 4089 ιιιιιωιλιιωι
928 4047 1330 4088 ωυῡυαεωιι.

277 4131 438 4196 (Δρ-ἰ
456 4133 720 4195 Sirmcnd.,
746 4146 812 4185 ex
836 4133 1088 4184 Fiodoardi
1109 4133 1191 4184 iiii.
1222 4147 1292 4195 In,
1310 4145 1417 4197 cap.
1437 4132 1503 4183 SI
1525 4133 1544 4194 )

187 4230 495 4289 limo-nus
533 4233 865 4290 liliemorum
914 4233 1198 4304 episcopus
1239 4231 1520 4290 "lacuum
1555 4228 1698 4287 Lau-

106 4321 344 4378 dunensi
375 4323 649 4394 episeopo.

1799 548 1882 601 vel
1907 561 2130 616 usquam
2172 548 2402 617 probare
2428 547 2571 618 quod
2600 548 2735 603 dicis
2755 586 2770 612 ,
2801 548 2869 603 ab
2897 548 2982 603 his
3002 587 3018 614 ,
3047 548 3314 618 inquiens,
3343 563 3379 602 a

1801 639 1995 707 quibus
2023 652 2123 708 pro
2147 639 2454 707 apostolicae
2483 640 2628 694 sedis
2656 630 2949 709 privilegiis
2972 678 2987 703 ,
3017 654 3137 708 quae
3174 630 3375 694 Christi

1801 737 1957 790 sunt,
1984 739 2156 796 usque
2192 729 2258 781 d
2301 736 2532 783 mortem
2571 727 2654 784 ias
2683 737 2805 784 erat
2846 728 3110 783 decertari
3131 765 3146 794 ,
3182 728 3378 797 praedi-

1801 827 1958 872 catur
1978 825 2033 872 et
2061 817 2302 880 docetur,
2329 817 2381 872 in
2408 817 2492 873 bis
2518 834 2636 888 qua:
2659 820 2846 874 eadem
2874 819 3030 874 sedes
3053 820 3263 885 statuit,
3291 821 3382 873 vri

1801 917 1864 962 ut
1884 906 2244 977 respuendum
2273 907 2513 978 probari.
2548 907 2655 963 Sed
2697 918 2752 962 tu
2791 910 3038 979 probaris
3070 908 3186 976 ejus
3213 909 3378 978 priviu

1800 996 1940 1066 legio
1969 996 2266 1062 resultare,
2289 998 2380 1066 qui
2409 1001 2704 1053 secundum
2744 1007 3214 1054 sacrosanctorum
3239 1015 3374 1054 con-

1800 1085 2045 1140 ciliorum
2071 1099 2303 1140 canones
2328 1100 2489 1155 supra
2515 1087 2720 1156 positos
2737 1127 2752 1152 ,
2785 1088 2854 1141 ab
2881 1088 2994 1158 ipsa
3025 1089 3196 1158 prima
3223 1089 3375 1152 sede,

1803 1183 1967 1246 atque
1991 1173 2062 1228 ab
2088 1175 2236 1230 omni
2260 1175 2496 1230 Ecclesia
2517 1177 2782 1233 catholica
2804 1180 3204 1249 comprobatos,
3234 1187 3293 1231 ut
3319 1192 3379 1231 re

1799 1281 1925 1322 vera
1956 1266 2148 1334 spiritu
2176 1266 2271 1320 Dei
2297 1266 2562 1330 conditos,
2587 1275 2643 1320 et
2668 1267 2832 1323 totius
2859 1264 3041 1322 mundi
3066 1267 3370 1321 reverentia

1801 1364 2141 1412 consecratos
2159 1394 2174 1418 ,
2209 1363 2266 1410 et
2286 1351 2442 1424 juxta
2468 1355 2680 1410 decreta
2709 1357 2878 1426 ipsius
2901 1366 3101 1412 sanctae
3127 1355 3272 1410 sedis
3301 1369 3370 1410 ex

1798 1443 2002 1499 eisdem
2031 1443 2202 1499 sacris
2229 1443 2528 1499 canonibus
2567 1445 2900 1516 promulgata
2920 1485 2936 1510 ,
2962 1443 3377 1514 metr0poiitano

1798 1532 2080 1603 privilegio
2121 1532 2288 1590 semel
2332 1541 2390 1588 et
2431 1533 2666 1588 secundo
2704 1548 2768 1589 ac
2813 1534 2972 1589 tertio
3013 1533 3373 1588 commonitus

1798 1619 2019 1674 obedire
2042 1619 2356 1674 detrectasti
2375 1659 2390 1684 ,
2422 1627 2480 1673 ut
2507 1618 2873 1691 coiiigationes
2897 1620 3208 1691 impietatis,
3238 1633 3375 1690 quas

1799 1717 1990 1766 contra
2017 1709 2383 1780 evangelicam
2418 1709 2722 1776 veritatem,
2751 1717 2807 1764 et
2838 1710 3187 1780 apostolicam
3212 1719 3375 1780 atque

1795 1797 2168 1868 propheticam
2194 1797 2591 1863 auctoritatem,
2627 1805 2920 1867 contraque
2945 1807 3252 1853 sanctorum
3281 1810 3372 1854 ea-

1795 1900 2018 1952 nonum,
2055 1894 2112 1942 et
2133 1887 2348 1942 decreta
2378 1887 2547 1958 ipsius
2576 1887 2898 1942 veneranda)
2923 1888 3088 1950 sedis,
3121 1885 3371 1941 exitiabi-

1795 1978 1919 2033 liter
1948 1977 2003 2032 in
2034 1983 2186 2031 tuum
2221 1986 2278 2033 et
2305 1977 2594 2032 multorum
2620 1976 2916 2047 periculum
2943 1977 3202 2047 colligasti
3222 2015 3237 2040 ,
3263 1977 3375 2031 dis-

1793 2065 2056 2122 solveres.
2072 2066 2296 2136 insuper
2321 2071 2508 2121 contra
2532 2080 2715 2121 sacras
2737 2065 2951 2136 regulas
2973 2065 3230 2120 adversus
3256 2079 3371 2119 me-

1797 2157 2177 2225 tropolitanum
2225 2155 2561 2226 privilegium
2589 2155 2768 2211 libello
2791 2156 3092 2226 perniciose
3125 2156 3373 2210 subscri—

1794 2248 1974 2317 psisti,
1995 2256 2050 2301 et
2067 2246 2331 2302 subscribi
2350 2245 2546 2301 fecisti.
2577 2245 2731 2301 Unde
2756 2246 2808 2299 in
2840 2246 3045 2316 synodo
3070 2252 3371 2300 conventus

1795 2339 1866 2394 ab
1874 2338 2142 2408 episcopis
2155 2338 2338 2393 decem
2353 2337 2766 2406 provinciarum,
2775 2335 3007 2390 libellum
3020 2334 3370 2404 professionis

1793 2428 2062 2486 defutura
2089 2436 2179 2482 tua
2197 2425 2902 2493 obedientia,subscriptum
2927 2437 3090 2478 manu
3124 2421 3368 2492 propria,

1792 2519 1935 2590 quod
1971 2519 2172 2582 habeo,
2190 2515 2481 2587 porrexisti
2512 2531 2527 2569 :
2558 2523 2744 2569 contra
2766 2527 2926 2582 quem
2958 2513 3156 2567 iterum
3183 2509 3369 2565 resub-

1793 2607 2079 2678 scripsisti.
2103 2606 2238 2661 Nam
2262 2619 2365 2676 ego
2393 2603 2688 2659 decretales
2711 2602 2966 2673 epistolas
2985 2600 3130 2657 sedis
3155 2609 3372 2670 aposto-

1793 2700 1943 2765 lieze,
1984 2699 2214 2754 diversis
2261 2695 2595 2768 temporibus
2630 2709 2729 2765 pro
2773 2696 3110 2751 diversorum
3155 2701 3371 2764 patrum

1795 2788 2166 2844 consolatione
2191 2785 2275 2842 vel
2300 2783 2698 2840 consultatione
2723 2784 2792 2840 ab
2815 2782 3054 2854 ejusdem
3077 2782 3220 2838 sedis
3238 2793 3372 2849 pon-

1794 2881 2030 2936 tificibus
2049 2881 2204 2934 datas
2222 2919 2238 2944 ,
2266 2886 2321 2932 et
2349 2877 2730 2933 venerabiliter
2769 2877 3037 2948 suscipio,
3067 2884 3122 2931 et
3147 2889 3373 2930 venera-

1793 2973 1978 3028 biliter
1997 2969 2368 3041 suscipiendas
2387 2969 2529 3032 dico,
2543 2975 2599 3022 et
2619 2967 2815 3030 scribo,
2831 2976 2886 3023 et
2906 2972 3374 3021 sacrosanctorum

1795 3062 2142 3120 conciliorum
2173 3074 2435 3124 canones,
2463 3073 2586 3114 cum
2615 3058 2846 3114 decretis
2886 3055 3194 3126 apostolicae
3228 3053 3377 3110 sedis

1721 3135 1767 3194 (ἶ
1799 3169 1866 3208 ex
1902 3152 2107 3206 eisdem
2158 3151 2330 3205 sacris
2374 3148 2671 3203 canonibus
2716 3146 3071 3217 promulgatis
3126 3152 3183 3212 et
3233 3144 3375 3200 reci-

1799 3242 2022 3313 piendos
2047 3249 2104 3296 et
2147 3239 2527 3295 custodiendos
2567 3245 2622 3292 et
2657 3237 2955 3292 servandos
2980 3275 2996 3302 ,
3039 3235 3183 3292 sicut
3208 3247 3376 3303 supra

1796 3333 2003 3388 ostendi
2023 3370 2040 3397 ,
2073 3329 2350 3401 proﬁteor.
2378 3329 2446 3383 Et
2481 3328 2623 3396 quod
2663 3334 2718 3381 te
2757 3326 2893 3380 dicis
2931 3325 3119 3380 audire
3155 3321 3377 3391 obloqui

1799 3425 1864 3478 de
1886 3423 2091 3493 judicio
2115 3420 2299 3476 domui
2323 3433 2475 3490 papa
2503 3417 2705 3474 Nicolai
2725 3455 2740 3482 ,
2765 3417 2811 3472 si
2835 3416 2902 3471 de
2927 3429 3014 3471 me
3039 3414 3195 3480 dicis,
3224 3427 3376 3468 men-

1796 3515 2009 3568 dacium
2048 3511 2204 3568 dicis.
2249 3509 2385 3565 Nam
2427 3509 2573 3579 quod
2617 3507 2705 3562 ille
2741 3507 2810 3561 de
2839 3504 3121 3569 Rothado,
3158 3501 3272 3558 sive
3306 3499 3381 3555 de

1801 3599 2029 3654 Vuli‘ado
2045 3596 2329 3669 judicavit,
2343 3611 2449 3650 non
2476 3593 2801 3657 contradixi,
2823 3591 2917 3646 sed
2943 3592 3084 3646 sicut
3103 3590 3218 3658 ipse
3239 3603 3376 3657 pras-

1796 3691 1944 3759 cepit
1968 3688 2189 3743 obedire
2213 3685 2420 3740 curavi.
2452 3685 2530 3739 De
2568 3697 2636 3738 eo
2667 3682 2811 3752 quod
2845 3680 2982 3736 dicis
3008 3679 3076 3734 de
3103 3677 3380 3741 Rotbado,

1799 3779 1925 3848 quia
1947 3777 1999 3830 in
2027 3775 2143 3844 ejus
2168 3772 2503 3843 depositione
2527 3785 2634 3827 non
2656 3769 3000 3834 consensisti,
3026 3766 3376 3836 subscriptio-

1798 3880 1895 3921 nes
1936 3872 2042 3919 ture
2083 3876 2276 3917 manus
2315 3858 2548 3930 propria:
2594 3866 2650 3915 te
2691 3857 2994 3914 revincunt.
3041 3853 3186 3910 Nihil
3229 3853 3392 3909 enim-

1798 3955 1925 4011 inde
1963 3953 2047 4025 egi
2088 3951 2234 4022 quod
2274 3963 2486 4006 mecum
2532 3962 2639 4004 non
2665 3947 2871 4018 egeris,
2901 3944 3037 4002 nihil
3079 3942 3379 4011 subscripsi

1795 4044 1944 4116 quod
1969 4057 2075 4098 non
2114 4039 2520 4109 subscripseris.
2551 4037 2740 4095 Habeo
2767 4036 2910 4092 enim
2937 4034 3058 4092 illas
3084 4033 3233 4104 ipsas
3258 4045 3378 4088 ma—

1796 4149 1899 4189 nus
1926 4142 2029 4189 tute
2052 4128 2480 4200 subscriptiones
3291 4155 3294 4160 -

1867 4222 1934 4278 Et
1960 4222 2108 4277 circa
2139 4219 2296 4288 hujus
2328 4218 2508 4288 operis
2530 4217 2711 4272 linem.
2738 4215 2814 4271 De
2837 4214 2957 4269 aliis
2978 4227 3135 4278 vero,
3169 4223 3289 4280 qua)
3318 4209 3378 4266 in
3417 4241 3421 4245 ι

1793 4311 2000 4381 scripto
2042 4308 2184 4379 apud
2232 4307 2561 4362 Attiniacum
2608 4307 2737 4361 dato
2780 4304 2920 4360 mihi
2962 4298 3413 4372 inproperando'

179 4408 286 4464 .\’ir
313 4389 544 4466 diversis
559 4389 801 4482 Iiageiiis
823 4425 854 4465 a
884 4409 1113 4466 diversis
1139 4410 1353 4466 attritus
1387 4409 1520 4466 dicit
1545 4428 1560 4465 :
1590 4409 1694 4478 Qui
1726 4475 1762 4482 _
1797 4402 2134 4460 mendaciter
2154 4400 2309 4464 dicis,
2334 4400 2429 4454 tibi
2453 4398 2778 4468 respondere
2798 4412 2902 4452 non
2927 4405 3078 4451 curo.
3105 4389 3378 4482 Sed-scias

111 4511 210 4553 me
252 4499 539 4554 comedunt
582 4475 690 4554 non
734 4499 1047 4564 dormiunt;
1097 4514 1162 4554 ac
1204 4499 1250 4554 si
1295 4499 1535 4564 diceret,
1585 4475 1692 4556 non
1723 4475 1776 4534 Ῑ)
1799 4493 1923 4563 quia
1945 4507 2052 4546 non
2077 4504 2195 4543 sum
2220 4488 2421 4544 oblitus
2444 4486 2586 4557 quad
2616 4487 2874 4555 scriptum
2899 4493 2984 4541 est
3006 4484 3062 4538 in
3077 4481 3228 4536 ‘Isaia
3247 4477 3423 4548 proﬁt;

109 4586 421 4655 quiescunt.
446 4587 514 4643 Et
534 4595 613 4653 tu,
637 4587 830 4650 frater,
857 4601 944 4641 me
967 4593 1072 4640 tua:
1098 4587 1292 4658 linguae
1316 4586 1542 4657 ﬂagellis
1563 4595 1697 4642 atte-

114 4685 358 4740 ωηιξη
381 4679 670 4733 venenosis
709 4675 930 4744 scriptis
958 4676 1064 4729 tuis
1093 4676 1160 4729 ad
1206 4676 1540 4730 iracundiam
1571 4691 1696 4745 pro-

113 4766 361 4822 vocando
399 4767 621 4823 iniicere
659 4781 766 4821 non
810 4764 1064 4835 quiescis.
1100 4764 1208 4821 Sed
1235 4766 1326 4821 ille
1351 4767 1444 4836 qui
1474 4781 1692 4821 servum

115 4870 279 4913 ouum
299 4856 588 4914 custodivit
616 4871 649 4910 a
677 4853 1212 4920 murmurationibus,
1244 4873 1331 4912 me
1353 4865 1692 4926 peccatorem

114 4955 180 5001 et
207 4942 444 5015 fragilem
467 4947 526 5001 in
551 4960 612 5000 se
638 4943 997 5001 conﬁdentem
1021 4954 1200 5016 potest
1225 4949 1496 5004 custodire
1515 4964 1547 5002 a
1573 4964 1698 5004 ran-

119 5049 255 5092 core
295 5044 351 5091 et
393 5035 602 5091 malitia
643 5045 840 5091 contra
890 5043 1012 5092 tuas
1063 5036 1228 5092 falsas
1271 5034 1733 5101 criminationes."

121 5126 255 5181 Post
288 5125 388 5184 alia
433 5125 607 5180 multa
651 5137 812 5193 super
856 5123 1097 5180 dolorem
1127 5095 1405 5181 vulneifum
1450 5099 1696 5180 meorum
1728 5125 1736 5134 “

122 5217 322 5271 addens
347 5215 528 5274 m'cis:
561 5211 712 5267 Sicut
755 5213 810 5267 in
847 5214 1066 5284 scriptis
1101 5215 1206 5270 luis
1240 5212 1512 5285 perversis
1542 5207 1697 5268 inve-
1731 5212 1734 5216 ’

167 5306 220 5330 :n
289 5304 404 5330 tan-:-
453 5301 763 5330 annnin':nm
803 5303 943 5330 .nl‘:n
986 5302 1236 5330 ..-σέλα-διε

123 5306 220 5330 ...εει
289 5304 404 5330 ιιι-2-
453 5301 763 5330 ιιηηησΛΙῖΛΜ
803 5303 943 5330 ,Λιιξη
986 5302 1236 5330 ..-σέλα-διε
1724 5313 1726 5316 ’

1799 4583 1981 4653 pheta,
2012 4578 2268 4648 quoniam
2297 4586 2515 4632 sanctus
2545 4576 2806 4630 Ezechias
2833 4565 3421 4654 arcuwsfangssnaw

1796 4669 2138 4739 blasphemas
2160 4664 2412 4736 epistolas
2448 4665 2550 4720 sibi
2588 4655 2821 4718 directas
2859 4661 2926 4718 in'
2956 4655 3158 4732 tempio
3193 4659 3419 4714 cerialia"3

1798 4760 2028 4814 Demino
2053 4755 2328 4826 expandit,
2360 4765 2416 4813 et
2444 4756 2511 4810 ad
2534 4756 2659 4810 eum
2680 4742 2938 4809 'c‘iam'a‘v'it
2957 4767 2973 4817 ',
2995 4753 3060 4808 ’et
3080 4750 3384 4833 ext-abditos
3409 4761 3420 4800 :.'

1798 4861 1901 4908 est.
1928 4848 2240 4920 Expandam
2263 4858 2442 4904 autem
2465 4847 2660 4902 manus
2682 4834 3229 4927 meas'ad‘Domiitu‘rd
3253 4833 3418 4891 etim"

1799 4915 2128 5012 blasphemis
2167 4945 2222 4994 et
2263 4920 2928 5028 gsuperbissimis‘isci‘ipiid

1799 5005 2052 5099 directis,
2091 5025 2268 5089 orans
2323 5005 2786 5106 ut'qu'ando‘séii’,‘
2819 5005 3418 5108 ἂιιιίᾀᾷἄάςνιξξίξξξξδί

1970 5088 2070 5181 scit
2094 5164 2110 5190 ,
2131 5129 2193 5189 ei
2226 5088 2382 5185 Sicut
2403 5088 2520 5182 ῧυιι
2540 5115 2648 5198 ,ξτιε
2670 5088 3427 5209 ξ

1799 5223 1858 5270 et
1892 5187 2195 5270 dilectionis
2221 5223 2403 5288 atque"
2434 5187 2630 5272 debita:
2648 5187 3428 5288 λσδεᾱιεὴιίὼθάῖιξοςίᾳῄέψζςξ

1804 5263 1857 5270 ν-
1896 5263 2190 5270 --ηπη-η-
2326 5263 2393 5277 ..ν
2437 5263 2624 5272 ..ν---η
3077 5276 3083 5280 τ
3198 5265 3202 5270 .

1804 5314 1858 5330 -.
1888 5290 1972 5330 t...
2004 5305 2192 5330 οτι-...λι
2225 5318 2254 5330 ..
2297 5263 2319 5330 ξ
2359 5315 2378 5330 .
2398 5292 2792 5330 .;.⁴κεν..ιῑιοόιὶἇηιῖίι
2822 5289 3054 5330 animus.
3081 5263 3430 5330 HMﬁstif‘ﬁ‘
