3948 5376
194 268 308 325 525

957 256 1324 324 causam
1360 258 1577 318 sris'r.
1618 258 1688 314 ut
1727 235 1950 316 CAUSA
1993 257 2320 315 tuscum
2351 257 2662 324 -ικιιξρυδι

3290 262 3439 332 θετμ

198 382 646 445 ritatem,-atque
675 375 1020 445 apostol'mam
1047 384 1104 431 et
1129 369 1767 430 canonicamtauctorita—
1792 373 1841 446 Α
1869 383 2027 423 nosse
2054 367 2541 437 metropolitanum.
2563 367 2881 450 episcoqu
2907 365 3318 438 spuigitudimm
3342 381 3440 436 ,ιρ-

199 481 312 524 tem
345 470 472 524 talia
505 468 804 533 inconsulte
826 483 988 524 causa
1014 483 1232 522 suarum
1260 466 1576 536 injuria-rum
1606 475 1770 531 agere

195 561 580 631 praesumpsit;
631 559 808 628 qualia
857 559 1034 614 nullus
1082 568 1208 614 ante
1253 558 1428 627 ipsum
1469 556 1770 623 episcopus

196 651 313 718 egit
338 665 353 702 :
376 665 496 717 qua:
519 663 626 702 non
653 649 810 702 modo
829 662 1104 704 sacrarum
1130 647 1534 716 Scripturarum
1565 641 1770 698 tramiti

194 739 507 800 contraria,
542 748 598 792 et
624 738 856 793 decretis
882 745 1011 792 sunt
1042 747 1350 793 sanctorum
1384 737 1608 791 adversa
1632 773 1647 797 ,
1677 748 1771 788 ve-

195 845 322 884 rum
367 839 423 884 et
471 829 629 884 saluti
678 829 926 883 humanae
969 845 1035 883 ac
1076 830 1348 883 universae
1375 825 1768 884 Christianitati

193 929 328 974 sunt
375 919 614 974 inimica.
644 918 811 984 Quia,
859 928 997 973 sicut
1035 917 1250 972 Hilarus
1291 933 1428 987 papa-
1470 917 1630 980 dicit,
1661 933 1768 971 non

194 1009 381 1062 minus
409 1009 464 1061 in
495 1023 774 1062 sacrarum
803 1008 1149 1061 traditionum
1175 1007 1503 1076 delinquitur
1529 1008 1766 1061 sanctio-

193 1113 325 1160 nes,
367 1112 531 1165 quam
584 1097 638 1150 in
687 1097 936 1165 injuriam
1001 1097 1168 1164 ipsius
1214 1095 1415 1149 domini
1467 1096 1772 1163 prosilitur.-

199 1189 446 1252 Vestram
474 1197 656 1254 autem
682 1187 959 1242 solertiam
987 1187 1176 1250 laudo,
1214 1185 1308 1240 lilii
1330 1201 1396 1240 ac
1421 1185 1618 1240 fratres
1642 1186 1768 1242 cha-

194 1276 432 1342 rtssiini,
459 1292 596 1346 quos
619 1286 883 1346 praecepta
914 1291 1191 1330 sacrorum
1215 1282 1484 1330 canonum
1514 1291 1619 1330 non
1647 1290 1774 1344 per-.

191 1363 468 1421 functorie
491 1366 686 1436 legisse
709 1381 994 1436 cognosco.
1015 1366 1107 1420 Ait
1124 1366 1268 1420 enim
1289 1379 1441 1419 sacra
1461 1372 1517 1420 et
1539 1365 1766 1436 mystica

191 1454 412 1510 Nicena
437 1457 673 1528 synodus
698 1471 714 1509 :
743 1475 762 1507 ι
789 1457 1021 1526 Antiqua
1050 1455 1383 1512 consuetudo
1406 1463 1651 1511 servetur
1671 1471 1768 1525 per

190 1542 520 1615 IEgyptum,
549 1545 773 1616 Libyam
818 1555 874 1600 et
913 1546 1277 1616 Pentapolim,
1333 1549 1406 1601 ita
1450 1557 1508 1601 ut
1539 1547 1768 1601 Alexan-

189 1631 386 1688 drinus
409 1635 691 1704 episcopus
716 1636 906 1690 horum
927 1638 1166 1691 omnium
1194 1638 1389 1692 habeat
1409 1645 1760 1707 potestatem;

1871 463 1978 516 tius
2001 460 2293 530 provincia:
2317 476 2522 530 gerere.
2546 459 2780 530 Propter,
2816 460 2960 528 quod
2986 461 3055 520 ad
3071 462 3448 532 -.motmpolim.

1868 551 2105 620 undique
2127 552 2234 620 qui:
2251 552 2462 619 negotia
2490 550 3330 618 videntur.itaherc,coricitr_raitt.
3359 595 3385 622 ί.
3413 611 3415 614 ,

1933 661 2110 725 'Unde,
2133 660 2342 715 fratres
2368 661 2699 724 eharissimi,
2723 661 2949 715 docente
2977 675 3088 714 nos
3116 661 3284 714 beato
3300 661 3437 716 Gre-

1868 752 2021 822 gorio
2047 766 2112 804 ac
2136 751 2372 811 dicente,
2408 768 2426 800 ι
2453 751 2543 818 qui
2562 765 2674 804 non
2701 751 3439 819 cerrigitzreseoantlagcon-

1868 841 2059 901 mittit,
2098 857 2116 890 ι
2151 840 2217 893 ad
2252 835 2529 907 prmfatum
2568 836 2791 891 fratrem
2832 845 2888 891 et
2921 838 3302 906 Coepiscopurtt
3335 852 3433 891 no-

1868 941 2037 986 strum
2077 930 2422 984 Hincmarum
2455 929 2558 984 has
2607 945 2736 998 qum:
2759 939 3063 997 sequuntur
3105 929 3312 984 litteras
3344 944 3439 982 au—

1868 1022 2119 1076 ctoritate
2161 1020 2572 1090 metropolitana
2605 1009 2868 1090 dirigere?
2883 1021 3248 1074 necessarium
3280 1021 3434 1083 doni;

1868 1124 2093 1164 monens
2149 1110 2297 1163 illum
2344 1119 2567 1177 paterna
2615 1124 2678 1162 ac
2713 1109 2948 1162 fraterna
2992 1108 3320 1170 dilectione,
3381 1117 3441 1161 ιιι

1862 1198 2014 1268 juxta
2048 1199 2188 1252 beati
2214 1213 2364 1268 papae
2390 1197 2557 1251 Hilari
2594 1198 2809 1252 decreta
2848 1198 2960 1266 ipse
2985 1199 3306 1267 quantocius
3334 1198 3427 1250 ini-

1867 1302 2031 1355 quum
2069 1286 2268 1340 factum
2307 1301 2464 1340 suum
2496 1286 2770 1340 dissolvat.
2793 1285 3022 1351 Quodsi
3061 1287 3439 1353 ageret-totite-

1866 1373 1967 1438 rit,
2019 1382 2074 1427 et
2124 1373 2536 1436 contumaciter,
2595 1373 2738 1441 quod
2779 1373 2965 1439 absit,
3007 1373 3441 1442 magistdiil'erro

1865 1478 2026 1532 quam
2055 1464 2275 1517 obedire
2303 1463 2578 1526 maluerit,
2610 1463 2748 1516 sciat
2773 1463 3098 1532 generalitas
3130 1461 3439 1518 fraternita-

1869 1553 1936 1606 tis
1961 1561 2152 1605 vestrm
2177 1553 2377 1606 virtute
2426 1551 2633 1606 Domini
2666 1552 2835 1606 nostri
2879 1550 3004 1606 Jesu
3045 1552 3272 1617 Christi,
3296 1553 3438 1621 vqui,

1867 1653 1928 1696 ut
1953 1646 2064 1712 ipse
2084 1643 2238 1708 dicit,
2264 1644 2410 1696 venit
2439 1644 2658 1697 animas.
2683 1643 2925 1707 salvare,
2946 1657 3067 1696 non
3107 1645 3440 1712 perdere,-et

188 1725 322 1793 quia
349 1734 413 1780 ut
439 1727 590 1782 urbis
619 1727 803 1782 Romae
828 1728 1082 1798 episeopo
1100 1729 1285 1798 parilis
1330 1705 1450 1783 mos
1471 1737 1574 1782 est.
1603 1728 1763 1782 Sittti-
1797 1705 1842 1763 Β
1871 1705 2016 1788 venit
2044 1705 2284 1803 qmercre
2313 1743 2370 1788 et
2391 1734 2605 1788 salvare
2633 1733 2775 1801 quod
2819 1705 3216 1802 perierat-qui
3253 1705 3357 1795 est,
3379 1742 3439 1785 ιιι

190 1816 322 1870 liter
346 1825 530 1884 autem
558 1826 613 1872 et
641 1819 782 1888 apud
809 1818 1150 1872 Antiochiam
1179 1827 1513 1886 ceterasque
1555 1818 1766 1888 provin-

187 1907 310 1962 cias
339 1907 454 1962 suis
477 1907 757 1976 privilegia
787 1918 1072 1962 serventur
1093 1907 1355 1962 ecclesiis.
1393 1927 1412 1958 ι
1440 1905 1592 1972 Quod
1615 1907 1763 1974 capi-

188 1996 368 2051 tulum
396 2007 614 2052 sanctus
639 1997 949 2058 Bonifacius
974 2013 1109 2067 papa
1137 1997 1382 2052 scribens
1407 1999 1474 2052 ad
1501 1996 1762 2051 Hilarium

187 2087 596 2144 Narbonensem
625 2089 934 2158 episcopum
965 2089 1185 2157 exponit
1212 2088 1313 2142 hoc
1343 2089 1500 2142 modo
1525 2106 1538 2140 :
1568 2107 1586 2139 ι
1623 2087 1767 2142 Con-

183 2179 468 2238 venitnos
512 2188 860 2248 paternarum
914 2179 1254 2235 sanctionum
1317 2178 1603 2248 diligentes
1645 2192 1766 2232 esse

179 2269 466 2324 custodes.
490 2269 627 2322 Nulli
655 2270 854 2324 etenim
885 2269 1097 2323 videtur
1118 2267 1386 2338 incognita
1413 2267 1603 2337 synodi
1640 2281 1766 2320 oon-

179 2361 403 2414 stitutio
426 2359 684 2424 Nicaeae,
711 2375 832 2430 qua:
856 2362 926 2414 ita
949 2360 1224 2430 praecipit,
1250 2368 1307 2413 ut
1334 2357 1522 2414 eadem
1549 2359 1766 2429 proprie

177 2449 356 2504 verba
383 2463 682 2518 ponamus;
715 2463 814 2518 per
841 2462 1278 2518 unamquamque
1319 2447 1656 2518 provinciam
1679 2446 1768 2516 jus

187 2537 644 2608 metropolitanos
665 2538 904 2608 singulos
923 2538 1127 2592 habere
1149 2538 1371 2602 debere,
1393 2552 1492 2592 nec
1513 2536 1764 2605 cuiquam

191 2631 340 2685 duas
365 2643 488 2684 esse
514 2629 781 2698 subiectas
815 2647 828 2683 :
859 2630 1000 2698 quoi
1045 2629 1152 2692 illi,
1183 2629 1307 2698 quia
1336 2628 1495 2684 aliter
1541 2629 1768 2683 creden-

181 2720 328 2772 dum
357 2732 468 2776 non
487 2719 952 2782 est,servandum,
984 2717 1187 2788 Spiritu
1214 2725 1400 2772 saneto
1422 2726 1764 2787 suggerente,

173 2807 412 2861 sibimet
463 2814 809 2861 censuerunt.
849 2825 866 2858 ι
916 2807 983 2859 Ει
1025 2815 1146 2874 post
1193 2806 1511 2876 aliquanta:
1558 2826 1576 2858 ι
1613 2805 1767 2872 Quod

173 2896 394 2950 idcirco
423 2895 684 2959 dicimus,
712 2905 770 2950 ut
793 2897 1041 2952 advertat
1065 2897 1306 2952 charitas
1344 2905 1431 2952 tua
1451 2938 1466 2962 ,
1505 2897 1641 2952 adeo
1667 2913 1766 2952 nos

167 2996 460 3040 canonum
484 2996 748 3056 pracepta
771 3003 1010 3052 servare,
1036 2998 1095 3042 ut
1115 2987 1190 3042 ita
1212 2990 1529 3046 constitutio
1552 3005 1766 3059 quoque

170 3085 380 3132 nostra
413 3075 676 3140 diﬂiniat;
705 3087 972 3147 quatenus
999 3078 1396 3147 metropolitani
1423 3081 1504 3134 sui
1534 3093 1769 3149 unaqua-

168 3181 298 3235 que
319 3166 594 3237 provincia
619 3168 674 3221 in
693 3169 944 3223 omnibus
965 3171 1128 3224 rebus
1145 3169 1546 3224 ordinationem”
1557 3182 1769 3240 semper

166 3266 481 3330 exspectet.
518 3259 638 3312 ι-Ει
653 3259 949 3314 secundum
975 3259 1291 3314 Africanum
1318 3259 1602 3314 concilium
1634 3262 1770 3315 seri-

168 3348 326 3404 bens
349 3349 416 3402 ad
433 3346 790 3404 leestinum
816 3364 1008 3419 papam
1043 3368 1056 3402 :
1093 3369 1112 3401 ι
1148 3349 1372 3404 Decreta
1391 3389 1406 3413 ,
1434 3349 1640 3418 inquit,
1673 3349 1764 3403 Ni—

173 3455 346 3496 cama
375 3439 491 3495 sive
533 3438 805 3493 inferioris
827 3441 1026 3507 gradus
1061 3439 1318 3504 clericos,
1349 3440 1464 3494 sive
1488 3439 1768 3508 epismpos

167 3531 338 3600 ipsos
413 3528 529 3584 suis
599 3528 1025 3601 metronotjtanis
1081 3527 1420 3599 apertissime
1484 3529 1769 3581 commise-

171 3627 342 3674 runt.
376 3636 397 3670 ο

253 3713 332 3768 Ει
350 3709 718 3766 venerandum
739 3709 1132 3772 Antiochenam
1153 3710 1440 3765 concilium
1461 3727 1473 3762 :
1503 3709 1633 3764 «Per
1652 3709 1766 3764 sin-

178 3801 389 3875 gulas,
444 3799 646 3870 inquit,
694 3800 940 3868 regiones
991 3800 1272 3870 episcopos
1313 3800 1562 3853 convenit
1609 3815 1767 3856 nosse

183 3891 680 3961 metropolitanum
694 3892 1006 3962 episcopum
1028 3891 1443 3946 sollicitudinem
1467 3892 1631 3945 totius
1648 3909 1768 3962 pro-

176 3987 386 4042 tineite
413 3999 620 4057 gerere.
651 3984 883 4055 Propter
909 3988 1050 4055 quod
1096 3987 1163 4040 ad
1211 3985 1547 4054 metropolim
1577 4000 1766 4041 omnes

175 4078 429 4146 undique
469 4076 560 4145 qui
611 4077 824 4146 negotia
877 4077 1128 4129 videntur
1167 4075 1368 4130 habere
1411 4083 1759 4128 concurrant.

180 4169 349 4223 Unde
384 4166 584 4236 placuit
627 4181 748 4221 eum
797 4176 862 4219 et-
906 4167 1111 4220 lmnore
1155 4163 1493 4233 praecellere,
1545 4167 1598 4218 et
1629 4163 1763 4218 nihil

173 4258 422 4328 amplius
465 4265 658 4327 praeter
703 4273 825 4311 eum
872 4265 1099 4312 creteros
1133 4256 1415 4324 episcopos
1458 4265 1651 4324 agere,
1681 4270 1765 4310 se-

1867 1824 1982 1891 ipse
2010 1825 2266 1887 insinuat,
2297 1825 2399 1888 ria,
2432 1823 2620 1877 veritas
2651 1833 2698 1876 et
2725 1823 2828 1876 vita
2855 1822 3035 1891 (Joan.
3065 1824 3166 1891 tv):
3191 1821 3275 1876 via
3298 1821 3440 1875 scili-

1867 1923 1954 1970 cet
1985 1916 2416 1970 conversationis
2447 1923 2671 1979 sanctte,
2701 1914 2914 1970 veritas
2938 1914 3198 1968 doctrina:
3224 1914 3440 1973 divinae,

1865 2005 1976 2059 vita
2019 2005 2370 2059 beatitudinis
2405 2005 2767 2074 sempiterna.
2800 2005 2848 2057 -A
2873 2013 3110 2073 quor-et
3149 2019 3246 2073 per
3278 2019 3438 2072 quem

1869 2094 1922 2147 in
1949 2095 2390 2159 :edificat'ionem,
2409 2105 2464 2149 et
2482 2110 2588 2149 non
2619 2095 2672 2148 in
2695 2095 3112 2150 destructionem
3137 2108 3291 2148 sacer
3311 2094 3442 2147 ordo

1868 2186 2188 2255 episcopalis
2233 2187 2442 2255 accepit
2474 2186 2782 2242 exordium.
2815 2183 3029 2239 Iudicio
3062 2185 3222 2238 etiam
3268 2185 3439 2238 sancti

1869 2275 2134 2345 Spiritus,
2184 2293 2292 2345 quo
2335 2276 2483 2331 sacri
2530 2274 2850 2345 promulgati
2892 2282 3020 2328 sunt
3073 2287 3336 2336 canones;
3387 2283 3442 2326 ιιι

1868 2364 2040 2417 sancti
2075 2365 2350 2433 prephette
2373 2372 2532 2432 atque
2557 2363 2801 2431 apostoli,
2831 2375 3126 2430 eorumque
3165 2376 3442 2416 successo-

1868 2465 1975 2514 res,
2020 2460 2075 2504 et
2102 2451 2414 2519 apostolicae
2438 2449 2579 2504 beati
2613 2448 2937 2503 Petrisedis
2965 2447 3248 2518 pontifices
3287 2448 3441 2501 nobis

1869 2539 2191 2594 documenta
2243 2539 2437 2610 salutis
2485 2547 2542 2592 et
2572 2537 2798 2607 regulas
2843 2535 3156 2590 ac'decreta
3205 2535 3441 2590 salubria"

1867 2632 2168 2690 ediderunt,
2205 2638 2262 2684 et
2287 2630 2552 2684 servanda
2577 2627 2956 2682 inviolabiliter
2983 2627 3341 2690 tradiderunt,
3370 2627 3440 2680 si-

1868 2729 1957 2774 cut
1997 2721 2049 2773 iu
2081 2717 2534 2787 subsequentibus
2571 2715 2823 2786 relegetis
2855 2724 3054 2770 cuncta
3091 2731 3213 2783 qua:
3242 2717 3308 2769 de
3343 2732 3438 2769 ca-

1866 2809 2052 2879 pitulis
2099 2809 2154 2861 in
2191 2816 2368 2861 vestra
2407 2806 2667 2876 petitione
2686 2806 3026 2874 conscriptis
3053 2807 3322 2863 contraria
3361 2807 3442 2859 di-

1868 2901 2008 2954 vinae
2035 2899 2367 2960 auctoritati,
2397 2911 2518 2966 qua:
2541 2905 2754 2952 tenetur
2777 2897 2837 2951 in
2865 2897 3116 2962 subditis,
3146 2905 3237 2950 aut
3278 2896 3440 2950 verbo

1870 2989 2154 3057 praecepit,
2194 2996 2289 3040 aut
2327 2987 2528 3055 scripto
2563 2985 3144 3051 decrevi-t-,=.irrita~ct
3179 3000 3348 3042 Vacua
3386 2993 3440 3038 et

1871 3079 2068 3134 nullius
2104 3079 2319 3132 virtutis
2352 3077 2435 3131 vel
2458 3078 2796 3132 auctoritatis
2816 3093 2938 3133 esse
2972 3081 3260 3146 pronuntio
3279 3088 3441 3148 atque

1870 3172 2132 3233 decerno;
2183 3169 2442 3237 vobisque
2481 3170 2762 3224 ministris
2789 3169 3034 3226 ecelesiat
3071 3171 3441 3228 Lauduneasis

1869 3259 2136 3328 parochias
2164 3256 2385 3326 praefata
2416 3258 2740 3313 auctet-itote
2765 3259 3038 3328 praecipio,
3071 3271 3128 3311 ut
3153 3269 3201 3314 et
3226 3262 3280 3313 in
3313 3262 3436 3314 mis-

1868 3364 2050 3403 sarum
2092 3347 2550 3402 celebrationibus
2575 3388 2590 3413 ,
2623 3349 2766 3403 etin
2811 3351 3028 3404 caeteris
3065 3351 3289 3414 ciliciis,
3328 3363 3434 3406 tam

1868 3441 2098 3506 diurnis,
2123 3455 2289 3509 quam
2324 3441 2624 3504 nocturnis,
2655 3441 2815 3494 et-in-
2837 3440 3211 3496 distributione
3248 3457 3438 3497 secun-

1869 3529 1997 3584 dum
2029 3529 2370 3582 traditionem
2406 3529 2618 3582 Domini
2653 3538 3112 3582 sacramentorum
3141 3531 3436 3586 ewlestium

1868 3614 2128 3670 fratribus
2153 3625 2214 3669 et-
2234 3618 2444 3685 populis
2464 3617 2824 3680 consulendis,
2857 3619 3047 3671 sed-et
3064 3619 3126 3670 in
3143 3655 3146 3658 -
3165 3619 3439 3687 baptizari-

1867 3706 1953 3760 dis
1985 3705 2240 3773 parvulis,
2263 3716 2319 3761 et
2341 3708 2392 3760 in
2423 3707 2778 3775 suscipiendis
2805 3708 2878 3760 ad
2893 3708 3277 3775 potnitentiam
3295 3711 3436 3763 indi-

1867 3797 2134 3866 gentibus,
2164 3805 2222 3850 et
2254 3797 2309 3851 in
2346 3798 2732 3852 subveniendis
2757 3798 2970 3852 viatico
2990 3809 3211 3851 munere
3247 3814 3440 3852 tit-eim-

1867 3887 1992 3942 dum
2036 3903 2220 3945 sacros
2257 3902 2494 3943 canones
2531 3888 2894 3952 obeuntibus,
2935 3887 3076 3942 ettin
3120 3887 3439 3956 stqielieudi‘s

1865 3980 2299 4044 mortuis,-sine
2352 3979 2461 4032 ulla
2513 3977 3437 4047 retractationozuuttnegiigenti-,

1863 4081 2123 4144 quantum
2160 4073 2364 4140 patitur
2393 4069 2627 4124 humana
2659 4069 2918 4139 fragilitas
2942 4110 2958 4136 ,
2989 4070 3294 4124 secundum
3313 4068 3436 4121 ῖιινιμ

1863 4165 2046 4218 mitem
2080 4175 2359 4217 sacrarum
2404 4159 2804 4230 Scripturarum
2847 4160 3296 4226 traditionemque
3327 4173 3441 4211 ma-

1856 4257 2038 4328 jorum
2065 4256 2247 4310 divina
2283 4250 3127 4320 muniaTetisequmdo'frdtiﬂtus
3153 4260 3206 4304 et
3234 4249 3439 4319 populis

171 4349 428 4404 cundum
453 4349 726 4418 antiquam
757 4362 787 4400 a
817 4347 1062 4416 patribus
1107 4346 1306 4399 nostris
1352 4344 1590 4413 regulam
1616 4357 1756 4398 eon-
1787 4378 1835 4437 Ι)
1863 4347 2144 4404 consulere
2170 4345 2433 4399 studentis
2459 4362 2473 4396 :
2508 4343 2740 4397 scientes
2757 4357 2851 4422 vos
2869 4343 3118 4396 ordinum
3134 4349 3437 4394 vestrorum

172 4440 466 4504 stitntam,
505 4439 607 4493 nisi
644 4453 708 4493 ea
753 4445 962 4490 tantum
1002 4451 1122 4506 quae
1153 4435 1232 4488 ad
1279 4450 1432 4488 suam
1477 4435 1760 4488 dioecesim

169 4529 462 4600 pertinent
503 4528 973 4599 possessionesque
1033 4523 1320 4592 subiectas.
1374 4523 1760 4592 Unusquisque

171 4619 336 4673 enim
362 4621 643 4688 episcopus
689 4617 884 4672 habeat
927 4629 1038 4669 sine
1087 4613 1364 4683 parochize
1395 4621 1757 4681 potestatem,

173 4718 241 4764 ut
276 4719 425 4778 regat
444 4708 596 4776 juxta
623 4707 982 4762 reverentiam
1008 4703 1234 4772 singulis
1259 4710 1682 4772 competentem;
1707 4709 1762 4754 et

175 4800 580 4871 providentiam
613 4806 763 4868 gerat
781 4796 958 4850 omnis
977 4793 1485 4863 possessionis‘qum
1514 4793 1616 4845 suh
1646 4789 1762 4858 ejus

176 4901 270 4944 est
296 4898 560 4958 potestate
585 4907 600 4942 τ
625 4890 700 4942 ita
722 4897 777 4940 ut
801 4887 1146 4956 presbyteros
1172 4892 1228 4939 et
1251 4885 1504 4938 diacanos
1523 4882 1756 4946 ordinet,

176 4991 236 5032 et
265 4977 474 5045 singula
501 4993 602 5031 suo
621 4975 826 5043 judicio
847 4974 1285 5043 comprehendat.
1311 4973 1560 5043 Amplius
1577 4981 1759 5025 autem

135 5078 138 5081 '
179 5067 326 5122 nihil
348 5073 895 5136 ageretentetprmtcr
909 5064 1201 5118 antistitem
1225 5064 1754 5133 metropolitanum.»

180 5154 538 5184 Ιδ-ηοίιινΙει-υιιρ
579 5153 749 5184 ἶσιηοιῖ.
794 5161 842 5184 ιι.
859 5153 1109 5184 ιιῖαιυιοιηι·
1125 5155 1390 5184 “Annal-hu
1411 5161 1530 5184 dum
1551 5152 1759 5184 union“-

1863 4440 2129 4495 sustinere
2149 4437 2438 4504 jacturam,
2471 4436 2520 4490 si
2547 4420 2806 4488 coitfess'i'
2828 4442 2921 4487 aut
2965 4431 3283 4501 regulariter
3313 4445 3440 4484 con-

1861 4532 1987 4588 victi
2015 4530 2226 4583 fueritis
2259 4528 2325 4581 de
2361 4528 2738 4602 proximorum
2771 4531 3142 4595 per‘v‘estratu,
3167 4519 3440 4592 negligen-

1865 4625 2018 4686 tiam,
2043 4620 2184 4689 quod
2213 4618 2374 4682 absit,
2405 4615 2665 4687 periculo.
2703 4607 3013 4700 ¹ςβιιιιὶιξιιι,ζ
3032 4612 3185 4694 quod
3212 4617 3450 4694 pou-est

1863 4711 2210 4775 credendum,
2239 4706 2410 4779 frater
2447 4719 2502 4764 et
2533 4706 2884 4780 coepiscopus
2907 4713 3090 4782 noster
3113 4703 3448 4782 ‘llincrnarus

1865 4817 2186 4875 quocunque
2236 4808 2478 4867 tempore
2503 4861 2508 4881 Ι
2535 4798 2837 4870 cuicunque
2903 4783 2985 4872 vel
3011 4787 3445 4867 "tjtjigﬁils‘Cllllqttc

1866 4883 2117 4953 vestrum
2145 4908 2244 4965 pro
2293 4892 2395 4947 hoc
2422 4893 2549 4964 quia
2597 4889 2713 4957 ejus
2755 4890 2992 4962 illicitum
3037 4883 3450 4956 pnrceptionenr

1869 5006 1974 5043 non
2001 4981 2369 5054 observastis,
2406 4991 2600 5040 contra
2633 4970 2847 5051 regulas
2887 4982 2938 5032 in
2975 4977 3191 5041 antiquo
3227 4969 3446 5056 'rCt‘tElLil,

1869 5059 2101 5156 sec‘itn‘du
2111 5075 2167 5131 ιη’
2181 5076 2188 5086 ’
2429 5043 2677 5130 canones
2817 5053 3152 5156 tn'el'trirj‘i’bli
3165 5065 3175 5078 ‘
3437 5099 3455 5130 η

1935 5147 1984 5184 t"
2029 5160 2049 5184 ι·
2126 5151 2314 5184 1:21;.-
2343 5161 2426 5184 ’με
2461 5135 3046 5184 σέ3.⁶-9³11ἐ.ιι-.’διέκξίίυδιὲὶὲα
3075 5136 3139 5184 ’έὶι
3175 5141 3304 5184 ιον.ἶῶ
