3990 6300
522 318 630 375 819

1502 311 1829 367 ΠΙΝΟΜΑΠΙ
1870 308 2260 366 RllEMENSIS
2296 308 2809 366 ARCllZEl‘lSCOPl

3682 318 3798 373 5'23

525 445 635 484 non
674 442 773 482 suo
810 424 1114 481 sed‘alieno
1139 431 1363 495 peccato
1400 422 1643 476 obnoxia:
1669 420 1884 474 liberari
1912 428 2102 487 potue-
2133 430 2181 486 Α
2210 418 2327 472 sine
2349 418 2681 475 dubitatione
2713 430 2998 487 testentur,
3032 436 3201 493 neque
3235 425 3335 495 ipsi
3366 436 3490 481 sunt
3519 443 3623 496 per
3655 438 3804 482 aeta-

525 529 675 584 runt,
704 520 807 574 nisi
849 528 934 572 tua
971 516 1287 572 crudelitate
1320 523 1375 569 et
1412 514 1594 568 furore
1639 528 1703 566 ac
1740 511 2103 581 indignatione

526 612 693 665 animi
718 610 890 664 forent
914 608 1152 676 perdita}.
1178 614 1233 659 et
1256 605 1564 660 clamabunt
1586 604 1867 657 adversum
1896 604 1982 656 te?
2006 617 2113 671 pro'

527 699 724 766 quibus
771 696 1041 757 omnibus,
1092 694 1287 748 additis
1337 694 1503 747 etiam
1556 694 1661 747 tuis
1708 692 1970 761 peccatis,
2025 698 2105 745 tot

528 789 793 843 mortibus
814 787 1026 855 dignus,
1049 794 1181 853 quot
1216 785 1460 840 occidisti
1490 784 1775 839 crudeliori
1803 784 1978 853 gladio
2000 792 2103 837 tute

527 878 829 940 seintentite,
859 892 1022 946 quam
1052 877 1318 930 materiali
1347 876 1632 931 macharra.

602 966 752 1021 Unde
772 967 961 1037 dignas
987 966 1247 1022 ultionum
1277 981 1470 1037 poenas
1498 968 1617 1022 sine
1638 967 1800 1021 dubio
1825 966 1962 1021 lues.
1992 966 2103 1021 Cur

528 1070 637 1111 non
672 1066 723 1109 te
753 1057 964 1121 terruit,
993 1065 1048 1111 et
1080 1057 1149 1112 ab
1182 1059 1282 1112 hac
1324 1072 1577 1128 perversa
1607 1058 1873 1111 sententia
1924 1058 2104 1127 profe-

531 1146 700 1200 renda
730 1146 938 1200 Domini
968 1148 1258 1216 promissio
1290 1147 1643 1211 revocaverit,
1675 1162 1782 1217 qua
1812 1148 2103 1202 universali

528 1236 785 1293 Ecclesiae
834 1254 946 1293 sua:
976 1254 1077 1309 per
1121 1239 1312 1295 lsaiam
1360 1241 1677 1312 prophetam
1710 1240 1979 1309 pollicitus
2023 1252 2108 1296 est

529 1327 716 1383 dicens
743 1341 761 1382 :
795 1328 871 1382 Ab
904 1330 1102 1383 oriente
1124 1330 1386 1385 adducam
1419 1347 1591 1385 semen
1615 1341 1763 1383 tuum
1791 1341 1838 1384 et
1864 1331 1929 1383 ab
1969 1331 2106 1384 occi—

529 1420 683 1474 dente
704 1421 1024 1490 congregabo
1064 1431 1137 1481 te.
1171 1420 1353 1475 Dicam
1378 1421 1643 1487 Aquiloni,
1670 1423 1785 1486 Da;
1812 1432 1860 1475 et
1890 1423 2104 1487 Austro,

530 1504 659 1562 Noli
685 1509 954 1578 prohibere
981 1509 1115 1580 (lsa.
1145 1511 1362 1579 mnu).
1396 1512 1461 1565 Et
1490 1521 1543 1565 ιιι
1573 1513 1826 1580 prohibes
1854 1513 2107 1567 Ecclesia:

529 1598 601 1653 ab
629 1599 973 1655 immaculato
1003 1601 1169 1655 divini
1201 1600 1366 1657 fontis
1391 1612 1544 1656 utero
1586 1603 1813 1657 Domino
1844 1602 1983 1656 ﬁlios
2014 1617 2106 1670 ge-

530 1703 748 1754 nerare,
779 1691 871 1759 qui
905 1707 1009 1747 non
1040 1693 1187 1747 venit
1216 1693 1424 1747 animas
1451 1694 1697 1763 perdere,
1731 1695 1826 1747 sed
1868 1694 2100 1748 salvare.

2206 517 2313 561 tem
2342 509 2408 563 de
2438 511 2653 565 traditis
2678 512 2781 565 sibi
2817 517 3171 569 sacramentis
3203 518 3379 572 idonei
3428 521 3805 587 respondere,

2203 599 2407 667 absque
2438 600 2545 655 ullo
2567 602 2817 670 scrupulo
2840 619 2934 659 eos
2964 620 3085 659 esse
3111 606 3467 675 baptizandus
3491 611 3792 677 praecepit.

2203 704 2272 743 ne
2298 689 2401 743 ista
2431 691 2717 760 trepidatio
2754 709 2847 749 eos
2889 694 3054 750 faciat
3082 711 3544 755 sacramentorum
3578 719 3801 772 purga.

2206 778 2351 833 tione
2379 781 2599 848 privari.
2635 783 2701 835 Et
2730 794 2950 839 sanctus
2981 785 3090 841 Leo
3119 788 3243 842 hinc
3269 790 3399 844 dicit
3435 807 3448 845 :
3482 811 3501 843 ι
3538 791 3593 846 Si
3638 794 3803 847 nulla

2110 898 2113 899 ν
2204 878 2422 922 exstant
2474 870 2671 924 indicia
2727 871 2867 926 inter
2912 875 3239 944 propinquos
3296 887 3391 932 aut
3444 878 3800 943 familiares,

2203 958 2345 1010 nulla
2374 958 2513 1012 inter
2539 959 2786 1024 clericos,
2814 969 2907 1015 aut
2936 963 3161 1029 vicinos,
3192 966 3388 1035 quibus
3438 969 3490 1022 ιιι
3534 970 3599 1024 de
3660 974 3792 1040 qui-

2210 1048 2311 1102 bus
2363 1048 2609 1117 queritur
2653 1048 2910 1119 baptizati
2947 1052 3121 1108 fuisse
3168 1056 3482 1122 doceantur,
3512 1060 3803 1129 agendum

2204 1148 2287 1193 est
2313 1150 2371 1193 ut
2394 1150 2767 1207 renascantur,
2798 1158 2867 1197 ne
2895 1144 3178 1205 manifeste
3207 1159 3451 1216 pereant.
3486 1151 3543 1205 In
3582 1152 3807 1222 quibus

2204 1234 2347 1304 quod
2390 1251 2493 1289 non
2529 1237 2836 1291 ostenditur
2863 1248 3097 1307 gestum,
3134 1241 3273 1296 ratio
3308 1259 3412 1298 non
3443 1244 3571 1300 sinit
3597 1254 3674 1299 ut
3716 1247 3798 1299 vi-

2204 1325 2393 1379 deatur
2412 1326 2660 1381 iteratum
2689 1342 2705 1380 :
2732 1328 2823 1396 qui
2845 1339 3023 1384 autem
3050 1342 3275 1399 possunt
3296 1335 3608 1390 meminisse
3638 1337 3799 1405 quod

2205 1415 2271 1469 ad
2299 1416 2582 1470 ecclesiam
2608 1418 2897 1473 veniebant
2926 1435 3049 1474 cum
3077 1424 3387 1489 parentibus
3407 1426 3520 1479 suis
3545 1436 3799 1495 possunt

2206 1507 2476 1560 recordari
2512 1523 2579 1561 an
2610 1510 2752 1577 quod
2773 1524 2961 1563 eorum
3006 1512 3321 1578 parentibus
3349 1514 3577 1569 dabatur
3633 1530 3804 1569 acce-

2204 1599 2398 1666 perint.
2430 1598 2535 1653 Sed
2568 1602 2614 1654 si
2647 1602 2749 1656 hoc
2778 1603 2942 1655 etiam
2973 1604 3043 1658 ab
3071 1605 3187 1673 ipsa
3234 1608 3489 1663 memoria
3533 1609 3799 1665 alicam-

2204 1698 2307 1756 est,
2354 1692 2739 1748 conferendum
2782 1695 2863 1750 eis
2908 1695 3144 1764 videtur,
3173 1701 3314 1769 quod
3352 1700 3608 1757 collatum
3674 1720 3804 1759 esse

530 1777 810 1845 Quomodo
835 1789 887 1834 te
907 1783 1168 1849 prmteriit
1191 1784 1332 1852 quod
1355 1783 1408 1836 in
1438 1783 1726 1852 Evangelio
1750 1784 1882 1853 legis
1910 1802 1923 1836 :
1958 1783 2101 1851 οπο.
2136 1784 2179 1844 Β
2208 1786 2474 1848 nescitur;
2506 1786 2629 1854 quia
2654 1803 2761 1841 non
2790 1789 3069 1844 temeritas
3100 1791 3800 1865 intervenitprmsumptio-

530 1868 735 1933 reboat,
758 1870 949 1939 inquit,
981 1870 1063 1923 illi
1094 1871 1338 1940 parvulos
1366 1882 1420 1925 ut
1462 1882 1692 1942 tangeret
1744 1872 1885 1926 illos.
1932 1872 2105 1926 Disci-

529 1958 642 2027 puli
670 1968 842 2013 autem
867 1960 1323 2014 comminabantur
1351 1962 1562 2029 afferre.
1597 1960 1741 2025 Quos
1767 1977 1883 2013 cum
1915 1961 2110 2015 videret

530 2049 568 2105 1
571 2067 688 2106 esus
712 2052 928 2120 indigne
954 2052 1096 2115 tulit,
1118 2062 1164 2105 et
1188 2054 1261 2105 ait
1285 2051 1391 2105 illis
1425 2066 1443 2103 :
1474 2052 1644 2106 Sinite
1669 2051 1915 2120 parvulos
1937 2052 2109 2105 venire

533 2141 605 2194 ad
634 2158 737 2207 me,
759 2150 807 2194 et
835 2157 898 2194 ne
918 2141 1283 2211 prohibueritis
1312 2159 1398 2196 eos
1431 2142 1645 2209 (Matth.
1678 2160 1798 2205 sis;
1834 2142 1999 2196 Marc.
2029 2143 2105 2213 ι).

532 2229 602 2283 Et
639 2238 694 2283 tu
736 2230 989 2299 prohibes
1025 2229 1205 2285 offerri
1238 2231 1467 2285 Domino
1505 2231 1798 2301 parvulus?
1830 2231 1960 2285 Etsi
2003 2241 2110 2284 tre-

530 2319 788 2373 mendum
831 2320 926 2374 Dei
965 2319 1226 2390 judicium
1280 2330 1332 2375 te
1378 2338 1485 2375 non
1530 2322 1743 2386 terruit,
1775 2331 1832 2376 et
1865 2337 1894 2375 a
1927 2322 2109 2377 furore

532 2408 698 2463 animi
747 2408 821 2462 tui
848 2418 907 2463 ut
954 2409 1077 2463 talia
1109 2412 1431 2480 praeciperes
1475 2427 1731 2466 revocare
1763 2413 1866 2466 nun
1913 2415 2108 2481 potuit,

531 2500 659 2567 quia
699 2515 973 2569 nunquam
1000 2510 1055 2555 et
1082 2518 1347 2570 nusquam
1379 2511 1668 2571 postquam
1692 2518 1907 2557 sacrum
1940 2502 2112 2558 Nicae-

535 2604 665 2643 num
718 2591 1004 2645 concilium
1054 2601 1136 2647 est
1186 2592 1541 2656 celebratum,
1576 2593 1681 2647 tale
1726 2595 1855 2661 quid
1909 2594 2108 2648 factum

534 2680 703 2737 fuisse
745 2682 962 2745 audisti,
991 2684 1136 2738 sicut
1169 2683 1283 2738 fieri
1315 2684 1613 2753 pmeepisti
1650 2705 1664 2736 :
1696 2685 1886 2738 timere
1914 2685 2112 2738 debue-

536 2786 631 2825 ras
653 2786 720 2825 ne
762 2771 907 2827 solus
933 2773 1033 2828 hoc
1058 2788 1247 2839 ageres
1286 2774 1429 2842 quod
1456 2774 1631 2827 nullus
1679 2772 2109 2827 Christianorum

535 2876 773 2930 unquam
820 2859 998 2917 facere
1024 2877 1185 2916 ausus
1212 2860 1330 2915 fuit.
1364 2861 1497 2916 Nam
1524 2862 1593 2916 de
1616 2860 1911 2915 infantibus
1941 2862 2114 2929 bapti-

536 2952 727 3005 zandis
778 2952 869 3019 qui
916 2952 1145 3007 necdum
1190 2952 1468 3021 baptizare
1533 2960 1865 3015 noscuntur,
1900 2951 2113 3020 quoties

534 3042 830 3097 necessitas
860 3042 1118 3111 exegerit,
1148 3041 1330 3110 regula
1354 3040 1719 3096 ecclesiastica
1768 3056 1865 3110 per
1891 3042 2111 3095 beatum

2209 1874 2314 1938 nis,
2343 1875 2433 1929 ubi
2464 1885 2550 1930 est
2600 1877 2879 1955 diligentia
2909 1881 3150 1948 pietatis.
3201 1902 3221 1935 ι
3273 1883 3339 1938 Ει
3380 1896 3598 1942 sanctus
3629 1888 3803 1943 Gela-

2209 1964 2365 2018 sius:
2424 1983 2442 2016 ι
2499 1966 2813 2035 Baptizandi
2859 1970 2960 2025 sibi
3008 1973 3276 2042 quispiam
3322 1978 3525 2043 passim
3567 1995 3804 2049 quoque

2210 2063 2449 2123 tempore
2501 2056 2701 2111 nullam
2753 2060 2977 2114 credant
3028 2062 3207 2117 inesse
3275 2064 3524 2120 fiduciam
3576 2080 3796 2137 praeter

2209 2146 2457 2215 paschale
2482 2146 2675 2201 festum
2699 2157 2754 2202 et
2774 2158 3111 2217 pentecostes
3138 2154 3442 2209 venerabile
3460 2171 3793 2213 sacramen-

2209 2244 2346 2297 tum,
2377 2245 2601 2304 excepto
2649 2237 2911 2291 duntaxat
2940 2242 3093 2309 gravi
3145 2241 3418 2311 languoris
3447 2244 3707 2315 incursu,
3744 2249 3796 2303 ia

2210 2338 2318 2393 quo
2345 2325 2636 2379 verendum
2666 2337 2751 2380 est
2777 2342 2860 2389 ne,
2894 2329 3063 2383 morbi
3087 2341 3367 2385 crescente
3396 2334 3661 2401 periculo,
3681 2336 3803 2392 sine

2209 2413 2448 2467 remedio
2470 2413 2692 2469 salutari
2721 2414 2968 2472 fortassis
2992 2428 3262 2488 aegrotans
3285 2422 3451 2475 exitio
3471 2436 3791 2491 praeventus

2212 2502 2483 2558 abscedat.
2514 2503 2581 2558 Et
2606 2504 2819 2559 diaconi
2842 2507 3045 2575 absque
3086 2512 3340 2579 episcopo
3376 2522 3436 2567 et
3460 2517 3794 2585 presbytero

2210 2594 2482 2662 baptizare
2517 2610 2621 2650 non
2648 2596 2900 2663 audeant,
2930 2599 2984 2651 ni
3012 2603 3280 2668 praedictis
3320 2603 3568 2660 fortassis
3593 2606 3803 2662 ciliciis

2150 2758 2157 2765 ι
2211 2680 2421 2751 longius
2472 2685 2783 2741 constitutis
2824 2691 3120 2746 necessitas
3164 2701 3408 2748 extrema
3474 2698 3797 2766 compellat;

2211 2770 2352 2837 quod
2380 2777 2435 2822 et
2463 2769 2614 2825 laicis
2637 2772 2964 2831 Christianis
2990 2777 3169 2834 facere
3191 2780 3515 2852 plerumque
3540 2788 3799 2841 conde

2212 2868 2318 2914 tur.
2357 2879 2375 2912 ι
2407 2862 2474 2916 Ει
2519 2872 2739 2919 sanctus
2785 2866 3077 2939 Gregorius
3108 2874 3352 2929 scribens
3404 2875 3474 2928 ad
3522 2874 3795 2933 Joannem

2212 2949 2535 3007 Larissaeum
2559 2954 2891 3024 episcopum,
2916 2959 3046 3014 dicit
3071 2979 3084 3015 :
3118 2979 3137 3013 ‹
3161 2961 3486 3027 Secundum,
3518 2966 3800 3036 inquiens,

2212 3041 2278 3097 de
2305 3042 2675 3099 eritninalibus
2707 3048 3001 3115 capitulum
3033 3051 3293 3108 adversus
3322 3054 3623 3110 Adrianum
3676 3060 3791 3127 epi-

538 3133 793 3189 Siricium
831 3132 1039 3201 prolata
1071 3133 1427 3197 demonstrat,
1455 3132 1640 3187 dicens
1664 3130 1735 3186 ita
1763 3148 1776 3185 :
1811 3130 2114 3186 infantibus
2142 3127 2187 3190 C
2220 3148 2443 3205 scopum
2470 3135 2685 3190 videtur
2723 3153 2848 3194 esse
2891 3144 3223 3212 propositum
3250 3146 3318 3200 de
3341 3145 3646 3205 infantibus
3678 3149 3794 3219 ejus

538 3224 631 3293 qui
672 3223 901 3278 necdum
949 3222 1097 3292 loqui
1146 3231 1438 3292 potuerunt
1488 3237 1585 3292 per
1630 3230 1884 3285 aetatem,
1918 3228 1978 3275 ut
2028 3220 2115 3275 his

540 3313 737 3382 quibus
763 3312 816 3365 in
841 3310 1080 3380 qualibet
1108 3312 1429 3367 necessitate
1449 3326 1584 3380 opus
1610 3308 1772 3364 fuerit
1798 3308 1941 3364 sacri
1969 3309 2114 3363 unda

538 3401 902 3469 baptismatis,
932 3402 1078 3455 omni
1134 3401 1382 3456 volumus
1424 3400 1700 3454 celeritate
1750 3398 2015 3461 succurri,
2048 3412 2116 3452 ne

540 3488 608 3543 ad
630 3498 933 3543 nostrarum
962 3488 1257 3557 perniciem
1290 3487 1473 3543 tendat
1494 3488 1819 3551 animarum,
1842 3486 1888 3539 si
1920 3493 2115 3555 negato

540 3578 974 3635 desiderantibus
1004 3578 1149 3633 fonte
1176 3577 1422 3641 salutari,
1444 3577 1630 3632 exiens
1660 3576 2028 3645 unusquisque
2049 3575 2117 3630 de

540 3670 735 3726 saeculo
760 3678 817 3724 et
840 3686 1065 3741 regnum
1092 3671 1283 3739 perdat
1312 3678 1366 3724 et
1395 3669 1579 3722 vitam.
1611 3668 1927 3736 Quicunque
1949 3668 2114 3721 etiam

540 3761 829 3816 discrimen
853 3759 1141 3830 naufragii,
1164 3759 1479 3815 hostilitatis
1501 3758 1800 3820 incursum,
1820 3758 2118 3812 obsidionis

542 3850 893 3919 ambiguum,
924 3848 1008 3902 vel
1054 3848 1341 3915 cujuslibet
1396 3848 1693 3915 corporalis
1745 3847 2117 3916 :rgritudinem

541 3936 939 4009 desperationis
995 3937 1305 4000 inciderint,
1335 3948 1390 3991 et
1436 3938 1537 3992 sibi
1579 3938 1738 3992 unico
1786 3937 2119 3991 credulitatis

541 4028 744 4084 auxilio
791 4026 1138 4095 poposcerint
1188 4028 1483 4091 subveniri,
1510 4028 1697 4081 eodem
1742 4043 1849 4094 quo
1894 4034 2121 4095 poscunt

542 4123 817 4169 momento
861 4114 1118 4182 temporis
1146 4115 1398 4182 expetita:
1444 4114 1869 4183 regenerationis
1902 4115 2118 4182 praemia

547 4210 973 4271 consequantur.
1014 4201 1285 4258 Hactenus
1308 4212 1549 4257 erratum
1579 4203 1632 4254 in
1666 4203 1767 4255 hac
1790 4212 1943 4270 parte
1976 4203 2120 4257 sulti-

544 4294 654 4351 eiat
688 4312 703 4349 :
729 4310 871 4350 nunc
900 4294 1174 4365 pmfatam
1203 4296 1442 4366 regulam
1478 4308 1667 4350 omnes
1697 4304 1913 4349 teneant
1941 4310 2121 4349 sacer-

545 4386 700 4442 dotes
738 4388 830 4456 qui
862 4388 1051 4443 nolunt
1096 4389 1164 4441 ab
1194 4388 1499 4456 apostolicm
1534 4397 1699 4456 petrae
1748 4402 1910 4455 super
1957 4404 2117 4455 quam

2214 3223 2363 3294 jussu
2406 3242 2437 3281 a
2485 3226 2625 3282 sacri
2662 3228 3007 3297 baptismatis
3062 3234 3407 3303 susceptione
3461 3240 3794 3307 prohibitis;

2215 3322 2380 3385 atque
2410 3317 2485 3371 ita
2534 3318 2801 3374 inablutos
2835 3320 2994 3374 sorde
3018 3323 3227 3389 peccati
3254 3324 3539 3382 defunctos
3569 3329 3623 3382 in
3658 3338 3801 3383 tene-

2214 3405 2351 3461 bris.
2389 3426 2408 3459 ι
2440 3409 2594 3475 Vide,
2626 3411 2814 3473 frater,
2840 3412 2968 3479 quia
3011 3428 3130 3468 esse
3182 3416 3285 3471 hoc
3320 3418 3606 3474 criminale
3640 3423 3796 3491 capi-

2216 3500 2385 3556 tulum
2437 3514 2656 3559 sanctus
2708 3506 3044 3562 demonstrat
3088 3508 3400 3578 Gregorius.
3446 3510 3554 3564 Sed
3613 3522 3673 3565 et
3724 3514 3794 3567 de

2216 3590 2401 3645 ultima
2435 3594 2775 3661 ptenitentia,
2807 3605 2863 3650 et
2913 3597 3109 3652 viatico
3139 3613 3368 3652 munere
3415 3599 3537 3653 nulli
3587 3615 3800 3669 negare

2215 3679 2416 3737 debere
2462 3684 2608 3739 illius
2653 3687 2917 3740 sententia
2967 3687 3213 3743 sullicere
3246 3690 3341 3743 tibi
3389 3690 3650 3744 debuerat
3705 3694 3796 3760 qui

2219 3770 2349 3825 dicit
2378 3788 2391 3824 :
2438 3771 2583 3826 Venit
2626 3774 2771 3841 ﬁlius
2806 3775 3029 3829 hominis
3057 3794 3289 3846 quatere
3332 3788 3379 3831 et
3408 3780 3618 3832 salvere
3657 3782 3795 3847 quod

2217 3861 2444 3929 perierat
2489 3862 2640 3931 (Luc.
2685 3863 2801 3933 xu)
2837 3882 2850 3919 :
2883 3874 2939 3918 et
2989 3866 3115 3919 licet
3159 3867 3531 3921 misericordia
3581 3866 3787 3922 Domini

2221 3962 2328 4017 qua
2362 3949 2521 4018 plena
2548 3960 2631 4006 est
2676 3960 2820 4007 terra
2849 3952 2954 4007 illis
2980 3955 3072 4022 qui
3102 3953 3345 4008 ultimam
3395 3955 3791 4023 paenitentiam,

2218 4046 2272 4092 et
2310 4039 2563 4093 viaticum
2590 4056 2785 4096 munus
2805 4042 2907 4096 sibi
2936 4042 3051 4095 dari
3095 4045 3409 4111 deposcunt,
3439 4044 3486 4098 si
3516 4045 3602 4099 eis
3642 4044 3793 4097 fuerit

2220 4126 2566 4196 denegatum,
2590 4129 2879 4185 subvenire
2922 4132 3089 4199 possit
3135 4133 3226 4201 qui
3256 4134 3422 4187 corde
3471 4134 3701 4188 credunt
3726 4132 3793 4186 ad

2219 4217 2507 4287 justitiam,
2533 4235 2629 4275 ore
2662 4230 2839 4276 autem
2860 4224 3190 4278 confitentur
3222 4225 3286 4278 ad
3338 4225 3594 4287 salutem,
3625 4235 3790 4279 trans-

2232 4307 2322 4361 fixi
2370 4308 2554 4363 dolore
2597 4311 2818 4371 cordis,
2874 4321 2929 4365 et
2975 4311 3249 4382 baptizata
3300 4314 3638 4368 conscientia
3689 4315 3791 4367 suis

2223 4396 2479 4467 laerymis
2533 4401 2762 4466 gratiam
2809 4402 2901 4455 Dei
2949 4402 3568 4471 incompreltensibilitcr
3627 4405 3791 4473 perci-

544 4477 792 4533 Christus
835 4478 1194 4533 universalem
1238 4478 1542 4532 construxit
1571 4477 1889 4540 Ecclesium,
1934 4477 2119 4530 solidi-
2152 4465 2198 4522 Ι)
2226 4465 2396 4556 piam,
2416 4465 2556 4555 quod
2583 4491 2662 4543 eis
2688 4490 2954 4560 denegare
2970 4465 3354 4560 jussis—mm“;
3384 4491 3439 4544 in
3473 4492 3566 4546 ίιιο
3595 4465 3790 4545 throne

547 4576 657 4621 tate
686 4569 884 4623 divelli.
934 4571 1002 4624 Et
1052 4571 1242 4624 beatus
1283 4569 1393 4623 Leo
1422 4569 1553 4623 dicit
1586 4586 1598 4621 :
1634 4588 1652 4619 ‹
1705 4567 2022 4636 Principalis
2066 4576 2121 4621 et

544 4658 769 4713 maximi
810 4660 1134 4714 sacramenti
1185 4659 1536 4714 custodienda
1577 4657 1730 4711 nobis
1774 4668 1859 4711 est
1893 4658 2119 4727 mystica

544 4758 605 4805 et
648 4750 983 4805 rationabilis
1011 4752 1335 4820 exemplatio
1364 4766 1469 4804 non
1510 4748 1709 4803 indicta
1740 4749 1977 4809 licentia,
2012 4763 2119 4816 qua

548 4842 606 4897 in
643 4840 909 4910 baptismo
956 4840 1238 4895 tribuenda
1282 4840 1712 4908 periclitantibus
1749 4838 2067 4892 subvenitur
2104 4854 2117 4890 :

548 4931 624 4986 ita
649 4932 793 4985 enim
826 4931 879 4985 in
912 4930 1008 4984 bas
1038 4930 1172 4982 duas
1204 4928 1547 4991 festivitates,
1578 4927 1785 4982 Pascha
1814 4926 2040 4989 scilicet,
2068 4935 2124 4979 et

548 5020 922 5085 Pentecosten,
953 5032 1223 5073 connexas
1251 5018 1467 5073 sibimet
1500 5027 1662 5086 atque
1687 5026 1947 5084 cognatas
1978 5015 2126 5068 inco—

549 5110 773 5164 lumium
794 5120 848 5165 et
876 5110 929 5163 in
959 5108 1109 5177 pacis
1136 5108 1427 5163 securitate
1456 5106 1766 5176 degentium
1799 5106 1973 5159 libera
2002 5112 2125 5158 vota

549 5201 870 5265 dill'erimus,
911 5210 969 5254 ut
994 5201 1047 5254 in
1077 5200 1269 5253 mortis
1295 5198 1556 5268 periculo,
1588 5198 1640 5251 in
1670 5194 1966 5251 obsidionis
2020 5194 2127 5249 dis-

549 5291 797 5356 crimine,
837 5292 889 5343 in
933 5290 1326 5359 persecutionis
1358 5288 1640 5359 angustiis,
1675 5288 1729 5340 in
1781 5287 1977 5341 timore
2000 5301 2128 5339 nau-

550 5382 740 5451 fragii,
786 5382 934 5435 nullo
989 5391 1226 5451 tempore
1276 5382 1381 5437 hoc
1425 5396 1565 5435 verae
1616 5380 1808 5435 salutis
1856 5378 2129 5448 singulare

551 5473 859 5540 praesidium
909 5474 1160 5544 cuiquam
1216 5473 1564 5541 denegamus.
1620 5493 1637 5525 ι
1694 5473 1758 5526 Et
1809 5470 2126 5525 Africanum

552 5562 837 5615 concilium
865 5564 1027 5618 etiam
1063 5565 1144 5619 eis
1172 5564 1468 5619 infantibus
1497 5564 1562 5619 de
1589 5564 1785 5632 quibus
1828 5576 1933 5615 non
1970 5563 2122 5614 inve-

556 5647 777 5703 niantur
822 5652 1107 5707 certissimi
1156 5662 1319 5709 testes
1364 5654 1455 5722 qui
1510 5669 1601 5709 eos
1649 5652 1953 5720 baptizatos
2004 5666 2126 5705 esse

2224 4577 2392 4643 quod,
2429 4586 2486 4630 ιιι
2513 4577 2701 4632 beatus
2722 4578 3054 4649 Augustinus
3075 4581 3223 4646 dicit,
3240 4594 3305 4635 ex
3328 4581 3582 4649 baptismi
3618 4596 3787 4635 sacra-

2225 4674 2407 4720 mento
2451 4664 2731 4731 defuerat,
2776 4668 3067 4738 complevit
3091 4670 3433 4739 omnipotens
3456 4670 3782 4740 benignitas;

2226 4756 2351 4823 quia
2370 4772 2473 4810 non
2500 4758 2773 4825 superbia,
2800 4758 2883 4813 vel
2906 4769 3236 4828 contemptu,
3270 4760 3362 4813 sed
3385 4774 3452 4814 ex
3476 4762 3786 4814 necessitate

2227 4843 2301 4896 illi
2334 4843 2582 4898 defuerat
2615 4863 2628 4898 :
2661 4855 2837 4900 tamen
2860 4846 3302 4901 manifestissime
3325 4858 3378 4900 lu
3398 4862 3523 4901 reus
3549 4850 3658 4902 eris
3681 4847 3785 4900 illa-

2230 4949 2348 4987 rum
2378 4934 2619 4987 onmium
2644 4936 2969 5001 animarum,
2993 4936 3037 4990 si
3063 4946 3150 4989 tua
3170 4936 3526 5005 praeceptione
3557 4938 3785 5006 sinepm-

2228 5024 2451 5078 nitentia
2480 5034 2535 5077 et
2580 5026 2774 5081 viatico
2808 5041 3028 5080 munere
3050 5027 3210 5081 rebus
3232 5027 3486 5080 humanis
3510 5030 3779 5081 excedant.

2299 5111 2374 5166 De
2422 5112 2620 5167 viatico
2649 5129 2870 5168 munere
2896 5124 3097 5169 sanctzc
3142 5114 3543 5168 communionis
3585 5128 3784 5167 sacrum

2229 5198 2503 5254 Nicenqu
2532 5202 2817 5255 concilium
2850 5202 2980 5257 dicit
3010 5220 3023 5255 :
3063 5220 3082 5253 ι
3125 5202 3260 5269 Quia
3290 5202 3624 5271 generaliter
3651 5200 3783 5253 omni

2228 5291 2447 5346 cuilibet
2471 5293 2522 5345 in
2545 5292 2691 5346 exitu
2715 5292 2915 5361 posito,
2944 5303 3000 5348 et
3026 5294 3261 5359 poscenti
3287 5294 3386 5347 sibi
3405 5291 3783 5347 communionis

2230 5381 2456 5449 gratiam
2493 5381 2691 5445 tribui,
2716 5381 3001 5451 episcopus
3032 5381 3385 5451 probabiliter
3430 5396 3497 5434 ex
3529 5380 3782 5433 oblatione

2230 5473 2357 5526 dare
2383 5471 2622 5526 debebit.
2673 5491 2691 5525 ι
2728 5471 2806 5526 De
2850 5487 2952 5541 qua
2983 5480 3173 5526 sancta
3218 5479 3275 5525 et
3321 5481 3546 5541 mystica
3594 5467 3783 5540 synodo

2228 5565 2419 5619 beatus
2459 5565 2566 5619 Leo
2593 5580 2730 5635 papa
2760 5565 2829 5619 ad
2856 5564 3160 5618 Anatolium
3191 5563 3502 5633 episcopum
3530 5561 3780 5629 Constante

2230 5653 2638 5724 tinopolitanum
2668 5653 2857 5708 scribit
2878 5653 3063 5709 dicens
3088 5670 3100 5709 :
3133 5670 3150 5705 ι
3173 5651 3323 5718 Quod
3347 5651 3433 5705 illa
3462 5649 3779 5704 Niczrttnrntn
