3990 6300
78 403 202 457 521

891 395 1132 454 OPUSC.
1171 395 1260 452 ET
1294 393 1510 452 EPIST.
1554 393 1619 450 IN
1656 393 1881 451 CAUSA
1921 393 2250 451 IIINCMARI
2286 394 2590 450 LAUDUN.

3267 398 3372 453 52?.

83 530 402 572 canonum
428 528 526 585 per
554 518 800 569 sanctum
842 526 970 568 vere
1000 511 1258 581 Spiritum
1287 512 1537 567 ordinata
1570 524 1698 566 con—
1726 511 1779 570 A
1804 508 2169 563 interdicenda
2197 516 2302 572 est,
2341 523 2440 563 nec
2471 506 2837 563 reconciliatio
2873 508 3214 579 deneganda;
3247 514 3372 580 quia

86 607 255 660 ditio
296 605 348 659 in
380 602 523 658 nulla
551 601 622 657 sit
663 608 818 670 parte
869 599 1132 655 solubilis.
1179 597 1330 654 Nulla
1380 599 1601 655 sibimet
1631 597 1699 653 de

88 695 579 764 multiplicatione
630 691 1059 761 congregationis
1092 713 1099 722 ο
1131 690 1407 760 synodalia
1475 689 1700 746 concilia

87 787 497 848 blandiantur,
529 797 702 852 neque
734 782 988 837 trecentis
1018 781 1123 836 illis
1147 781 1335 836 decem
1359 789 1415 836 et
1441 793 1565 836 octo
1588 779 1700 849 epi-

93 877 312 945 scopis
335 873 729 944 quantumlibet
766 872 1032 942 copiosior
1065 886 1322 926 numerus
1361 870 1700 926 sacerdotum

91 965 194 1020 vel
217 969 558 1033 comparare
577 976 634 1018 se
647 962 838 1016 audeat
866 962 947 1015 vel
972 960 1250 1031 przeferre,
1264 976 1385 1015 cum
1399 968 1549 1015 tanto
1569 959 1703 1014 divi-

95 1065 274 1116 nitus
299 1059 583 1131 privilegio
605 1059 674 1114 sit
695 1065 1032 1121 consecrata,
1062 1066 1121 1111 ut
1145 1058 1257 1112 sive
1277 1071 1374 1126 per
1392 1056 1695 1126 pauciores,

95 1153 233 1208 sive
285 1168 390 1223 per
437 1152 616 1220 plures
659 1150 1022 1206 ecclesiastica
1067 1147 1268 1217 judicia
1325 1148 1700 1210 celebrentur,

97 1246 271 1301 omni
324 1245 539 1316 penitus
586 1245 905 1299 auctoritate
953 1242 1024 1297 sit
1060 1257 1289 1296 vacuum
1329 1239 1583 1309 quidquid
1634 1236 1701 1292 ab

99 1338 344 1394 illorum
388 1337 549 1392 fuerit
585 1335 963 1391 constitutione
1001 1335 1290 1389 diversum.
1327 1351 1346 1383 ›
1378 1332 1444 1386 Et
1484 1339 1702 1386 sanctus

103 1430 358 1487 Siricius
403 1431 568 1485 etiam
617 1431 682 1485 de
719 1429 999 1499 apostatis,
1033 1437 1087 1482 et
1129 1425 1392 1481 idolorum
1431 1423 1600 1486 cultu,
1640 1437 1705 1478 ac

104 1521 520 1579 sacriﬁciorum
547 1520 999 1575 contaminalione
1024 1516 1320 1588 profanatis
1354 1515 1613 1576 decrevit,
1647 1514 1707 1566 'ut

107 1615 166 1669 in
203 1613 403 1667 ultimo
435 1613 541 1667 ﬁne
566 1627 664 1666 suo
681 1609 1138 1666 reconciliationis
1167 1608 1335 1679 gratia
1361 1607 1440 1661 eis
1473 1620 1580 1660 non
1608 1605 1703 1659 de-

107 1720 356 1778 negetnr
385 1726 397 1761 :
429 1707 577 1777 quia,
623 1706 837 1760 dicente
881 1703 1130 1765 Domino,
1178 1700 1428 1756 nolumus
1477 1705 1706 1752 mortem

107 1799 452 1870 peccatoris,
484 1805 692 1851 tantum
730 1804 788 1849 ut
817 1802 1160 1850 convertatur
1187 1800 1243 1847 et
1280 1792 1443 1845 vivat.
1482 1789 1548 1844 Et
1577 1804 1704 1843 san-

1802 597 2184 652 misericordiae
2219 597 2316 652 Dei
2354 613 2454 653 nec
2495 612 2776 653 mensuras
2820 613 3104 667 possumus
3150 615 3370 670 ponere,

1802 704 1902 744 nec
1933 697 2171 758 tempora
2198 688 2446 756 ditﬁnire,
2479 691 2618 760 apud
2651 705 2813 761 quem
2844 690 3018 747 nullas
3051 693 3253 759 patitur
3283 709 3375 751 ve-

1801 780 1905 834 niae
1945 794 2123 834 moras
2161 794 2285 833 vera
2331 779 2616 846 confessio,
2660 781 2868 836 dicente
2904 780 2996 838 Dei
3043 781 3244 852 Spiritu
3283 798 3377 852 per

1802 874 2116 944 prophetam
2151 892 2164 929 :
2197 872 2327 929 Cum
2362 892 2633 930 conversus
2674 876 2984 946 ingemueris
3027 884 3148 930 tunc
3201 876 3376 930 salvus

1801 967 1904 1019 eris
1930 967 2126 1036 (ibid.).
2163 985 2181 1018 ι
2215 966 2280 1020 Et
2307 966 2432 1021 alibi
2468 986 2480 1020 :
2523 968 2614 1021 Dic
2644 977 2697 1020 tu
2735 969 3033 1037 iniquitates
3061 979 3178 1022 tuas
3212 971 3373 1039 prior,

1802 1064 1858 1108 ut
1879 1056 2186 1124 justiﬁceris
2214 1055 2396 1123 (Prov.
2427 1057 2600 1127 xvm).
2639 1057 2771 1113 Item
2805 1076 2818 1110 :
2855 1057 2993 1124 Quia
3027 1060 3165 1128 apud
3196 1058 3378 1113 Domi-

1803 1163 1925 1201 num
1961 1149 2317 1203 misericordia
2365 1159 2460 1214 est,
2506 1161 2552 1202 et
2604 1151 2811 1218 copiosa
2852 1151 2992 1219 apud
3021 1167 3140 1204 eum
3182 1151 3379 1205 redem-

1803 1241 1910 1309 ptio
1955 1239 2139 1309 (Psal.
2190 1240 2374 1310 xxxx).
2416 1240 2472 1294 In
2511 1239 2879 1310 dispensandis
2918 1243 3096 1312 itaque
3153 1242 3246 1296 Dei
3287 1244 3380 1297 do-

1805 1328 1889 1382 nis
1941 1343 2046 1382 non
2092 1329 2347 1384 debemus
2393 1343 2513 1384 esse
2559 1327 2825 1396 difﬁciles,
2861 1345 2960 1386 nec
3008 1332 3379 1387 accusantium

1806 1434 1864 1474 se
1891 1421 2120 1489 gemitus
2162 1418 2532 1490 lacrymasque
2569 1420 2857 1491 negligere,
2897 1436 3016 1476 cum
3064 1418 3230 1490 ipsain
3269 1437 3382 1491 poc-

1807 1510 2012 1564 uitendi
2063 1507 2402 1565 ati'ectionem
2455 1525 2520 1565 ex
2570 1510 2664 1565 Dei
2707 1514 2990 1567 credamus
3032 1513 3382 1582 inspiratione

1809 1608 2154 1670 conceptam,
2204 1601 2416 1656 dicente
2457 1601 2713 1670 Apostolo
2765 1616 2778 1654 :
2827 1601 2910 1657 Ne
2959 1603 3093 1671 forte
3145 1604 3228 1656 det
3277 1603 3382 1656 illis

1809 1689 1950 1744 Deus
1989 1690 2358 1758 paenitentiam,
2400 1701 2455 1743 ut
2501 1691 2803 1762 resipiscam
2843 1709 2875 1744 a
2922 1691 3116 1745 diaboli
3163 1691 3379 1762 laqueis,

1811 1796 1843 1834 a
1870 1797 1972 1850 quo
2011 1781 2198 1850 captivi
2235 1789 2475 1834 tenentur
2500 1781 2570 1835 ad
2601 1781 2762 1851 ipsius
2791 1780 3104 1836 voluntatem
3135 1780 3220 1850 (11
3247 1780 3380 1834 Tim.

113 1900 243 1944 ctus
269 1888 618 1944 Innocentius
654 1885 802 1950 dicit,
843 1884 966 1955 quia
1005 1880 1436 1938 communionem
1465 1879 1581 1934 dari
1611 1879 1704 1934 ob-
1731 1854 1784 1918 Β
1809 1869 1891 1940 ιι).
1930 1870 2131 1926 Verum
2181 1871 2368 1937 etiam,
2419 1881 2478 1927 ut
2526 1873 2790 1938 diximus,
2839 1873 3022 1928 talium
3073 1873 3385 1928 necessitati

112 1981 378 2035 euntibus
421 1981 642 2050 placuit,
688 1987 741 2034 et
769 1987 988 2048 pr0pter
1025 1974 1233 2031 Domini
1277 1973 1703 2030 misericordiam

113 2080 278 2146 quasi
313 2079 568 2132 viaticum
600 2075 942 2147 proiecturis,
971 2082 1025 2129 ct
1059 2089 1125 2127 ne
1152 2071 1430 2126 Novatiani
1464 2067 1703 2123 haeretici

113 2171 375 2239 negantis
415 2169 624 2224 veniam
670 2167 1013 2237 asperitatem
1058 2175 1110 2221 et
1153 2165 1403 2220 duritiam
1449 2161 1703 2229 subsequi

114 2261 428 2315 videamur.
474 2260 752 2314 'I'ribuitur
795 2273 922 2326 ergo
967 2273 1087 2312 cum
1115 2256 1432 2325 poenitentia
1464 2262 1702 2308 extrema

115 2351 453 2415 communio,
493 2359 554 2405 ut
592 2351 838 2405 homines
889 2347 1192 2417 huiusmodi
1222 2346 1305 2401 vel
1346 2346 1399 2400 in
1440 2341 1704 2413 supremis

116 2445 234 2500 suis
268 2444 616 2513 permittente
642 2443 922 2498 Salvatore
951 2450 1137 2495 nostro
1171 2456 1202 2493 a
1245 2445 1504 2508 perpetuo
1540 2434 1705 2491 exitio

117 2535 487 2590 vindicentur.
523 2534 589 2590 Et
617 2541 836 2588 sanctus
862 2532 1184 2588 leestinus
1220 2531 1390 2584 dicit:
1427 2547 1445 2579 ‹
1473 2528 1706 2598 Agnovi-

121 2641 266 2693 mus,
308 2626 578 2696 inquiens,
617 2623 988 2695 pmnitentiam
1029 2621 1382 2678 morientibus
1429 2616 1703 2688 denegari,

122 2738 223 2777 nec
253 2720 470 2775 illorum
503 2719 783 2775 desideriis
812 2717 973 2772 annui
1005 2716 1098 2786 qui
1143 2715 1318 2771 obitus
1346 2713 1428 2768 sui
1467 2720 1705 2781 tempore

122 2813 227 2867 hoc
270 2809 467 2864 animae
502 2824 613 2864 sua:
651 2808 875 2878 cupiunt
915 2806 1151 2862 remedio
1177 2802 1470 2860 subveniri.
1508 2802 1705 2856 Horre-

120 2917 266 2965 mus,
311 2900 505 2965 fateor,
554 2907 716 2954 tantae
761 2897 1052 2969 impietatis
1090 2896 1319 2966 aliquem
1360 2892 1604 2964 reperiri,
1647 2899 1707 2944 ut

123 2992 192 3048 de
219 2992 314 3047 Dei
338 2992 541 3061 pietate
574 2990 841 3059 desperet,
872 2989 1023 3060 quasi
1051 3002 1156 3042 non
1183 2985 1352 3056 possit
1379 2985 1446 3038 ad
1481 2998 1539 3039 se
1566 2996 1702 3051 quo-

124 3085 205 3140 vis
233 3093 476 3154 tempore
503 3077 841 3138 concurrenti
870 3092 1206 3143 succurrere,
1229 3085 1284 3131 et
1311 3073 1703 3145 periclitantem

124 3175 224 3230 sub
253 3189 416 3231 onere
443 3180 784 3244 peccatorum
823 3170 1094 3226 hominem
1127 3167 1362 3238 pondere
1386 3177 1493 3233 quo
1521 3177 1580 3218 se
1613 3160 1702 3215 ille

126 3266 366 3336 expediri
406 3265 675 3321 desiderat
701 3262 946 3318 liberare.
978 3259 1116 3326 Quid
1150 3259 1251 3312 hoc
1292 3270 1421 3326 rogo
1451 3253 1593 3309 aliud
1618 3260 1703 3310 est

1806 1961 1880 2015 ita
1939 1961 2302 2016 auxiliandum
2353 1970 2473 2029 est,
2527 1971 2588 2016 ut
2629 1964 2771 2020 actio
2818 1963 2986 2018 illius”
3018 1961 3384 2032 pmnitentiae,

1807 2064 1906 2104 nec
1941 2052 2335 2107 communionis
2365 2053 2560 2123 gratia,
2592 2055 2637 2109 si
2664 2070 2784 2110 eam
2815 2055 2979 2110 etiam
3015 2056 3215 2111 amisso
3239 2054 3386 2109 vocis

1803 2139 1980 2196 ofﬁcio
2007 2157 2104 2210 per
2140 2143 2336 2198 indicia
2367 2144 2560 2215 integri
2597 2158 2789 2200 sensus
2824 2145 3096 2213 postulant
3139 2152 3382 2215 negetur.

1803 2233 1873 2286 At
1915 2233 1962 2286 si
1993 2231 2170 2302 aliqua
2194 2234 2244 2286 vi
2275 2234 2610 2303 aegritudinis
2657 2235 2729 2288 ita
2766 2235 2964 2289 fuerint
2998 2236 3293 2306 aggravati,
3327 2244 3386 2288 ut

1805 2322 1946 2391 quod
1976 2321 2137 2390 paulo
2175 2331 2302 2377 ante
2328 2323 2623 2391 poscebant
2655 2323 2757 2378 sub
2779 2325 3060 2392 praesentia
3089 2323 3387 2378 sacerdotis

1805 2413 2108 2484 signiﬁcare
2135 2429 2240 2468 non
2271 2414 2506 2479 valeant,
2549 2415 2855 2469 testimonia
2892 2414 2971 2470 eis
3011 2413 3247 2468 ﬁdelium
3274 2413 3382 2468 cir-

1803 2505 2186 2560 cumstantium
2213 2506 2470 2574 prodesse
2508 2505 2798 2570 debebunt,
2835 2514 2894 2559 ut
2931 2506 3089 2560 simul
3125 2514 3180 2560 et
3207 2504 3383 2574 pomu-

1807 2599 1988 2653 tentiae
2047 2607 2102 2654 et
2155 2599 2610 2655 reconciliationis
2663 2599 2982 2654 beneﬁcium
3051 2613 3385 2668 consequan-

1805 2697 1910 2746 tur.
2495 2681 2500 2688 ’

1873 2782 1943 2836 Et
1963 2782 2091 2838 item
2117 2783 2260 2838 idem
2283 2792 2503 2839 sanctus
2517 2781 2626 2840 Leo
2642 2782 2771 2838 dicit
2793 2801 2804 2836 :
2833 2803 2851 2833 ί
2880 2783 2993 2838 Hoc
3008 2783 3187 2852 itaque
3205 2785 3388 2836 admo-

1803 2872 1939 2928 nitio
1976 2882 2162 2930 nostra
2193 2875 2492 2938 denuntiat,
2526 2875 2668 2945 quod
2698 2875 2743 2930 si
2781 2877 2903 2945 quis
2929 2875 3157 2928 fratrum
3194 2882 3385 2928 contra

1804 2965 1920 3020 haec
1948 2965 2240 3020 constituta
2265 2966 2450 3021 venire
2489 2966 2806 3030 tentaverit,
2841 2973 2895 3020 et
2933 2964 3199 3033 prohibita
3227 2963 3387 3018 fuerit

1804 3071 1968 3112 ausus
2007 3057 2312 3121 admittere,
2343 3072 2371 3109 a
2397 3071 2493 3112 suo
2529 3072 2589 3111 se
2617 3056 2831 3113 noverit
2862 3053 3034 3110 ofﬁcio
3064 3056 3385 3110 submoven-

1805 3150 1955 3214 dum,
1999 3164 2101 3206 nec
2143 3149 2536 3204 communionis
2577 3159 2775 3204 nostrae
2816 3148 3054 3203 futurum
3090 3163 3208 3203 esse
3258 3164 3387 3203 con-

1805 3252 2025 3308 sortem,
2069 3241 2160 3311 qui
2199 3242 2378 3296 socius
2414 3256 2532 3296 esse
2579 3240 2748 3295 noluit
2783 3240 3089 3310 disciplinae.
3136 3239 3214 3294 Ne
3260 3240 3389 3309 quid

127 3327 290 3427 (lu-am
315 3357 566 3412 morienti
592 3363 820 3411 mortem
847 3353 1064 3416 addere,
1096 3349 1320 3420 ejusque
1347 3347 1580 3402 animam
1608 3360 1707 3402 sua
1804 3349 1934 3388 vero
1969 3334 2038 3388 sit
2065 3334 2207 3403 quod
2237 3333 2660 3403 praetermissum
2695 3348 2725 3385 a
2748 3331 2904 3386 nobis
2934 3330 3073 3386 forte
3110 3327 3382 3391 credatur,

131 3448 449 3504 crudelitate
488 3461 556 3501 ne
604 3444 842 3500 absoluta
881 3456 1000 3498 esse
1042 3440 1214 3510 possit
1254 3437 1538 3494 occidere?
1581 3452 1703 3491 cum

130 3539 270 3594 Deus
298 3539 364 3593 ad
408 3536 828 3592 subveniendum
855 3531 1228 3604 paratissimus
1255 3529 1344 3595 sit,
1381 3538 1434 3582 et
1472 3526 1705 3582 invitans

129 3632 193 3684 ad
212 3627 580 3699 pmnitentiam
607 3627 685 3681 sic
704 3625 980 3697 promittat
1004 3640 1018 3675 :
1049 3622 1300 3676 Pet-sator
1324 3620 1379 3672 in
1401 3632 1707 3688 quacunque

126 3723 210 3775 die
241 3736 512 3774 conversus
541 3719 694 3787 fuerit
721 3726 933 3787 peccata
971 3715 1084 3784 ejus
1122 3729 1224 3767 non
1257 3710 1634 3779 reputabuntur
1659 3707 1706 3760 ei

129 3812 358 3883 (Ezech.
393 3809 599 3880 χχχιιι).
630 3809 696 3864 Ει
730 3809 923 3862 iterum
950 3825 963 3860 :
995 3803 1134 3859 Nolo
1163 3811 1378 3857 mortem
1398 3798 1704 3869 peccatoris,

130 3903 217 3956 sed
267 3910 471 3955 tantum
512 3908 566 3952 ut
604 3905 934 3953 convertatur
977 3903 1025 3948 et
1060 3893 1190 3948 vivat
1235 3889 1430 3962 (ibid).
1468 3885 1706 3942 Salutem

52 4031 54 4033 ›
131 4008 255 4064 ergo
284 3991 488 4046 homini
520 3990 707 4044 adimit
736 3985 980 4058 quisquis
1015 3984 1067 4040 ei
1096 3981 1288 4038 mortis
1322 3990 1560 4050 tempore
1595 3991 1708 4046 pa:-

135 4083 411 4137 uitcntiam
436 4081 746 4151 denegavit;
775 4089 829 4134 et
850 4076 1153 4148 desperavit
1184 4075 1250 4129 de
1274 4071 1560 4127 clementia
1590 4068 1704 4135 Dei,

132 4173 218 4241 qui
269 4187 391 4227 eum
444 4173 510 4226 ad
563 4169 988 4227 subveniendum
1031 4166 1282 4223 morienti
1333 4161 1576 4220 sufﬁcere
1623 4159 1707 4215 vel

132 4275 400 4321 momento
448 4279 607 4334 posse
645 4279 753 4319 non
799 4261 1046 4318 credidit.
1097 4258 1424 4315 Perdidisset
1467 4256 1607 4311 latro
1652 4253 1707 4308 in

131 4370 285 4410 cruce
305 4355 584 4423 praemium
605 4354 670 4409 ad
689 4353 888 4409 Christi
909 4353 1182 4408 dexteram
1207 4350 1463 4420 pendens,
1490 4347 1537 4403 si
1559 4345 1706 4401 illum

129 4446 285 4500 unius
315 4446 460 4501 horae
505 4445 823 4514 paenitentia
866 4457 971 4498 non
1002 4441 1260 4511 iuvisset;
1305 4454 1428 4497 cum
1471 4445 1614 4493 esset
1651 4437 1706 4491 in

129 4551 284 4606 plena
315 4535 587 4605 paenituit,
614 4544 668 4590 et
697 4551 793 4606 per
817 4535 976 4590 unius
1002 4531 1268 4589 sermonis
1292 4530 1704 4601 promissionem

130 4626 490 4682 habitaculum
516 4626 749 4696 paradisi
773 4625 998 4681 Domino
1021 4623 1363 4693 promittente
1386 4619 1700 4691 promeruit.

129 4718 264 4772 Vera
295 4733 425 4788 ergo
467 4717 534 4771 ad
587 4718 870 4772 Dominum
912 4716 1191 4772 conversio
1238 4715 1291 4768 in
1327 4712 1528 4768 ultimis
1558 4710 1704 4780 posi-

132 4820 303 4864 torum
349 4818 527 4863 mente
571 4809 750 4878 potius
789 4815 872 4863 est
899 4805 1214 4862 aestimanda
1247 4818 1406 4874 quam
1440 4811 1699 4871 tempore,

132 4899 389 4970 propheta
421 4899 522 4953 hoc
549 4897 728 4953 taliter
751 4906 1030 4952 asserente
1059 4912 1072 4949 :
1104 4895 1235 4949 Cum
1261 4908 1536 4948 conversus
1561 4892 1702 4960 inge-

135 4994 320 5046 mueris
339 5032 355 5056 ,
395 5000 518 5044 tunc
552 4989 726 5044 salvus
757 4991 858 5043 eris
899 4987 1095 5060 (ibid.).
1125 4985 1259 5040 Cum
1289 4999 1416 5055 ergo
1443 4982 1706 5038 Dominus

133 5085 202 5136 sit
234 5081 410 5137 cordis
448 5081 742 5151 inspector,
774 5079 961 5149 quovis
1001 5089 1241 5147 tempore
1273 5091 1380 5130 non
1417 5083 1502 5130 est
1538 5076 1704 5128 dene-

134 5177 304 5247 ganda
335 5174 652 5244 paenitentia
689 5172 1008 5244 postulanti;
1048 5186 1169 5226 cum
1206 5168 1280 5223 illi
1311 5183 1369 5224 se
1395 5167 1594 5237 obliget
1611 5164 1702 5234 ju-

133 5269 259 5333 dici,
279 5269 365 5323 cui
386 5267 598 5324 occulta
627 5267 806 5322 omnia
835 5265 1048 5319 noverit
1074 5260 1320 5318 revelari.
1347 5280 1366 5313 ι
1394 5260 1702 5314 Et'sanctus

134 5359 281 5414 Leo:
319 5377 337 5409 ι
374 5356 718 5420 Pmnitentia,
750 5356 944 5426 inquit,
971 5369 1092 5424 qua:
1131 5353 1292 5407 dilata
1329 5361 1412 5405 est
1440 5365 1559 5404 cum
1590 5359 1701 5404 stu-

135 5450 333 5506 diosius
365 5448 531 5518 petita
563 5446 728 5502 fuerit
755 5462 859 5500 non
885 5453 1128 5516 negetur,
1152 5452 1212 5498 ut
1236 5439 1612 5512 quoquomodo
1635 5439 1702 5493 ad

136 5541 476 5612 indulgentia:
513 5538 834 5595 medicinam
873 5537 1050 5592 anima
1086 5535 1364 5590 vulnerata
1403 5533 1700 5604 perveniat.

1731 4557 1784 4616 D

1804 3427 1987 3483 omnia
2011 3425 2303 3482 decretalia
2328 3434 2437 3479 tam
2461 3425 2632 3480 beatae
2656 3422 3049 3480 recordationis
3069 3421 3385 3484 Innocentii,

1807 3530 1967 3585 quam
1995 3514 2237 3570 omnium
2261 3515 2606 3569 decessorum
2631 3521 2956 3577 nostrorum,
2982 3526 3100 3580 quae
3123 3513 3187 3565 de
3216 3511 3389 3566 eccle-

1806 3604 2042 3661 siasticis
2090 3605 2371 3660 ordinibus
2429 3613 2483 3658 et
2538 3619 2805 3658 canonum
2857 3602 3192 3671 promulgata
3239 3610 3384 3662 sunt,

1807 3694 2105 3764 disciplinis
2156 3694 2230 3748 ita
2278 3711 2308 3748 a
2345 3703 2521 3746 vestra
2552 3692 2837 3746 dilectione
2881 3690 3141 3745 custodiri
3189 3688 3383 3742 debere

1808 3787 2146 3850 mandamus,
2195 3791 2257 3838 ut
2285 3784 2330 3840 si
2366 3784 2487 3852 quis
2534 3783 2589 3837 in
2632 3783 2722 3837 illa
2774 3782 3126 3847 commiserit,
3170 3781 3385 3836 veniam

1807 3876 1911 3932 sibi
1934 3875 2188 3947 deinceps
2223 3875 2437 3930 noverit
2465 3873 2742 3944 denegari.
2784 3874 2916 3928 Item
2958 3873 3096 3928 idem
3127 3872 3193 3927 de
3230 3873 3381 3926 dam-

1808 3967 2026 4022 natioue
2057 3966 2340 4020 violatoris
2362 3979 2641 4020 sacrorum
2665 3979 2733 4019 ex
2768 3965 3070 4035 huiusmodi
3103 3980 3160 4019 re
3181 3966 3384 4020 consti-

1811 4066 2070 4113 tutorum.
2100 4057 2168 4112 Et
2187 4057 2313 4126 quia
2343 4052 2478 4122 haec,
2505 4057 2694 4122 frater,
2727 4055 2974 4126 ignorare
3003 4072 3107 4111 non
3131 4053 3300 4121 vales,
3328 4063 3384 4109 et

1808 4153 1909 4208 hoc
1925 4149 2191 4221 judicium
2206 4153 2329 4222 jure
2350 4151 2721 4220 depromptum
2744 4165 2848 4204 non
2866 4150 3060 4216 nescis,
3083 4150 3382 4220 praesertim

1808 4261 1929 4302 cum
1954 4259 2062 4299 non
2093 4241 2348 4297 catholici
2375 4241 2639 4312 episcopi,
2669 4241 2762 4297 sed
2790 4239 3072 4294 Novatiani
3120 4239 3382 4304 haeretici,

1809 4345 1868 4390 ut
1925 4334 2116 4389 beatus
2163 4331 2534 4396 Innocentius,
2587 4340 2645 4386 et
2692 4341 2911 4385 sanctus
2952 4330 3269 4387 Ambrosius
3329 4339 3384 4385 et

1808 4425 1990 4482 caeteri
2035 4423 2234 4492 quique
2276 4421 2562 4478 orthodoxi
2609 4421 2856 4478 doctores
2891 4421 3281 4487 demonstrant,
3312 4422 3386 4476 sit

1810 4518 1912 4574 ista
1941 4513 2394 4586 perniciosissima
2424 4521 2478 4567 et
2512 4511 2802 4566 exitiabilis
2833 4520 2994 4580 atque
3028 4512 3383 4568 exsecrabilis

1810 4617 1955 4667 secta
1992 4624 2004 4662 :
2036 4619 2231 4662 cavere
2263 4605 2529 4661 debueras
2573 4619 2643 4657 ne
2691 4603 2818 4656 talia
2847 4603 2986 4657 sicut
3020 4603 3200 4658 oblata
3249 4604 3382 4658 mihi

1809 4702 2051 4760 ecclesiae
2077 4701 2172 4756 tibi
2201 4700 2500 4767 commissae
2541 4695 2728 4766 petitio
2766 4681 3048 4759 monstrat,
3082 4694 3382 4750 inconsulte

1808 4796 2135 4868 praeciperes
2167 4810 2179 4846 :
2214 4800 2345 4863 puto
2382 4789 2526 4846 enim
2567 4798 2619 4842 te
2665 4786 2857 4857 legisse
2901 4786 3180 4855 epistolam
3208 4785 3377 4841 sancti

1807 4887 2090 4962 Augustini
2119 4887 2188 4942 ad
2215 4885 2550 4941 Honoratum
2575 4881 2904 4950 episcopum,
2928 4879 2981 4932 in
3007 4895 3111 4949 qua
3139 4876 3382 4932 invenire

1807 4983 2032 5054 potuisti
2071 4981 2250 5051 potius
2284 4989 2336 5033 te
2363 4976 2498 5031 mori
2530 4975 2724 5029 debere
2763 4989 2882 5029 cum
2917 4973 3075 5042 plebe
3105 4969 3200 5024 tibi
3229 4984 3382 5024 com-

1807 5075 1993 5140 missa,
2041 5088 2203 5144 quam
2249 5078 2308 5125 ut
2346 5067 2450 5122 illis
2489 5067 2663 5122 desint
2713 5065 2828 5121 sine
2870 5065 3064 5134 quibus
3096 5063 3279 5117 vivere
3324 5068 3381 5116 et

1806 5165 2005 5224 salvari
2055 5181 2160 5219 non
2193 5168 2416 5233 possunt
2466 5165 2804 5214 sacramenta
2847 5153 3108 5210 coelestia.
3154 5150 3270 5217 Qua
3311 5150 3378 5204 de
3405 5183 3426 5196 -

1804 5273 1885 5321 re,
1919 5255 2110 5319 frater,
2138 5253 2262 5306 vide
2288 5265 2356 5305 ne
2389 5257 2447 5303 tu
2475 5247 2550 5302 sis
2581 5244 2866 5307 homicida,
2917 5250 2972 5296 et
3005 5239 3166 5294 etiam
3198 5237 3376 5293 homi-

1803 5349 2047 5404 cidarum
2083 5343 2372 5408 homicida,
2413 5341 2539 5410 quia
2586 5342 2923 5392 sacramenta
2959 5331 3198 5387 caelestia
3233 5329 3375 5399 plebi

1804 5437 2049 5494 subtrahi
2093 5435 2248 5501 facis,
2295 5432 2412 5487 sine
2455 5429 2651 5499 quibus
2679 5427 2858 5480 vivere
2889 5438 2995 5477 non
3028 5429 3224 5490 potest,
3253 5434 3407 5494 cum.

1805 5531 1984 5586 adsint
2033 5529 2126 5599 qui
2171 5526 2355 5583 eadem
2397 5529 2738 5579 sacramenta
2785 5518 2930 5574 licite
2972 5515 3114 5586 plebi
3162 5513 3376 5570 valeant

137 5636 204 5691 Et
234 5637 358 5691 item
388 5653 402 5690 :
433 5633 528 5690 His
564 5644 742 5689 autem
777 5632 867 5701 qui
900 5631 958 5685 in
985 5639 1226 5698 tempore
1262 5624 1618 5690 necessitatis,
1650 5633 1708 5681 et
1806 5622 2133 5678 ministrare.

139 5728 193 5781 in
220 5725 438 5797 periculi
466 5725 708 5796 urgentis
727 5721 982 5780 instantia
1013 5719 1318 5791 praesidium
1355 5716 1701 5789 paenitentiae,

139 5829 195 5874 et
233 5835 349 5875 mox
395 5817 849 5877 reconciliationis
896 5814 1210 5885 implorant,
1260 5827 1361 5869 nec
1407 5809 1705 5867 satisfactio

609 5913 879 5973 ΡΑτιιοι..
923 5906 1209 5969 CXXVI.

1883 5733 1901 5767 ι
1936 5715 2263 5770 Pertimesce
2284 5704 2630 5766 nihilominus
2651 5703 2794 5774 quod
2820 5700 2887 5757 de
2913 5699 3177 5757 sententia
3205 5699 3375 5754 sancti

1808 5806 2080 5878 Evangelii
2122 5820 2226 5876 qua
2261 5801 2518 5859 Dominus
2547 5796 2675 5854 dicit
2707 5810 2720 5849 :
2763 5793 2820 5849 Si
2846 5795 2961 5865 quis
3011 5791 3149 5848 vobis
3177 5790 3377 5862 aliquid

2871 5888 2942 5947 l7
