  <div class='ocr_page' id='page_1' title='image "/cluster/home/n/w/nwhite01/storage/ocr_20150623/126/hvd.32044015471675/267.png"; bbox 0 0 3990 6300; ppageno 0'>
   <div class='ocr_carea' id='block_1_1' title="bbox 560 497 667 553">
    <p class='ocr_par' dir='ltr' id='par_1_1' title="bbox 560 497 667 553">
     <span class='ocr_line' id='line_1_1' title="bbox 560 497 667 553; baseline -0.019 1"><span class='ocrx_word' id='word_1_1' title='bbox 560 497 667 553; x_wconf 77' lang='lat'><strong>5‘25</strong></span> 
     </span>
    </p>
   </div>
   <div class='ocr_carea' id='block_1_2' title="bbox 1505 447 2814 531">
    <p class='ocr_par' dir='ltr' id='par_1_2' title="bbox 1505 447 2814 531">
     <span class='ocr_line' id='line_1_2' title="bbox 1505 447 2814 531; baseline -0.014 0"><span class='ocrx_word' id='word_1_2' title='bbox 1505 471 1836 531; x_wconf 71' lang='lat' dir='ltr'><strong>lllNCMAltl</strong></span> <span class='ocrx_word' id='word_1_3' title='bbox 1874 465 2264 523; x_wconf 67' lang='lat' dir='ltr'><strong>munmnsrs</strong></span> <span class='ocrx_word' id='word_1_4' title='bbox 2300 447 2814 520; x_wconf 73' lang='lat' dir='ltr'><strong>ARCHIEPIS‘COPI</strong></span> 
     </span>
    </p>
   </div>
   <div class='ocr_carea' id='block_1_3' title="bbox 3754 451 3854 502">
    <p class='ocr_par' dir='ltr' id='par_1_3' title="bbox 3754 451 3854 502">
     <span class='ocr_line' id='line_1_3' title="bbox 3754 451 3854 502; baseline -0.03 1"><span class='ocrx_word' id='word_1_5' title='bbox 3754 451 3854 502; x_wconf 65' lang='grc'><strong>524</strong></span> 
     </span>
    </p>
   </div>
   <div class='ocr_carea' id='block_1_4' title="bbox 562 563 3861 674">
    <p class='ocr_par' dir='ltr' id='par_1_4' title="bbox 562 563 3861 674">
     <span class='ocr_line' id='line_1_4' title="bbox 562 563 3861 674; baseline -0.018 -6"><span class='ocrx_word' id='word_1_6' title='bbox 562 612 776 674; x_wconf 72' lang='lat' dir='ltr'><strong>dixerit,</strong></span> <span class='ocrx_word' id='word_1_7' title='bbox 807 603 962 660; x_wconf 83' lang='lat' dir='ltr'><strong>dicite</strong></span> <span class='ocrx_word' id='word_1_8' title='bbox 986 600 1108 671; x_wconf 81' lang='lat' dir='ltr'><strong>quia</strong></span> <span class='ocrx_word' id='word_1_9' title='bbox 1148 595 1402 650; x_wconf 82' lang='lat' dir='ltr'><strong>Dominus</strong></span> <span class='ocrx_word' id='word_1_10' title='bbox 1444 592 1525 645; x_wconf 75' lang='lat' dir='ltr'><strong>his</strong></span> <span class='ocrx_word' id='word_1_11' title='bbox 1566 606 1692 659; x_wconf 78' lang='lat' dir='ltr'><strong>opus</strong></span> <span class='ocrx_word' id='word_1_12' title='bbox 1724 587 1894 649; x_wconf 89' lang='lat' dir='ltr'><strong>habet,</strong></span> <span class='ocrx_word' id='word_1_13' title='bbox 1937 594 1982 638; x_wconf 86' lang='lat' dir='ltr'><strong>et</strong></span> <span class='ocrx_word' id='word_1_14' title='bbox 2017 601 2143 637; x_wconf 81' lang='lat' dir='ltr'><strong>con—</strong></span> <span class='ocrx_word' id='word_1_15' title='bbox 2173 588 2220 646; x_wconf 86' lang='lat' dir='ltr'><strong>A</strong></span> <span class='ocrx_word' id='word_1_16' title='bbox 2250 581 2481 637; x_wconf 89' lang='lat' dir='ltr'><strong>dendum</strong></span> <span class='ocrx_word' id='word_1_17' title='bbox 2515 573 2620 667; x_wconf 78' lang='lat' dir='ltr'><strong>non</strong></span> <span class='ocrx_word' id='word_1_18' title='bbox 2663 586 2744 632; x_wconf 89' lang='lat' dir='ltr'><strong>est</strong></span> <span class='ocrx_word' id='word_1_19' title='bbox 2767 618 2780 642; x_wconf 92' lang='lat'><strong>,</strong></span> <span class='ocrx_word' id='word_1_20' title='bbox 2816 563 3138 630; x_wconf 84' lang='lat' dir='ltr'><strong>servandum</strong></span> <span class='ocrx_word' id='word_1_21' title='bbox 3168 574 3358 628; x_wconf 85' lang='lat' dir='ltr'><strong>sancto</strong></span> <span class='ocrx_word' id='word_1_22' title='bbox 3389 566 3595 639; x_wconf 89' lang='lat' dir='ltr'><strong>Spiritu</strong></span> <span class='ocrx_word' id='word_1_23' title='bbox 3653 581 3861 639; x_wconf 61' lang='lat' dir='ltr'><strong>sugge-</strong></span> 
     </span>
    </p>
   </div>
   <div class='ocr_carea' id='block_1_5' title="bbox 563 675 2147 779">
    <p class='ocr_par' dir='ltr' id='par_1_5' title="bbox 563 675 2147 779">
     <span class='ocr_line' id='line_1_5' title="bbox 563 675 2147 779; baseline -0.023 -15"><span class='ocrx_word' id='word_1_24' title='bbox 563 707 738 779; x_wconf 74' lang='lat' dir='ltr'><strong>festini</strong></span> <span class='ocrx_word' id='word_1_25' title='bbox 760 700 982 756; x_wconf 85' lang='lat' dir='ltr'><strong>dimittet</strong></span> <span class='ocrx_word' id='word_1_26' title='bbox 1009 709 1093 749; x_wconf 77' lang='lat' dir='ltr'><strong>eos</strong></span> <span class='ocrx_word' id='word_1_27' title='bbox 1125 689 1343 763; x_wconf 83' lang='lat' dir='ltr'><strong>(Matth.</strong></span> <span class='ocrx_word' id='word_1_28' title='bbox 1369 686 1508 758; x_wconf 77' lang='lat' dir='ltr'><strong>ni),</strong></span> <span class='ocrx_word' id='word_1_29' title='bbox 1550 686 1803 754; x_wconf 82' lang='lat' dir='ltr'><strong>loquente</strong></span> <span class='ocrx_word' id='word_1_30' title='bbox 1831 680 1884 734; x_wconf 91' lang='lat' dir='ltr'><strong>in</strong></span> <span class='ocrx_word' id='word_1_31' title='bbox 1915 678 1993 734; x_wconf 90' lang='lat' dir='ltr'><strong>eis</strong></span> <span class='ocrx_word' id='word_1_32' title='bbox 2024 675 2147 746; x_wconf 90' lang='lat' dir='ltr'><strong>Spi-</strong></span> 
     </span>
    </p>
   </div>
   <div class='ocr_carea' id='block_1_6' title="bbox 563 768 2146 853">
    <p class='ocr_par' dir='ltr' id='par_1_6' title="bbox 563 768 2146 853">
     <span class='ocr_line' id='line_1_6' title="bbox 563 768 2146 853; baseline -0.021 0"><span class='ocrx_word' id='word_1_33' title='bbox 563 800 670 853; x_wconf 82' lang='lat' dir='ltr'><strong><em>ritu</em></strong></span> <span class='ocrx_word' id='word_1_34' title='bbox 706 800 894 850; x_wconf 84' lang='lat' dir='ltr'><strong>sancto</strong></span> <span class='ocrx_word' id='word_1_35' title='bbox 940 783 1112 842; x_wconf 81' lang='lat' dir='ltr'><strong>nostri</strong></span> <span class='ocrx_word' id='word_1_36' title='bbox 1151 783 1338 838; x_wconf 78' lang='lat' dir='ltr'><strong>dixere</strong></span> <span class='ocrx_word' id='word_1_37' title='bbox 1369 776 1643 847; x_wconf 85' lang='lat' dir='ltr'><strong>majores:</strong></span> <span class='ocrx_word' id='word_1_38' title='bbox 1687 769 2030 834; x_wconf 81' lang='lat' dir='ltr'><strong>Doctoribus,</strong></span> <span class='ocrx_word' id='word_1_39' title='bbox 2064 768 2146 820; x_wconf 89' lang='lat' dir='ltr'><strong>in-</strong></span> 
     </span>
    </p>
   </div>
   <div class='ocr_carea' id='block_1_7' title="bbox 562 858 2148 962">
    <p class='ocr_par' dir='ltr' id='par_1_7' title="bbox 562 858 2148 962">
     <span class='ocr_line' id='line_1_7' title="bbox 562 858 2148 962; baseline -0.022 -18"><span class='ocrx_word' id='word_1_40' title='bbox 562 889 775 962; x_wconf 92' lang='lat' dir='ltr'><strong>quiunt,</strong></span> <span class='ocrx_word' id='word_1_41' title='bbox 805 880 1139 954; x_wconf 59' lang='lat' dir='ltr'><strong>praecipitur,</strong></span> <span class='ocrx_word' id='word_1_42' title='bbox 1173 885 1232 931; x_wconf 92' lang='lat' dir='ltr'><strong>ut</strong></span> <span class='ocrx_word' id='word_1_43' title='bbox 1261 874 1306 930; x_wconf 93' lang='lat' dir='ltr'><strong><em>si</em></strong></span> <span class='ocrx_word' id='word_1_44' title='bbox 1332 871 1462 943; x_wconf 91' lang='lat' dir='ltr'><strong>quid</strong></span> <span class='ocrx_word' id='word_1_45' title='bbox 1493 870 1572 925; x_wconf 90' lang='lat' dir='ltr'><strong>eis</strong></span> <span class='ocrx_word' id='word_1_46' title='bbox 1612 862 1887 923; x_wconf 89' lang='lat' dir='ltr'><strong>obstiterit</strong></span> <span class='ocrx_word' id='word_1_47' title='bbox 1912 858 2148 922; x_wconf 80' lang='lat' dir='ltr'><strong>adversi,</strong></span> 
     </span>
    </p>
   </div>
   <div class='ocr_carea' id='block_1_8' title="bbox 562 950 2148 1052">
    <p class='ocr_par' dir='ltr' id='par_1_8' title="bbox 562 950 2148 1052">
     <span class='ocr_line' id='line_1_8' title="bbox 562 950 2148 1052; baseline -0.021 -15"><span class='ocrx_word' id='word_1_48' title='bbox 562 950 609 1038; x_wconf 71' lang='lat' dir='ltr'><strong>si</strong></span> <span class='ocrx_word' id='word_1_49' title='bbox 639 979 760 1052; x_wconf 87' lang='lat' dir='ltr'><strong>quis</strong></span> <span class='ocrx_word' id='word_1_50' title='bbox 788 950 955 1031; x_wconf 74' lang='lat' dir='ltr'><strong>verbo</strong></span> <span class='ocrx_word' id='word_1_51' title='bbox 985 966 1378 1029; x_wconf 80' lang='lat' dir='ltr'><strong>contradixerit</strong></span> <span class='ocrx_word' id='word_1_52' title='bbox 1419 961 1682 1025; x_wconf 89' lang='lat' dir='ltr'><strong>veritatis,</strong></span> <span class='ocrx_word' id='word_1_53' title='bbox 1731 957 1775 1013; x_wconf 88' lang='lat' dir='ltr'><strong><em>si</em></strong></span> <span class='ocrx_word' id='word_1_54' title='bbox 1807 954 1929 1025; x_wconf 89' lang='lat' dir='ltr'><strong><em>quis</em></strong></span> <span class='ocrx_word' id='word_1_55' title='bbox 1963 950 2148 1024; x_wconf 89' lang='lat' dir='ltr'><strong>prohi-</strong></span> 
     </span>
    </p>
   </div>
   <div class='ocr_carea' id='block_1_9' title="bbox 560 1048 2152 1140">
    <p class='ocr_par' dir='ltr' id='par_1_9' title="bbox 560 1048 2152 1140">
     <span class='ocr_line' id='line_1_9' title="bbox 560 1048 2152 1140; baseline -0.023 -10"><span class='ocrx_word' id='word_1_56' title='bbox 560 1048 743 1132; x_wconf 74' lang='lat' dir='ltr'><strong>buerit</strong></span> <span class='ocrx_word' id='word_1_57' title='bbox 793 1077 1109 1140; x_wconf 86' lang='lat' dir='ltr'><strong>peccatores</strong></span> <span class='ocrx_word' id='word_1_58' title='bbox 1157 1060 1289 1118; x_wconf 90' lang='lat' dir='ltr'><strong>solvi</strong></span> <span class='ocrx_word' id='word_1_59' title='bbox 1350 1074 1380 1114; x_wconf 89' lang='lat' dir='ltr'><strong>a</strong></span> <span class='ocrx_word' id='word_1_60' title='bbox 1425 1053 1632 1127; x_wconf 85' lang='lat' dir='ltr'><strong>laqueis</strong></span> <span class='ocrx_word' id='word_1_61' title='bbox 1687 1048 1908 1113; x_wconf 90' lang='lat' dir='ltr'><strong>diaboli,</strong></span> <span class='ocrx_word' id='word_1_62' title='bbox 1950 1054 2004 1099; x_wconf 88' lang='lat' dir='ltr'><strong>et</strong></span> <span class='ocrx_word' id='word_1_63' title='bbox 2059 1056 2152 1116; x_wconf 90' lang='lat' dir='ltr'><strong>per</strong></span> 
     </span>
    </p>
   </div>
   <div class='ocr_carea' id='block_1_10' title="bbox 565 1147 2152 1223">
    <p class='ocr_par' dir='ltr' id='par_1_10' title="bbox 565 1147 2152 1223">
     <span class='ocr_line' id='line_1_10' title="bbox 565 1147 2152 1223; baseline -0.022 0"><span class='ocrx_word' id='word_1_64' title='bbox 565 1165 968 1223; x_wconf 78' lang='lat' dir='ltr'><strong>confessionem</strong></span> <span class='ocrx_word' id='word_1_65' title='bbox 1018 1158 1143 1213; x_wconf 79' lang='lat' dir='ltr'><strong>fidei</strong></span> <span class='ocrx_word' id='word_1_66' title='bbox 1193 1153 1424 1222; x_wconf 73' lang='lat' dir='ltr'><strong>Domino</strong></span> <span class='ocrx_word' id='word_1_67' title='bbox 1467 1147 1680 1210; x_wconf 86' lang='lat' dir='ltr'><strong>adduci,</strong></span> <span class='ocrx_word' id='word_1_68' title='bbox 1737 1159 1844 1197; x_wconf 90' lang='lat' dir='ltr'><strong>non</strong></span> <span class='ocrx_word' id='word_1_69' title='bbox 1897 1149 2076 1193; x_wconf 89' lang='lat' dir='ltr'><strong>tamen</strong></span> <span class='ocrx_word' id='word_1_70' title='bbox 2119 1150 2152 1188; x_wconf 90' lang='lat' dir='ltr'><strong>a</strong></span> 
     </span>
    </p>
   </div>
   <div class='ocr_carea' id='block_1_11' title="bbox 563 1226 2153 1329">
    <p class='ocr_par' dir='ltr' id='par_1_11' title="bbox 563 1226 2153 1329">
     <span class='ocr_line' id='line_1_11' title="bbox 563 1226 2153 1329; baseline -0.021 -17"><span class='ocrx_word' id='word_1_71' title='bbox 563 1252 910 1329; x_wconf 61' lang='lat' dir='ltr'><strong>pradicando</strong></span> <span class='ocrx_word' id='word_1_72' title='bbox 935 1249 1217 1310; x_wconf 82' lang='lat' dir='ltr'><strong>desistant,</strong></span> <span class='ocrx_word' id='word_1_73' title='bbox 1242 1244 1337 1301; x_wconf 88' lang='lat' dir='ltr'><strong>sed</strong></span> <span class='ocrx_word' id='word_1_74' title='bbox 1369 1246 1685 1296; x_wconf 82' lang='lat' dir='ltr'><strong>constanter</strong></span> <span class='ocrx_word' id='word_1_75' title='bbox 1709 1233 2001 1292; x_wconf 91' lang='lat' dir='ltr'><strong>insinuent,</strong></span> <span class='ocrx_word' id='word_1_76' title='bbox 2029 1226 2153 1297; x_wconf 89' lang='lat' dir='ltr'><strong>quia</strong></span> 
     </span>
    </p>
   </div>
   <div class='ocr_carea' id='block_1_12' title="bbox 565 1319 2156 1408">
    <p class='ocr_par' dir='ltr' id='par_1_12' title="bbox 565 1319 2156 1408">
     <span class='ocr_line' id='line_1_12' title="bbox 565 1319 2156 1408; baseline -0.022 1"><span class='ocrx_word' id='word_1_77' title='bbox 565 1349 827 1408; x_wconf 88' lang='lat' dir='ltr'><strong>Dominus</strong></span> <span class='ocrx_word' id='word_1_78' title='bbox 876 1347 944 1401; x_wconf 89' lang='lat' dir='ltr'><strong>ad</strong></span> <span class='ocrx_word' id='word_1_79' title='bbox 984 1338 1356 1398; x_wconf 68' lang='lat' dir='ltr'><strong>aediﬁcandam</strong></span> <span class='ocrx_word' id='word_1_80' title='bbox 1401 1330 1703 1389; x_wconf 89' lang='lat' dir='ltr'><strong>Ecclesiam</strong></span> <span class='ocrx_word' id='word_1_81' title='bbox 1751 1340 1902 1381; x_wconf 87' lang='lat' dir='ltr'><strong>suam</strong></span> <span class='ocrx_word' id='word_1_82' title='bbox 1957 1319 2156 1374; x_wconf 79' lang='lat' dir='ltr'><strong>talibus</strong></span> 
     </span>
    </p>
   </div>
   <div class='ocr_carea' id='block_1_13' title="bbox 567 1417 2156 1517">
    <p class='ocr_par' dir='ltr' id='par_1_13' title="bbox 567 1417 2156 1517">
     <span class='ocr_line' id='line_1_13' title="bbox 567 1417 2156 1517; baseline -0.025 -15"><span class='ocrx_word' id='word_1_83' title='bbox 567 1458 702 1517; x_wconf 91' lang='lat' dir='ltr'><strong>opus</strong></span> <span class='ocrx_word' id='word_1_84' title='bbox 730 1443 915 1498; x_wconf 80' lang='lat' dir='ltr'><strong>habet.</strong></span> <span class='ocrx_word' id='word_1_85' title='bbox 963 1438 1030 1492; x_wconf 90' lang='lat' dir='ltr'><strong>Et</strong></span> <span class='ocrx_word' id='word_1_86' title='bbox 1066 1435 1201 1506; x_wconf 87' lang='lat' dir='ltr'><strong><em>proh</em></strong></span> <span class='ocrx_word' id='word_1_87' title='bbox 1237 1429 1417 1487; x_wconf 90' lang='lat' dir='ltr'><strong>dolor!</strong></span> <span class='ocrx_word' id='word_1_88' title='bbox 1459 1441 1580 1481; x_wconf 87' lang='lat' dir='ltr'><strong>cum</strong></span> <span class='ocrx_word' id='word_1_89' title='bbox 1623 1435 1782 1476; x_wconf 90' lang='lat' dir='ltr'><strong>nemo</strong></span> <span class='ocrx_word' id='word_1_90' title='bbox 1827 1417 1911 1472; x_wconf 87' lang='lat' dir='ltr'><strong><em>his</em></strong></span> <span class='ocrx_word' id='word_1_91' title='bbox 1941 1420 2156 1470; x_wconf 89' lang='lat' dir='ltr'><strong>contra-</strong></span> 
     </span>
    </p>
   </div>
   <div class='ocr_carea' id='block_1_14' title="bbox 568 1506 2156 1602">
    <p class='ocr_par' dir='ltr' id='par_1_14' title="bbox 568 1506 2156 1602">
     <span class='ocr_line' id='line_1_14' title="bbox 568 1506 2156 1602; baseline -0.022 -8"><span class='ocrx_word' id='word_1_92' title='bbox 568 1506 733 1602; x_wconf 82' lang='lat' dir='ltr'><strong>dicat,</strong></span> <span class='ocrx_word' id='word_1_93' title='bbox 763 1542 818 1589; x_wconf 91' lang='lat' dir='ltr'><strong>tu</strong></span> <span class='ocrx_word' id='word_1_94' title='bbox 858 1539 1079 1587; x_wconf 83' lang='lat' dir='ltr'><strong>econtra</strong></span> <span class='ocrx_word' id='word_1_95' title='bbox 1116 1520 1530 1595; x_wconf 80' lang='lat' dir='ltr'><strong>implorantibus</strong></span> <span class='ocrx_word' id='word_1_96' title='bbox 1550 1510 1910 1573; x_wconf 89' lang='lat' dir='ltr'><strong>contradicis;</strong></span> <span class='ocrx_word' id='word_1_97' title='bbox 1934 1506 2156 1577; x_wconf 85' lang='lat' dir='ltr'><strong>alligans</strong></span> 
     </span>
    </p>
   </div>
   <div class='ocr_carea' id='block_1_15' title="bbox 568 1611 2159 1686">
    <p class='ocr_par' dir='ltr' id='par_1_15' title="bbox 568 1611 2159 1686">
     <span class='ocr_line' id='line_1_15' title="bbox 568 1611 2159 1686; baseline -0.023 1"><span class='ocrx_word' id='word_1_98' title='bbox 568 1643 666 1686; x_wconf 88' lang='lat' dir='ltr'><strong>eos</strong></span> <span class='ocrx_word' id='word_1_99' title='bbox 695 1637 761 1682; x_wconf 88' lang='lat' dir='ltr'><strong>ne</strong></span> <span class='ocrx_word' id='word_1_100' title='bbox 801 1618 980 1681; x_wconf 85' lang='lat' dir='ltr'><strong>divina</strong></span> <span class='ocrx_word' id='word_1_101' title='bbox 1011 1615 1194 1676; x_wconf 81' lang='lat' dir='ltr'><strong>munia</strong></span> <span class='ocrx_word' id='word_1_102' title='bbox 1244 1613 1454 1686; x_wconf 88' lang='lat' dir='ltr'><strong>populis</strong></span> <span class='ocrx_word' id='word_1_103' title='bbox 1494 1613 1881 1677; x_wconf 82' lang='lat' dir='ltr'><strong>exsequantur,</strong></span> <span class='ocrx_word' id='word_1_104' title='bbox 1931 1611 2159 1669; x_wconf 90' lang='lat' dir='ltr'><strong>quorum</strong></span> 
     </span>
    </p>
   </div>
   <div class='ocr_carea' id='block_1_16' title="bbox 567 1691 2160 1779">
    <p class='ocr_par' dir='ltr' id='par_1_16' title="bbox 567 1691 2160 1779">
     <span class='ocr_line' id='line_1_16' title="bbox 567 1691 2160 1779; baseline -0.023 0"><span class='ocrx_word' id='word_1_105' title='bbox 567 1725 797 1779; x_wconf 84' lang='lat' dir='ltr'><strong>interest</strong></span> <span class='ocrx_word' id='word_1_106' title='bbox 831 1719 988 1773; x_wconf 82' lang='lat' dir='ltr'><strong>sacra</strong></span> <span class='ocrx_word' id='word_1_107' title='bbox 1019 1713 1304 1768; x_wconf 88' lang='lat' dir='ltr'><strong>missarum</strong></span> <span class='ocrx_word' id='word_1_108' title='bbox 1342 1704 1514 1760; x_wconf 78' lang='lat' dir='ltr'><strong>oﬂieia</strong></span> <span class='ocrx_word' id='word_1_109' title='bbox 1547 1701 1844 1761; x_wconf 87' lang='lat' dir='ltr'><strong>celebrare,</strong></span> <span class='ocrx_word' id='word_1_110' title='bbox 1875 1691 2160 1764; x_wconf 84' lang='lat' dir='ltr'><strong>mysticam</strong></span> 
     </span>
    </p>
   </div>
   <div class='ocr_carea' id='block_1_17' title="bbox 569 1782 2161 1876">
    <p class='ocr_par' dir='ltr' id='par_1_17' title="bbox 569 1782 2161 1876">
     <span class='ocr_line' id='line_1_17' title="bbox 569 1782 2161 1876; baseline -0.021 -8"><span class='ocrx_word' id='word_1_111' title='bbox 569 1809 1010 1870; x_wconf 81' lang='lat' dir='ltr'><strong>distributionem</strong></span> <span class='ocrx_word' id='word_1_112' title='bbox 1037 1800 1336 1876; x_wconf 79' lang='lat' dir='ltr'><strong>Spiritualis</strong></span> <span class='ocrx_word' id='word_1_113' title='bbox 1367 1795 1635 1852; x_wconf 66' lang='lat' dir='ltr'><strong>alimoniae</strong></span> <span class='ocrx_word' id='word_1_114' title='bbox 1673 1788 1916 1859; x_wconf 91' lang='lat' dir='ltr'><strong>corporis</strong></span> <span class='ocrx_word' id='word_1_115' title='bbox 1955 1782 2161 1840; x_wconf 88' lang='lat' dir='ltr'><strong>scilicet</strong></span> 
     </span>
    </p>
   </div>
   <div class='ocr_carea' id='block_1_18' title="bbox 571 1878 2156 1978">
    <p class='ocr_par' dir='ltr' id='par_1_18' title="bbox 571 1878 2156 1978">
     <span class='ocr_line' id='line_1_18' title="bbox 571 1878 2156 1978; baseline -0.021 -13"><span class='ocrx_word' id='word_1_116' title='bbox 571 1919 626 1966; x_wconf 87' lang='lat' dir='ltr'><strong>et</strong></span> <span class='ocrx_word' id='word_1_117' title='bbox 653 1902 934 1978; x_wconf 75' lang='lat' dir='ltr'><strong>sanguinis</strong></span> <span class='ocrx_word' id='word_1_118' title='bbox 975 1899 1189 1956; x_wconf 90' lang='lat' dir='ltr'><strong>Domini</strong></span> <span class='ocrx_word' id='word_1_119' title='bbox 1217 1893 1387 1951; x_wconf 82' lang='lat' dir='ltr'><strong>nostri</strong></span> <span class='ocrx_word' id='word_1_120' title='bbox 1418 1888 1544 1947; x_wconf 79' lang='lat' dir='ltr'><strong>Jesu</strong></span> <span class='ocrx_word' id='word_1_121' title='bbox 1567 1885 1768 1944; x_wconf 87' lang='lat' dir='ltr'><strong>Christi</strong></span> <span class='ocrx_word' id='word_1_122' title='bbox 1795 1885 1848 1937; x_wconf 90' lang='lat' dir='ltr'><strong>in</strong></span> <span class='ocrx_word' id='word_1_123' title='bbox 1880 1878 2156 1936; x_wconf 85' lang='lat' dir='ltr'><strong>remissio—</strong></span> 
     </span>
    </p>
   </div>
   <div class='ocr_carea' id='block_1_19' title="bbox 2251 657 3023 728">
    <p class='ocr_par' dir='ltr' id='par_1_19' title="bbox 2251 657 3023 728">
     <span class='ocr_line' id='line_1_19' title="bbox 2251 657 3023 728; baseline -0.014 1"><span class='ocrx_word' id='word_1_124' title='bbox 2251 684 2402 728; x_wconf 91' lang='lat' dir='ltr'><strong>rente</strong></span> <span class='ocrx_word' id='word_1_125' title='bbox 2433 657 2647 726; x_wconf 82' lang='lat' dir='ltr'><strong>sibimet</strong></span> <span class='ocrx_word' id='word_1_126' title='bbox 2677 673 3023 723; x_wconf 90' lang='lat' dir='ltr'><strong>censuerunt.</strong></span> 
     </span>
    </p>
   </div>
   <div class='ocr_carea' id='block_1_20' title="bbox 2322 751 3861 836">
    <p class='ocr_par' dir='ltr' id='par_1_20' title="bbox 2322 751 3861 836">
     <span class='ocr_line' id='line_1_20' title="bbox 2322 751 3861 836; baseline -0.013 -15"><span class='ocrx_word' id='word_1_127' title='bbox 2322 767 2389 820; x_wconf 87' lang='lat' dir='ltr'><strong>Et</strong></span> <span class='ocrx_word' id='word_1_128' title='bbox 2434 774 2555 836; x_wconf 90' lang='lat' dir='ltr'><strong>post</strong></span> <span class='ocrx_word' id='word_1_129' title='bbox 2603 763 2918 832; x_wconf 88' lang='lat' dir='ltr'><strong>aliquanta:</strong></span> <span class='ocrx_word' id='word_1_130' title='bbox 2955 777 2975 810; x_wconf 84' lang='lat'><strong>(</strong></span> <span class='ocrx_word' id='word_1_131' title='bbox 3007 755 3160 825; x_wconf 85' lang='lat' dir='ltr'><strong>Quod</strong></span> <span class='ocrx_word' id='word_1_132' title='bbox 3213 753 3417 810; x_wconf 89' lang='lat' dir='ltr'><strong>idcirco</strong></span> <span class='ocrx_word' id='word_1_133' title='bbox 3468 751 3754 836; x_wconf 75' lang='lat' dir='ltr'><strong>dicimus,</strong></span> <span class='ocrx_word' id='word_1_134' title='bbox 3808 757 3861 802; x_wconf 89' lang='lat' dir='ltr'><strong>ut</strong></span> 
     </span>
    </p>
   </div>
   <div class='ocr_carea' id='block_1_21' title="bbox 2252 825 3862 914">
    <p class='ocr_par' dir='ltr' id='par_1_21' title="bbox 2252 825 3862 914">
     <span class='ocr_line' id='line_1_21' title="bbox 2252 825 3862 914; baseline -0.013 -1"><span class='ocrx_word' id='word_1_135' title='bbox 2252 859 2500 914; x_wconf 82' lang='lat' dir='ltr'><strong>advertat</strong></span> <span class='ocrx_word' id='word_1_136' title='bbox 2545 856 2784 912; x_wconf 79' lang='lat' dir='ltr'><strong>Charitas</strong></span> <span class='ocrx_word' id='word_1_137' title='bbox 2816 862 2905 908; x_wconf 90' lang='lat' dir='ltr'><strong>tua</strong></span> <span class='ocrx_word' id='word_1_138' title='bbox 2946 851 3080 907; x_wconf 88' lang='lat' dir='ltr'><strong>adeo</strong></span> <span class='ocrx_word' id='word_1_139' title='bbox 3127 837 3228 904; x_wconf 85' lang='lat' dir='ltr'><strong>nos</strong></span> <span class='ocrx_word' id='word_1_140' title='bbox 3271 841 3541 902; x_wconf 83' lang='lat' dir='ltr'><strong>canonuui</strong></span> <span class='ocrx_word' id='word_1_141' title='bbox 3571 825 3862 912; x_wconf 56' lang='lat' dir='ltr'><strong>prébepta</strong></span> 
     </span>
    </p>
   </div>
   <div class='ocr_carea' id='block_1_22' title="bbox 2253 921 3860 1020">
    <p class='ocr_par' dir='ltr' id='par_1_22' title="bbox 2253 921 3860 1020">
     <span class='ocr_line' id='line_1_22' title="bbox 2253 921 3860 1020; baseline -0.016 -8"><span class='ocrx_word' id='word_1_142' title='bbox 2253 969 2503 1020; x_wconf 89' lang='lat' dir='ltr'><strong>servare,</strong></span> <span class='ocrx_word' id='word_1_143' title='bbox 2531 960 2593 1007; x_wconf 90' lang='lat' dir='ltr'><strong>ut</strong></span> <span class='ocrx_word' id='word_1_144' title='bbox 2619 952 2694 1006; x_wconf 90' lang='lat' dir='ltr'><strong>ita</strong></span> <span class='ocrx_word' id='word_1_145' title='bbox 2723 946 3038 1016; x_wconf 89' lang='lat' dir='ltr'><strong>constitutio</strong></span> <span class='ocrx_word' id='word_1_146' title='bbox 3081 947 3298 1015; x_wconf 84' lang='lat' dir='ltr'><strong>quoque</strong></span> <span class='ocrx_word' id='word_1_147' title='bbox 3349 921 3535 995; x_wconf 68' lang='lat' dir='ltr'><strong>nostra</strong></span> <span class='ocrx_word' id='word_1_148' title='bbox 3579 927 3860 996; x_wconf 77' lang='lat' dir='ltr'><strong>diﬂiniat,</strong></span> 
     </span>
    </p>
   </div>
   <div class='ocr_carea' id='block_1_23' title="bbox 2253 1023 3858 1119">
    <p class='ocr_par' dir='ltr' id='par_1_23' title="bbox 2253 1023 3858 1119">
     <span class='ocr_line' id='line_1_23' title="bbox 2253 1023 3858 1119; baseline -0.014 -16"><span class='ocrx_word' id='word_1_149' title='bbox 2253 1056 2519 1119; x_wconf 86' lang='lat' dir='ltr'><strong>quatenus</strong></span> <span class='ocrx_word' id='word_1_150' title='bbox 2547 1039 2945 1113; x_wconf 77' lang='lat' dir='ltr'><strong>metropolitani</strong></span> <span class='ocrx_word' id='word_1_151' title='bbox 2975 1038 3057 1093; x_wconf 89' lang='lat' dir='ltr'><strong>sui</strong></span> <span class='ocrx_word' id='word_1_152' title='bbox 3090 1023 3428 1104; x_wconf 73' lang='lat' dir='ltr'><strong>unaquaeque</strong></span> <span class='ocrx_word' id='word_1_153' title='bbox 3471 1026 3781 1101; x_wconf 76' lang='lat' dir='ltr'><strong>provincia</strong></span> <span class='ocrx_word' id='word_1_154' title='bbox 3813 1026 3858 1080; x_wconf 87' lang='lat' dir='ltr'><strong>in</strong></span> 
     </span>
    </p>
   </div>
   <div class='ocr_carea' id='block_1_24' title="bbox 2253 1109 3863 1195">
    <p class='ocr_par' dir='ltr' id='par_1_24' title="bbox 2253 1109 3863 1195">
     <span class='ocr_line' id='line_1_24' title="bbox 2253 1109 3863 1195; baseline -0.016 -1"><span class='ocrx_word' id='word_1_155' title='bbox 2253 1137 2507 1194; x_wconf 91' lang='lat' dir='ltr'><strong>omnibus</strong></span> <span class='ocrx_word' id='word_1_156' title='bbox 2535 1133 2695 1189; x_wconf 87' lang='lat' dir='ltr'><strong>rebus</strong></span> <span class='ocrx_word' id='word_1_157' title='bbox 2721 1130 3122 1188; x_wconf 87' lang='lat' dir='ltr'><strong>ordinationem</strong></span> <span class='ocrx_word' id='word_1_158' title='bbox 3153 1115 3365 1195; x_wconf 77' lang='lat' dir='ltr'><strong>Semper</strong></span> <span class='ocrx_word' id='word_1_159' title='bbox 3392 1109 3714 1192; x_wconf 66' lang='lat' dir='ltr'><strong>exspectet.</strong></span> <span class='ocrx_word' id='word_1_160' title='bbox 3751 1137 3769 1170; x_wconf 76' lang='grc' dir='ltr'><strong><em>ι</em></strong></span> <span class='ocrx_word' id='word_1_161' title='bbox 3805 1116 3863 1171; x_wconf 82' lang='lat' dir='ltr'><strong>Et</strong></span> 
     </span>
    </p>
   </div>
   <div class='ocr_carea' id='block_1_25' title="bbox 2255 1213 3860 1287">
    <p class='ocr_par' dir='ltr' id='par_1_25' title="bbox 2255 1213 3860 1287">
     <span class='ocr_line' id='line_1_25' title="bbox 2255 1213 3860 1287; baseline -0.014 -1"><span class='ocrx_word' id='word_1_162' title='bbox 2255 1232 2571 1287; x_wconf 86' lang='lat' dir='ltr'><strong>Africanum</strong></span> <span class='ocrx_word' id='word_1_163' title='bbox 2609 1228 2898 1284; x_wconf 89' lang='lat' dir='ltr'><strong>concilium</strong></span> <span class='ocrx_word' id='word_1_164' title='bbox 2947 1223 3192 1280; x_wconf 90' lang='lat' dir='ltr'><strong>scribens</strong></span> <span class='ocrx_word' id='word_1_165' title='bbox 3239 1217 3305 1272; x_wconf 91' lang='lat' dir='ltr'><strong>ad</strong></span> <span class='ocrx_word' id='word_1_166' title='bbox 3346 1213 3727 1271; x_wconf 76' lang='lat' dir='ltr'><strong>Caelestinum</strong></span> <span class='ocrx_word' id='word_1_167' title='bbox 3773 1227 3860 1280; x_wconf 83' lang='lat' dir='ltr'><strong>pa-</strong></span> 
     </span>
    </p>
   </div>
   <div class='ocr_carea' id='block_1_26' title="bbox 2256 1300 3862 1394">
    <p class='ocr_par' dir='ltr' id='par_1_26' title="bbox 2256 1300 3862 1394">
     <span class='ocr_line' id='line_1_26' title="bbox 2256 1300 3862 1394; baseline -0.015 -14"><span class='ocrx_word' id='word_1_168' title='bbox 2256 1339 2382 1394; x_wconf 88' lang='lat' dir='ltr'><strong>pam</strong></span> <span class='ocrx_word' id='word_1_169' title='bbox 2408 1341 2422 1377; x_wconf 91' lang='lat'><strong>:</strong></span> <span class='ocrx_word' id='word_1_170' title='bbox 2456 1341 2474 1374; x_wconf 89' lang='grc'><strong>‹</strong></span> <span class='ocrx_word' id='word_1_171' title='bbox 2503 1322 2750 1383; x_wconf 88' lang='lat' dir='ltr'><strong>Decreta,</strong></span> <span class='ocrx_word' id='word_1_172' title='bbox 2768 1318 2963 1388; x_wconf 87' lang='lat' dir='ltr'><strong>inquit,</strong></span> <span class='ocrx_word' id='word_1_173' title='bbox 2982 1314 3198 1369; x_wconf 71' lang='lat' dir='ltr'><strong>Niczena</strong></span> <span class='ocrx_word' id='word_1_174' title='bbox 3222 1311 3333 1366; x_wconf 91' lang='lat' dir='ltr'><strong>sive</strong></span> <span class='ocrx_word' id='word_1_175' title='bbox 3355 1300 3634 1363; x_wconf 83' lang='lat' dir='ltr'><strong>inferioris</strong></span> <span class='ocrx_word' id='word_1_176' title='bbox 3663 1303 3862 1375; x_wconf 81' lang='lat' dir='ltr'><strong>gradus</strong></span> 
     </span>
    </p>
   </div>
   <div class='ocr_carea' id='block_1_27' title="bbox 2258 1396 3867 1484">
    <p class='ocr_par' dir='ltr' id='par_1_27' title="bbox 2258 1396 3867 1484">
     <span class='ocr_line' id='line_1_27' title="bbox 2258 1396 3867 1484; baseline -0.014 -13"><span class='ocrx_word' id='word_1_177' title='bbox 2258 1417 2524 1479; x_wconf 91' lang='lat' dir='ltr'><strong>clericos,</strong></span> <span class='ocrx_word' id='word_1_178' title='bbox 2575 1414 2688 1469; x_wconf 84' lang='lat' dir='ltr'><strong>sive</strong></span> <span class='ocrx_word' id='word_1_179' title='bbox 2729 1411 3012 1484; x_wconf 82' lang='lat' dir='ltr'><strong>episcOpos</strong></span> <span class='ocrx_word' id='word_1_180' title='bbox 3060 1406 3202 1478; x_wconf 89' lang='lat' dir='ltr'><strong>ipsos</strong></span> <span class='ocrx_word' id='word_1_181' title='bbox 3257 1401 3369 1458; x_wconf 91' lang='lat' dir='ltr'><strong>suis</strong></span> <span class='ocrx_word' id='word_1_182' title='bbox 3415 1396 3867 1468; x_wconf 62' lang='lat' dir='ltr'><strong>metrOpolitanis</strong></span> 
     </span>
    </p>
   </div>
   <div class='ocr_carea' id='block_1_28' title="bbox 2259 1473 3864 1578">
    <p class='ocr_par' dir='ltr' id='par_1_28' title="bbox 2259 1473 3864 1578">
     <span class='ocr_line' id='line_1_28' title="bbox 2259 1473 3864 1578; baseline -0.016 -12"><span class='ocrx_word' id='word_1_183' title='bbox 2259 1509 2667 1565; x_wconf 88' lang='lat' dir='ltr'><strong>commiserunt.</strong></span> <span class='ocrx_word' id='word_1_184' title='bbox 2702 1525 2720 1556; x_wconf 75' lang='grc' dir='ltr'><strong><em>ι</em></strong></span> <span class='ocrx_word' id='word_1_185' title='bbox 2746 1473 2813 1578; x_wconf 66' lang='grc' dir='ltr'><strong>ἐι</strong></span> <span class='ocrx_word' id='word_1_186' title='bbox 2839 1509 3059 1556; x_wconf 88' lang='lat' dir='ltr'><strong>sanctus</strong></span> <span class='ocrx_word' id='word_1_187' title='bbox 3079 1473 3190 1552; x_wconf 60' lang='lat' dir='ltr'><strong>Leo</strong></span> <span class='ocrx_word' id='word_1_188' title='bbox 3213 1493 3277 1550; x_wconf 89' lang='lat' dir='ltr'><strong>ad</strong></span> <span class='ocrx_word' id='word_1_189' title='bbox 3305 1491 3665 1549; x_wconf 82' lang='lat' dir='ltr'><strong>Anastasium</strong></span> <span class='ocrx_word' id='word_1_190' title='bbox 3700 1473 3864 1578; x_wconf 61' lang='lat' dir='ltr'><strong>Thes-</strong></span> 
     </span>
    </p>
   </div>
   <div class='ocr_carea' id='block_1_29' title="bbox 2260 1561 3866 1665">
    <p class='ocr_par' dir='ltr' id='par_1_29' title="bbox 2260 1561 3866 1665">
     <span class='ocr_line' id='line_1_29' title="bbox 2260 1561 3866 1665; baseline -0.016 -7"><span class='ocrx_word' id='word_1_191' title='bbox 2260 1601 2652 1658; x_wconf 88' lang='lat' dir='ltr'><strong>salonicensem</strong></span> <span class='ocrx_word' id='word_1_192' title='bbox 2690 1575 3004 1665; x_wconf 86' lang='lat' dir='ltr'><strong>episcopum</strong></span> <span class='ocrx_word' id='word_1_193' title='bbox 3034 1609 3046 1643; x_wconf 91' lang='lat'><strong>:</strong></span> <span class='ocrx_word' id='word_1_194' title='bbox 3077 1586 3376 1658; x_wconf 88' lang='lat' dir='ltr'><strong>secundum</strong></span> <span class='ocrx_word' id='word_1_195' title='bbox 3403 1571 3742 1640; x_wconf 80' lang='lat' dir='ltr'><strong>sanctorum</strong></span> <span class='ocrx_word' id='word_1_196' title='bbox 3779 1561 3866 1633; x_wconf 63' lang='grc' dir='ltr'><strong>Ῥει-</strong></span> 
     </span>
    </p>
   </div>
   <div class='ocr_carea' id='block_1_30' title="bbox 2263 1663 3865 1764">
    <p class='ocr_par' dir='ltr' id='par_1_30' title="bbox 2263 1663 3865 1764">
     <span class='ocr_line' id='line_1_30' title="bbox 2263 1663 3865 1764; baseline -0.014 -15"><span class='ocrx_word' id='word_1_197' title='bbox 2263 1702 2428 1758; x_wconf 87' lang='lat' dir='ltr'><strong>trum,</strong></span> <span class='ocrx_word' id='word_1_198' title='bbox 2480 1689 2694 1761; x_wconf 88' lang='lat' dir='ltr'><strong>inquit,</strong></span> <span class='ocrx_word' id='word_1_199' title='bbox 2724 1663 2749 1740; x_wconf 53' lang='grc' dir='ltr'><strong>ἶ</strong></span> <span class='ocrx_word' id='word_1_200' title='bbox 2782 1684 3031 1764; x_wconf 90' lang='lat' dir='ltr'><strong>Canones</strong></span> <span class='ocrx_word' id='word_1_201' title='bbox 3077 1679 3284 1751; x_wconf 89' lang='lat' dir='ltr'><strong>Spiritu</strong></span> <span class='ocrx_word' id='word_1_202' title='bbox 3331 1663 3425 1736; x_wconf 89' lang='lat' dir='ltr'><strong>Dei</strong></span> <span class='ocrx_word' id='word_1_203' title='bbox 3478 1673 3782 1736; x_wconf 88' lang='lat' dir='ltr'><strong>conditos,</strong></span> <span class='ocrx_word' id='word_1_204' title='bbox 3821 1663 3865 1728; x_wconf 81' lang='lat' dir='ltr'><strong>el</strong></span> 
     </span>
    </p>
   </div>
   <div class='ocr_carea' id='block_1_31' title="bbox 2263 1765 3864 1843">
    <p class='ocr_par' dir='ltr' id='par_1_31' title="bbox 2263 1765 3864 1843">
     <span class='ocr_line' id='line_1_31' title="bbox 2263 1765 3864 1843; baseline -0.015 -1"><span class='ocrx_word' id='word_1_205' title='bbox 2263 1787 2427 1843; x_wconf 90' lang='lat' dir='ltr'><strong>totius</strong></span> <span class='ocrx_word' id='word_1_206' title='bbox 2455 1782 2643 1839; x_wconf 89' lang='lat' dir='ltr'><strong>mundi</strong></span> <span class='ocrx_word' id='word_1_207' title='bbox 2673 1767 2977 1836; x_wconf 85' lang='lat' dir='ltr'><strong>reverentia</strong></span> <span class='ocrx_word' id='word_1_208' title='bbox 3002 1782 3370 1840; x_wconf 86' lang='lat' dir='ltr'><strong>consecratos,</strong></span> <span class='ocrx_word' id='word_1_209' title='bbox 3402 1765 3864 1838; x_wconf 75' lang='lat' dir='ltr'><strong>metropolitanes</strong></span> 
     </span>
    </p>
   </div>
   <div class='ocr_carea' id='block_1_32' title="bbox 2264 1859 3865 1950">
    <p class='ocr_par' dir='ltr' id='par_1_32' title="bbox 2264 1859 3865 1950">
     <span class='ocr_line' id='line_1_32' title="bbox 2264 1859 3865 1950; baseline -0.016 -14"><span class='ocrx_word' id='word_1_210' title='bbox 2264 1878 2594 1950; x_wconf 87' lang='lat' dir='ltr'><strong>singularum</strong></span> <span class='ocrx_word' id='word_1_211' title='bbox 2634 1873 3038 1950; x_wconf 85' lang='lat' dir='ltr'><strong>provinciarum</strong></span> <span class='ocrx_word' id='word_1_212' title='bbox 3063 1868 3367 1940; x_wconf 88' lang='lat' dir='ltr'><strong>episcopos,</strong></span> <span class='ocrx_word' id='word_1_213' title='bbox 3397 1863 3590 1935; x_wconf 88' lang='lat' dir='ltr'><strong>quibus</strong></span> <span class='ocrx_word' id='word_1_214' title='bbox 3619 1875 3703 1914; x_wconf 80' lang='lat' dir='ltr'><strong>ex</strong></span> <span class='ocrx_word' id='word_1_215' title='bbox 3734 1859 3865 1913; x_wconf 76' lang='lat' dir='ltr'><strong>dele-</strong></span> 
     </span>
    </p>
   </div>
   <div class='ocr_carea' id='block_1_33' title="bbox 572 1950 3864 2068">
    <p class='ocr_par' dir='ltr' id='par_1_33' title="bbox 572 1950 3864 2068">
     <span class='ocr_line' id='line_1_33' title="bbox 572 1950 1226 1978; baseline -0.023 -12"><span class='ocrx_word' id='word_1_216' title='bbox 572 1950 626 1966; x_wconf 76' lang='lat'><strong>...</strong></span> <span class='ocrx_word' id='word_1_217' title='bbox 653 1950 933 1978; x_wconf 67' lang='lat'><strong>......,,......-</strong></span> <span class='ocrx_word' id='word_1_218' title='bbox 977 1950 1189 1956; x_wconf 66' lang='lat'>_-_______</span> <span class='ocrx_word' id='word_1_219' title='bbox 1221 1950 1226 1951; x_wconf 63' lang='lat'><strong>,</strong></span> 
     </span>
     <span class='ocr_line' id='line_1_34' title="bbox 572 1950 3864 2068; baseline -0.017 -11"><span class='ocrx_word' id='word_1_220' title='bbox 572 1993 698 2057; x_wconf 76' lang='lat' dir='ltr'><strong>neiii</strong></span> <span class='ocrx_word' id='word_1_221' title='bbox 727 1989 1080 2068; x_wconf 68' lang='lat' dir='ltr'><strong>peccatorum</strong></span> <span class='ocrx_word' id='word_1_222' title='bbox 1118 1987 1364 2045; x_wconf 83' lang='lat' dir='ltr'><strong>fidelibus</strong></span> <span class='ocrx_word' id='word_1_223' title='bbox 1401 1980 1860 2046; x_wconf 86' lang='lat' dir='ltr'><strong>distribuere,per</strong></span> <span class='ocrx_word' id='word_1_224' title='bbox 1883 1973 2159 2026; x_wconf 84' lang='lat' dir='ltr'><strong>lavacrum</strong></span> <span class='ocrx_word' id='word_1_225' title='bbox 2185 1963 2234 2024; x_wconf 89' lang='lat' dir='ltr'><strong>B</strong></span> <span class='ocrx_word' id='word_1_226' title='bbox 2263 1971 2482 2042; x_wconf 90' lang='lat' dir='ltr'><strong>gatione</strong></span> <span class='ocrx_word' id='word_1_227' title='bbox 2531 1976 2716 2022; x_wconf 89' lang='lat' dir='ltr'><strong>nostra</strong></span> <span class='ocrx_word' id='word_1_228' title='bbox 2757 1960 3116 2019; x_wconf 83' lang='lat' dir='ltr'><strong>fraternitatis</strong></span> <span class='ocrx_word' id='word_1_229' title='bbox 3157 1966 3263 2012; x_wconf 68' lang='lat' dir='ltr'><strong>tute</strong></span> <span class='ocrx_word' id='word_1_230' title='bbox 3296 1970 3424 2010; x_wconf 88' lang='lat' dir='ltr'><strong>cura</strong></span> <span class='ocrx_word' id='word_1_231' title='bbox 3472 1950 3864 2026; x_wconf 70' lang='lat' dir='ltr'><strong>praetenditur,</strong></span> 
     </span>
    </p>
   </div>
   <div class='ocr_carea' id='block_1_34' title="bbox 573 2063 2160 2170">
    <p class='ocr_par' dir='ltr' id='par_1_34' title="bbox 573 2063 2160 2170">
     <span class='ocr_line' id='line_1_35' title="bbox 573 2063 2160 2170; baseline -0.025 -15"><span class='ocrx_word' id='word_1_232' title='bbox 573 2083 1002 2170; x_wconf 65' lang='lat' dir='ltr'><strong>regenerationis</strong></span> <span class='ocrx_word' id='word_1_233' title='bbox 1029 2092 1093 2146; x_wconf 91' lang='lat' dir='ltr'><strong>de</strong></span> <span class='ocrx_word' id='word_1_234' title='bbox 1115 2090 1392 2156; x_wconf 84' lang='lat' dir='ltr'><strong>potestate</strong></span> <span class='ocrx_word' id='word_1_235' title='bbox 1415 2076 1609 2135; x_wconf 89' lang='lat' dir='ltr'><strong>diaboli</strong></span> <span class='ocrx_word' id='word_1_236' title='bbox 1636 2075 1689 2128; x_wconf 91' lang='lat' dir='ltr'><strong>in</strong></span> <span class='ocrx_word' id='word_1_237' title='bbox 1713 2083 1937 2142; x_wconf 79' lang='lat' dir='ltr'><strong>regnum</strong></span> <span class='ocrx_word' id='word_1_238' title='bbox 1961 2063 2160 2121; x_wconf 87' lang='lat' dir='ltr'><strong>Christi</strong></span> 
     </span>
    </p>
   </div>
   <div class='ocr_carea' id='block_1_35' title="bbox 574 2156 2160 2258">
    <p class='ocr_par' dir='ltr' id='par_1_35' title="bbox 574 2156 2160 2258">
     <span class='ocr_line' id='line_1_36' title="bbox 574 2156 2160 2258; baseline -0.025 -10"><span class='ocrx_word' id='word_1_239' title='bbox 574 2177 680 2249; x_wconf 73' lang='lat' dir='ltr'><strong>non</strong></span> <span class='ocrx_word' id='word_1_240' title='bbox 722 2188 1024 2258; x_wconf 84' lang='lat' dir='ltr'><strong>baptizatos</strong></span> <span class='ocrx_word' id='word_1_241' title='bbox 1075 2176 1400 2242; x_wconf 76' lang='lat' dir='ltr'><strong>tranSferre;</strong></span> <span class='ocrx_word' id='word_1_242' title='bbox 1435 2183 1534 2244; x_wconf 82' lang='lat' dir='ltr'><strong>per</strong></span> <span class='ocrx_word' id='word_1_243' title='bbox 1571 2169 1795 2239; x_wconf 89' lang='lat' dir='ltr'><strong>januam</strong></span> <span class='ocrx_word' id='word_1_244' title='bbox 1839 2156 2160 2217; x_wconf 86' lang='lat' dir='ltr'><strong>reconcilia-</strong></span> 
     </span>
    </p>
   </div>
   <div class='ocr_carea' id='block_1_36' title="bbox 576 2251 2164 2340">
    <p class='ocr_par' dir='ltr' id='par_1_36' title="bbox 576 2251 2164 2340">
     <span class='ocr_line' id='line_1_37' title="bbox 576 2251 2164 2340; baseline -0.023 -1"><span class='ocrx_word' id='word_1_245' title='bbox 576 2283 738 2340; x_wconf 89' lang='lat' dir='ltr'><strong>tionis</strong></span> <span class='ocrx_word' id='word_1_246' title='bbox 769 2275 822 2336; x_wconf 86' lang='lat' dir='ltr'><strong>et</strong></span> <span class='ocrx_word' id='word_1_247' title='bbox 851 2276 1036 2334; x_wconf 86' lang='lat' dir='ltr'><strong>viatici</strong></span> <span class='ocrx_word' id='word_1_248' title='bbox 1069 2269 1310 2330; x_wconf 83' lang='lat' dir='ltr'><strong>muneris</strong></span> <span class='ocrx_word' id='word_1_249' title='bbox 1342 2262 1831 2324; x_wconf 84' lang='lat' dir='ltr'><strong>sanctiﬁcationem</strong></span> <span class='ocrx_word' id='word_1_250' title='bbox 1866 2254 2074 2310; x_wconf 90' lang='lat' dir='ltr'><strong>animas</strong></span> <span class='ocrx_word' id='word_1_251' title='bbox 2096 2251 2164 2304; x_wconf 91' lang='lat' dir='ltr'><strong>ab</strong></span> 
     </span>
    </p>
   </div>
   <div class='ocr_carea' id='block_1_37' title="bbox 573 2340 2165 2431">
    <p class='ocr_par' dir='ltr' id='par_1_37' title="bbox 573 2340 2165 2431">
     <span class='ocr_line' id='line_1_38' title="bbox 573 2340 2165 2431; baseline -0.024 0"><span class='ocrx_word' id='word_1_252' title='bbox 573 2384 778 2431; x_wconf 58' lang='lat' dir='ltr'><strong>aeterno</strong></span> <span class='ocrx_word' id='word_1_253' title='bbox 807 2369 1028 2427; x_wconf 89' lang='lat' dir='ltr'><strong>interitu</strong></span> <span class='ocrx_word' id='word_1_254' title='bbox 1061 2366 1311 2428; x_wconf 87' lang='lat' dir='ltr'><strong>liberare,</strong></span> <span class='ocrx_word' id='word_1_255' title='bbox 1345 2357 1576 2415; x_wconf 88' lang='lat' dir='ltr'><strong>Domino</strong></span> <span class='ocrx_word' id='word_1_256' title='bbox 1611 2353 1677 2424; x_wconf 85' lang='lat' dir='ltr'><strong>de</strong></span> <span class='ocrx_word' id='word_1_257' title='bbox 1721 2345 2038 2405; x_wconf 69' lang='lat' dir='ltr'><strong>coelestibus</strong></span> <span class='ocrx_word' id='word_1_258' title='bbox 2067 2340 2165 2396; x_wconf 88' lang='lat' dir='ltr'><strong>tibi</strong></span> 
     </span>
    </p>
   </div>
   <div class='ocr_carea' id='block_1_38' title="bbox 575 2436 2167 2532">
    <p class='ocr_par' dir='ltr' id='par_1_38' title="bbox 575 2436 2167 2532">
     <span class='ocr_line' id='line_1_39' title="bbox 575 2436 2167 2532; baseline -0.024 -10"><span class='ocrx_word' id='word_1_259' title='bbox 575 2467 845 2522; x_wconf 84' lang='lat' dir='ltr'><strong>clamante</strong></span> <span class='ocrx_word' id='word_1_260' title='bbox 873 2481 885 2516; x_wconf 88' lang='lat'>:</span> <span class='ocrx_word' id='word_1_261' title='bbox 914 2461 1041 2532; x_wconf 88' lang='lat' dir='ltr'><strong>quia</strong></span> <span class='ocrx_word' id='word_1_262' title='bbox 1069 2465 1249 2529; x_wconf 85' lang='lat' dir='ltr'><strong>pastor</strong></span> <span class='ocrx_word' id='word_1_263' title='bbox 1278 2457 1441 2506; x_wconf 79' lang='lat' dir='ltr'><strong>bonus</strong></span> <span class='ocrx_word' id='word_1_264' title='bbox 1467 2449 1699 2503; x_wconf 86' lang='lat' dir='ltr'><strong>animam</strong></span> <span class='ocrx_word' id='word_1_265' title='bbox 1723 2457 1875 2497; x_wconf 87' lang='lat' dir='ltr'><strong>suam</strong></span> <span class='ocrx_word' id='word_1_266' title='bbox 1898 2436 2042 2508; x_wconf 84' lang='lat' dir='ltr'><strong>ponit</strong></span> <span class='ocrx_word' id='word_1_267' title='bbox 2073 2447 2167 2504; x_wconf 83' lang='lat' dir='ltr'><strong>pro</strong></span> 
     </span>
    </p>
   </div>
   <div class='ocr_carea' id='block_1_39' title="bbox 576 2522 2170 2623">
    <p class='ocr_par' dir='ltr' id='par_1_39' title="bbox 576 2522 2170 2623">
     <span class='ocr_line' id='line_1_40' title="bbox 576 2522 2170 2623; baseline -0.024 -9"><span class='ocrx_word' id='word_1_268' title='bbox 576 2557 755 2614; x_wconf 85' lang='lat' dir='ltr'><strong>ovibus</strong></span> <span class='ocrx_word' id='word_1_269' title='bbox 786 2547 895 2609; x_wconf 77' lang='lat' dir='ltr'><strong>suis</strong></span> <span class='ocrx_word' id='word_1_270' title='bbox 927 2522 1107 2623; x_wconf 54' lang='lat' dir='ltr'><strong>(Joan.</strong></span> <span class='ocrx_word' id='word_1_271' title='bbox 1137 2548 1214 2619; x_wconf 65' lang='grc' dir='ltr'><strong>κ).</strong></span> <span class='ocrx_word' id='word_1_272' title='bbox 1247 2544 1349 2612; x_wconf 85' lang='lat' dir='ltr'><strong>Qui</strong></span> <span class='ocrx_word' id='word_1_273' title='bbox 1381 2542 1510 2597; x_wconf 81' lang='lat' dir='ltr'><strong>fecit</strong></span> <span class='ocrx_word' id='word_1_274' title='bbox 1535 2536 1678 2608; x_wconf 90' lang='lat' dir='ltr'><strong>quod</strong></span> <span class='ocrx_word' id='word_1_275' title='bbox 1706 2532 1906 2591; x_wconf 88' lang='lat' dir='ltr'><strong>docuit,</strong></span> <span class='ocrx_word' id='word_1_276' title='bbox 1932 2522 2170 2582; x_wconf 89' lang='lat' dir='ltr'><strong>ostendit</strong></span> 
     </span>
    </p>
   </div>
   <div class='ocr_carea' id='block_1_40' title="bbox 577 2611 2170 2721">
    <p class='ocr_par' dir='ltr' id='par_1_40' title="bbox 577 2611 2170 2721">
     <span class='ocr_line' id='line_1_41' title="bbox 577 2611 2170 2721; baseline -0.026 -14"><span class='ocrx_word' id='word_1_277' title='bbox 577 2647 722 2721; x_wconf 90' lang='lat' dir='ltr'><strong>quod</strong></span> <span class='ocrx_word' id='word_1_278' title='bbox 778 2611 978 2716; x_wconf 69' lang='lat' dir='ltr'><strong>jussit,</strong></span> <span class='ocrx_word' id='word_1_279' title='bbox 1048 2611 1186 2696; x_wconf 37' lang='lat' dir='ltr'><strong>cum,</strong></span> <span class='ocrx_word' id='word_1_280' title='bbox 1228 2611 1478 2706; x_wconf 83' lang='lat' dir='ltr'><strong>praedu’ce</strong></span> <span class='ocrx_word' id='word_1_281' title='bbox 1526 2628 1661 2684; x_wconf 85' lang='lat' dir='ltr'><strong>Juda</strong></span> <span class='ocrx_word' id='word_1_282' title='bbox 1722 2623 1920 2677; x_wconf 88' lang='lat' dir='ltr'><strong>cohors</strong></span> <span class='ocrx_word' id='word_1_283' title='bbox 1973 2625 2027 2670; x_wconf 87' lang='lat' dir='ltr'><strong>et</strong></span> <span class='ocrx_word' id='word_1_284' title='bbox 2070 2611 2170 2667; x_wconf 90' lang='lat' dir='ltr'><strong>mi-</strong></span> 
     </span>
    </p>
   </div>
   <div class='ocr_carea' id='block_1_41' title="bbox 576 2719 2169 2797">
    <p class='ocr_par' dir='ltr' id='par_1_41' title="bbox 576 2719 2169 2797">
     <span class='ocr_line' id='line_1_42' title="bbox 576 2719 2169 2797; baseline -0.025 1"><span class='ocrx_word' id='word_1_285' title='bbox 576 2740 735 2797; x_wconf 90' lang='lat' dir='ltr'><strong>nistri</strong></span> <span class='ocrx_word' id='word_1_286' title='bbox 773 2737 1084 2794; x_wconf 68' lang='lat' dir='ltr'><strong>Judaaorum</strong></span> <span class='ocrx_word' id='word_1_287' title='bbox 1133 2735 1425 2792; x_wconf 89' lang='lat' dir='ltr'><strong>venerunt,</strong></span> <span class='ocrx_word' id='word_1_288' title='bbox 1481 2730 1540 2777; x_wconf 90' lang='lat' dir='ltr'><strong>ut</strong></span> <span class='ocrx_word' id='word_1_289' title='bbox 1590 2733 1714 2775; x_wconf 89' lang='lat' dir='ltr'><strong>eum</strong></span> <span class='ocrx_word' id='word_1_290' title='bbox 1768 2723 1822 2769; x_wconf 91' lang='lat' dir='ltr'><strong>et</strong></span> <span class='ocrx_word' id='word_1_291' title='bbox 1849 2724 1977 2767; x_wconf 91' lang='lat' dir='ltr'><strong>suos</strong></span> <span class='ocrx_word' id='word_1_292' title='bbox 2011 2719 2169 2774; x_wconf 85' lang='lat' dir='ltr'><strong>cape-</strong></span> 
     </span>
    </p>
   </div>
   <div class='ocr_carea' id='block_1_42' title="bbox 577 2797 2165 2894">
    <p class='ocr_par' dir='ltr' id='par_1_42' title="bbox 577 2797 2165 2894">
     <span class='ocr_line' id='line_1_43' title="bbox 577 2797 2165 2894; baseline -0.028 -3"><span class='ocrx_word' id='word_1_293' title='bbox 577 2844 702 2891; x_wconf 84' lang='lat' dir='ltr'><strong>rent</strong></span> <span class='ocrx_word' id='word_1_294' title='bbox 730 2831 865 2887; x_wconf 80' lang='lat' dir='ltr'><strong>dixit</strong></span> <span class='ocrx_word' id='word_1_295' title='bbox 900 2844 914 2881; x_wconf 89' lang='lat'><strong>:</strong></span> <span class='ocrx_word' id='word_1_296' title='bbox 959 2825 1016 2883; x_wconf 88' lang='lat' dir='ltr'><strong>Si</strong></span> <span class='ocrx_word' id='word_1_297' title='bbox 1058 2841 1138 2878; x_wconf 89' lang='lat' dir='ltr'><strong>me</strong></span> <span class='ocrx_word' id='word_1_298' title='bbox 1176 2819 1433 2894; x_wconf 68' lang='lat' dir='ltr'><strong>quaeritis,</strong></span> <span class='ocrx_word' id='word_1_299' title='bbox 1476 2813 1628 2870; x_wconf 75' lang='lat' dir='ltr'><strong>sinite</strong></span> <span class='ocrx_word' id='word_1_300' title='bbox 1656 2810 1751 2863; x_wconf 76' lang='lat' dir='ltr'><strong>llos</strong></span> <span class='ocrx_word' id='word_1_301' title='bbox 1802 2804 1946 2858; x_wconf 82' lang='lat' dir='ltr'><strong>abire</strong></span> <span class='ocrx_word' id='word_1_302' title='bbox 1983 2797 2165 2870; x_wconf 78' lang='lat' dir='ltr'><strong>(Joan.</strong></span> 
     </span>
    </p>
   </div>
   <div class='ocr_carea' id='block_1_43' title="bbox 577 2888 2170 2997">
    <p class='ocr_par' dir='ltr' id='par_1_43' title="bbox 577 2888 2170 2997">
     <span class='ocr_line' id='line_1_44' title="bbox 577 2888 2170 2997; baseline -0.027 -13"><span class='ocrx_word' id='word_1_303' title='bbox 577 2922 773 2997; x_wconf 79' lang='lat' dir='ltr'><strong>xvm),</strong></span> <span class='ocrx_word' id='word_1_304' title='bbox 825 2923 1010 2994; x_wconf 87' lang='lat' dir='ltr'><strong>sicque</strong></span> <span class='ocrx_word' id='word_1_305' title='bbox 1074 2888 1459 2985; x_wconf 81' lang='lat' dir='ltr'><strong>comprehendi</strong></span> <span class='ocrx_word' id='word_1_306' title='bbox 1512 2923 1572 2962; x_wconf 90' lang='lat' dir='ltr'><strong>se</strong></span> <span class='ocrx_word' id='word_1_307' title='bbox 1632 2898 1892 2974; x_wconf 89' lang='lat' dir='ltr'><strong>pertulit,</strong></span> <span class='ocrx_word' id='word_1_308' title='bbox 1959 2900 2014 2947; x_wconf 92' lang='lat' dir='ltr'><strong>et</strong></span> <span class='ocrx_word' id='word_1_309' title='bbox 2077 2888 2170 2958; x_wconf 88' lang='lat' dir='ltr'><strong>qui</strong></span> 
     </span>
    </p>
   </div>
   <div class='ocr_carea' id='block_1_44' title="bbox 578 2987 2170 3094">
    <p class='ocr_par' dir='ltr' id='par_1_44' title="bbox 578 2987 2170 3094">
     <span class='ocr_line' id='line_1_45' title="bbox 578 2987 2170 3094; baseline -0.028 -15"><span class='ocrx_word' id='word_1_310' title='bbox 578 3018 806 3094; x_wconf 88' lang='lat' dir='ltr'><strong>p0pulos</strong></span> <span class='ocrx_word' id='word_1_311' title='bbox 870 3013 937 3071; x_wconf 90' lang='lat' dir='ltr'><strong>ad</strong></span> <span class='ocrx_word' id='word_1_312' title='bbox 984 3013 1144 3068; x_wconf 84' lang='lat' dir='ltr'><strong>fidem</strong></span> <span class='ocrx_word' id='word_1_313' title='bbox 1207 3007 1609 3065; x_wconf 87' lang='lat' dir='ltr'><strong>converterent,</strong></span> <span class='ocrx_word' id='word_1_314' title='bbox 1653 3004 1709 3052; x_wconf 91' lang='lat' dir='ltr'><strong>et</strong></span> <span class='ocrx_word' id='word_1_315' title='bbox 1756 2987 2034 3050; x_wconf 85' lang='lat' dir='ltr'><strong>conversis</strong></span> <span class='ocrx_word' id='word_1_316' title='bbox 2081 2997 2170 3037; x_wconf 86' lang='lat' dir='ltr'><strong>sa-</strong></span> 
     </span>
    </p>
   </div>
   <div class='ocr_carea' id='block_1_45' title="bbox 579 3075 2170 3182">
    <p class='ocr_par' dir='ltr' id='par_1_45' title="bbox 579 3075 2170 3182">
     <span class='ocr_line' id='line_1_46' title="bbox 579 3075 2170 3182; baseline -0.026 -13"><span class='ocrx_word' id='word_1_317' title='bbox 579 3129 673 3169; x_wconf 89' lang='lat' dir='ltr'><strong>cra</strong></span> <span class='ocrx_word' id='word_1_318' title='bbox 723 3106 986 3182; x_wconf 87' lang='lat' dir='ltr'><strong>mysteria</strong></span> <span class='ocrx_word' id='word_1_319' title='bbox 1032 3101 1413 3163; x_wconf 89' lang='lat' dir='ltr'><strong>celebrarent,</strong></span> <span class='ocrx_word' id='word_1_320' title='bbox 1466 3093 1671 3149; x_wconf 88' lang='lat' dir='ltr'><strong>solutos</strong></span> <span class='ocrx_word' id='word_1_321' title='bbox 1713 3085 1863 3142; x_wconf 90' lang='lat' dir='ltr'><strong>abire</strong></span> <span class='ocrx_word' id='word_1_322' title='bbox 1901 3075 2170 3149; x_wconf 85' lang='lat' dir='ltr'><strong>permisit.</strong></span> 
     </span>
    </p>
   </div>
   <div class='ocr_carea' id='block_1_46' title="bbox 578 3167 2166 3270">
    <p class='ocr_par' dir='ltr' id='par_1_46' title="bbox 578 3167 2166 3270">
     <span class='ocr_line' id='line_1_47' title="bbox 578 3167 2166 3270; baseline -0.026 -9"><span class='ocrx_word' id='word_1_323' title='bbox 578 3204 717 3260; x_wconf 83' lang='lat' dir='ltr'><strong>Nam</strong></span> <span class='ocrx_word' id='word_1_324' title='bbox 760 3167 805 3258; x_wconf 82' lang='lat' dir='ltr'><strong>si</strong></span> <span class='ocrx_word' id='word_1_325' title='bbox 849 3209 900 3256; x_wconf 89' lang='lat' dir='ltr'><strong>te</strong></span> <span class='ocrx_word' id='word_1_326' title='bbox 944 3202 1276 3270; x_wconf 87' lang='lat' dir='ltr'><strong>provocante</strong></span> <span class='ocrx_word' id='word_1_327' title='bbox 1307 3186 1508 3259; x_wconf 90' lang='lat' dir='ltr'><strong>aliquid</strong></span> <span class='ocrx_word' id='word_1_328' title='bbox 1540 3183 1636 3239; x_wconf 88' lang='lat' dir='ltr'><strong>tibi</strong></span> <span class='ocrx_word' id='word_1_329' title='bbox 1677 3175 1891 3234; x_wconf 88' lang='lat' dir='ltr'><strong>adversi</strong></span> <span class='ocrx_word' id='word_1_330' title='bbox 1924 3167 2166 3232; x_wconf 90' lang='lat' dir='ltr'><strong>accidit,</strong></span> 
     </span>
    </p>
   </div>
   <div class='ocr_carea' id='block_1_47' title="bbox 580 3268 2174 3372">
    <p class='ocr_par' dir='ltr' id='par_1_47' title="bbox 580 3268 2174 3372">
     <span class='ocr_line' id='line_1_48' title="bbox 580 3268 2174 3372; baseline -0.026 -15"><span class='ocrx_word' id='word_1_331' title='bbox 580 3283 853 3372; x_wconf 84' lang='lat' dir='ltr'><strong>patienter</strong></span> <span class='ocrx_word' id='word_1_332' title='bbox 884 3268 1028 3350; x_wconf 76' lang='lat' dir='ltr'><strong>ferre</strong></span> <span class='ocrx_word' id='word_1_333' title='bbox 1057 3291 1356 3352; x_wconf 86' lang='lat' dir='ltr'><strong>debueras,</strong></span> <span class='ocrx_word' id='word_1_334' title='bbox 1382 3297 1555 3354; x_wconf 84' lang='lat' dir='ltr'><strong>usque</strong></span> <span class='ocrx_word' id='word_1_335' title='bbox 1585 3279 1709 3333; x_wconf 91' lang='lat' dir='ltr'><strong>dum</strong></span> <span class='ocrx_word' id='word_1_336' title='bbox 1740 3287 1839 3345; x_wconf 89' lang='lat' dir='ltr'><strong>ego</strong></span> <span class='ocrx_word' id='word_1_337' title='bbox 1864 3268 2174 3341; x_wconf 89' lang='lat' dir='ltr'><strong>qualiscun-</strong></span> 
     </span>
    </p>
   </div>
   <div class='ocr_carea' id='block_1_48' title="bbox 2260 2047 3863 2134">
    <p class='ocr_par' dir='ltr' id='par_1_48' title="bbox 2260 2047 3863 2134">
     <span class='ocr_line' id='line_1_49' title="bbox 2260 2047 3863 2134; baseline -0.016 -14"><span class='ocrx_word' id='word_1_338' title='bbox 2260 2064 2352 2134; x_wconf 88' lang='lat' dir='ltr'><strong>jus</strong></span> <span class='ocrx_word' id='word_1_339' title='bbox 2403 2061 2614 2118; x_wconf 64' lang='lat' dir='ltr'><strong>traditae</strong></span> <span class='ocrx_word' id='word_1_340' title='bbox 2664 2058 2767 2114; x_wconf 88' lang='lat' dir='ltr'><strong>sibi</strong></span> <span class='ocrx_word' id='word_1_341' title='bbox 2803 2054 3099 2126; x_wconf 88' lang='lat' dir='ltr'><strong>antiquitus</strong></span> <span class='ocrx_word' id='word_1_342' title='bbox 3143 2048 3417 2122; x_wconf 83' lang='lat' dir='ltr'><strong>dignitatis</strong></span> <span class='ocrx_word' id='word_1_343' title='bbox 3465 2047 3863 2101; x_wconf 81' lang='lat' dir='ltr'><strong>intemeratum</strong></span> 
     </span>
    </p>
   </div>
   <div class='ocr_carea' id='block_1_49' title="bbox 2269 2133 3865 2212">
    <p class='ocr_par' dir='ltr' id='par_1_49' title="bbox 2269 2133 3865 2212">
     <span class='ocr_line' id='line_1_50' title="bbox 2269 2133 3865 2212; baseline -0.016 0"><span class='ocrx_word' id='word_1_344' title='bbox 2269 2157 2474 2211; x_wconf 87' lang='lat' dir='ltr'><strong>habere</strong></span> <span class='ocrx_word' id='word_1_345' title='bbox 2499 2149 2843 2208; x_wconf 88' lang='lat' dir='ltr'><strong>decernimus</strong></span> <span class='ocrx_word' id='word_1_346' title='bbox 2868 2165 2880 2200; x_wconf 94' lang='lat'>:</span> <span class='ocrx_word' id='word_1_347' title='bbox 2913 2146 2986 2201; x_wconf 87' lang='lat' dir='ltr'><strong>ita</strong></span> <span class='ocrx_word' id='word_1_348' title='bbox 3011 2153 3121 2200; x_wconf 88' lang='lat' dir='ltr'><strong>uta</strong></span> <span class='ocrx_word' id='word_1_349' title='bbox 3146 2140 3344 2212; x_wconf 86' lang='lat' dir='ltr'><strong>regulis</strong></span> <span class='ocrx_word' id='word_1_350' title='bbox 3364 2135 3704 2210; x_wconf 57' lang='lat' dir='ltr'><strong>praestitutis</strong></span> <span class='ocrx_word' id='word_1_351' title='bbox 3732 2133 3865 2189; x_wconf 73' lang='lat' dir='ltr'><strong>nulla</strong></span> 
     </span>
    </p>
   </div>
   <div class='ocr_carea' id='block_1_50' title="bbox 2269 2225 3864 2318">
    <p class='ocr_par' dir='ltr' id='par_1_50' title="bbox 2269 2225 3864 2318">
     <span class='ocr_line' id='line_1_51' title="bbox 2269 2225 3864 2318; baseline -0.014 -18"><span class='ocrx_word' id='word_1_352' title='bbox 2269 2255 2360 2301; x_wconf 89' lang='lat' dir='ltr'><strong>aut</strong></span> <span class='ocrx_word' id='word_1_353' title='bbox 2408 2241 2730 2318; x_wconf 79' lang='lat' dir='ltr'><strong>negligentia</strong></span> <span class='ocrx_word' id='word_1_354' title='bbox 2776 2247 2869 2293; x_wconf 91' lang='lat' dir='ltr'><strong>aut</strong></span> <span class='ocrx_word' id='word_1_355' title='bbox 2913 2233 3335 2318; x_wconf 64' lang='lat' dir='ltr'><strong>praesumptione</strong></span> <span class='ocrx_word' id='word_1_356' title='bbox 3379 2229 3698 2286; x_wconf 87' lang='lat' dir='ltr'><strong>discedant.</strong></span> <span class='ocrx_word' id='word_1_357' title='bbox 3758 2247 3776 2278; x_wconf 74' lang='grc' dir='ltr'><strong><em>ι</em></strong></span> <span class='ocrx_word' id='word_1_358' title='bbox 3808 2225 3864 2279; x_wconf 85' lang='lat' dir='ltr'><strong>Et</strong></span> 
     </span>
    </p>
   </div>
   <div class='ocr_carea' id='block_1_51' title="bbox 2269 2315 3862 2398">
    <p class='ocr_par' dir='ltr' id='par_1_51' title="bbox 2269 2315 3862 2398">
     <span class='ocr_line' id='line_1_52' title="bbox 2269 2315 3862 2398; baseline -0.016 -2"><span class='ocrx_word' id='word_1_359' title='bbox 2269 2341 2396 2396; x_wconf 89' lang='lat' dir='ltr'><strong>item</strong></span> <span class='ocrx_word' id='word_1_360' title='bbox 2448 2315 2514 2392; x_wconf 87' lang='lat' dir='ltr'><strong>ad</strong></span> <span class='ocrx_word' id='word_1_361' title='bbox 2579 2315 2923 2390; x_wconf 85' lang='lat' dir='ltr'><strong>Theodorum</strong></span> <span class='ocrx_word' id='word_1_362' title='bbox 2995 2315 3422 2398; x_wconf 45' lang='lat' dir='ltr'><strong>Fo&#39;rojuliensem</strong></span> <span class='ocrx_word' id='word_1_363' title='bbox 3487 2321 3862 2392; x_wconf 88' lang='lat' dir='ltr'><strong>episcopum:</strong></span> 
     </span>
    </p>
   </div>
   <div class='ocr_carea' id='block_1_52' title="bbox 2276 2415 3864 2496">
    <p class='ocr_par' dir='ltr' id='par_1_52' title="bbox 2276 2415 3864 2496">
     <span class='ocr_line' id='line_1_53' title="bbox 2276 2415 3864 2496; baseline -0.013 -10"><span class='ocrx_word' id='word_1_364' title='bbox 2276 2453 2294 2486; x_wconf 75' lang='grc' dir='ltr'>ι</span> <span class='ocrx_word' id='word_1_365' title='bbox 2331 2429 2755 2494; x_wconf 86' lang='lat' dir='ltr'><strong>Sollicitudinis,</strong></span> <span class='ocrx_word' id='word_1_366' title='bbox 2789 2426 2993 2496; x_wconf 90' lang='lat' dir='ltr'><strong>inquit,</strong></span> <span class='ocrx_word' id='word_1_367' title='bbox 3025 2431 3131 2477; x_wconf 66' lang='lat' dir='ltr'><strong>tua:</strong></span> <span class='ocrx_word' id='word_1_368' title='bbox 3162 2421 3208 2476; x_wconf 87' lang='lat' dir='ltr'><strong>is</strong></span> <span class='ocrx_word' id='word_1_369' title='bbox 3240 2419 3372 2475; x_wconf 91' lang='lat' dir='ltr'><strong>ordo</strong></span> <span class='ocrx_word' id='word_1_370' title='bbox 3401 2431 3523 2472; x_wconf 89' lang='lat' dir='ltr'><strong>esse</strong></span> <span class='ocrx_word' id='word_1_371' title='bbox 3559 2415 3864 2474; x_wconf 80' lang='lat' dir='ltr'><strong>debuerat,</strong></span> 
     </span>
    </p>
   </div>
   <div class='ocr_carea' id='block_1_53' title="bbox 2271 2508 3864 2593">
    <p class='ocr_par' dir='ltr' id='par_1_53' title="bbox 2271 2508 3864 2593">
     <span class='ocr_line' id='line_1_54' title="bbox 2271 2508 3864 2593; baseline -0.017 -7"><span class='ocrx_word' id='word_1_372' title='bbox 2271 2541 2331 2586; x_wconf 89' lang='lat' dir='ltr'><strong>ut</strong></span> <span class='ocrx_word' id='word_1_373' title='bbox 2374 2543 2498 2584; x_wconf 92' lang='lat' dir='ltr'><strong>cum</strong></span> <span class='ocrx_word' id='word_1_374' title='bbox 2536 2521 2954 2593; x_wconf 89' lang='lat' dir='ltr'><strong>metropolitano</strong></span> <span class='ocrx_word' id='word_1_375' title='bbox 3000 2527 3092 2572; x_wconf 93' lang='lat' dir='ltr'><strong>tuo</strong></span> <span class='ocrx_word' id='word_1_376' title='bbox 3121 2515 3188 2570; x_wconf 90' lang='lat' dir='ltr'><strong>de</strong></span> <span class='ocrx_word' id='word_1_377' title='bbox 3233 2530 3297 2570; x_wconf 89' lang='lat' dir='ltr'><strong>eo</strong></span> <span class='ocrx_word' id='word_1_378' title='bbox 3339 2510 3481 2582; x_wconf 90' lang='lat' dir='ltr'><strong>quod</strong></span> <span class='ocrx_word' id='word_1_379' title='bbox 3509 2508 3864 2580; x_wconf 63' lang='lat' dir='ltr'><strong>quaerendum</strong></span> 
     </span>
    </p>
   </div>
   <div class='ocr_carea' id='block_1_54' title="bbox 2271 2599 3869 2684">
    <p class='ocr_par' dir='ltr' id='par_1_54' title="bbox 2271 2599 3869 2684">
     <span class='ocr_line' id='line_1_55' title="bbox 2271 2599 3869 2684; baseline -0.018 -4"><span class='ocrx_word' id='word_1_380' title='bbox 2271 2637 2391 2680; x_wconf 89' lang='lat' dir='ltr'><strong>esse</strong></span> <span class='ocrx_word' id='word_1_381' title='bbox 2417 2620 2702 2675; x_wconf 86' lang='lat' dir='ltr'><strong>videbatur</strong></span> <span class='ocrx_word' id='word_1_382' title='bbox 2728 2611 3006 2674; x_wconf 88' lang='lat' dir='ltr'><strong>conferre;</strong></span> <span class='ocrx_word' id='word_1_383' title='bbox 3034 2608 3158 2678; x_wconf 90' lang='lat' dir='ltr'><strong>quia</strong></span> <span class='ocrx_word' id='word_1_384' title='bbox 3187 2608 3241 2660; x_wconf 92' lang='lat' dir='ltr'><strong>in</strong></span> <span class='ocrx_word' id='word_1_385' title='bbox 3265 2603 3445 2684; x_wconf 82' lang='lat' dir='ltr'><strong>causis</strong></span> <span class='ocrx_word' id='word_1_386' title='bbox 3467 2617 3587 2672; x_wconf 69' lang='lat' dir='ltr'><strong>quae</strong></span> <span class='ocrx_word' id='word_1_387' title='bbox 3614 2599 3692 2654; x_wconf 85' lang='lat' dir='ltr'><strong>ad</strong></span> <span class='ocrx_word' id='word_1_388' title='bbox 3720 2614 3869 2671; x_wconf 82' lang='lat' dir='ltr'><strong>gene-</strong></span> 
     </span>
    </p>
   </div>
   <div class='ocr_carea' id='block_1_55' title="bbox 2272 2690 3868 2772">
    <p class='ocr_par' dir='ltr' id='par_1_55' title="bbox 2272 2690 3868 2772">
     <span class='ocr_line' id='line_1_56' title="bbox 2272 2690 3868 2772; baseline -0.018 -2"><span class='ocrx_word' id='word_1_389' title='bbox 2272 2714 2442 2770; x_wconf 85' lang='lat' dir='ltr'><strong>ralem</strong></span> <span class='ocrx_word' id='word_1_390' title='bbox 2471 2705 2872 2768; x_wconf 82' lang='lat' dir='ltr'><strong>observantiam</strong></span> <span class='ocrx_word' id='word_1_391' title='bbox 2915 2700 3191 2772; x_wconf 85' lang='lat' dir='ltr'><strong>pertinent</strong></span> <span class='ocrx_word' id='word_1_392' title='bbox 3226 2693 3467 2751; x_wconf 89' lang='lat' dir='ltr'><strong>omnium</strong></span> <span class='ocrx_word' id='word_1_393' title='bbox 3515 2690 3754 2745; x_wconf 87' lang='lat' dir='ltr'><strong>Domini</strong></span> <span class='ocrx_word' id='word_1_394' title='bbox 3795 2704 3868 2743; x_wconf 79' lang='lat' dir='ltr'><strong>sa-</strong></span> 
     </span>
    </p>
   </div>
   <div class='ocr_carea' id='block_1_56' title="bbox 2275 2779 3867 2861">
    <p class='ocr_par' dir='ltr' id='par_1_56' title="bbox 2275 2779 3867 2861">
     <span class='ocr_line' id='line_1_57' title="bbox 2275 2779 3867 2861; baseline -0.018 -1"><span class='ocrx_word' id='word_1_395' title='bbox 2275 2805 2554 2860; x_wconf 89' lang='lat' dir='ltr'><strong>cerdotum</strong></span> <span class='ocrx_word' id='word_1_396' title='bbox 2613 2796 2750 2852; x_wconf 91' lang='lat' dir='ltr'><strong>nihil</strong></span> <span class='ocrx_word' id='word_1_397' title='bbox 2817 2794 2934 2849; x_wconf 84' lang='lat' dir='ltr'><strong>sine</strong></span> <span class='ocrx_word' id='word_1_398' title='bbox 2987 2779 3313 2861; x_wconf 82' lang='lat' dir='ltr'><strong>primatibus</strong></span> <span class='ocrx_word' id='word_1_399' title='bbox 3359 2790 3573 2856; x_wconf 86' lang='lat' dir='ltr'><strong>oportet</strong></span> <span class='ocrx_word' id='word_1_400' title='bbox 3633 2780 3867 2850; x_wconf 85' lang='lat' dir='ltr'><strong>impleri.</strong></span> 
     </span>
    </p>
   </div>
   <div class='ocr_carea' id='block_1_57' title="bbox 2275 2872 3859 2956">
    <p class='ocr_par' dir='ltr' id='par_1_57' title="bbox 2275 2872 3859 2956">
     <span class='ocr_line' id='line_1_58' title="bbox 2275 2872 3859 2956; baseline -0.017 -4"><span class='ocrx_word' id='word_1_401' title='bbox 2275 2896 2495 2952; x_wconf 88' lang='lat' dir='ltr'><strong>Certum</strong></span> <span class='ocrx_word' id='word_1_402' title='bbox 2524 2898 2609 2947; x_wconf 91' lang='lat' dir='ltr'><strong>est</strong></span> <span class='ocrx_word' id='word_1_403' title='bbox 2637 2889 2782 2943; x_wconf 89' lang='lat' dir='ltr'><strong>enim</strong></span> <span class='ocrx_word' id='word_1_404' title='bbox 2812 2883 3069 2956; x_wconf 87' lang='lat' dir='ltr'><strong>quoniam</strong></span> <span class='ocrx_word' id='word_1_405' title='bbox 3101 2879 3190 2935; x_wconf 89' lang='lat' dir='ltr'><strong>illa</strong></span> <span class='ocrx_word' id='word_1_406' title='bbox 3224 2893 3344 2949; x_wconf 81' lang='lat' dir='ltr'><strong>quae</strong></span> <span class='ocrx_word' id='word_1_407' title='bbox 3367 2872 3723 2946; x_wconf 84' lang='lat' dir='ltr'><strong>baptizandis</strong></span> <span class='ocrx_word' id='word_1_408' title='bbox 3751 2888 3859 2942; x_wconf 89' lang='lat' dir='ltr'><strong>par-</strong></span> 
     </span>
    </p>
   </div>
   <div class='ocr_carea' id='block_1_58' title="bbox 2275 2968 3872 3052">
    <p class='ocr_par' dir='ltr' id='par_1_58' title="bbox 2275 2968 3872 3052">
     <span class='ocr_line' id='line_1_59' title="bbox 2275 2968 3872 3052; baseline -0.016 -10"><span class='ocrx_word' id='word_1_409' title='bbox 2275 2987 2449 3052; x_wconf 89' lang='lat' dir='ltr'><strong>vulis,</strong></span> <span class='ocrx_word' id='word_1_410' title='bbox 2493 2993 2548 3040; x_wconf 88' lang='lat' dir='ltr'><strong>et</strong></span> <span class='ocrx_word' id='word_1_411' title='bbox 2588 2985 2652 3038; x_wconf 91' lang='lat' dir='ltr'><strong>de</strong></span> <span class='ocrx_word' id='word_1_412' title='bbox 2679 2980 2866 3036; x_wconf 90' lang='lat' dir='ltr'><strong>ultima</strong></span> <span class='ocrx_word' id='word_1_413' title='bbox 2896 2974 3218 3049; x_wconf 65' lang='lat' dir='ltr'><strong>paenitentia</strong></span> <span class='ocrx_word' id='word_1_414' title='bbox 3247 3013 3261 3037; x_wconf 92' lang='lat'><strong>,</strong></span> <span class='ocrx_word' id='word_1_415' title='bbox 3305 2980 3361 3026; x_wconf 91' lang='lat' dir='ltr'><strong>et</strong></span> <span class='ocrx_word' id='word_1_416' title='bbox 3406 2968 3602 3022; x_wconf 82' lang='lat' dir='ltr'><strong>viatico</strong></span> <span class='ocrx_word' id='word_1_417' title='bbox 3649 2978 3872 3020; x_wconf 82' lang='lat' dir='ltr'><strong>munere</strong></span> 
     </span>
    </p>
   </div>
   <div class='ocr_carea' id='block_1_59' title="bbox 2278 3049 3870 3148">
    <p class='ocr_par' dir='ltr' id='par_1_59' title="bbox 2278 3049 3870 3148">
     <span class='ocr_line' id='line_1_60' title="bbox 2278 3049 3870 3148; baseline -0.016 -11"><span class='ocrx_word' id='word_1_418' title='bbox 2278 3081 2410 3137; x_wconf 93' lang='lat' dir='ltr'><strong>nulli</strong></span> <span class='ocrx_word' id='word_1_419' title='bbox 2441 3077 2759 3148; x_wconf 78' lang='lat' dir='ltr'><strong>deneganda</strong></span> <span class='ocrx_word' id='word_1_420' title='bbox 2783 3089 2851 3129; x_wconf 86' lang='lat' dir='ltr'><strong>ex</strong></span> <span class='ocrx_word' id='word_1_421' title='bbox 2883 3070 3056 3126; x_wconf 88' lang='lat' dir='ltr'><strong>sacris</strong></span> <span class='ocrx_word' id='word_1_422' title='bbox 3092 3066 3291 3139; x_wconf 88' lang='lat' dir='ltr'><strong>regulis</strong></span> <span class='ocrx_word' id='word_1_423' title='bbox 3316 3061 3556 3136; x_wconf 72' lang='lat' dir='ltr'><strong>praemisi</strong></span> <span class='ocrx_word' id='word_1_424' title='bbox 3575 3101 3588 3126; x_wconf 92' lang='lat'><strong>,</strong></span> <span class='ocrx_word' id='word_1_425' title='bbox 3617 3049 3691 3116; x_wconf 82' lang='lat' dir='ltr'><strong>ad</strong></span> <span class='ocrx_word' id='word_1_426' title='bbox 3720 3075 3870 3132; x_wconf 84' lang='lat' dir='ltr'><strong>gene-</strong></span> 
     </span>
    </p>
   </div>
   <div class='ocr_carea' id='block_1_60' title="bbox 2281 3137 3868 3229">
    <p class='ocr_par' dir='ltr' id='par_1_60' title="bbox 2281 3137 3868 3229">
     <span class='ocr_line' id='line_1_61' title="bbox 2281 3137 3868 3229; baseline -0.014 0"><span class='ocrx_word' id='word_1_427' title='bbox 2281 3173 2452 3229; x_wconf 85' lang='lat' dir='ltr'><strong>ralem</strong></span> <span class='ocrx_word' id='word_1_428' title='bbox 2483 3168 2884 3228; x_wconf 87' lang='lat' dir='ltr'><strong>observantiam</strong></span> <span class='ocrx_word' id='word_1_429' title='bbox 2930 3162 3144 3220; x_wconf 89' lang='lat' dir='ltr'><strong>Domini</strong></span> <span class='ocrx_word' id='word_1_430' title='bbox 3173 3158 3520 3216; x_wconf 84' lang='lat' dir='ltr'><strong>sacerdotum</strong></span> <span class='ocrx_word' id='word_1_431' title='bbox 3561 3137 3868 3226; x_wconf 71' lang='lat' dir='ltr'><strong>pertinent,</strong></span> 
     </span>
    </p>
   </div>
   <div class='ocr_carea' id='block_1_61' title="bbox 2281 3229 3864 3335">
    <p class='ocr_par' dir='ltr' id='par_1_61' title="bbox 2281 3229 3864 3335">
     <span class='ocr_line' id='line_1_62' title="bbox 2281 3229 3864 3335; baseline -0.015 -11"><span class='ocrx_word' id='word_1_432' title='bbox 2281 3276 2468 3324; x_wconf 90' lang='lat' dir='ltr'><strong>contra</strong></span> <span class='ocrx_word' id='word_1_433' title='bbox 2496 3275 2616 3335; x_wconf 77' lang='lat' dir='ltr'><strong>quae</strong></span> <span class='ocrx_word' id='word_1_434' title='bbox 2644 3259 2949 3317; x_wconf 89' lang='lat' dir='ltr'><strong>inconsulte</strong></span> <span class='ocrx_word' id='word_1_435' title='bbox 2971 3256 3265 3328; x_wconf 72' lang='lat' dir='ltr'><strong>praecipere</strong></span> <span class='ocrx_word' id='word_1_436' title='bbox 3287 3268 3394 3308; x_wconf 89' lang='lat' dir='ltr'><strong>non</strong></span> <span class='ocrx_word' id='word_1_437' title='bbox 3425 3251 3723 3306; x_wconf 83' lang='lat' dir='ltr'><strong>debueras.</strong></span> <span class='ocrx_word' id='word_1_438' title='bbox 3756 3267 3773 3298; x_wconf 79' lang='grc' dir='ltr'><strong><em>ι</em></strong></span> <span class='ocrx_word' id='word_1_439' title='bbox 3806 3229 3864 3301; x_wconf 73' lang='lat' dir='ltr'><strong>Ei</strong></span> 
     </span>
    </p>
   </div>
   <div class='ocr_carea' id='block_1_62' title="bbox 582 3341 3870 3465">
    <p class='ocr_par' dir='ltr' id='par_1_62' title="bbox 582 3341 3870 3465">
     <span class='ocr_line' id='line_1_63' title="bbox 582 3341 1798 3372; baseline -0.009 -16"><span class='ocrx_word' id='word_1_440' title='bbox 582 3341 846 3372; x_wconf 50' lang='lat' dir='ltr'><strong>pauc...“</strong></span> <span class='ocrx_word' id='word_1_441' title='bbox 884 3341 1028 3350; x_wconf 67' lang='grc' dir='ltr'><strong>---η</strong></span> <span class='ocrx_word' id='word_1_442' title='bbox 1061 3341 1250 3348; x_wconf 54' lang='grc' dir='ltr'><strong>,τηρ</strong></span> <span class='ocrx_word' id='word_1_443' title='bbox 1310 3341 1355 3352; x_wconf 32' lang='grc' dir='ltr'><em>γι</em></span> <span class='ocrx_word' id='word_1_444' title='bbox 1468 3341 1484 3354; x_wconf 92' lang='grc'><em>,</em></span> <span class='ocrx_word' id='word_1_445' title='bbox 1778 3341 1798 3345; x_wconf 75' lang='grc'>,</span> 
     </span>
     <span class='ocr_line' id='line_1_64' title="bbox 582 3341 3870 3465; baseline -0.02 -14"><span class='ocrx_word' id='word_1_446' title='bbox 582 3409 688 3465; x_wconf 88' lang='lat' dir='ltr'><strong>que</strong></span> <span class='ocrx_word' id='word_1_447' title='bbox 721 3381 1170 3460; x_wconf 85' lang='lat' dir='ltr'><strong>metropolitanus</strong></span> <span class='ocrx_word' id='word_1_448' title='bbox 1202 3389 1324 3437; x_wconf 86' lang='lat' dir='ltr'><strong>tuus</strong></span> <span class='ocrx_word' id='word_1_449' title='bbox 1361 3393 1481 3432; x_wconf 90' lang='lat' dir='ltr'><strong>cum</strong></span> <span class='ocrx_word' id='word_1_450' title='bbox 1513 3368 1850 3444; x_wconf 85' lang='lat' dir='ltr'><strong>coepiscopis</strong></span> <span class='ocrx_word' id='word_1_451' title='bbox 1880 3373 1936 3420; x_wconf 89' lang='lat' dir='ltr'><strong>et</strong></span> <span class='ocrx_word' id='word_1_452' title='bbox 1959 3359 2173 3418; x_wconf 89' lang='lat' dir='ltr'><strong>confra-</strong></span> <span class='ocrx_word' id='word_1_453' title='bbox 2201 3361 2246 3425; x_wconf 83' lang='lat' dir='ltr'>C</span> <span class='ocrx_word' id='word_1_454' title='bbox 2276 3363 2674 3419; x_wconf 63' lang='lat' dir='ltr'><strong>Antiochenam</strong></span> <span class='ocrx_word' id='word_1_455' title='bbox 2703 3355 2994 3413; x_wconf 78' lang='lat' dir='ltr'><strong>concilium</strong></span> <span class='ocrx_word' id='word_1_456' title='bbox 3022 3351 3193 3407; x_wconf 69' lang='lat' dir='ltr'><strong>dicit;</strong></span> <span class='ocrx_word' id='word_1_457' title='bbox 3228 3368 3246 3400; x_wconf 70' lang='grc' dir='ltr'>ς</span> <span class='ocrx_word' id='word_1_458' title='bbox 3278 3347 3382 3428; x_wconf 60' lang='lat' dir='ltr'><strong>Per</strong></span> <span class='ocrx_word' id='word_1_459' title='bbox 3420 3343 3671 3418; x_wconf 71' lang='lat' dir='ltr'><strong>singulas</strong></span> <span class='ocrx_word' id='word_1_460' title='bbox 3701 3341 3870 3411; x_wconf 61' lang='lat' dir='ltr'><strong>regio.</strong></span> 
     </span>
     <span class='ocr_line' id='line_1_65' title="bbox 2465 3437 3870 3465; baseline 0 0"><span class='ocrx_word' id='word_1_461' title='bbox 2465 3452 2482 3465; x_wconf 75' lang='grc' dir='ltr'><strong><em>ο</em></strong></span> <span class='ocrx_word' id='word_1_462' title='bbox 2639 3464 2642 3465; x_wconf 65' lang='lat'><strong>,</strong></span> <span class='ocrx_word' id='word_1_463' title='bbox 2718 3463 2756 3465; x_wconf 40' lang='grc' dir='ltr'>μ</span> <span class='ocrx_word' id='word_1_464' title='bbox 2787 3446 2953 3465; x_wconf 64' lang='lat'><strong>--___:.</strong></span> <span class='ocrx_word' id='word_1_465' title='bbox 2980 3457 3137 3465; x_wconf 61' lang='grc' dir='ltr'><strong>..-υ-ι.</strong></span> <span class='ocrx_word' id='word_1_466' title='bbox 3163 3437 3640 3465; x_wconf 60' lang='grc' dir='ltr'><strong>...ιιι-Ληηιῖιη-ηηιη</strong></span> <span class='ocrx_word' id='word_1_467' title='bbox 3668 3437 3870 3465; x_wconf 58' lang='lat' dir='ltr'><strong>micon-</strong></span> 
     </span>
    </p>
   </div>
   <div class='ocr_carea' id='block_1_63' title="bbox 585 3457 2176 3572">
    <p class='ocr_par' dir='ltr' id='par_1_63' title="bbox 585 3457 2176 3572">
     <span class='ocr_line' id='line_1_66' title="bbox 585 3457 2176 3572; baseline -0.025 -28"><span class='ocrx_word' id='word_1_468' title='bbox 585 3471 760 3553; x_wconf 83' lang='lat' dir='ltr'><strong>tribus</strong></span> <span class='ocrx_word' id='word_1_469' title='bbox 791 3481 991 3572; x_wconf 69' lang='lat' dir='ltr'><strong>nostris</strong></span> <span class='ocrx_word' id='word_1_470' title='bbox 1035 3475 1249 3534; x_wconf 87' lang='lat' dir='ltr'><strong>Domini</strong></span> <span class='ocrx_word' id='word_1_471' title='bbox 1302 3471 1471 3528; x_wconf 86' lang='lat' dir='ltr'><strong>nostri</strong></span> <span class='ocrx_word' id='word_1_472' title='bbox 1513 3465 1656 3538; x_wconf 85' lang='lat' dir='ltr'><strong>regis</strong></span> <span class='ocrx_word' id='word_1_473' title='bbox 1698 3457 2038 3518; x_wconf 87' lang='lat' dir='ltr'><strong>clementiam</strong></span> <span class='ocrx_word' id='word_1_474' title='bbox 2077 3466 2176 3524; x_wconf 89' lang='lat' dir='ltr'><strong>pro</strong></span> 
     </span>
    </p>
   </div>
   <div class='ocr_carea' id='block_1_64' title="bbox 585 3547 2179 3644">
    <p class='ocr_par' dir='ltr' id='par_1_64' title="bbox 585 3547 2179 3644">
     <span class='ocr_line' id='line_1_67' title="bbox 585 3547 2179 3644; baseline -0.024 -8"><span class='ocrx_word' id='word_1_475' title='bbox 585 3589 638 3636; x_wconf 90' lang='lat' dir='ltr'><strong>te</strong></span> <span class='ocrx_word' id='word_1_476' title='bbox 669 3577 906 3644; x_wconf 87' lang='lat' dir='ltr'><strong>adirem;</strong></span> <span class='ocrx_word' id='word_1_477' title='bbox 940 3547 994 3631; x_wconf 71' lang='lat' dir='ltr'><strong>et</strong></span> <span class='ocrx_word' id='word_1_478' title='bbox 1018 3572 1158 3628; x_wconf 86' lang='lat' dir='ltr'><strong>sicut</strong></span> <span class='ocrx_word' id='word_1_479' title='bbox 1183 3567 1296 3638; x_wconf 87' lang='lat' dir='ltr'><strong>jam</strong></span> <span class='ocrx_word' id='word_1_480' title='bbox 1324 3563 1573 3625; x_wconf 88' lang='lat' dir='ltr'><strong>fecimus,</strong></span> <span class='ocrx_word' id='word_1_481' title='bbox 1604 3552 1906 3628; x_wconf 81' lang='lat' dir='ltr'><strong>quodjustc</strong></span> <span class='ocrx_word' id='word_1_482' title='bbox 1935 3557 1986 3604; x_wconf 90' lang='lat' dir='ltr'><strong>et</strong></span> <span class='ocrx_word' id='word_1_483' title='bbox 2014 3547 2179 3628; x_wconf 82' lang='lat' dir='ltr'><strong>ratio-</strong></span> 
     </span>
    </p>
   </div>
   <div class='ocr_carea' id='block_1_65' title="bbox 585 3639 2174 3735">
    <p class='ocr_par' dir='ltr' id='par_1_65' title="bbox 585 3639 2174 3735">
     <span class='ocr_line' id='line_1_68' title="bbox 585 3639 2174 3735; baseline -0.022 -8"><span class='ocrx_word' id='word_1_484' title='bbox 585 3653 842 3727; x_wconf 86' lang='lat' dir='ltr'><strong>nabiliter</strong></span> <span class='ocrx_word' id='word_1_485' title='bbox 884 3667 951 3722; x_wconf 82' lang='lat' dir='ltr'><strong>ab</strong></span> <span class='ocrx_word' id='word_1_486' title='bbox 980 3679 1046 3720; x_wconf 91' lang='lat' dir='ltr'><strong>eo</strong></span> <span class='ocrx_word' id='word_1_487' title='bbox 1091 3657 1520 3735; x_wconf 88' lang='lat' dir='ltr'><strong>postularemus,</strong></span> <span class='ocrx_word' id='word_1_488' title='bbox 1563 3650 1748 3721; x_wconf 89' lang='lat' dir='ltr'><strong>utique</strong></span> <span class='ocrx_word' id='word_1_489' title='bbox 1785 3639 2174 3702; x_wconf 81' lang='lat' dir='ltr'><strong>obtineremus.</strong></span> 
     </span>
    </p>
   </div>
   <div class='ocr_carea' id='block_1_66' title="bbox 590 3727 2180 3825">
    <p class='ocr_par' dir='ltr' id='par_1_66' title="bbox 590 3727 2180 3825">
     <span class='ocr_line' id='line_1_69' title="bbox 590 3727 2180 3825; baseline -0.021 -3"><span class='ocrx_word' id='word_1_490' title='bbox 590 3764 744 3822; x_wconf 87' lang='lat' dir='ltr'><strong>Unde</strong></span> <span class='ocrx_word' id='word_1_491' title='bbox 773 3761 908 3818; x_wconf 89' lang='lat' dir='ltr'><strong>nihil</strong></span> <span class='ocrx_word' id='word_1_492' title='bbox 934 3743 1246 3816; x_wconf 84' lang='lat' dir='ltr'><strong>dubitamus</strong></span> <span class='ocrx_word' id='word_1_493' title='bbox 1269 3753 1398 3825; x_wconf 91' lang='lat' dir='ltr'><strong>quin</strong></span> <span class='ocrx_word' id='word_1_494' title='bbox 1434 3748 1663 3804; x_wconf 90' lang='lat' dir='ltr'><strong>Domino</strong></span> <span class='ocrx_word' id='word_1_495' title='bbox 1692 3727 2018 3814; x_wconf 67' lang='lat' dir='ltr'><strong>cooperante</strong></span> <span class='ocrx_word' id='word_1_496' title='bbox 2042 3735 2180 3793; x_wconf 86' lang='lat' dir='ltr'><strong>obti-</strong></span> 
     </span>
    </p>
   </div>
   <div class='ocr_carea' id='block_1_67' title="bbox 585 3830 2176 3923">
    <p class='ocr_par' dir='ltr' id='par_1_67' title="bbox 585 3830 2176 3923">
     <span class='ocr_line' id='line_1_70' title="bbox 585 3830 2176 3923; baseline -0.02 -11"><span class='ocrx_word' id='word_1_497' title='bbox 585 3857 835 3914; x_wconf 89' lang='lat' dir='ltr'><strong>nebimus</strong></span> <span class='ocrx_word' id='word_1_498' title='bbox 861 3850 1006 3923; x_wconf 89' lang='lat' dir='ltr'><strong>quod</strong></span> <span class='ocrx_word' id='word_1_499' title='bbox 1030 3850 1175 3921; x_wconf 88' lang='lat' dir='ltr'><strong>juste</strong></span> <span class='ocrx_word' id='word_1_500' title='bbox 1221 3856 1276 3904; x_wconf 91' lang='lat' dir='ltr'><strong>et</strong></span> <span class='ocrx_word' id='word_1_501' title='bbox 1317 3839 1714 3900; x_wconf 89' lang='lat' dir='ltr'><strong>rationabiliter</strong></span> <span class='ocrx_word' id='word_1_502' title='bbox 1741 3830 2140 3912; x_wconf 85' lang='lat' dir='ltr'><strong>postulabimus</strong></span> <span class='ocrx_word' id='word_1_503' title='bbox 2163 3866 2176 3891; x_wconf 92' lang='lat'><strong>,</strong></span> 
     </span>
    </p>
   </div>
   <div class='ocr_carea' id='block_1_68' title="bbox 591 3907 2182 4016">
    <p class='ocr_par' dir='ltr' id='par_1_68' title="bbox 591 3907 2182 4016">
     <span class='ocr_line' id='line_1_71' title="bbox 591 3907 2182 4016; baseline -0.022 -7"><span class='ocrx_word' id='word_1_504' title='bbox 591 3961 802 4009; x_wconf 86' lang='lat' dir='ltr'><strong>tantum</strong></span> <span class='ocrx_word' id='word_1_505' title='bbox 827 3956 886 4004; x_wconf 92' lang='lat' dir='ltr'><strong>ut</strong></span> <span class='ocrx_word' id='word_1_506' title='bbox 910 3957 1000 4001; x_wconf 88' lang='lat' dir='ltr'><strong>tua</strong></span> <span class='ocrx_word' id='word_1_507' title='bbox 1036 3935 1322 4016; x_wconf 82' lang='lat' dir='ltr'><strong>insolentia</strong></span> <span class='ocrx_word' id='word_1_508' title='bbox 1355 3937 1553 3993; x_wconf 89' lang='lat' dir='ltr'><strong>nostris</strong></span> <span class='ocrx_word' id='word_1_509' title='bbox 1578 3927 1929 4004; x_wconf 85' lang='lat' dir='ltr'><strong>petitionibus</strong></span> <span class='ocrx_word' id='word_1_510' title='bbox 1951 3907 2058 3980; x_wconf 77' lang='lat' dir='ltr'><strong>non</strong></span> <span class='ocrx_word' id='word_1_511' title='bbox 2086 3921 2182 3976; x_wconf 88' lang='lat' dir='ltr'><strong>ob-</strong></span> 
     </span>
    </p>
   </div>
   <div class='ocr_carea' id='block_1_69' title="bbox 589 4007 2184 4116">
    <p class='ocr_par' dir='ltr' id='par_1_69' title="bbox 589 4007 2184 4116">
     <span class='ocr_line' id='line_1_72' title="bbox 589 4007 2184 4116; baseline -0.023 -14"><span class='ocrx_word' id='word_1_512' title='bbox 589 4046 793 4116; x_wconf 75' lang='lat' dir='ltr'><strong>sistat;</strong></span> <span class='ocrx_word' id='word_1_513' title='bbox 825 4042 950 4112; x_wconf 88' lang='lat' dir='ltr'><strong>quia</strong></span> <span class='ocrx_word' id='word_1_514' title='bbox 982 4037 1146 4093; x_wconf 89' lang='lat' dir='ltr'><strong>etiam</strong></span> <span class='ocrx_word' id='word_1_515' title='bbox 1183 4037 1236 4089; x_wconf 87' lang='lat' dir='ltr'><strong>in</strong></span> <span class='ocrx_word' id='word_1_516' title='bbox 1279 4033 1382 4086; x_wconf 88' lang='lat' dir='ltr'><strong>hac</strong></span> <span class='ocrx_word' id='word_1_517' title='bbox 1418 4040 1523 4083; x_wconf 69' lang='lat' dir='ltr'><strong>tuae</strong></span> <span class='ocrx_word' id='word_1_518' title='bbox 1569 4007 2003 4097; x_wconf 68' lang='lat' dir='ltr'><strong>praesumptionis</strong></span> <span class='ocrx_word' id='word_1_519' title='bbox 2049 4029 2184 4085; x_wconf 65' lang='lat' dir='ltr'><strong>prte-</strong></span> 
     </span>
    </p>
   </div>
   <div class='ocr_carea' id='block_1_70' title="bbox 593 4116 2184 4207">
    <p class='ocr_par' dir='ltr' id='par_1_70' title="bbox 593 4116 2184 4207">
     <span class='ocr_line' id='line_1_73' title="bbox 593 4116 2184 4207; baseline -0.019 -15"><span class='ocrx_word' id='word_1_520' title='bbox 593 4135 844 4207; x_wconf 86' lang='lat' dir='ltr'><strong>ceptione</strong></span> <span class='ocrx_word' id='word_1_521' title='bbox 892 4137 1083 4187; x_wconf 88' lang='lat' dir='ltr'><strong>contra</strong></span> <span class='ocrx_word' id='word_1_522' title='bbox 1130 4125 1538 4194; x_wconf 89' lang='lat' dir='ltr'><strong>Scripturarum</strong></span> <span class='ocrx_word' id='word_1_523' title='bbox 1580 4116 1855 4172; x_wconf 87' lang='lat' dir='ltr'><strong>tramitem</strong></span> <span class='ocrx_word' id='word_1_524' title='bbox 1893 4118 2184 4178; x_wconf 84' lang='lat' dir='ltr'><strong>contraque</strong></span> 
     </span>
    </p>
   </div>
   <div class='ocr_carea' id='block_1_71' title="bbox 596 4197 2185 4302">
    <p class='ocr_par' dir='ltr' id='par_1_71' title="bbox 596 4197 2185 4302">
     <span class='ocr_line' id='line_1_74' title="bbox 596 4197 2185 4302; baseline -0.021 -17"><span class='ocrx_word' id='word_1_525' title='bbox 596 4241 782 4290; x_wconf 83' lang='lat' dir='ltr'><strong>sacras</strong></span> <span class='ocrx_word' id='word_1_526' title='bbox 803 4211 1040 4302; x_wconf 20' lang='lat' dir='ltr'><strong>regulas.</strong></span> <span class='ocrx_word' id='word_1_527' title='bbox 1063 4219 1240 4291; x_wconf 87' lang='lat' dir='ltr'><strong>egeris</strong></span> <span class='ocrx_word' id='word_1_528' title='bbox 1263 4257 1276 4283; x_wconf 90' lang='lat'><strong>,</strong></span> <span class='ocrx_word' id='word_1_529' title='bbox 1309 4214 1405 4270; x_wconf 89' lang='lat' dir='ltr'><strong>tibi</strong></span> <span class='ocrx_word' id='word_1_530' title='bbox 1439 4228 1503 4270; x_wconf 84' lang='lat' dir='ltr'><strong>ex</strong></span> <span class='ocrx_word' id='word_1_531' title='bbox 1546 4207 1652 4292; x_wconf 87' lang='lat' dir='ltr'><strong>loci</strong></span> <span class='ocrx_word' id='word_1_532' title='bbox 1689 4205 1860 4261; x_wconf 87' lang='lat' dir='ltr'><strong>nostri</strong></span> <span class='ocrx_word' id='word_1_533' title='bbox 1890 4200 2062 4258; x_wconf 81' lang='lat' dir='ltr'><strong>officio</strong></span> <span class='ocrx_word' id='word_1_534' title='bbox 2092 4197 2185 4254; x_wconf 82' lang='lat' dir='ltr'><strong>ne-</strong></span> 
     </span>
    </p>
   </div>
   <div class='ocr_carea' id='block_1_72' title="bbox 593 4281 2185 4394">
    <p class='ocr_par' dir='ltr' id='par_1_72' title="bbox 593 4281 2185 4394">
     <span class='ocr_line' id='line_1_75' title="bbox 593 4281 2185 4394; baseline -0.022 -14"><span class='ocrx_word' id='word_1_535' title='bbox 593 4319 892 4392; x_wconf 73' lang='lat' dir='ltr'><strong>cessarium</strong></span> <span class='ocrx_word' id='word_1_536' title='bbox 921 4297 1051 4394; x_wconf 75' lang='lat' dir='ltr'><strong>duxi</strong></span> <span class='ocrx_word' id='word_1_537' title='bbox 1091 4311 1376 4370; x_wconf 88' lang='lat' dir='ltr'><strong>ostendere</strong></span> <span class='ocrx_word' id='word_1_538' title='bbox 1403 4326 1414 4361; x_wconf 91' lang='lat'><strong>:</strong></span> <span class='ocrx_word' id='word_1_539' title='bbox 1454 4287 1725 4376; x_wconf 83' lang='lat' dir='ltr'><strong>Scriptum</strong></span> <span class='ocrx_word' id='word_1_540' title='bbox 1758 4289 1841 4354; x_wconf 84' lang='lat' dir='ltr'><strong>est</strong></span> <span class='ocrx_word' id='word_1_541' title='bbox 1881 4281 2023 4352; x_wconf 86' lang='lat' dir='ltr'><strong>enim</strong></span> <span class='ocrx_word' id='word_1_542' title='bbox 2052 4313 2064 4348; x_wconf 93' lang='lat'>:</span> <span class='ocrx_word' id='word_1_543' title='bbox 2093 4293 2185 4347; x_wconf 84' lang='lat' dir='ltr'><strong>ln-</strong></span> 
     </span>
    </p>
   </div>
   <div class='ocr_carea' id='block_1_73' title="bbox 597 4383 2184 4484">
    <p class='ocr_par' dir='ltr' id='par_1_73' title="bbox 597 4383 2184 4484">
     <span class='ocr_line' id='line_1_76' title="bbox 597 4383 2184 4484; baseline -0.021 -14"><span class='ocrx_word' id='word_1_544' title='bbox 597 4425 806 4484; x_wconf 84' lang='lat' dir='ltr'><strong>terroga</strong></span> <span class='ocrx_word' id='word_1_545' title='bbox 856 4387 1070 4466; x_wconf 74' lang='lat' dir='ltr'><strong>Patrem</strong></span> <span class='ocrx_word' id='word_1_546' title='bbox 1114 4414 1268 4474; x_wconf 74' lang='lat' dir='ltr'><strong>tuum</strong></span> <span class='ocrx_word' id='word_1_547' title='bbox 1314 4409 1361 4456; x_wconf 88' lang='lat' dir='ltr'><strong>et</strong></span> <span class='ocrx_word' id='word_1_548' title='bbox 1411 4383 1744 4452; x_wconf 83' lang='lat' dir='ltr'><strong>annuntiabit</strong></span> <span class='ocrx_word' id='word_1_549' title='bbox 1788 4389 1913 4454; x_wconf 84' lang='lat' dir='ltr'><strong><em>tibi;</em></strong></span> <span class='ocrx_word' id='word_1_550' title='bbox 1958 4386 2184 4457; x_wconf 82' lang='lat' dir='ltr'><strong>majores</strong></span> 
     </span>
    </p>
   </div>
   <div class='ocr_carea' id='block_1_74' title="bbox 598 4463 2185 4573">
    <p class='ocr_par' dir='ltr' id='par_1_74' title="bbox 598 4463 2185 4573">
     <span class='ocr_line' id='line_1_77' title="bbox 598 4463 2185 4573; baseline -0.02 -13"><span class='ocrx_word' id='word_1_551' title='bbox 598 4463 766 4570; x_wconf 54' lang='lat' dir='ltr'><strong>tuos:</strong></span> <span class='ocrx_word' id='word_1_552' title='bbox 791 4511 840 4573; x_wconf 81' lang='lat' dir='ltr'><strong>et</strong></span> <span class='ocrx_word' id='word_1_553' title='bbox 880 4500 1053 4554; x_wconf 80' lang='lat' dir='ltr'><strong>dicent</strong></span> <span class='ocrx_word' id='word_1_554' title='bbox 1082 4497 1174 4550; x_wconf 86' lang='lat' dir='ltr'><strong><em>tibi</em></strong></span> <span class='ocrx_word' id='word_1_555' title='bbox 1207 4467 1386 4566; x_wconf 77' lang='lat' dir='ltr'><strong>(Deut.</strong></span> <span class='ocrx_word' id='word_1_556' title='bbox 1412 4485 1618 4557; x_wconf 77' lang='lat' dir='ltr'><strong>xxxu);</strong></span> <span class='ocrx_word' id='word_1_557' title='bbox 1650 4492 1740 4538; x_wconf 88' lang='lat' dir='ltr'><strong>et:</strong></span> <span class='ocrx_word' id='word_1_558' title='bbox 1776 4471 2050 4550; x_wconf 77' lang='lat' dir='ltr'><strong>Palpebrw</strong></span> <span class='ocrx_word' id='word_1_559' title='bbox 2081 4463 2185 4529; x_wconf 76' lang='lat' dir='ltr'><strong>tute</strong></span> 
     </span>
    </p>
   </div>
   <div class='ocr_carea' id='block_1_75' title="bbox 598 4561 2188 4670">
    <p class='ocr_par' dir='ltr' id='par_1_75' title="bbox 598 4561 2188 4670">
     <span class='ocr_line' id='line_1_78' title="bbox 598 4561 2188 4670; baseline -0.02 -17"><span class='ocrx_word' id='word_1_560' title='bbox 598 4597 899 4670; x_wconf 79' lang='lat' dir='ltr'><strong>prwcedant</strong></span> <span class='ocrx_word' id='word_1_561' title='bbox 922 4585 1130 4666; x_wconf 78' lang='lat' dir='ltr'><strong>gressus</strong></span> <span class='ocrx_word' id='word_1_562' title='bbox 1154 4601 1270 4644; x_wconf 85' lang='lat' dir='ltr'><strong>tuos</strong></span> <span class='ocrx_word' id='word_1_563' title='bbox 1299 4585 1484 4659; x_wconf 83' lang='lat' dir='ltr'><strong>(Prov.</strong></span> <span class='ocrx_word' id='word_1_564' title='bbox 1519 4579 1626 4653; x_wconf 86' lang='lat' dir='ltr'><strong>1v);</strong></span> <span class='ocrx_word' id='word_1_565' title='bbox 1656 4587 1708 4633; x_wconf 90' lang='lat' dir='ltr'><strong>et</strong></span> <span class='ocrx_word' id='word_1_566' title='bbox 1733 4595 1764 4650; x_wconf 22' lang='grc' dir='ltr'><strong>εἰ</strong></span> <span class='ocrx_word' id='word_1_567' title='bbox 1782 4561 1970 4629; x_wconf 78' lang='lat' dir='ltr'><strong>Omnia</strong></span> <span class='ocrx_word' id='word_1_568' title='bbox 1992 4571 2076 4640; x_wconf 75' lang='lat' dir='ltr'><strong>[ac</strong></span> <span class='ocrx_word' id='word_1_569' title='bbox 2097 4585 2188 4640; x_wconf 83' lang='lat' dir='ltr'><strong>per</strong></span> 
     </span>
    </p>
   </div>
   <div class='ocr_carea' id='block_1_76' title="bbox 599 4651 2180 4756">
    <p class='ocr_par' dir='ltr' id='par_1_76' title="bbox 599 4651 2180 4756">
     <span class='ocr_line' id='line_1_79' title="bbox 599 4651 2180 4756; baseline -0.022 -9"><span class='ocrx_word' id='word_1_570' title='bbox 599 4690 900 4755; x_wconf 80' lang='lat' dir='ltr'><strong>consilium,</strong></span> <span class='ocrx_word' id='word_1_571' title='bbox 915 4697 1087 4756; x_wconf 81' lang='lat' dir='ltr'><strong>etpost</strong></span> <span class='ocrx_word' id='word_1_572' title='bbox 1104 4686 1302 4756; x_wconf 81' lang='lat' dir='ltr'><strong>factum</strong></span> <span class='ocrx_word' id='word_1_573' title='bbox 1325 4695 1427 4734; x_wconf 88' lang='lat' dir='ltr'><strong>non</strong></span> <span class='ocrx_word' id='word_1_574' title='bbox 1442 4651 1915 4746; x_wconf 74' lang='lat' dir='ltr'><strong>pwnitebis(Eccli.</strong></span> <span class='ocrx_word' id='word_1_575' title='bbox 1937 4651 2130 4744; x_wconf 41' lang='lat' dir='ltr'><strong>axx&quot;).</strong></span> <span class='ocrx_word' id='word_1_576' title='bbox 2160 4655 2180 4711; x_wconf 68' lang='grc' dir='ltr'><strong>ἱ</strong></span> 
     </span>
    </p>
   </div>
   <div class='ocr_carea' id='block_1_77' title="bbox 2278 3437 3874 3522">
    <p class='ocr_par' dir='ltr' id='par_1_77' title="bbox 2278 3437 3874 3522">
     <span class='ocr_line' id='line_1_80' title="bbox 2278 3437 3874 3522; baseline -0.014 -11"><span class='ocrx_word' id='word_1_577' title='bbox 2278 3469 2376 3511; x_wconf 89' lang='lat' dir='ltr'><strong>nes</strong></span> <span class='ocrx_word' id='word_1_578' title='bbox 2400 3452 2685 3522; x_wconf 86' lang='lat' dir='ltr'><strong>episcopos</strong></span> <span class='ocrx_word' id='word_1_579' title='bbox 2705 3446 2958 3504; x_wconf 88' lang='lat' dir='ltr'><strong>convenit</strong></span> <span class='ocrx_word' id='word_1_580' title='bbox 2979 3457 3140 3500; x_wconf 90' lang='lat' dir='ltr'><strong>nosse</strong></span> <span class='ocrx_word' id='word_1_581' title='bbox 3163 3437 3644 3510; x_wconf 85' lang='lat' dir='ltr'><strong>metropolitanum</strong></span> <span class='ocrx_word' id='word_1_582' title='bbox 3668 3437 3874 3506; x_wconf 81' lang='lat' dir='ltr'><strong>episco-</strong></span> 
     </span>
    </p>
   </div>
   <div class='ocr_carea' id='block_1_78' title="bbox 2279 3532 3876 3618">
    <p class='ocr_par' dir='ltr' id='par_1_78' title="bbox 2279 3532 3876 3618">
     <span class='ocr_line' id='line_1_81' title="bbox 2279 3532 3876 3618; baseline -0.014 -16"><span class='ocrx_word' id='word_1_583' title='bbox 2279 3561 2406 3618; x_wconf 90' lang='lat' dir='ltr'><strong>pum</strong></span> <span class='ocrx_word' id='word_1_584' title='bbox 2437 3543 2856 3600; x_wconf 86' lang='lat' dir='ltr'><strong>sollicitudinem</strong></span> <span class='ocrx_word' id='word_1_585' title='bbox 2881 3537 3050 3596; x_wconf 89' lang='lat' dir='ltr'><strong>totius</strong></span> <span class='ocrx_word' id='word_1_586' title='bbox 3076 3532 3373 3605; x_wconf 64' lang='lat' dir='ltr'><strong>provinciaa</strong></span> <span class='ocrx_word' id='word_1_587' title='bbox 3393 3544 3613 3602; x_wconf 86' lang='lat' dir='ltr'><strong>gerere;</strong></span> <span class='ocrx_word' id='word_1_588' title='bbox 3652 3537 3876 3598; x_wconf 82' lang='lat' dir='ltr'><strong>propter</strong></span> 
     </span>
    </p>
   </div>
   <div class='ocr_carea' id='block_1_79' title="bbox 2283 3618 3876 3710">
    <p class='ocr_par' dir='ltr' id='par_1_79' title="bbox 2283 3618 3876 3710">
     <span class='ocr_line' id='line_1_82' title="bbox 2283 3618 3876 3710; baseline -0.014 -17"><span class='ocrx_word' id='word_1_589' title='bbox 2283 3637 2423 3710; x_wconf 90' lang='lat' dir='ltr'><strong>quod</strong></span> <span class='ocrx_word' id='word_1_590' title='bbox 2475 3635 2542 3689; x_wconf 90' lang='lat' dir='ltr'><strong>ad</strong></span> <span class='ocrx_word' id='word_1_591' title='bbox 2593 3631 2936 3702; x_wconf 90' lang='lat' dir='ltr'><strong>metropolim</strong></span> <span class='ocrx_word' id='word_1_592' title='bbox 2985 3641 3175 3683; x_wconf 91' lang='lat' dir='ltr'><strong>omnes</strong></span> <span class='ocrx_word' id='word_1_593' title='bbox 3227 3623 3460 3693; x_wconf 85' lang='lat' dir='ltr'><strong>undique</strong></span> <span class='ocrx_word' id='word_1_594' title='bbox 3506 3619 3602 3690; x_wconf 89' lang='lat' dir='ltr'><strong>qui</strong></span> <span class='ocrx_word' id='word_1_595' title='bbox 3654 3618 3876 3689; x_wconf 77' lang='lat' dir='ltr'><strong>negotia</strong></span> 
     </span>
    </p>
   </div>
   <div class='ocr_carea' id='block_1_80' title="bbox 2281 3711 3874 3789">
    <p class='ocr_par' dir='ltr' id='par_1_80' title="bbox 2281 3711 3874 3789">
     <span class='ocr_line' id='line_1_83' title="bbox 2281 3711 3874 3789; baseline -0.017 0"><span class='ocrx_word' id='word_1_596' title='bbox 2281 3734 2532 3789; x_wconf 90' lang='lat' dir='ltr'><strong>videntur</strong></span> <span class='ocrx_word' id='word_1_597' title='bbox 2563 3730 2767 3786; x_wconf 88' lang='lat' dir='ltr'><strong>habere</strong></span> <span class='ocrx_word' id='word_1_598' title='bbox 2814 3729 3181 3782; x_wconf 86' lang='lat' dir='ltr'><strong>concurrant:</strong></span> <span class='ocrx_word' id='word_1_599' title='bbox 3209 3717 3363 3774; x_wconf 87' lang='lat' dir='ltr'><strong>Unde</strong></span> <span class='ocrx_word' id='word_1_600' title='bbox 3401 3711 3604 3785; x_wconf 86' lang='lat' dir='ltr'><strong>placuit</strong></span> <span class='ocrx_word' id='word_1_601' title='bbox 3649 3727 3786 3766; x_wconf 86' lang='lat' dir='ltr'><strong>eum</strong></span> <span class='ocrx_word' id='word_1_602' title='bbox 3828 3720 3874 3764; x_wconf 86' lang='lat' dir='ltr'><strong>et</strong></span> 
     </span>
    </p>
   </div>
   <div class='ocr_carea' id='block_1_81' title="bbox 2283 3808 3875 3892">
    <p class='ocr_par' dir='ltr' id='par_1_81' title="bbox 2283 3808 3875 3892">
     <span class='ocr_line' id='line_1_84' title="bbox 2283 3808 3875 3892; baseline -0.017 -12"><span class='ocrx_word' id='word_1_603' title='bbox 2283 3827 2487 3880; x_wconf 88' lang='lat' dir='ltr'><strong>honore</strong></span> <span class='ocrx_word' id='word_1_604' title='bbox 2505 3819 2840 3892; x_wconf 70' lang='lat' dir='ltr'><strong>praecellere,</strong></span> <span class='ocrx_word' id='word_1_605' title='bbox 2871 3823 2928 3870; x_wconf 87' lang='lat' dir='ltr'><strong>et</strong></span> <span class='ocrx_word' id='word_1_606' title='bbox 2957 3811 3093 3868; x_wconf 85' lang='lat' dir='ltr'><strong>nihil</strong></span> <span class='ocrx_word' id='word_1_607' title='bbox 3117 3808 3348 3878; x_wconf 86' lang='lat' dir='ltr'><strong>amplius</strong></span> <span class='ocrx_word' id='word_1_608' title='bbox 3376 3813 3577 3876; x_wconf 77' lang='lat' dir='ltr'><strong>praeter</strong></span> <span class='ocrx_word' id='word_1_609' title='bbox 3614 3816 3746 3856; x_wconf 89' lang='lat' dir='ltr'><strong>eum</strong></span> <span class='ocrx_word' id='word_1_610' title='bbox 3779 3816 3875 3855; x_wconf 63' lang='lat' dir='ltr'><strong>C21!-</strong></span> 
     </span>
    </p>
   </div>
   <div class='ocr_carea' id='block_1_82' title="bbox 2286 3893 3870 3984">
    <p class='ocr_par' dir='ltr' id='par_1_82' title="bbox 2286 3893 3870 3984">
     <span class='ocr_line' id='line_1_85' title="bbox 2286 3893 3870 3984; baseline -0.018 -12"><span class='ocrx_word' id='word_1_611' title='bbox 2286 3927 2430 3973; x_wconf 90' lang='lat' dir='ltr'><strong>teros</strong></span> <span class='ocrx_word' id='word_1_612' title='bbox 2465 3914 2750 3984; x_wconf 79' lang='lat' dir='ltr'><strong>epiSCOpos</strong></span> <span class='ocrx_word' id='word_1_613' title='bbox 2777 3921 2969 3980; x_wconf 87' lang='lat' dir='ltr'><strong>agere,</strong></span> <span class='ocrx_word' id='word_1_614' title='bbox 3000 3900 3300 3959; x_wconf 89' lang='lat' dir='ltr'><strong>secundum</strong></span> <span class='ocrx_word' id='word_1_615' title='bbox 3329 3894 3617 3966; x_wconf 84' lang='lat' dir='ltr'><strong>antiquam</strong></span> <span class='ocrx_word' id='word_1_616' title='bbox 3656 3909 3688 3948; x_wconf 86' lang='lat' dir='ltr'><strong>a</strong></span> <span class='ocrx_word' id='word_1_617' title='bbox 3710 3893 3870 3964; x_wconf 85' lang='lat' dir='ltr'><strong>patri-</strong></span> 
     </span>
    </p>
   </div>
   <div class='ocr_carea' id='block_1_83' title="bbox 2285 3989 3872 4072">
    <p class='ocr_par' dir='ltr' id='par_1_83' title="bbox 2285 3989 3872 4072">
     <span class='ocr_line' id='line_1_86' title="bbox 2285 3989 3872 4072; baseline -0.019 -6"><span class='ocrx_word' id='word_1_618' title='bbox 2285 4011 2386 4066; x_wconf 90' lang='lat' dir='ltr'><strong>bus</strong></span> <span class='ocrx_word' id='word_1_619' title='bbox 2417 4005 2619 4065; x_wconf 89' lang='lat' dir='ltr'><strong>nostris</strong></span> <span class='ocrx_word' id='word_1_620' title='bbox 2649 4000 2891 4072; x_wconf 88' lang='lat' dir='ltr'><strong>regulam</strong></span> <span class='ocrx_word' id='word_1_621' title='bbox 2914 3994 3287 4057; x_wconf 89' lang='lat' dir='ltr'><strong>constitutam,</strong></span> <span class='ocrx_word' id='word_1_622' title='bbox 3311 3989 3416 4045; x_wconf 89' lang='lat' dir='ltr'><strong>nisi</strong></span> <span class='ocrx_word' id='word_1_623' title='bbox 3439 4002 3508 4043; x_wconf 87' lang='lat' dir='ltr'><strong>ea</strong></span> <span class='ocrx_word' id='word_1_624' title='bbox 3532 3995 3746 4041; x_wconf 88' lang='lat' dir='ltr'><strong>tantum</strong></span> <span class='ocrx_word' id='word_1_625' title='bbox 3767 3998 3872 4055; x_wconf 69' lang='lat' dir='ltr'><strong>qua!</strong></span> 
     </span>
    </p>
   </div>
   <div class='ocr_carea' id='block_1_84' title="bbox 2285 4078 3872 4162">
    <p class='ocr_par' dir='ltr' id='par_1_84' title="bbox 2285 4078 3872 4162">
     <span class='ocr_line' id='line_1_87' title="bbox 2285 4078 3872 4162; baseline -0.018 -5"><span class='ocrx_word' id='word_1_626' title='bbox 2285 4102 2354 4156; x_wconf 88' lang='lat' dir='ltr'><strong>ad</strong></span> <span class='ocrx_word' id='word_1_627' title='bbox 2397 4107 2551 4156; x_wconf 78' lang='lat' dir='ltr'><strong>suam</strong></span> <span class='ocrx_word' id='word_1_628' title='bbox 2583 4093 2862 4152; x_wconf 69' lang='lat' dir='ltr'><strong>dioecesim</strong></span> <span class='ocrx_word' id='word_1_629' title='bbox 2893 4089 3200 4162; x_wconf 88' lang='lat' dir='ltr'><strong>pertinent,</strong></span> <span class='ocrx_word' id='word_1_630' title='bbox 3234 4081 3726 4156; x_wconf 84' lang='lat' dir='ltr'><strong>possessionesque</strong></span> <span class='ocrx_word' id='word_1_631' title='bbox 3758 4078 3872 4132; x_wconf 87' lang='lat' dir='ltr'><strong>sub-</strong></span> 
     </span>
    </p>
   </div>
   <div class='ocr_carea' id='block_1_85' title="bbox 2280 4174 3871 4267">
    <p class='ocr_par' dir='ltr' id='par_1_85' title="bbox 2280 4174 3871 4267">
     <span class='ocr_line' id='line_1_88' title="bbox 2280 4174 3871 4267; baseline -0.018 -15"><span class='ocrx_word' id='word_1_632' title='bbox 2280 4193 2476 4267; x_wconf 81' lang='lat' dir='ltr'><strong>j&#39;ectas.</strong></span> <span class='ocrx_word' id='word_1_633' title='bbox 2540 4181 2930 4258; x_wconf 73' lang='lat' dir='ltr'><strong>Unusquisque</strong></span> <span class='ocrx_word' id='word_1_634' title='bbox 2980 4182 3125 4237; x_wconf 88' lang='lat' dir='ltr'><strong>enim</strong></span> <span class='ocrx_word' id='word_1_635' title='bbox 3181 4178 3468 4249; x_wconf 89' lang='lat' dir='ltr'><strong>episcopus</strong></span> <span class='ocrx_word' id='word_1_636' title='bbox 3519 4174 3723 4229; x_wconf 84' lang='lat' dir='ltr'><strong>habeat</strong></span> <span class='ocrx_word' id='word_1_637' title='bbox 3776 4183 3871 4226; x_wconf 64' lang='lat' dir='ltr'><strong>sum</strong></span> 
     </span>
    </p>
   </div>
   <div class='ocr_carea' id='block_1_86' title="bbox 2285 4264 3872 4360">
    <p class='ocr_par' dir='ltr' id='par_1_86' title="bbox 2285 4264 3872 4360">
     <span class='ocr_line' id='line_1_89' title="bbox 2285 4264 3872 4360; baseline -0.02 -16"><span class='ocrx_word' id='word_1_638' title='bbox 2285 4264 2557 4360; x_wconf 69' lang='lat' dir='ltr'><strong>phrochiae</strong></span> <span class='ocrx_word' id='word_1_639' title='bbox 2604 4287 2970 4353; x_wconf 84' lang='lat' dir='ltr'><strong>potestatem,</strong></span> <span class='ocrx_word' id='word_1_640' title='bbox 3013 4283 3075 4330; x_wconf 91' lang='lat' dir='ltr'><strong>ut</strong></span> <span class='ocrx_word' id='word_1_641' title='bbox 3114 4279 3266 4344; x_wconf 85' lang='lat' dir='ltr'><strong>regat</strong></span> <span class='ocrx_word' id='word_1_642' title='bbox 3308 4269 3466 4338; x_wconf 77' lang='lat' dir='ltr'><strong>juxta</strong></span> <span class='ocrx_word' id='word_1_643' title='bbox 3520 4264 3872 4322; x_wconf 82' lang='lat' dir='ltr'><strong>reverentiam</strong></span> 
     </span>
    </p>
   </div>
   <div class='ocr_carea' id='block_1_87' title="bbox 2288 4357 3873 4452">
    <p class='ocr_par' dir='ltr' id='par_1_87' title="bbox 2288 4357 3873 4452">
     <span class='ocr_line' id='line_1_90' title="bbox 2288 4357 3873 4452; baseline -0.019 -14"><span class='ocrx_word' id='word_1_644' title='bbox 2288 4357 2513 4452; x_wconf 80' lang='lat' dir='ltr'><strong>singulis</strong></span> <span class='ocrx_word' id='word_1_645' title='bbox 2537 4381 2959 4447; x_wconf 86' lang='lat' dir='ltr'><strong>competentem,</strong></span> <span class='ocrx_word' id='word_1_646' title='bbox 2990 4378 3046 4425; x_wconf 88' lang='lat' dir='ltr'><strong>et</strong></span> <span class='ocrx_word' id='word_1_647' title='bbox 3071 4364 3472 4438; x_wconf 84' lang='lat' dir='ltr'><strong>providentiam</strong></span> <span class='ocrx_word' id='word_1_648' title='bbox 3506 4371 3674 4432; x_wconf 74' lang='lat' dir='ltr'><strong>gerat</strong></span> <span class='ocrx_word' id='word_1_649' title='bbox 3715 4357 3873 4415; x_wconf 86' lang='lat' dir='ltr'><strong>omnis</strong></span> 
     </span>
    </p>
   </div>
   <div class='ocr_carea' id='block_1_88' title="bbox 2286 4452 3874 4545">
    <p class='ocr_par' dir='ltr' id='par_1_88' title="bbox 2286 4452 3874 4545">
     <span class='ocr_line' id='line_1_91' title="bbox 2286 4452 3874 4545; baseline -0.02 -15"><span class='ocrx_word' id='word_1_650' title='bbox 2286 4471 2682 4545; x_wconf 86' lang='lat' dir='ltr'><strong>possessionis,</strong></span> <span class='ocrx_word' id='word_1_651' title='bbox 2737 4480 2858 4536; x_wconf 83' lang='lat' dir='ltr'><strong>quae</strong></span> <span class='ocrx_word' id='word_1_652' title='bbox 2908 4461 3009 4518; x_wconf 89' lang='lat' dir='ltr'><strong>sub</strong></span> <span class='ocrx_word' id='word_1_653' title='bbox 3062 4459 3304 4528; x_wconf 82' lang='lat' dir='ltr'><strong>ejusdem</strong></span> <span class='ocrx_word' id='word_1_654' title='bbox 3360 4461 3667 4526; x_wconf 71' lang='lat' dir='ltr'><strong>potestate;</strong></span> <span class='ocrx_word' id='word_1_655' title='bbox 3711 4452 3780 4505; x_wconf 82' lang='lat' dir='ltr'><strong>ita</strong></span> <span class='ocrx_word' id='word_1_656' title='bbox 3823 4456 3874 4500; x_wconf 87' lang='lat' dir='ltr'><strong>ut</strong></span> 
     </span>
    </p>
   </div>
   <div class='ocr_carea' id='block_1_89' title="bbox 2287 4543 3874 4637">
    <p class='ocr_par' dir='ltr' id='par_1_89' title="bbox 2287 4543 3874 4637">
     <span class='ocr_line' id='line_1_92' title="bbox 2287 4543 3874 4637; baseline -0.016 -16"><span class='ocrx_word' id='word_1_657' title='bbox 2287 4543 2634 4637; x_wconf 80' lang='lat' dir='ltr'><strong>presbyteros</strong></span> <span class='ocrx_word' id='word_1_658' title='bbox 2664 4569 2719 4617; x_wconf 92' lang='lat' dir='ltr'><strong>et</strong></span> <span class='ocrx_word' id='word_1_659' title='bbox 2743 4553 3002 4615; x_wconf 87' lang='lat' dir='ltr'><strong>diaconos</strong></span> <span class='ocrx_word' id='word_1_660' title='bbox 3029 4554 3277 4617; x_wconf 90' lang='lat' dir='ltr'><strong>ordinet,</strong></span> <span class='ocrx_word' id='word_1_661' title='bbox 3301 4560 3356 4606; x_wconf 90' lang='lat' dir='ltr'><strong>et</strong></span> <span class='ocrx_word' id='word_1_662' title='bbox 3376 4547 3594 4618; x_wconf 82' lang='lat' dir='ltr'><strong>singula</strong></span> <span class='ocrx_word' id='word_1_663' title='bbox 3630 4562 3731 4603; x_wconf 88' lang='lat' dir='ltr'><strong>suo</strong></span> <span class='ocrx_word' id='word_1_664' title='bbox 3745 4543 3874 4615; x_wconf 84' lang='lat' dir='ltr'><strong>judi-</strong></span> 
     </span>
    </p>
   </div>
   <div class='ocr_carea' id='block_1_90' title="bbox 2291 4640 3871 4728">
    <p class='ocr_par' dir='ltr' id='par_1_90' title="bbox 2291 4640 3871 4728">
     <span class='ocr_line' id='line_1_93' title="bbox 2291 4640 3871 4728; baseline -0.017 -12"><span class='ocrx_word' id='word_1_665' title='bbox 2291 4657 2374 4716; x_wconf 88' lang='lat' dir='ltr'><strong>cio</strong></span> <span class='ocrx_word' id='word_1_666' title='bbox 2403 4653 2860 4728; x_wconf 80' lang='lat' dir='ltr'><strong>comprehendat;</strong></span> <span class='ocrx_word' id='word_1_667' title='bbox 2895 4649 3130 4720; x_wconf 81' lang='lat' dir='ltr'><strong>amplius</strong></span> <span class='ocrx_word' id='word_1_668' title='bbox 3159 4654 3340 4700; x_wconf 86' lang='lat' dir='ltr'><strong>autem</strong></span> <span class='ocrx_word' id='word_1_669' title='bbox 3383 4640 3525 4697; x_wconf 88' lang='lat' dir='ltr'><strong>nihil</strong></span> <span class='ocrx_word' id='word_1_670' title='bbox 3570 4653 3736 4711; x_wconf 80' lang='lat' dir='ltr'><strong>agere</strong></span> <span class='ocrx_word' id='word_1_671' title='bbox 3764 4647 3871 4692; x_wconf 86' lang='lat' dir='ltr'><strong>ten-</strong></span> 
     </span>
    </p>
   </div>
   <div class='ocr_carea' id='block_1_91' title="bbox 600 4733 3874 4838">
    <p class='ocr_par' dir='ltr' id='par_1_91' title="bbox 600 4733 3874 4838">
     <span class='ocr_line' id='line_1_94' title="bbox 600 4733 1743 4756; baseline -0.017 -9"><span class='ocrx_word' id='word_1_672' title='bbox 600 4733 1085 4756; x_wconf 66' lang='lat'><strong>.-............,--,._--</strong></span> <span class='ocrx_word' id='word_1_673' title='bbox 1442 4733 1451 4746; x_wconf 81' lang='lat'><em>_</em></span> <span class='ocrx_word' id='word_1_674' title='bbox 1734 4733 1743 4741; x_wconf 61' lang='grc'><em>,</em></span> 
     </span>
     <span class='ocr_line' id='line_1_95' title="bbox 600 4733 3874 4838; baseline -0.017 1"><span class='ocrx_word' id='word_1_675' title='bbox 600 4784 669 4838; x_wconf 91' lang='lat' dir='ltr'><strong>Et</strong></span> <span class='ocrx_word' id='word_1_676' title='bbox 739 4795 955 4838; x_wconf 89' lang='lat' dir='ltr'><strong>sacrum</strong></span> <span class='ocrx_word' id='word_1_677' title='bbox 1006 4733 1280 4831; x_wconf 54' lang='lat' dir='ltr'><strong>Nicienum</strong></span> <span class='ocrx_word' id='word_1_678' title='bbox 1347 4768 1634 4827; x_wconf 88' lang='lat' dir='ltr'><strong>concilium</strong></span> <span class='ocrx_word' id='word_1_679' title='bbox 1719 4758 1903 4838; x_wconf 78' lang='lat' dir='ltr'><strong>dicit:</strong></span> <span class='ocrx_word' id='word_1_680' title='bbox 1951 4736 2186 4826; x_wconf 57' lang='lat' dir='ltr'><strong>Antiqua</strong></span> <span class='ocrx_word' id='word_1_681' title='bbox 2215 4735 2267 4808; x_wconf 79' lang='lat' dir='ltr'><strong>D</strong></span> <span class='ocrx_word' id='word_1_682' title='bbox 2297 4759 2408 4810; x_wconf 89' lang='lat' dir='ltr'><strong>tent</strong></span> <span class='ocrx_word' id='word_1_683' title='bbox 2444 4759 2641 4822; x_wconf 59' lang='lat' dir='ltr'><strong>praeter</strong></span> <span class='ocrx_word' id='word_1_684' title='bbox 2665 4738 2960 4803; x_wconf 72' lang='lat' dir='ltr'><strong>antistitem</strong></span> <span class='ocrx_word' id='word_1_685' title='bbox 2992 4739 3485 4811; x_wconf 81' lang='lat' dir='ltr'><strong>metropolitanum.</strong></span> <span class='ocrx_word' id='word_1_686' title='bbox 3545 4753 3563 4785; x_wconf 72' lang='grc' dir='ltr'>ε</span> <span class='ocrx_word' id='word_1_687' title='bbox 3595 4733 3874 4804; x_wconf 81' lang='lat' dir='ltr'><strong>Diligenter</strong></span> 
     </span>
    </p>
   </div>
   <div class='ocr_carea' id='block_1_92' title="bbox 503 4829 2190 4951">
    <p class='ocr_par' dir='ltr' id='par_1_92' title="bbox 503 4829 2190 4951">
     <span class='ocr_line' id='line_1_96' title="bbox 503 4829 2190 4951; baseline -0.021 -14"><span class='ocrx_word' id='word_1_688' title='bbox 503 4881 516 4951; x_wconf 65' lang='grc' dir='ltr'><strong>ί</strong></span> <span class='ocrx_word' id='word_1_689' title='bbox 600 4875 934 4934; x_wconf 87' lang='lat' dir='ltr'><strong>consuetudo</strong></span> <span class='ocrx_word' id='word_1_690' title='bbox 963 4879 1208 4940; x_wconf 84' lang='lat' dir='ltr'><strong>servetur</strong></span> <span class='ocrx_word' id='word_1_691' title='bbox 1239 4884 1332 4938; x_wconf 90' lang='lat' dir='ltr'><strong>per</strong></span> <span class='ocrx_word' id='word_1_692' title='bbox 1354 4865 1668 4936; x_wconf 62' lang='lat' dir='ltr'><strong>Egyptum,</strong></span> <span class='ocrx_word' id='word_1_693' title='bbox 1697 4829 2028 4934; x_wconf 70' lang='lat' dir='ltr'><strong>Lii)yaiii,_ct</strong></span> <span class='ocrx_word' id='word_1_694' title='bbox 2049 4847 2190 4904; x_wconf 84' lang='lat' dir='ltr'><strong>Pen-</strong></span> 
     </span>
    </p>
   </div>
   <div class='ocr_carea' id='block_1_93' title="bbox 602 4941 2188 5040">
    <p class='ocr_par' dir='ltr' id='par_1_93' title="bbox 602 4941 2188 5040">
     <span class='ocr_line' id='line_1_97' title="bbox 602 4941 2188 5040; baseline -0.021 -14"><span class='ocrx_word' id='word_1_695' title='bbox 602 4969 861 5040; x_wconf 89' lang='lat' dir='ltr'><strong>tapolim,</strong></span> <span class='ocrx_word' id='word_1_696' title='bbox 894 4967 969 5021; x_wconf 87' lang='lat' dir='ltr'><strong>ita</strong></span> <span class='ocrx_word' id='word_1_697' title='bbox 993 4973 1052 5019; x_wconf 92' lang='lat' dir='ltr'><strong>ut</strong></span> <span class='ocrx_word' id='word_1_698' title='bbox 1079 4959 1473 5016; x_wconf 81' lang='lat' dir='ltr'><strong>Alexandrinus</strong></span> <span class='ocrx_word' id='word_1_699' title='bbox 1515 4951 1800 5025; x_wconf 86' lang='lat' dir='ltr'><strong>episcopus</strong></span> <span class='ocrx_word' id='word_1_700' title='bbox 1839 4941 2032 4999; x_wconf 85' lang='lat' dir='ltr'><strong>horum</strong></span> <span class='ocrx_word' id='word_1_701' title='bbox 2070 4943 2188 4995; x_wconf 88' lang='lat' dir='ltr'><strong>oni-</strong></span> 
     </span>
    </p>
   </div>
   <div class='ocr_carea' id='block_1_94' title="bbox 505 5037 2194 5130">
    <p class='ocr_par' dir='ltr' id='par_1_94' title="bbox 505 5037 2194 5130">
     <span class='ocr_line' id='line_1_98' title="bbox 505 5037 2194 5130; baseline -0.021 -5"><span class='ocrx_word' id='word_1_702' title='bbox 505 5063 515 5069; x_wconf 72' lang='grc'><strong>’</strong></span> <span class='ocrx_word' id='word_1_703' title='bbox 604 5067 757 5122; x_wconf 90' lang='lat' dir='ltr'><strong>nium</strong></span> <span class='ocrx_word' id='word_1_704' title='bbox 771 5062 968 5119; x_wconf 85' lang='lat' dir='ltr'><strong>habeat</strong></span> <span class='ocrx_word' id='word_1_705' title='bbox 981 5064 1328 5130; x_wconf 89' lang='lat' dir='ltr'><strong>potestatem,</strong></span> <span class='ocrx_word' id='word_1_706' title='bbox 1346 5051 1473 5123; x_wconf 88' lang='lat' dir='ltr'><strong>quia</strong></span> <span class='ocrx_word' id='word_1_707' title='bbox 1493 5059 1548 5105; x_wconf 89' lang='lat' dir='ltr'><strong>et</strong></span> <span class='ocrx_word' id='word_1_708' title='bbox 1568 5046 1717 5102; x_wconf 88' lang='lat' dir='ltr'><strong>urbis</strong></span> <span class='ocrx_word' id='word_1_709' title='bbox 1737 5043 1921 5097; x_wconf 71' lang='lat' dir='ltr'><strong>[toruae</strong></span> <span class='ocrx_word' id='word_1_710' title='bbox 1942 5037 2194 5108; x_wconf 83' lang='lat' dir='ltr'><strong>episcopo</strong></span> 
     </span>
    </p>
   </div>
   <div class='ocr_carea' id='block_1_95' title="bbox 603 5127 2192 5230">
    <p class='ocr_par' dir='ltr' id='par_1_95' title="bbox 603 5127 2192 5230">
     <span class='ocr_line' id='line_1_99' title="bbox 603 5127 2192 5230; baseline -0.023 -15"><span class='ocrx_word' id='word_1_711' title='bbox 603 5157 794 5230; x_wconf 86' lang='lat' dir='ltr'><strong>parilis</strong></span> <span class='ocrx_word' id='word_1_712' title='bbox 812 5168 928 5210; x_wconf 90' lang='lat' dir='ltr'><strong>mos</strong></span> <span class='ocrx_word' id='word_1_713' title='bbox 954 5127 1056 5206; x_wconf 73' lang='lat' dir='ltr'><strong>est.</strong></span> <span class='ocrx_word' id='word_1_714' title='bbox 1087 5145 1350 5221; x_wconf 79' lang='lat' dir='ltr'><strong>Similiter</strong></span> <span class='ocrx_word' id='word_1_715' title='bbox 1375 5148 1555 5196; x_wconf 89' lang='lat' dir='ltr'><strong>autem</strong></span> <span class='ocrx_word' id='word_1_716' title='bbox 1585 5147 1639 5195; x_wconf 88' lang='lat' dir='ltr'><strong>et</strong></span> <span class='ocrx_word' id='word_1_717' title='bbox 1663 5133 1802 5206; x_wconf 88' lang='lat' dir='ltr'><strong>apud</strong></span> <span class='ocrx_word' id='word_1_718' title='bbox 1825 5127 2192 5193; x_wconf 76' lang='lat' dir='ltr'><strong>Antioohiam,</strong></span> 
     </span>
    </p>
   </div>
   <div class='ocr_carea' id='block_1_96' title="bbox 607 5219 2195 5318">
    <p class='ocr_par' dir='ltr' id='par_1_96' title="bbox 607 5219 2195 5318">
     <span class='ocr_line' id='line_1_100' title="bbox 607 5219 2195 5318; baseline -0.023 -9"><span class='ocrx_word' id='word_1_719' title='bbox 607 5259 943 5318; x_wconf 69' lang='lat' dir='ltr'><strong>caeterasque</strong></span> <span class='ocrx_word' id='word_1_720' title='bbox 971 5240 1281 5316; x_wconf 84' lang='lat' dir='ltr'><strong>provincias</strong></span> <span class='ocrx_word' id='word_1_721' title='bbox 1317 5219 1428 5294; x_wconf 83' lang='lat' dir='ltr'><strong>suis</strong></span> <span class='ocrx_word' id='word_1_722' title='bbox 1473 5230 1755 5306; x_wconf 84' lang='lat' dir='ltr'><strong>privilegia</strong></span> <span class='ocrx_word' id='word_1_723' title='bbox 1795 5219 2076 5281; x_wconf 82' lang='lat' dir='ltr'><strong>serventur</strong></span> <span class='ocrx_word' id='word_1_724' title='bbox 2107 5235 2195 5274; x_wconf 89' lang='lat' dir='ltr'><strong>ec-</strong></span> 
     </span>
    </p>
   </div>
   <div class='ocr_carea' id='block_1_97' title="bbox 608 5315 2195 5410">
    <p class='ocr_par' dir='ltr' id='par_1_97' title="bbox 608 5315 2195 5410">
     <span class='ocr_line' id='line_1_101' title="bbox 608 5315 2195 5410; baseline -0.021 -9"><span class='ocrx_word' id='word_1_725' title='bbox 608 5345 809 5401; x_wconf 90' lang='lat' dir='ltr'><strong>clesiis.</strong></span> <span class='ocrx_word' id='word_1_726' title='bbox 841 5340 995 5410; x_wconf 84' lang='lat' dir='ltr'><strong>Quod</strong></span> <span class='ocrx_word' id='word_1_727' title='bbox 1025 5335 1319 5408; x_wconf 87' lang='lat' dir='ltr'><strong>capitulum</strong></span> <span class='ocrx_word' id='word_1_728' title='bbox 1363 5339 1583 5388; x_wconf 87' lang='lat' dir='ltr'><strong>sanctus</strong></span> <span class='ocrx_word' id='word_1_729' title='bbox 1616 5322 1927 5398; x_wconf 85' lang='lat' dir='ltr'><strong>Bonifacius</strong></span> <span class='ocrx_word' id='word_1_730' title='bbox 1957 5331 2098 5389; x_wconf 88' lang='lat' dir='ltr'><strong>papa</strong></span> <span class='ocrx_word' id='word_1_731' title='bbox 2128 5315 2195 5369; x_wconf 90' lang='lat' dir='ltr'><strong>ad</strong></span> 
     </span>
    </p>
   </div>
   <div class='ocr_carea' id='block_1_98' title="bbox 608 5409 2197 5496">
    <p class='ocr_par' dir='ltr' id='par_1_98' title="bbox 608 5409 2197 5496">
     <span class='ocr_line' id='line_1_102' title="bbox 608 5409 2197 5496; baseline -0.02 -2"><span class='ocrx_word' id='word_1_732' title='bbox 608 5437 872 5494; x_wconf 82' lang='lat' dir='ltr'><strong>Hilarium</strong></span> <span class='ocrx_word' id='word_1_733' title='bbox 899 5432 1310 5488; x_wconf 86' lang='lat' dir='ltr'><strong>Narbonensem</strong></span> <span class='ocrx_word' id='word_1_734' title='bbox 1340 5425 1653 5496; x_wconf 88' lang='lat' dir='ltr'><strong>episcopum</strong></span> <span class='ocrx_word' id='word_1_735' title='bbox 1686 5419 1933 5496; x_wconf 84' lang='lat' dir='ltr'><strong>scribens</strong></span> <span class='ocrx_word' id='word_1_736' title='bbox 1974 5409 2197 5481; x_wconf 85' lang='lat' dir='ltr'><strong>exponit</strong></span> 
     </span>
    </p>
   </div>
   <div class='ocr_carea' id='block_1_99' title="bbox 607 5493 2196 5596">
    <p class='ocr_par' dir='ltr' id='par_1_99' title="bbox 607 5493 2196 5596">
     <span class='ocr_line' id='line_1_103' title="bbox 607 5493 2196 5596; baseline -0.016 -12"><span class='ocrx_word' id='word_1_737' title='bbox 607 5531 706 5586; x_wconf 88' lang='lat' dir='ltr'><strong>ita.</strong></span> <span class='ocrx_word' id='word_1_738' title='bbox 733 5527 1000 5585; x_wconf 90' lang='lat' dir='ltr'><strong>Convenit</strong></span> <span class='ocrx_word' id='word_1_739' title='bbox 1024 5540 1122 5581; x_wconf 91' lang='lat' dir='ltr'><strong>nos</strong></span> <span class='ocrx_word' id='word_1_740' title='bbox 1145 5531 1495 5596; x_wconf 83' lang='lat' dir='ltr'><strong>paternarum</strong></span> <span class='ocrx_word' id='word_1_741' title='bbox 1537 5493 1879 5572; x_wconf 84' lang='lat' dir='ltr'><strong>sanetionum</strong></span> <span class='ocrx_word' id='word_1_742' title='bbox 1911 5495 2196 5582; x_wconf 76' lang='lat' dir='ltr'><strong>diligentes</strong></span> 
     </span>
    </p>
   </div>
   <div class='ocr_carea' id='block_1_100' title="bbox 612 5597 2195 5689">
    <p class='ocr_par' dir='ltr' id='par_1_100' title="bbox 612 5597 2195 5689">
     <span class='ocr_line' id='line_1_104' title="bbox 612 5597 2195 5689; baseline -0.02 -7"><span class='ocrx_word' id='word_1_743' title='bbox 612 5641 732 5682; x_wconf 87' lang='lat' dir='ltr'><strong>esse</strong></span> <span class='ocrx_word' id='word_1_744' title='bbox 759 5625 1040 5689; x_wconf 90' lang='lat' dir='ltr'><strong>custodes;</strong></span> <span class='ocrx_word' id='word_1_745' title='bbox 1073 5620 1207 5675; x_wconf 91' lang='lat' dir='ltr'><strong>nulli</strong></span> <span class='ocrx_word' id='word_1_746' title='bbox 1238 5618 1436 5673; x_wconf 91' lang='lat' dir='ltr'><strong>etenim</strong></span> <span class='ocrx_word' id='word_1_747' title='bbox 1472 5614 1683 5669; x_wconf 85' lang='lat' dir='ltr'><strong>videtur</strong></span> <span class='ocrx_word' id='word_1_748' title='bbox 1707 5603 1980 5685; x_wconf 75' lang='lat' dir='ltr'><strong>incognita</strong></span> <span class='ocrx_word' id='word_1_749' title='bbox 1997 5597 2195 5680; x_wconf 72' lang='lat' dir='ltr'><strong>synodi</strong></span> 
     </span>
    </p>
   </div>
   <div class='ocr_carea' id='block_1_101' title="bbox 613 5671 2196 5778">
    <p class='ocr_par' dir='ltr' id='par_1_101' title="bbox 613 5671 2196 5778">
     <span class='ocr_line' id='line_1_105' title="bbox 613 5671 2196 5778; baseline -0.018 -5"><span class='ocrx_word' id='word_1_750' title='bbox 613 5716 925 5774; x_wconf 87' lang='lat' dir='ltr'><strong>constitutio</strong></span> <span class='ocrx_word' id='word_1_751' title='bbox 955 5714 1183 5769; x_wconf 63' lang='lat' dir='ltr'><strong>Nicana:</strong></span> <span class='ocrx_word' id='word_1_752' title='bbox 1204 5752 1218 5777; x_wconf 93' lang='lat'><strong>,</strong></span> <span class='ocrx_word' id='word_1_753' title='bbox 1255 5724 1375 5778; x_wconf 74' lang='lat' dir='ltr'><strong>quae</strong></span> <span class='ocrx_word' id='word_1_754' title='bbox 1405 5709 1476 5763; x_wconf 90' lang='lat' dir='ltr'><strong>ita</strong></span> <span class='ocrx_word' id='word_1_755' title='bbox 1507 5700 1750 5776; x_wconf 82' lang='lat' dir='ltr'><strong>praecipit</strong></span> <span class='ocrx_word' id='word_1_756' title='bbox 1779 5704 1834 5749; x_wconf 93' lang='lat' dir='ltr'><strong>ut</strong></span> <span class='ocrx_word' id='word_1_757' title='bbox 1861 5671 2049 5778; x_wconf 65' lang='lat' dir='ltr'><strong>eadem</strong></span> <span class='ocrx_word' id='word_1_758' title='bbox 2080 5706 2196 5776; x_wconf 83' lang='lat' dir='ltr'><strong>pro-</strong></span> 
     </span>
    </p>
   </div>
   <div class='ocr_carea' id='block_1_102' title="bbox 609 5765 2195 5882">
    <p class='ocr_par' dir='ltr' id='par_1_102' title="bbox 609 5765 2195 5882">
     <span class='ocr_line' id='line_1_106' title="bbox 609 5765 2195 5882; baseline -0.018 -15"><span class='ocrx_word' id='word_1_759' title='bbox 609 5812 732 5882; x_wconf 86' lang='lat' dir='ltr'><strong>prie</strong></span> <span class='ocrx_word' id='word_1_760' title='bbox 767 5810 931 5864; x_wconf 88' lang='lat' dir='ltr'><strong>verba</strong></span> <span class='ocrx_word' id='word_1_761' title='bbox 959 5819 1243 5876; x_wconf 88' lang='lat' dir='ltr'><strong>ponamus,</strong></span> <span class='ocrx_word' id='word_1_762' title='bbox 1272 5818 1366 5872; x_wconf 84' lang='lat' dir='ltr'><strong>per</strong></span> <span class='ocrx_word' id='word_1_763' title='bbox 1399 5805 1840 5867; x_wconf 81' lang='lat' dir='ltr'><strong>unamquamque</strong></span> <span class='ocrx_word' id='word_1_764' title='bbox 1865 5765 2195 5870; x_wconf 79' lang='lat' dir='ltr'><strong>provinciam</strong></span> 
     </span>
    </p>
   </div>
   <div class='ocr_carea' id='block_1_103' title="bbox 611 5867 2202 5971">
    <p class='ocr_par' dir='ltr' id='par_1_103' title="bbox 611 5867 2202 5971">
     <span class='ocr_line' id='line_1_107' title="bbox 611 5867 2202 5971; baseline -0.016 -16"><span class='ocrx_word' id='word_1_765' title='bbox 611 5901 700 5971; x_wconf 86' lang='lat' dir='ltr'><strong>jus</strong></span> <span class='ocrx_word' id='word_1_766' title='bbox 732 5895 1174 5966; x_wconf 83' lang='lat' dir='ltr'><strong>metropolitanos</strong></span> <span class='ocrx_word' id='word_1_767' title='bbox 1203 5890 1439 5960; x_wconf 86' lang='lat' dir='ltr'><strong>singulos</strong></span> <span class='ocrx_word' id='word_1_768' title='bbox 1475 5889 1674 5942; x_wconf 88' lang='lat' dir='ltr'><strong>habere</strong></span> <span class='ocrx_word' id='word_1_769' title='bbox 1703 5869 1898 5938; x_wconf 65' lang='lat' dir='ltr'><strong>debe&#39;re</strong></span> <span class='ocrx_word' id='word_1_770' title='bbox 1922 5867 2059 5944; x_wconf 23' lang='lat' dir='ltr'><strong>,Ine‘c</strong></span> <span class='ocrx_word' id='word_1_771' title='bbox 2088 5876 2202 5931; x_wconf 83' lang='lat' dir='ltr'><strong>eui-</strong></span> 
     </span>
    </p>
   </div>
   <div class='ocr_carea' id='block_1_104' title="bbox 615 5972 2200 6063">
    <p class='ocr_par' dir='ltr' id='par_1_104' title="bbox 615 5972 2200 6063">
     <span class='ocr_line' id='line_1_108' title="bbox 615 5972 2200 6063; baseline -0.016 -14"><span class='ocrx_word' id='word_1_772' title='bbox 615 6006 782 6063; x_wconf 85' lang='lat' dir='ltr'><strong>quam</strong></span> <span class='ocrx_word' id='word_1_773' title='bbox 809 5989 942 6046; x_wconf 85' lang='lat' dir='ltr'><strong>duas</strong></span> <span class='ocrx_word' id='word_1_774' title='bbox 967 5999 1088 6040; x_wconf 86' lang='lat' dir='ltr'><strong>esse</strong></span> <span class='ocrx_word' id='word_1_775' title='bbox 1109 5981 1398 6051; x_wconf 72' lang='lat' dir='ltr'><strong>subiectas.</strong></span> <span class='ocrx_word' id='word_1_776' title='bbox 1431 5979 1583 6045; x_wconf 89' lang='lat' dir='ltr'><strong>Quod</strong></span> <span class='ocrx_word' id='word_1_777' title='bbox 1608 5977 1715 6044; x_wconf 91' lang='lat' dir='ltr'><strong>illi,</strong></span> <span class='ocrx_word' id='word_1_778' title='bbox 1747 5975 1871 6045; x_wconf 89' lang='lat' dir='ltr'><strong>quia</strong></span> <span class='ocrx_word' id='word_1_779' title='bbox 1911 5972 2064 6026; x_wconf 81' lang='lat' dir='ltr'><strong>aliter</strong></span> <span class='ocrx_word' id='word_1_780' title='bbox 2089 5984 2200 6024; x_wconf 90' lang='lat' dir='ltr'><strong>cre-</strong></span> 
     </span>
    </p>
   </div>
   <div class='ocr_carea' id='block_1_105' title="bbox 2295 4827 3874 4914">
    <p class='ocr_par' dir='ltr' id='par_1_105' title="bbox 2295 4827 3874 4914">
     <span class='ocr_line' id='line_1_109' title="bbox 2295 4827 3874 4914; baseline -0.015 -13"><span class='ocrx_word' id='word_1_781' title='bbox 2295 4845 2510 4901; x_wconf 89' lang='lat' dir='ltr'><strong>attende</strong></span> <span class='ocrx_word' id='word_1_782' title='bbox 2534 4842 2678 4914; x_wconf 87' lang='lat' dir='ltr'><strong>quod</strong></span> <span class='ocrx_word' id='word_1_783' title='bbox 2708 4827 2906 4896; x_wconf 82' lang='lat' dir='ltr'><strong>dicitur</strong></span> <span class='ocrx_word' id='word_1_784' title='bbox 2931 4835 3281 4908; x_wconf 88' lang='lat' dir='ltr'><strong>presbyteros</strong></span> <span class='ocrx_word' id='word_1_785' title='bbox 3323 4838 3379 4886; x_wconf 85' lang='lat' dir='ltr'><strong>et</strong></span> <span class='ocrx_word' id='word_1_786' title='bbox 3423 4829 3688 4884; x_wconf 81' lang='lat' dir='ltr'><strong>diaconos</strong></span> <span class='ocrx_word' id='word_1_787' title='bbox 3731 4838 3874 4896; x_wconf 86' lang='lat' dir='ltr'><strong>paro-</strong></span> 
     </span>
    </p>
   </div>
   <div class='ocr_carea' id='block_1_106' title="bbox 2298 4922 3872 5001">
    <p class='ocr_par' dir='ltr' id='par_1_106' title="bbox 2298 4922 3872 5001">
     <span class='ocr_line' id='line_1_110' title="bbox 2298 4922 3872 5001; baseline -0.017 -6"><span class='ocrx_word' id='word_1_788' title='bbox 2298 4936 2432 4995; x_wconf 79' lang='lat' dir='ltr'><strong>chiae</strong></span> <span class='ocrx_word' id='word_1_789' title='bbox 2467 4951 2576 4992; x_wconf 81' lang='lat' dir='ltr'><strong>suae</strong></span> <span class='ocrx_word' id='word_1_790' title='bbox 2608 4933 2822 4989; x_wconf 80' lang='lat' dir='ltr'><strong>or‘dinet</strong></span> <span class='ocrx_word' id='word_1_791' title='bbox 2850 4930 3173 5001; x_wconf 87' lang='lat' dir='ltr'><strong>episcopus:</strong></span> <span class='ocrx_word' id='word_1_792' title='bbox 3203 4922 3419 4980; x_wconf 87' lang='lat' dir='ltr'><strong>ordinet</strong></span> <span class='ocrx_word' id='word_1_793' title='bbox 3460 4929 3649 4977; x_wconf 86' lang='lat' dir='ltr'><strong>autem</strong></span> <span class='ocrx_word' id='word_1_794' title='bbox 3686 4923 3741 4973; x_wconf 86' lang='lat' dir='ltr'><strong>et</strong></span> <span class='ocrx_word' id='word_1_795' title='bbox 3776 4928 3872 4970; x_wconf 81' lang='lat' dir='ltr'><strong>non</strong></span> 
     </span>
    </p>
   </div>
   <div class='ocr_carea' id='block_1_107' title="bbox 2298 5011 3874 5091">
    <p class='ocr_par' dir='ltr' id='par_1_107' title="bbox 2298 5011 3874 5091">
     <span class='ocr_line' id='line_1_111' title="bbox 2298 5011 3874 5091; baseline -0.016 -4"><span class='ocrx_word' id='word_1_796' title='bbox 2298 5031 2585 5089; x_wconf 82' lang='lat' dir='ltr'><strong>exordinet</strong></span> <span class='ocrx_word' id='word_1_797' title='bbox 2604 5070 2617 5091; x_wconf 92' lang='lat'><strong>,</strong></span> <span class='ocrx_word' id='word_1_798' title='bbox 2651 5040 2750 5081; x_wconf 84' lang='lat' dir='ltr'><strong>nec</strong></span> <span class='ocrx_word' id='word_1_799' title='bbox 2788 5015 2975 5078; x_wconf 72' lang='lat' dir='ltr'><strong>contra</strong></span> <span class='ocrx_word' id='word_1_800' title='bbox 3007 5017 3228 5090; x_wconf 87' lang='lat' dir='ltr'><strong>regulas</strong></span> <span class='ocrx_word' id='word_1_801' title='bbox 3257 5015 3325 5070; x_wconf 88' lang='lat' dir='ltr'><strong>ab</strong></span> <span class='ocrx_word' id='word_1_802' title='bbox 3355 5011 3534 5071; x_wconf 79' lang='lat' dir='ltr'><strong>oﬂicio</strong></span> <span class='ocrx_word' id='word_1_803' title='bbox 3574 5011 3874 5068; x_wconf 67' lang='lat' dir='ltr'><strong>submovet:</strong></span> 
     </span>
    </p>
   </div>
   <div class='ocr_carea' id='block_1_108' title="bbox 2305 5102 3874 5193">
    <p class='ocr_par' dir='ltr' id='par_1_108' title="bbox 2305 5102 3874 5193">
     <span class='ocr_line' id='line_1_112' title="bbox 2305 5102 3874 5193; baseline -0.017 -13"><span class='ocrx_word' id='word_1_804' title='bbox 2305 5119 2386 5180; x_wconf 88' lang='lat' dir='ltr'><strong>vel</strong></span> <span class='ocrx_word' id='word_1_805' title='bbox 2416 5107 2712 5193; x_wconf 71' lang='lat' dir='ltr'><strong>srrSpendat</strong></span> <span class='ocrx_word' id='word_1_806' title='bbox 2745 5133 2757 5170; x_wconf 92' lang='lat'>:</span> <span class='ocrx_word' id='word_1_807' title='bbox 2791 5123 2845 5172; x_wconf 89' lang='lat' dir='ltr'><strong>et</strong></span> <span class='ocrx_word' id='word_1_808' title='bbox 2869 5115 3072 5169; x_wconf 89' lang='lat' dir='ltr'><strong>ibidem</strong></span> <span class='ocrx_word' id='word_1_809' title='bbox 3121 5108 3492 5177; x_wconf 87' lang='lat' dir='ltr'><strong>subsequitur,</strong></span> <span class='ocrx_word' id='word_1_810' title='bbox 3535 5102 3755 5175; x_wconf 81' lang='lat' dir='ltr'><strong>singula</strong></span> <span class='ocrx_word' id='word_1_811' title='bbox 3789 5111 3874 5153; x_wconf 84' lang='lat' dir='ltr'><strong>suo</strong></span> 
     </span>
    </p>
   </div>
   <div class='ocr_carea' id='block_1_109' title="bbox 2300 5196 3873 5290">
    <p class='ocr_par' dir='ltr' id='par_1_109' title="bbox 2300 5196 3873 5290">
     <span class='ocr_line' id='line_1_113' title="bbox 2300 5196 3873 5290; baseline -0.018 -16"><span class='ocrx_word' id='word_1_812' title='bbox 2300 5217 2504 5290; x_wconf 90' lang='lat' dir='ltr'><strong>judicio</strong></span> <span class='ocrx_word' id='word_1_813' title='bbox 2541 5207 3004 5282; x_wconf 89' lang='lat' dir='ltr'><strong>comprehendat:</strong></span> <span class='ocrx_word' id='word_1_814' title='bbox 3034 5202 3244 5274; x_wconf 84' lang='lat' dir='ltr'><strong>singula</strong></span> <span class='ocrx_word' id='word_1_815' title='bbox 3292 5208 3476 5255; x_wconf 87' lang='lat' dir='ltr'><strong>autem</strong></span> <span class='ocrx_word' id='word_1_816' title='bbox 3525 5196 3664 5252; x_wconf 86' lang='lat' dir='ltr'><strong>dicit</strong></span> <span class='ocrx_word' id='word_1_817' title='bbox 3700 5201 3757 5248; x_wconf 83' lang='lat' dir='ltr'><strong>ut</strong></span> <span class='ocrx_word' id='word_1_818' title='bbox 3788 5203 3873 5246; x_wconf 80' lang='lat' dir='ltr'><strong>suo</strong></span> 
     </span>
    </p>
   </div>
   <div class='ocr_carea' id='block_1_110' title="bbox 2299 5281 3874 5384">
    <p class='ocr_par' dir='ltr' id='par_1_110' title="bbox 2299 5281 3874 5384">
     <span class='ocr_line' id='line_1_114' title="bbox 2299 5281 3874 5384; baseline -0.021 -17"><span class='ocrx_word' id='word_1_819' title='bbox 2299 5281 2503 5384; x_wconf 79' lang='lat' dir='ltr'><strong>judicio</strong></span> <span class='ocrx_word' id='word_1_820' title='bbox 2532 5281 2975 5374; x_wconf 80' lang='lat' dir='ltr'><strong>comprehendat,</strong></span> <span class='ocrx_word' id='word_1_821' title='bbox 3005 5305 3060 5353; x_wconf 92' lang='lat' dir='ltr'><strong>et</strong></span> <span class='ocrx_word' id='word_1_822' title='bbox 3091 5304 3200 5352; x_wconf 87' lang='lat' dir='ltr'><strong>n0n</strong></span> <span class='ocrx_word' id='word_1_823' title='bbox 3223 5307 3346 5364; x_wconf 73' lang='lat' dir='ltr'><strong>qua:</strong></span> <span class='ocrx_word' id='word_1_824' title='bbox 3371 5291 3437 5346; x_wconf 86' lang='lat' dir='ltr'><strong>ad</strong></span> <span class='ocrx_word' id='word_1_825' title='bbox 3467 5287 3774 5361; x_wconf 86' lang='lat' dir='ltr'><strong>generalem</strong></span> <span class='ocrx_word' id='word_1_826' title='bbox 3792 5281 3874 5336; x_wconf 89' lang='lat' dir='ltr'><strong>ob-</strong></span> 
     </span>
    </p>
   </div>
   <div class='ocr_carea' id='block_1_111' title="bbox 2303 5377 3873 5460">
    <p class='ocr_par' dir='ltr' id='par_1_111' title="bbox 2303 5377 3873 5460">
     <span class='ocr_line' id='line_1_115' title="bbox 2303 5377 3873 5460; baseline -0.02 -1"><span class='ocrx_word' id='word_1_827' title='bbox 2303 5403 2626 5460; x_wconf 84' lang='lat' dir='ltr'><strong>servantiam</strong></span> <span class='ocrx_word' id='word_1_828' title='bbox 2675 5394 2916 5452; x_wconf 90' lang='lat' dir='ltr'><strong>omnium</strong></span> <span class='ocrx_word' id='word_1_829' title='bbox 2946 5387 3160 5444; x_wconf 90' lang='lat' dir='ltr'><strong>Domini</strong></span> <span class='ocrx_word' id='word_1_830' title='bbox 3199 5383 3478 5456; x_wconf 82' lang='lat' dir='ltr'><strong>pertinent</strong></span> <span class='ocrx_word' id='word_1_831' title='bbox 3527 5377 3873 5436; x_wconf 79' lang='lat' dir='ltr'><strong>sacerdotum.</strong></span> 
     </span>
    </p>
   </div>
   <div class='ocr_carea' id='block_1_112' title="bbox 2301 5467 3874 5568">
    <p class='ocr_par' dir='ltr' id='par_1_112' title="bbox 2301 5467 3874 5568">
     <span class='ocr_line' id='line_1_116' title="bbox 2301 5467 3874 5568; baseline -0.022 -16"><span class='ocrx_word' id='word_1_832' title='bbox 2301 5513 2439 5568; x_wconf 59' lang='lat' dir='ltr'><strong>qtae,</strong></span> <span class='ocrx_word' id='word_1_833' title='bbox 2469 5503 2528 5548; x_wconf 88' lang='lat' dir='ltr'><strong>ut</strong></span> <span class='ocrx_word' id='word_1_834' title='bbox 2553 5491 2659 5545; x_wconf 88' lang='lat' dir='ltr'><strong>Leo</strong></span> <span class='ocrx_word' id='word_1_835' title='bbox 2683 5477 2840 5551; x_wconf 81' lang='lat' dir='ltr'><strong>dicit,</strong></span> <span class='ocrx_word' id='word_1_836' title='bbox 2873 5477 2988 5540; x_wconf 60' lang='lat' dir='ltr'><strong>sin’é</strong></span> <span class='ocrx_word' id='word_1_837' title='bbox 3011 5479 3344 5553; x_wconf 47' lang='lat' dir='ltr'><strong>primatibus</strong></span> <span class='ocrx_word' id='word_1_838' title='bbox 3388 5489 3498 5529; x_wconf 86' lang='lat' dir='ltr'><strong>non</strong></span> <span class='ocrx_word' id='word_1_839' title='bbox 3539 5475 3753 5544; x_wconf 78' lang='lat' dir='ltr'><strong>oportet</strong></span> <span class='ocrx_word' id='word_1_840' title='bbox 3785 5467 3874 5520; x_wconf 58' lang='lat' dir='ltr'><strong>imo</strong></span> 
     </span>
    </p>
   </div>
   <div class='ocr_carea' id='block_1_113' title="bbox 2299 5560 3873 5662">
    <p class='ocr_par' dir='ltr' id='par_1_113' title="bbox 2299 5560 3873 5662">
     <span class='ocr_line' id='line_1_117' title="bbox 2299 5560 3873 5662; baseline -0.02 -18"><span class='ocrx_word' id='word_1_841' title='bbox 2299 5560 2456 5662; x_wconf 70' lang='lat' dir='ltr'><strong>pleri.</strong></span> <span class='ocrx_word' id='word_1_842' title='bbox 2479 5587 2547 5642; x_wconf 87' lang='lat' dir='ltr'><strong>Et</strong></span> <span class='ocrx_word' id='word_1_843' title='bbox 2569 5575 2681 5638; x_wconf 62' lang='lat' dir='ltr'><strong>seu</strong></span> <span class='ocrx_word' id='word_1_844' title='bbox 2706 5573 2961 5636; x_wconf 76' lang='lat' dir='ltr'><strong>claudere</strong></span> <span class='ocrx_word' id='word_1_845' title='bbox 2977 5575 3141 5656; x_wconf 60' lang='lat' dir='ltr'><strong>aures</strong></span> <span class='ocrx_word' id='word_1_846' title='bbox 3163 5569 3344 5628; x_wconf 81' lang='lat' dir='ltr'><strong>c&#39;ordis</strong></span> <span class='ocrx_word' id='word_1_847' title='bbox 3363 5568 3432 5623; x_wconf 87' lang='lat' dir='ltr'><strong>ad</strong></span> <span class='ocrx_word' id='word_1_848' title='bbox 3449 5566 3508 5622; x_wconf 84' lang='lat' dir='ltr'><strong>id</strong></span> <span class='ocrx_word' id='word_1_849' title='bbox 3527 5563 3673 5635; x_wconf 88' lang='lat' dir='ltr'><strong>quod</strong></span> <span class='ocrx_word' id='word_1_850' title='bbox 3694 5560 3873 5620; x_wconf 80' lang='lat' dir='ltr'><strong>ibidem</strong></span> 
     </span>
    </p>
   </div>
   <div class='ocr_carea' id='block_1_114' title="bbox 2303 5650 3876 5754">
    <p class='ocr_par' dir='ltr' id='par_1_114' title="bbox 2303 5650 3876 5754">
     <span class='ocr_line' id='line_1_118' title="bbox 2303 5650 3876 5754; baseline -0.022 -17"><span class='ocrx_word' id='word_1_851' title='bbox 2303 5650 2711 5754; x_wconf 75' lang='lat' dir='ltr'><strong>diligentissime</strong></span> <span class='ocrx_word' id='word_1_852' title='bbox 2740 5668 2939 5746; x_wconf 76' lang='lat' dir='ltr'><strong>dicitur</strong></span> <span class='ocrx_word' id='word_1_853' title='bbox 2966 5688 2979 5723; x_wconf 88' lang='lat'><strong>:</strong></span> <span class='ocrx_word' id='word_1_854' title='bbox 3016 5651 3425 5734; x_wconf 71' lang='lat' dir='ltr'><strong>Ubttsquisque,</strong></span> <span class='ocrx_word' id='word_1_855' title='bbox 3455 5655 3666 5727; x_wconf 63' lang='lat' dir='ltr'><strong>inquit,</strong></span> <span class='ocrx_word' id='word_1_856' title='bbox 3691 5650 3876 5722; x_wconf 80' lang='lat' dir='ltr'><strong>episco-</strong></span> 
     </span>
    </p>
   </div>
   <div class='ocr_carea' id='block_1_115' title="bbox 2301 5743 3876 5849">
    <p class='ocr_par' dir='ltr' id='par_1_115' title="bbox 2301 5743 3876 5849">
     <span class='ocr_line' id='line_1_119' title="bbox 2301 5743 3876 5849; baseline -0.025 -18"><span class='ocrx_word' id='word_1_857' title='bbox 2301 5743 2622 5849; x_wconf 46' lang='lat' dir='ltr'><strong>puéviiiti‘é’it</strong></span> <span class='ocrx_word' id='word_1_858' title='bbox 2643 5755 2752 5822; x_wconf 64' lang='lat' dir='ltr'><strong>stite</strong></span> <span class='ocrx_word' id='word_1_859' title='bbox 2766 5743 3052 5834; x_wconf 68' lang='lat' dir='ltr'><strong>‘phré&#39;chia:</strong></span> <span class='ocrx_word' id='word_1_860' title='bbox 3080 5761 3434 5830; x_wconf 67' lang='lat' dir='ltr'><strong>pateStatem,</strong></span> <span class='ocrx_word' id='word_1_861' title='bbox 3467 5759 3528 5804; x_wconf 91' lang='lat' dir='ltr'><strong>ut</strong></span> <span class='ocrx_word' id='word_1_862' title='bbox 3552 5747 3706 5818; x_wconf 67' lang='lat' dir='ltr'><strong>negat</strong></span> <span class='ocrx_word' id='word_1_863' title='bbox 3737 5743 3876 5814; x_wconf 72' lang='lat' dir='ltr'><strong>juxta</strong></span> 
     </span>
    </p>
   </div>
   <div class='ocr_carea' id='block_1_116' title="bbox 2303 5838 3878 5932">
    <p class='ocr_par' dir='ltr' id='par_1_116' title="bbox 2303 5838 3878 5932">
     <span class='ocr_line' id='line_1_120' title="bbox 2303 5838 3878 5932; baseline -0.024 -9"><span class='ocrx_word' id='word_1_864' title='bbox 2303 5847 2664 5924; x_wconf 61' lang='lat' dir='ltr'><strong>reverentiam</strong></span> <span class='ocrx_word' id='word_1_865' title='bbox 2701 5854 2926 5932; x_wconf 87' lang='lat' dir='ltr'><strong>singulis</strong></span> <span class='ocrx_word' id='word_1_866' title='bbox 2962 5856 3378 5921; x_wconf 86' lang='lat' dir='ltr'><strong>competentem.</strong></span> <span class='ocrx_word' id='word_1_867' title='bbox 3426 5838 3662 5898; x_wconf 83' lang='lat' dir='ltr'><strong>Proinde</strong></span> <span class='ocrx_word' id='word_1_868' title='bbox 3699 5841 3878 5889; x_wconf 77' lang='lat' dir='ltr'><strong>cavere</strong></span> 
     </span>
    </p>
   </div>
   <div class='ocr_carea' id='block_1_117' title="bbox 2307 5929 3877 6017">
    <p class='ocr_par' dir='ltr' id='par_1_117' title="bbox 2307 5929 3877 6017">
     <span class='ocr_line' id='line_1_121' title="bbox 2307 5929 3877 6017; baseline -0.025 0"><span class='ocrx_word' id='word_1_869' title='bbox 2307 5959 2571 6017; x_wconf 84' lang='lat' dir='ltr'><strong>debueras</strong></span> <span class='ocrx_word' id='word_1_870' title='bbox 2617 5967 2686 6007; x_wconf 90' lang='lat' dir='ltr'><strong>ne</strong></span> <span class='ocrx_word' id='word_1_871' title='bbox 2715 5929 2976 6007; x_wconf 83' lang='lat' dir='ltr'><strong>concessa</strong></span> <span class='ocrx_word' id='word_1_872' title='bbox 3020 5943 3118 6000; x_wconf 90' lang='lat' dir='ltr'><strong>tibi</strong></span> <span class='ocrx_word' id='word_1_873' title='bbox 3161 5949 3268 5996; x_wconf 69' lang='lat' dir='ltr'><strong>tua:</strong></span> <span class='ocrx_word' id='word_1_874' title='bbox 3303 5934 3585 6010; x_wconf 67' lang='lat' dir='ltr'><strong>parochim</strong></span> <span class='ocrx_word' id='word_1_875' title='bbox 3625 5929 3877 6001; x_wconf 76' lang='lat' dir='ltr'><strong>potestate</strong></span> 
     </span>
    </p>
   </div>
  </div>
