3948 5376
513 319 620 375 527

1518 316 1847 374 HINCMARI
1887 317 2283 376 RHEMENSIS
2318 316 2839 378 ARCHIEPISCOPI
3714 324 3804 381 993

517 432 959 504 mortuiloquens
974 430 1124 500 dicit,
1148 431 1274 500 quia
1292 431 1407 488 illos
1428 447 1527 488 nos
1540 433 1796 490 debemus
1809 450 1906 506 per
1927 445 2110 506 pasto-
2143 439 2197 499 Α
2215 435 2344 490 mihi
2405 437 2668 491 ministrat
2719 452 2802 490 me
2836 423 3086 507 sequatur
3110 436 3132 510 (
3153 437 3313 493 Joan.
3346 433 3476 508 xu),
3503 434 3563 492 id
3621 447 3710 494 est
3733 457 3806 498 me

519 527 688 581 ralem
721 525 1100 580 auctoritatem
1135 523 1364 590 solvere,
1387 540 1520 593 quos
1547 535 1820 582 auctorem
1863 536 2109 583 nostrum

2220 526 2499 592 imitetur;
2535 526 2601 581 de
2631 541 2737 596 quo
2793 526 3056 598 scriptum
3117 535 3244 583 est:
3301 526 3440 594 Qua:
3469 530 3629 600 ccepi:
3660 529 3802 586 Iesus

513 617 892 688 cognoscimus
908 630 1003 684 per
1030 615 1382 684 suscitantem
1406 616 1631 685 gratiam
1660 618 1954 674 viviﬁcare.
1979 619 2111 686 Quas
2215 615 2408 684 facere,
2440 624 2487 669 et
2505 615 2689 671 docere
2719 615 2857 688 (Act.
2891 614 2950 687 I).
2981 616 3075 686 qui
3096 615 3224 671 fecit
3245 626 3303 672 et
3326 618 3542 684 docuit,
3564 634 3689 688 Quae
3721 621 3803 677 tibi

517 708 771 761 nin'iirum
807 705 1098 760 viviﬁcatio
1124 715 1248 760 ante
1280 708 1647 776 operationem
1670 709 2007 764 rectitudinis
2054 711 2106 764 in

514 801 628 868 ipsa
637 797 749 865 jam
765 799 1112 870 cognoscitur
1123 798 1462 853 confessione
1476 799 1903 869 peccati.Veniat
1923 801 2106 871 itaque

511 889 662 944 foras
687 899 953 955 mortuus,
979 889 1130 946 idest
1152 889 1362 960 culpam
1391 891 1712 947 conﬁteatur
1730 903 1999 962 peccator,
2022 910 2107 950 ve-

507 983 745 1039 nientem
759 998 890 1038 vero
903 982 1049 1039 foras
1063 983 1274 1038 solvant
1288 984 1559 1055 discipuli,
1583 994 1641 1039 ut
1661 994 1906 1054 pastores
1920 987 2106 1043 Eccle-

509 1078 605 1130 siae
619 1076 668 1130 ei
692 1090 908 1146 poenam
933 1076 1165 1131 debeant
1185 1091 1436 1132 amovere
1456 1093 1616 1148 quam
1640 1080 1856 1144 meruit,
1877 1082 1966 1150 qui
1994 1097 2103 1136 non

503 1168 721 1223 erubuit
765 1167 1014 1224 conﬁteri
1063 1170 1206 1239 quod
1237 1169 1384 1224 fecit.
1418 1169 1484 1224 Et
1513 1170 1578 1225 de
1603 1185 1850 1240 corpore,
1885 1187 1949 1226 ac
1975 1187 2101 1227 san-

505 1261 668 1332 guine
703 1277 824 1328 suo,
871 1261 925 1315 in
981 1263 1180 1332 quibus
1218 1263 1366 1318 salus
1388 1262 1694 1318 animarum
1725 1276 1780 1319 et
1811 1279 2099 1336 corporum

503 1363 814 1409 nostrorum
859 1355 1128 1420 consistit,
1160 1355 1421 1411 Dominus
1475 1355 1606 1411 dicit
1635 1372 1649 1410 :
1683 1356 1786 1423 Qui
1809 1359 2096 1414 manducat

504 1464 674 1501 meum
701 1464 932 1515 carnem,
969 1457 1017 1503 et
1046 1448 1169 1502 bibit
1197 1465 1368 1504 meum
1414 1451 1722 1520 sanguinem
1762 1451 1911 1506 habet
1941 1452 2096 1506 vitam

504 1550 775 1607 (sternam,
829 1551 877 1596 et
932 1558 1025 1612 ego
1083 1543 1402 1597 resuscitabo
1453 1559 1572 1597 eum
1622 1543 1679 1596 in
1709 1544 1987 1599 novissimo
2013 1544 2098 1598 die

501 1631 686 1702 (Joan.
711 1633 812 1705 vi).
842 1632 973 1700 Qua.-
1011 1634 1353 1689 resuscitatio
1393 1634 1625 1690 discreta
1675 1636 1781 1690 erit
1812 1638 1882 1692 ab
1906 1651 2096 1692 eorum

501 1725 914 1780 resuscitationc
937 1727 1027 1795 qui
1053 1742 1160 1782 non
1185 1727 1515 1782 manducant
1541 1742 1765 1784 carnem
1798 1729 1894 1784 ﬁlii
1925 1730 2098 1785 homi-

2213 705 2270 760 in
2320 715 2531 760 tuarum
2580 706 2902 777 injuriarum
2934 707 3283 763 tribulatione
3339 709 3625 780 agendum
3657 721 3710 766 et
3729 713 3802 780 ju-

2211 796 2443 851 bendum
2466 797 2644 852 fuerat
2674 815 2688 852 :
2718 813 2843 853 nam
2871 799 3186 856 imminente
3216 816 3330 856 suae
3376 803 3660 872 passionis
3689 807 3799 861 arti-

2209 886 2333 958 culo
2362 903 2460 958 pro
2506 905 2565 944 se
2587 898 2644 944 et
2670 905 2771 960 pro
2797 891 2931 956 suis,
2963 891 3057 947 sed
3086 900 3140 945 et
3166 907 3264 962 pro
3305 894 3391 948 his
3423 896 3522 965 qui
3552 897 3798 954 credituri

2209 991 2365 1036 erant
2391 998 2488 1053 per
2511 985 2734 1040 verbum
2761 985 3020 1041 eorumin
3041 1001 3187 1051 eum,
3215 986 3439 1042 Patrem
3487 991 3677 1045 oravit
3724 1008 3797 1048 se-

2207 1077 2442 1131 cundum
2480 1078 2870 1135 humanitatem
2923 1080 3014 1149 qui
3064 1080 3247 1136 omnia
3275 1081 3553 1137 donorum
3587 1098 3798 1139 munera

2207 1165 2435 1238 largitur
2461 1183 2584 1224 cum
2611 1169 2772 1226 Patre
2795 1171 3093 1228 divinitatis
3113 1173 3443 1244 aequalitate.
3470 1174 3651 1244 thui
3675 1192 3795 1246 pra-

2204 1257 2348 1328 cepit
2375 1257 2655 1329 discipulis
2706 1261 2819 1316 suis
2863 1261 3050 1317 dicens
3077 1281 3088 1316 :
3121 1262 3286 1317 Orate
3316 1281 3413 1332 pro
3442 1269 3795 1336 persequuti-

2203 1345 2297 1400 bus
2345 1357 2395 1401 et
2431 1347 2873 1405 calumniantibus
2903 1368 3013 1416 vos,
3047 1361 3104 1406 ut
3130 1353 3245 1407 sitis
3296 1353 3396 1421 ﬁlii
3437 1353 3630 1410 Patris
3660 1358 3796 1411 vestri

2201 1439 2292 1508 qui
2340 1440 2397 1492 in
2451 1440 2590 1494 cazlis
2626 1451 2701 1495 est
2733 1441 2949 1512 (Matth.
2988 1459 3051 1506 v;
3095 1443 3227 1499 Luc.
3258 1447 3356 1517 νι),
3380 1447 3438 1502 in
3477 1464 3650 1506 cruce
3698 1466 3791 1506 non

2201 1529 2376 1584 solum
2422 1545 2522 1601 pro
2569 1532 2683 1587 suis
2736 1536 3201 1603 persecutoribus,
3234 1552 3423 1593 verum
3455 1549 3512 1595 et
3542 1555 3647 1612 pro
3695 1543 3792 1597 suis

2201 1621 2638 1681 interfectoribus
2661 1627 2926 1693 exoravit,
2950 1636 3006 1683 et
3040 1644 3187 1684 nunc
3207 1630 3406 1686 sedens
3425 1633 3497 1687 ad
3517 1634 3791 1689 dexteram

2201 1716 2379 1772 Patris
2408 1717 2716 1789 interpellat
2745 1735 2844 1790 pro
2869 1721 3044 1778 nobis.
3088 1720 3259 1779 Iussit
3305 1725 3472 1781 etiam
3523 1727 3791 1798 discipulis

499 1816 606 1879 nis,
645 1824 700 1870 et
727 1831 833 1870 non
861 1817 1052 1871 bibunt
1089 1817 1206 1886 ejus
1252 1819 1588 1888 sanguinem,
1620 1833 1684 1874 ac
1728 1833 1828 1890 per
1853 1821 1956 1875 hoc
1986 1834 2096 1874 non
2126 1799 2174 1859 Β
2203 1809 2316 1864 Silis
2367 1818 2658 1879 δηιθαυδω
2705 1821 3004 1882 Pateretur,
3054 1828 3180 1870 cum
3227 1815 3454 1874 “idem
3481 1828 3543 1873 et
3579 1832 3790 1876 mm

501 1906 779 1960 habebunt
802 1906 987 1962 vitam.
1025 1906 1243 1963 Iussisti
1263 1910 1426 1964 etiam
1457 1911 1749 1966 maximam
1794 1911 2097 1967 inhumani-

501 2008 751 2054 tatemut
778 2013 939 2055 nemo
979 2008 1253 2055 mortuum
1280 2000 1332 2054 in
1376 2009 1465 2055 tua
1509 2003 1766 2071 parochia
1818 2003 2093 2072 sepeliret,

503 2107 626 2145 cum
660 2091 920 2146 Dominus
941 2106 1037 2162 per
1062 2093 1381 2162 prophetam
1413 2109 1613 2164 egenos
1639 2102 1695 2149 et
1729 2109 1892 2166 vagos
1915 2109 2097 2164 quem.

497 2198 604 2252 que
633 2183 685 2237 in
720 2184 938 2238 domum
958 2199 1111 2238 suam
1160 2184 1418 2239 inducere
1439 2185 1646 2253 jubeat,
1676 2194 1732 2242 et
1756 2186 2016 2242 Dominus
2041 2188 2093 2241 in

492 2273 698 2342 judicio
711 2273 877 2338 dicet,
897 2272 1097 2343 Hospes
1111 2273 1214 2342 fui,
1235 2284 1283 2328 et
1297 2275 1593 2344 suscepistis
1607 2291 1687 2329 me
1708 2273 1923 2345 (Matth.
1941 2277 2091 2346 xxv),

497 2374 552 2420 et
603 2373 654 2419 tu
706 2366 999 2435 hospitium
1057 2366 1110 2446 in
1160 2377 1344 2422 ventre
1396 2369 1636 2424 omnium
1660 2369 1850 2424 matris
1889 2369 2097 2425 scilicet

506 2466 665 2511 terra:
695 2457 926 2512 mortuis
952 2451 1207 2528 denegari
1223 2457 1457 2527 jussisti,
1481 2460 1547 2513 de
1573 2460 1770 2529 quibus
1822 2471 2093 2532 praecepta

496 2548 808 2621 evangelica
850 2558 1012 2619 atque
1065 2551 1378 2620 apostolica,
1409 2560 1464 2606 et
1512 2561 1826 2606 sanctorum
1873 2551 2093 2607 decreta

499 2643 592 2697 tibi
621 2643 816 2707 direxi,
841 2659 960 2713 qum
986 2642 1125 2698 sicut
1166 2643 1298 2698 mihi
1346 2657 1453 2698 non
1485 2643 1691 2698 incerta
1721 2642 1982 2698 relatione
2009 2659 2094 2698 re-

498 2736 812 2790 nunciatum
839 2743 921 2790 est
950 2735 1234 2805 suscepisti
1265 2735 1481 2805 quidem
1515 2735 1625 2800 illa,
1654 2736 1748 2790 sed
1794 2736 1972 2803 legere
1993 2749 2092 2790 no-

497 2826 667 2892 luisti,
698 2843 821 2883 cnm
853 2828 997 2882 dicat
1021 2827 1311 2898 Apostolus
1343 2847 1355 2882 :
1385 2829 1720 2900 Qutecunque
1750 2831 1944 2900 scripta
1973 2837 2092 2883 sunt

495 2919 564 2972 ad
593 2929 824 2973 nostram
849 2920 1143 2974 doctrinam
1169 2921 1362 2988 scripta
1390 2930 1530 2983 sunt,
1566 2931 1620 2973 ut
1641 2937 1735 2990 per
1778 2920 2092 2976 consolatio-

497 3025 614 3062 nem
647 3009 1041 3080 Scripturarum
1077 3026 1216 3078 spem
1268 3010 1550 3065 habeamus
1603 3009 1777 3080 (Rom.
1833 3016 1923 3084 xv)
1958 3031 1970 3066 :
2000 3013 2091 3082 qui

493 3101 641 3156 enim
666 3101 966 3156 doctrinam
997 3110 1052 3156 et
1075 3099 1499 3155 consolationem
1542 3099 1944 3170 Scripturarum
1995 3101 2090 3156 ab-

2206 1909 2350 1956 esset
2376 1917 2544 1971 usque
2575 1904 2644 1958 ad
2695 1914 2946 1972 mortem,
2981 1915 3040 1962 ut
3064 1919 3286 1966 orarent
3340 1927 3410 1967 ne
3451 1912 3508 1968 in
3555 1917 3790 1970 tentatio-

2202 2006 2326 2046 nem
2363 1993 2648 2049 intrarent.
2676 1993 2745 2050 Et
2765 1997 2906 2052 sicut
2934 1998 3181 2069 legimus,
3217 1999 3405 2056 Oratio
3431 2003 3598 2072 ﬁebat
3621 2008 3685 2059 ab
3713 2024 3784 2060 εί·

2200 2080 2358 2135 clesia
2389 2081 2527 2153 (Act.
2552 2085 2652 2155 xu)
2683 2099 2781 2154 pro
2804 2085 2967 2142 Petro
3003 2088 3214 2144 recluso
3242 2091 3299 2144 in
3322 2107 3554 2148 carcere
3603 2105 3658 2150 et
3685 2098 3785 2150 vie-

2199 2179 2287 2225 cto
2315 2173 2522 2228 catenis
2543 2174 2782 2242 duabus;
2815 2178 2908 2231 sed
2935 2185 2992 2231 et
3023 2177 3218 2235 Petrus
3245 2183 3450 2248 oravit,
3478 2185 3624 2239 sicut
3663 2186 3782 2256 legi-

2198 2277 2342 2329 mus,
2403 2278 2502 2332 pro
2547 2264 2811 2320 Ecclesia.
2846 2265 3042 2324 Paulus
3071 2286 3290 2340 quoque
3315 2272 3372 2326 in
3398 2278 3782 2342 persecutioni-

2197 2353 2320 2420 bus,
2353 2353 2408 2409 in
2431 2357 2762 2425 carceribus,
2794 2359 2851 2413 in
2877 2360 3106 2416 vinculis
3134 2371 3298 2435 atque
3322 2368 3540 2422 catenis
3565 2372 3778 2440 positus,

2199 2445 2344 2500 sicut
2374 2447 2625 2518 legimus,
2657 2465 2800 2520 saape
2820 2453 2888 2507 ab
2910 2452 3151 2510 Ecclesia
3179 2457 3326 2511 orari
3355 2462 3611 2530 poposcit
3648 2472 3704 2516 ut
3728 2463 3782 2516 li-

2197 2537 2490 2592 beraretur
2531 2541 2600 2593 ab
2626 2540 2933 2598 inﬁdelibus
2965 2554 3020 2599 et
3046 2545 3373 2615 importunis
3403 2566 3472 2605 ac
3512 2553 3665 2607 malis
3694 2554 3782 2608 ho-

2197 2629 2452 2695 minibus,
2479 2631 2574 2685 sed
2602 2642 2659 2685 et
2699 2631 2812 2700 ipse
2857 2635 3035 2689 oravit
3093 2653 3191 2707 pro
3243 2639 3517 2696 Ecclesia.
3566 2644 3780 2700 lacubus

2197 2719 2473 2789 apostolus
2532 2722 2899 2793 praecipitatus
2946 2725 3011 2780 tle
3056 2727 3348 2796 pinnaculo
3403 2735 3614 2804 templi,
3644 2737 3782 2791 ﬂexis

2197 2810 2423 2880 genibus
2453 2814 2628 2866 oravit
2671 2829 2770 2884 pro
2796 2816 2908 2870 suis
2937 2818 3292 2876 oceisoribus.
3323 2822 3395 2878 Et
3439 2826 3633 2883 beatus
3671 2828 3781 2883 Ste-

2195 2904 2408 2973 phanus
2445 2907 2636 2975 positis
2664 2909 2892 2977 genibus
2919 2912 3092 2966 oravit
3132 2929 3231 2983 pro
3282 2930 3342 2970 se
3400 2917 3774 2988 lapidanlibus.

2197 2995 2262 3050 Et
2293 2996 2582 3066 Apostolus
2601 3000 2666 3054 de
2695 3000 2999 3071 hujusmodi
3030 3003 3254 3073 loquens
3277 3009 3410 3064 dicit
3445 3012 3782 3078 nobiszoso-

2197 3108 2314 3146 rum
2338 3093 2594 3149 intuentes
2618 3097 2818 3150 exitum
2849 3102 3279 3168 conversationis,
3308 3107 3605 3161 imitamini
3633 3109 3777 3176 ﬁdem

495 3193 637 3259 nuit,
695 3208 846 3262 spem
899 3193 1089 3248 salutis
1141 3209 1198 3248 se
1251 3208 1357 3248 non
1413 3193 1616 3249 habere
1652 3169 1930 3248 ostendit:
1961 3209 2088 3248 nam
2117 3169 2163 3231 Ο
2195 3182 2352 3254 (Πεθι
2388 3187 2617 3256 Χ111)οΕι
2644 3189 2771 3243 item
2797 3189 3030 3247 Iacobus
3068 3196 3346 3263 apostolus
3392 3198 3567 3254 dicit:
3605 3169 3782 3253 frtun-

492 3285 689 3340 beatus
743 3285 980 3340 Joannes
1029 3285 1304 3354 apostolus
1346 3301 1377 3339 a
1417 3284 1725 3340 Domitiano
1762 3286 2006 3356 principe
2034 3287 2090 3340 in

496 3377 728 3432 Patluno
749 3377 921 3434 insula
949 3378 1312 3450 relegatus,et
1333 3378 1569 3432 humana
1595 3379 1965 3434 consolatione
1993 3380 2089 3434 de-

497 3469 739 3535 stitutus,
764 3468 1190 3525 consolationem
1247 3469 1595 3525 revelationis
1642 3485 1802 3540 quam
1833 3471 2092 3527 divinitus

497 3569 781 3632 acceperat
805 3561 860 3615 in
885 3562 1073 3618 eodem
1095 3560 1285 3618 exsilio
1309 3576 1372 3617 ac
1404 3559 1732 3633 relegatione
1760 3578 1922 3618 manu
1969 3580 2090 3632 pro-

493 3655 615 3724 pria
665 3655 906 3725 scripsit,
935 3664 988 3710 et
1039 3655 1108 3711 ad
1152 3654 1424 3711 Ecclesias
1455 3655 1648 3724 quibus
1693 3655 1891 3711 missus
1918 3656 2094 3711 fuerat

494 3746 814 3816 praedicare,
860 3744 1077 3801 direxit.
1123 3744 1189 3798 Et
1241 3754 1463 3801 sanctus
1490 3745 1688 3801 Paulus
1718 3747 1995 3816 apostolus
2024 3749 2091 3802 ad

496 3839 844 3895 Timotheum
867 3840 1112 3894 scribens
1147 3839 1279 3893 dicit
1315 3857 1326 3892 :
1362 3839 1566 3894 Memor
1597 3851 1704 3894 esto
1724 3839 1908 3894 Iesum
1933 3839 2090 3894 Chri-

494 3942 633 3984 stum
670 3930 1017 3983 resurrexisse
1049 3947 1080 3982 a
1110 3930 1332 3982 mortuis
1361 3947 1424 3983 ea;
1450 3933 1644 3984 semine
1697 3931 1868 3984 David
1903 3949 2090 3985 seomi-

496 4027 624 4078 dum
660 4022 1003 4093 Evangelium
1031 4037 1227 4086 meum,
1264 4024 1317 4075 in
1340 4038 1442 4092 quo
1471 4021 1649 4076 laboro
1694 4039 1856 4093 usque
1882 4024 1950 4077 ad
1979 4025 2093 4078 vin-

497 4115 620 4170 cula
647 4114 801 4185 quasi
830 4111 970 4167 mala
1003 4128 1244 4184 operans,
1271 4111 1360 4166 sed
1387 4111 1594 4165 verbum
1615 4111 1714 4165 Dei
1750 4128 1853 4166 non
1888 4121 1966 4167 est
2007 4114 2091 4167 al-

496 4207 760 4278 ligatum:
791 4206 908 4261 ideo
962 4207 1138 4262 omnia
1184 4206 1414 4260 sustineo
1461 4215 1672 4276 propter
1713 4205 1922 4275 electos,
1959 4217 2014 4261 ut
2045 4217 2093 4262 et

495 4299 597 4367 ipsi
623 4297 846 4354 salutent
868 4307 1249 4370 consequantur
1275 4315 1391 4368 qua:
1417 4308 1492 4351 est
1515 4299 1568 4352 in
1594 4296 1800 4352 Christo
1827 4298 1954 4354 Iesu
1973 4316 2092 4354 cum

497 4392 668 4462 gloria
699 4392 889 4448 caelesti
919 4392 1003 4464 (II
1038 4391 1171 4445 Tim.
1207 4391 1289 4462 It).

567 4481 636 4535 Et
661 4491 735 4545 tu,
763 4483 927 4538 frater
953 4481 1292 4547 charissime,
1326 4498 1433 4558 non
1454 4482 1625 4539 solum
1653 4501 1716 4540 ca
1763 4485 1942 4555 legere
1967 4503 2088 4557 qua:

497 4572 594 4627 tibi
623 4573 766 4638 misi,
789 4583 846 4628 et
888 4575 1021 4629 mihi
1047 4576 1372 4645 respondere
1415 4593 1537 4648 cum
1566 4593 1754 4647 posses
1783 4579 2045 4634 debueras
2069 4597 2084 4645 ;

497 4679 685 4718 verum
720 4671 774 4717 et
813 4664 1089 4720 ministros
1118 4665 1373 4721 Ecclesia:
1428 4667 1522 4721 tibi
1551 4668 1854 4723 commissae
1891 4670 2088 4738 quibus

497 4757 673 4812 modis
702 4771 888 4826 posses
900 4757 1163 4812 debueras
1192 4773 1297 4812 non
1320 4759 1879 4835 excommunicatione
1899 4760 2086 4830 ligare,

498 4851 592 4906 sed
636 4849 904 4906 consolari
932 4859 986 4905 et
1030 4851 1306 4905 adhortari
1337 4861 1395 4906 nt
1441 4853 1493 4906 in
1525 4852 1707 4908 divino
1765 4853 2001 4916 servitio,
2034 4863 2087 4907 et

499 4945 714 5000 assidua
735 4945 1000 5010 oratione,
1029 4953 1084 4998 et
1126 4945 1421 5001 salvatione
1459 4945 1638 5016 populi
1683 4946 1776 5000 tibi
1811 4947 2082 5002 commissi

498 5035 747 5092 laborare
767 5037 1067 5092 studerent.
1095 5035 1163 5090 Et
1180 5037 1225 5090 si
1260 5052 1344 5090 me
1365 5037 1523 5106 digne
1548 5047 1770 5106 propter
1797 5038 2087 5110 indignita-

501 5135 610 5182 tem
638 5145 812 5184 meam
842 5128 1094 5198 despicis,
1124 5136 1303 5182 tamen
1349 5127 1726 5197 professionis,
1759 5144 1821 5184 ac
1852 5131 2088 5188 subscri-

498 5217 698 5284 ptionis
721 5227 825 5273 tua:
854 5233 1062 5274 memor
1087 5231 1194 5273 non
1217 5218 1480 5272 debueras
1507 5217 1558 5270 in
1591 5217 1946 5289 qualicunque
1975 5235 2088 5276 me-

507 5308 828 5376 tropolitano
846 5317 937 5364 tuo
951 5309 1188 5364 debitam
1216 5308 1581 5364 obedientiam
1606 5309 1892 5376 denegare,
1921 5327 2084 5376 quam

2198 3289 2286 3332 tur
2313 3279 2508 3350 aliquis
2546 3290 2796 3349 vestrum,
2825 3296 2932 3337 oret
2956 3286 3133 3340 animo
3169 3305 3344 3358 (equo,
3373 3301 3422 3344 et
3446 3293 3674 3360 psallat;
3693 3302 3781 3347 et:

2197 3371 2360 3427 Orate
2412 3389 2509 3442 pro
2540 3374 2758 3428 invicem
2791 3385 2844 3429 ut
2889 3375 3161 3432 saluemini
3187 3381 3328 3451 (Jac.
3358 3384 3414 3453 v)
3447 3401 3463 3439 :
3496 3399 3667 3454 genus
3709 3395 3787 3439 est

2195 3464 2339 3520 enim
2374 3481 2481 3520 non
2533 3468 2984 3524 contemnendum
3038 3472 3406 3528 exauditionis
3441 3491 3563 3529 cum
3613 3475 3788 3531 cordis

2195 3559 2520 3617 contritione
2540 3562 2607 3617 ad
2636 3563 2920 3618 Dominum
2949 3563 3190 3622 clamare
3212 3568 3269 3622 in
3299 3567 3651 3632 tribulatione,
3677 3570 3788 3624 sic-

2193 3658 2254 3705 ut
2291 3651 2550 3722 scriptum
2577 3662 2662 3710 est
2686 3672 2699 3708 :
2725 3655 2806 3708 Ad
2820 3655 3104 3712 Dominum
3129 3675 3248 3712 cum
3271 3661 3551 3715 tribularer
3571 3661 3790 3716 clamari

2194 3755 2241 3798 et
2263 3747 2527 3801 exaudivit
2548 3763 2629 3801 me
2653 3745 2822 3818 (Psal.
2851 3749 3019 3819 cxrx).

2269 3835 2347 3891 Tu
2395 3846 2574 3891 autem
2625 3847 2813 3893 contra
2868 3841 2983 3896 haec
3021 3856 3193 3898 novus
3240 3842 3459 3913 doctor,
3495 3844 3608 3902 imo
3627 3861 3783 3902 novus

2196 3937 2551 3998 prznsumptor
2589 3929 2899 3997 injuriatus,
2933 3931 3176 3998 missam,
3210 3943 3269 3988 ut
3297 3935 3511 4000 audivi,
3566 3953 3670 3991 non
3710 3938 3781 3991 vis

2197 4027 2442 4082 cantare,
2469 4033 2568 4073 nec
2591 4019 2756 4072 etiam
2783 4020 2991 4086 audire,
3017 4030 3072 4076 et
3094 4024 3250 4093 quasi
3287 4025 3527 4081 aliorum
3549 4027 3778 4082 oratione

2196 4123 2303 4162 non
2334 4107 2577 4178 indigens
2607 4110 2822 4165 vetuisti
2860 4128 2957 4182 pro
2985 4121 3052 4177 te,
3074 4123 3127 4168 ct
3148 4130 3321 4184 prose
3344 4133 3515 4174 orare
3535 4119 3631 4174 tibi
3644 4135 3780 4174 anno

2185 4200 2418 4255 missam
2467 4199 2788 4267 Ecclesiam,
2843 4212 2898 4257 et
2946 4219 3112 4259 causa
3161 4216 3268 4262 tuae
3309 4208 3532 4278 injuriae
3582 4212 3777 4279 iussisti

2195 4290 2412 4348 Ghristo
2460 4291 2516 4346 in
2568 4294 2828 4349 membris
2861 4295 2994 4360 suis,
3022 4297 3114 4366 qui
3147 4299 3345 4355 sedens
3381 4302 3455 4356 ad
3515 4302 3779 4357 dexteram

2195 4383 2377 4438 Patris
2403 4384 2540 4440 dixit
2566 4383 2734 4440 Paulo
2763 4405 2776 4439 :
2808 4386 2949 4452 Quid
2978 4405 3058 4442 me
3083 4395 3412 4460 persequeris
3436 4394 3464 4446 1'
3485 4394 3642 4466 (Act.
3666 4412 3713 4449 ιι
3734 4403 3779 4449 et

2197 4476 2347 4546 xxvr)
2396 4474 2622 4545 injurias
2656 4477 2952 4546 importare
2987 4488 3041 4533 et
3063 4490 3294 4536 mortem
3325 4481 3554 4540 inferre.
3591 4484 3780 4540 Paulus

2193 4581 2408 4636 quoque
2453 4577 2506 4621 et
2544 4565 2688 4622 Silas
2714 4583 2943 4637 quorum
2986 4569 3164 4624 locum
3191 4581 3380 4629 tenere
3404 4575 3594 4642 debes,
3624 4577 3680 4631 in
3703 4591 3782 4630 ec-

2195 4657 2358 4713 clesia
2378 4658 2505 4714 caesi
2539 4659 2727 4730 virgis,
2753 4668 2806 4713 et
2841 4660 2992 4716 missi
3021 4663 3076 4717 in
3116 4661 3438 4721 interiorem
3485 4683 3775 4734 carcerem,

2193 4747 2359 4817 pedes
2407 4749 2670 4804 habentes
2707 4752 2926 4808 strictos
2957 4754 3012 4808 in
3041 4752 3210 4823 ligno,
3240 4758 3422 4813 media
3453 4770 3614 4816 nocte
3659 4762 3782 4816 ado-

2194 4849 2376 4896 rantes
2405 4840 2694 4897 laudabant
2726 4843 2919 4912 Deum,
2947 4854 3002 4901 et
3031 4847 3325 4904 audiebant
3349 4865 3446 4907 eos
3469 4854 3565 4922 qui
3607 4855 3661 4908 in
3693 4869 3784 4907 ω-

2192 4933 2368 4987 stodia
2397 4945 2574 4990 erant.
2605 4934 2799 4992 Subito
2825 4953 2953 4993 vero
3003 4947 3345 4999 tememotus
3366 4942 3547 5001 factus
3565 4945 3648 5002 est
3669 4963 3778 5000 ma-

2193 5039 2349 5092 gnus,
2386 5024 2462 5080 ita
2483 5035 2544 5080 ut
2565 5037 2912 5084 moverentur
2936 5029 3288 5105 fundamenta
3310 5036 3577 5102 carceris,
3603 5047 3659 5092 et
3675 5048 3782 5093 sta-

2195 5118 2288 5169 tim
2322 5126 2510 5187 aperta
2535 5130 2662 5174 sunt
2688 5123 2870 5176 omnia
2897 5123 3057 5188 ostia,
3086 5131 3139 5178 et
3169 5126 3559 5186 universorum
3574 5131 3779 5187 vincula

2190 5211 2363 5266 soluta
2391 5223 2535 5268 sunt.
2590 5213 3012 5286 Expergefactus
3044 5227 3222 5274 autem
3261 5231 3454 5280 custos
3497 5233 3557 5280 et
3598 5226 3784 5280 videas

2190 5291 2614 5374 apertasjanuas
2659 5309 3219 5374 carceris,evatzinato
3261 5308 3446 5372 gladio
3489 5315 3784 5374 volebatse
