3990 6300
236 402 360 459 529

234 622 374 662 rum
411 614 638 679 paterna
661 616 718 665 et
744 607 986 666 fraterna
1008 610 1297 670 dilectione
1317 620 1481 685 atque
1527 617 1849 673 auctoritate

234 698 690 771 metropolitana,
714 702 975 773 resipisce
1004 704 1072 761 ah
1106 705 1210 762 hac
1252 722 1416 779 prava
1441 708 1766 777 intentione,
1795 717 1853 766 et

233 794 592 849 concordans
642 796 933 867 praeceptis
964 798 1289 870 evangelicis
1317 809 1482 872 atque
1515 801 1846 872 apostolicis,

233 889 300 937 et
342 890 657 939 sanctorum
680 885 935 954 decretis,
964 902 1087 959 quas
1114 889 1212 944 tibi
1241 890 1296 945 in
1330 889 1501 947 altera
1533 892 1707 948 rotula
1738 893 1851 963 pri-

235 971 379 1028 dem
417 973 567 1039 misi,
589 988 698 1030 non
752 976 1063 1045 dedigneris
1117 979 1217 1046 eis,
1252 987 1306 1036 et
1353 996 1478 1037 cum
1506 982 1588 1038 eis
1616 992 1850 1054 patrono

236 1071 347 1119 tuo
379 1074 569 1120 sancto
593 1063 857 1139 Remigio,
886 1068 942 1122 in
974 1069 1128 1140 cujus
1158 1071 1306 1136 sede,
1335 1071 1463 1127 licet
1485 1074 1740 1146 indignus
1760 1090 1849 1131 se-

236 1157 375 1219 deo.
406 1157 590 1213 dicere
618 1160 761 1227 quod
784 1168 1003 1216 sanctus
1020 1162 1295 1231 apostolus
1318 1163 1518 1221 Paulus
1538 1165 1849 1222 dixitetiam

239 1248 372 1304 suis
398 1249 735 1306 minoribus:
761 1248 819 1306 Si
834 1255 919 1306 cui
942 1252 1144 1325 aliquid
1160 1256 1415 1321 donastis,
1443 1268 1491 1313 et
1508 1275 1600 1330 ego
1618 1258 1704 1331 (ΙΙ
1717 1258 1847 1333 (εον.

236 1353 281 1392 ιι
309 1338 363 1402 ).
389 1336 625 1407 Obaudi,
665 1334 917 1409 obSeero,
949 1345 1163 1401 illorum
1212 1349 1428 1404 decreta
1471 1351 1711 1408 salubria
1752 1369 1853 1425 per

239 1446 394 1502 quos
414 1431 623 1491 locutus
646 1445 731 1491 est
757 1436 1029 1503 Christus,
1062 1454 1150 1506 ne,
1179 1441 1321 1510 quod
1346 1443 1507 1510 absit,
1536 1445 1632 1500 tibi
1661 1446 1804 1502 dicat
1833 1465 1847 1502 :

241 1523 364 1591 Qui
397 1535 476 1579 est
527 1543 592 1580 ea:
623 1526 753 1593 Deo,
797 1531 947 1584 verba
996 1531 1093 1587 Dei
1140 1534 1308 1598 audit,
1340 1545 1615 1606 propterea
1634 1554 1724 1592 vos
1747 1555 1852 1594 non

241 1615 478 1680 auditis,
504 1617 628 1687 quia
654 1634 720 1672 ea:
736 1617 841 1674 Deo
864 1637 969 1675 non
990 1626 1113 1676 estis
1136 1622 1317 1695 (.Ioan.
1335 1625 1476 1696 VIII).
1496 1626 1848 1697 Pertimesce,

240 1724 404 1779 rogo,
423 1711 549 1782 quia
579 1722 802 1769 sanctus
829 1714 1196 1785 Innocentius,
1222 1720 1411 1775 beatus
1432 1720 1774 1790 Ambrosius,
1796 1732 1852 1780 et

240 1806 435 1858 atteri
492 1807 745 1862 catholici
802 1809 1054 1866 doctores
1111 1813 1223 1868 haec
1264 1828 1385 1884 quae
1404 1815 1615 1886 jussisti
1645 1818 1713 1873 de
1743 1832 1852 1873 non

466 490 471 507 τ
1047 406 1289 465 OPUSC.
1331 408 1421 466 ET
1449 409 1665 467 EPIST.
1709 411 1775 467 IN
1813 415 2041 476 CAUSA
2082 418 2416 479 HINCMARI
2454 422 2759 480 LAUDUN.
3302 472 3305 475 -

234 522 485 571 mortem
507 517 716 573 custodi
741 516 1023 589 impendit.
1044 516 1220 588 Unde,
1245 518 1435 586 frater,
1453 536 1647 579 moneo
1664 532 1716 578 te
1738 523 1841 579 ite-
1865 529 1922 589 Α
1944 537 2007 582 ιιι
2038 531 2412 602 praejudicium
2438 532 2535 589 tibi
2572 535 2657 590 vel
2682 536 2952 606 parochiae
3004 545 3107 594 tua':
3148 552 3256 594 non
3288 539 3543 607 inferam,

3439 431 3548 488 530

1952 621 2207 678 obaudio.
2236 622 2389 691 Quod
2419 626 2603 696 petisti
2642 636 2702 682 ut
2743 614 3007 697 judicium
3035 629 3132 686 tibi
3159 630 3245 685 vel
3267 633 3545 703 parochias

1956 720 2059 766 tuae
2083 727 2190 767 non
2214 712 2465 782 inferam,
2489 731 2595 772 non
2624 717 2857 773 obaudio
2884 732 2898 770 :
2923 719 3054 775 dicit
3091 721 3237 776 enim
3267 721 3544 791 Dominus

1950 817 2049 874 per
2075 805 2394 875 prophetam
2423 824 2435 860 :
2460 804 2521 862 Si
2562 808 2787 877 feceritis
2804 809 3067 879 judicium
3111 812 3251 868 inter
3283 814 3453 870 virum
3496 827 3549 874 et

1950 894 2249 961 proximum
2278 896 2393 964 ejus
2423 894 2639 966 (Ierem.
2668 895 2789 969 vn),
2832 905 2887 953 et
2911 898 3139 970 reliqua.
3169 901 3238 957 Et
3265 901 3548 974 Sapientia

1950 997 2050 1052 per
2074 982 2421 1040 Salomonem
2450 1002 2463 1039 :
2498 984 2641 1043 Erue
2687 1005 2773 1044 eos
2797 991 2887 1061 qui
2912 992 3181 1047 ducuntur
3205 994 3275 1048 ad
3302 980 3544 1064 mortem,

1951 1084 1999 1127 et
2026 1075 2116 1143 qui
2143 1075 2426 1130 trahuntur
2456 1078 2526 1132 ad
2551 1079 2818 1135 interitum
2876 1081 3097 1139 liberare
3122 1101 3186 1139 ne
3214 1102 3379 1142 cesses
3421 1086 3543 1158 (Pr.

1952 1167 2123 1232 xxw).
2152 1164 2305 1230 Quod
2360 1165 2489 1221 mihi
2519 1169 2825 1235 aDomino,
2877 1186 3038 1241 quem
3088 1188 3187 1229 suo
3237 1175 3443 1245 judicio
3491 1178 3548 1233 in

1952 1256 2367 1326 metropolitana
2394 1261 2521 1315 sede
2541 1260 2875 1318 Rhemorum
2898 1264 3190 1334 provincia:
3213 1268 3551 1324 constituere

1953 1348 2141 1415 voluit,
2172 1350 2404 1421 praecepi
2434 1352 2596 1405 audio
2616 1352 2682 1407 de
2709 1353 2793 1409 his
2818 1355 2908 1423 qui
2936 1363 3023 1408 tua
3063 1357 3425 1426 praeceptione
3450 1356 3553 1413 du-

1954 1447 2150 1493 cuntur
2197 1442 2265 1494 ad
2312 1450 2566 1507 mortem,
2595 1450 2650 1498 et
2701 1445 2990 1500 trahuntur
3037 1446 3105 1501 ad
3146 1446 3445 1502 interitum.
3481 1446 3552 1503 Et

1954 1530 2170 1585 decreta
2200 1530 2443 1598 Nicaena,
2468 1534 2611 1588 sicut
2633 1533 2892 1591 Africana
2922 1536 3158 1609 synodus
3191 1537 3438 1594 scribens
3482 1538 3551 1593 ad

1954 1618 2307 1676 C(elestinum
2340 1637 2536 1693 papam
2575 1625 2930 1688 demonstrat,
2964 1627 3078 1682 sive
3123 1626 3396 1684 inferioris
3426 1643 3554 1700 gra-

1955 1710 2056 1766 dus
2085 1711 2334 1780 clericos,
2363 1714 2479 1769 sive
2510 1716 2794 1787 episcopos
2818 1718 2964 1788 ipsos
2986 1720 3100 1776 suis
3121 1720 3557 1791 metropolitanis

1956 1806 2299 1874 apertissime
2320 1808 2729 1865 commiserunt.
2763 1811 2829 1865 Et
2856 1821 3078 1869 sanctus
3120 1814 3433 1871 Bonifacius
3465 1830 3558 1870 ca-

240 1894 612 1964 suscipiendis
654 1898 1046 1965 paenitentibus
1072 1902 1139 1956 ad
1174 1903 1547 1971 paenitentiam
1599 1906 1848 1963 haeresim

1962 1895 2189 1964 pitulum
2220 1895 2421 1951 Nicteni
2453 1900 2665 1955 concilii
2698 1916 2998 1972 exponens,
3024 1915 3146 1974 post
3170 1905 3274 1959 alia
3306 1904 3559 1961 diiiinivit

242 1986 443 2042 dicunt
465 2003 584 2042 esse
614 1987 805 2044 Novati
840 1992 1098 2048 haeretici.
1133 1994 1196 2050 Et
1220 2010 1324 2051 non
1356 1997 1634 2069 baptizare
1656 2017 1854 2072 parvu-

242 2078 337 2133 los
374 2079 429 2132 in
460 2080 650 2135 mortis
677 2082 916 2150 periculo
946 2085 1269 2141 constitutos
1291 2087 1527 2144 schisma
1552 2100 1635 2145 est
1681 2092 1854 2146 maxi-

242 2176 403 2224 mum
426 2168 493 2223 ab
521 2170 813 2226 universali
842 2172 1106 2230 Ecclesia.
1128 2175 1193 2230 Et
1210 2178 1261 2230 in
1287 2178 1521 2233 decretis
1541 2180 1855 2251 apostolicae

247 2261 406 2315 sedis
427 2260 654 2332 legimus
682 2263 807 2333 quia
839 2263 980 2320 sicut
1009 2268 1333 2325 universalis
1384 2269 1477 2325 Dei
1506 2286 1724 2343 semper
1775 2282 1853 2328 te-

244 2351 391 2418 nuit,
443 2363 497 2407 et
552 2365 698 2411 tenet
744 2356 1007 2422 Ecclesia,
1052 2360 1433 2418 schismaticus
1472 2373 1526 2419 et
1564 2365 1855 2422 haereticus

249 2446 359 2500 nisi
392 2449 641 2503 conversi
666 2448 872 2506 fuerint
898 2453 965 2509 ad
995 2462 1238 2509 sanctam
1272 2465 1503 2512 matrem
1530 2458 1854 2514 catholicam

249 2545 314 2590 et
344 2538 694 2607 apostolicam
731 2541 1049 2610 Ecclesiam,
1076 2545 1128 2599 in
1161 2549 1497 2618 regnuniDei
1522 2550 1728 2605 intrare
1750 2566 1854 2606 non

246 2638 502 2700 possunt,
544 2631 639 2687 sed
689 2648 818 2702 pars
845 2648 1036 2691 eorum
1072 2645 1157 2692 est
1190 2637 1255 2693 in
1284 2640 1530 2709 gehenna
1563 2658 1576 2694 :
1608 2650 1665 2696 et
1706 2643 1753 2698 si
1790 2643 1858 2699 de

245 2740 398 2794 pane
426 2725 655 2793 caelesti,
688 2727 744 2784 id
766 2738 850 2786 est
875 2729 942 2785 de
987 2733 1253 2789 suavitate
1289 2734 1472 2789 divina
1501 2743 1720 2808 gustant
1760 2752 1857 2808 ge-

248 2812 452 2873 hennae
490 2819 802 2891 participes,
825 2822 1089 2893 judicium
1137 2825 1240 2881 sibi
1273 2837 1512 2883 sumunt.
1538 2827 1855 2901 Propterea,

246 2911 451 2978 frater,
482 2911 553 2967 ab
599 2912 703 2968 hac
749 2900 919 2980 secta,
945 2926 1001 2971 et
1058 2917 1126 2973 ab
1178 2918 1283 2975 hoc
1325 2920 1621 2977 schismate
1650 2900 1857 2979 revoca

248 3017 477 3058 sensum
512 3012 683 3072 tuum,
707 3015 763 3060 et
791 3021 1021 3078 sequere
1035 3010 1176 3080 quod
1201 3020 1421 3067 sanctus
1446 3010 1772 3070 Ctelestinus
1799 3016 1855 3071 in

248 3096 494 3151 decretis
516 3097 630 3152 suis
657 3099 725 3154 ad
744 3096 1041 3159 Galliarum
1068 3102 1353 3173 episcopos
1385 3105 1607 3177 scripsit
1627 3107 1814 3164 dicens
1839 3121 1855 3162 :

249 3184 735 3257 Obsecrationum,
781 3189 982 3263 inquit,
1031 3193 1453 3250 sacerdotalium
1509 3206 1856 3254 sacramenta

1958 1998 2227 2060 quatenus
2257 1992 2658 2063 metropolitani
2682 1995 2764 2049 sui
2810 2011 3149 2069 unaquaeque
3174 1999 3454 2068 provincia
3500 1997 3557 2052 in

1958 2081 2209 2136 omnibus
2259 2082 2419 2139 rebus
2468 2086 2866 2142 ordinationem
2915 2104 3131 2161 semper
3160 2099 3457 2161 exspectet.
3489 2089 3559 2145 Et

1957 2170 2356 2226 Antiochenum
2405 2175 2738 2231 concilium:
2785 2178 2895 2233 Per
2923 2181 3189 2251 singulas,
3241 2183 3439 2251 inquit,
3473 2197 3559 2237 re-

1957 2264 2146 2334 giones
2169 2266 2455 2338 episcopos
2476 2272 2732 2326 convenit
2761 2286 2922 2327 nosse
2950 2275 3424 2344 metropolitanum
3444 2276 3560 2345 epi-

1959 2373 2183 2428 scopum
2212 2359 2632 2418 sollicitudinem
2668 2366 2832 2420 totius
2860 2367 3155 2435 provinciae
3183 2384 3393 2439 gerere,
3427 2383 3558 2438 pro-

1958 2458 2081 2520 pter
2103 2452 2245 2520 quod
2268 2453 2336 2507 ad
2373 2454 2715 2524 metr0polim
2747 2470 2938 2513 omnes
2968 2458 3309 2528 undiquequi
3339 2459 3556 2529 negotia

1958 2540 2215 2596 videntur
2266 2542 2470 2599 habere
2524 2556 2873 2602 concurrant.
2914 2546 2981 2601 Et
3008 2556 3230 2603 cautum
3264 2557 3351 2605 est
3382 2548 3557 2604 sacris

1959 2634 2262 2689 canonibus
2291 2643 2353 2690 ut
2371 2636 2533 2691 nullis
2564 2636 2724 2693 liceat
2746 2640 2885 2709 apud
2913 2655 2972 2694 se
3002 2640 3281 2696 celebrare
3326 2640 3555 2696 concilia

1956 2732 2157 2795 praeter
2183 2740 2278 2782 eos
2316 2726 2512 2796 quibus
2554 2728 2970 2800 metropolitana
2994 2730 3120 2799 jura
3146 2730 3403 2787 videntur
3431 2746 3554 2787 esse

1961 2819 2253 2876 commissa
2287 2837 2301 2873 :
2333 2821 2389 2875 in
2417 2820 2551 2890 ipsis
2586 2829 2768 2877 autem
2816 2822 3067 2879 conciliis
3091 2822 3274 2878 adsint
3323 2824 3525 2895 presby

1962 2914 2066 2969 teri
2096 2923 2153 2969 et
2178 2914 2418 2982 diaconi,
2448 2924 2503 2971 et
2538 2932 2728 2972 omnes
2748 2917 2843 2987 qui
2873 2932 2933 2973 se
2962 2916 3119 2973 laesos
3142 2916 3477 2982 existimant,
3504 2925 3561 2971 et

1960 3004 2149 3075 synodi
2180 3006 2535 3076 experiantur
2568 3021 2815 3063 examen.
2872 3005 3169 3077 Propterea
3201 3006 3346 3077 quod
3372 3005 3561 3077 petisti

1959 3104 2022 3152 ut
2047 3096 2311 3168 judicium
2341 3106 2447 3152 tuae
2475 3099 2748 3170 parochias
2779 3114 2886 3153 non
2914 3098 3371 3165 inferam,contra
3394 3112 3561 3169 regu-

1960 3189 2043 3246 las
2070 3206 2255 3246 sacras
2295 3191 2501 3260 petisti,
2528 3199 2584 3247 et
2630 3191 2922 3248 dicendum
2956 3200 3039 3247 est
3066 3192 3164 3247 tibi
3209 3192 3278 3245 ab
3299 3188 3561 3261 Apostolo

252 3278 641 3350 respiciamus,
674 3295 794 3352 quae
821 3256 891 3336 ab
910 3283 1169 3352 apostolis
1209 3286 1471 3341 traditam
1490 3296 1603 3343 toto
1633 3290 1854 3357 mundo,
1883 3256 1931 3320 Ο
1962 3298 2087 3339 cum
2115 3283 2423 3353 huiusmodi
2460 3284 2820 3354 petitoribus:
2850 3284 3064 3351 Petitis,
3105 3294 3283 3340 etnon
3321 3284 3558 3355 accipitis

253 3379 424 3440 atque
463 3371 521 3425 in
555 3371 702 3427 omni
740 3373 1007 3429 catholica
1038 3373 1283 3431 Ecclesia
1321 3376 1667 3433 uniformiter
1713 3379 1859 3435 cele-

250 3459 511 3527 brantur,
540 3471 598 3518 et
636 3461 810 3532 legem
844 3466 1103 3521 credendi
1127 3466 1214 3522 lex
1238 3475 1445 3523 statuat
1471 3452 1807 3541 supplicandi
1839 3490 1853 3527 :

254 3564 383 3610 cum
422 3556 569 3610 enim
591 3564 902 3612 sanctarum
942 3558 1179 3629 plebium
1211 3561 1471 3632 praesules
1499 3563 1752 3617 mandata
1782 3564 1852 3618 si-

255 3650 435 3704 bimet
450 3649 722 3721 legatione
737 3649 1041 3723 funguntur
1062 3653 1205 3723 apud
1228 3654 1465 3709 divinam
1481 3654 1854 3722 clementiam,

258 3741 489 3796 humani
511 3742 728 3812 generis
750 3751 917 3815 agunt
946 3759 1185 3810 causam,
1218 3753 1272 3800 et
1300 3753 1412 3801 tota
1454 3761 1638 3802 secum
1665 3746 1857 3802 Eccle-

260 3834 347 3889 sia
373 3835 803 3906 congemiscente
834 3837 1109 3907 postulant
1133 3846 1189 3894 et
1224 3847 1536 3909 precantur,
1579 3848 1641 3895 ut
1668 3840 1858 3896 intide-

256 3925 409 3982 libus
436 3925 664 3983 donetur
694 3927 830 3984 fides
854 3946 869 3994 ;
900 3939 960 3984 ut
986 3929 1285 3987 idololatrae
1314 3933 1382 3987 ab
1429 3932 1722 4004 impietatis
1749 3949 1860 3991 suae

258 4020 563 4078 liberentur
608 4022 916 4090 erroribus;
947 4032 1006 4079 ut
1034 4022 1256 4091 Iudaeis,
1289 4026 1470 4082 ablato
1498 4028 1682 4084 cordis
1708 4027 1858 4083 vela-

258 4115 434 4183 mine,
452 4112 538 4170 lux
562 4117 809 4173 veritatis
828 4126 1118 4189 appareat;
1155 4126 1213 4174 ut
1231 4120 1474 4175 haeretici
1491 4121 1557 4176 ad
1577 4121 1860 4178 catholicae

259 4207 392 4264 fidei
424 4207 809 4278 perfectionem
842 4210 1197 4280 resipiscant;
1230 4221 1290 4266 ut
1316 4212 1657 4268 schismatici
1691 4213 1861 4284 Spiri-

258 4311 377 4357 tum
406 4301 663 4357 rediviva:
693 4302 978 4358 charitatis
1041 4302 1344 4373 accipiant;
1375 4313 1433 4358 ut
1477 4304 1643 4376 lapsis
1687 4305 1863 4375 paeni-

259 4395 451 4450 tentiae
482 4396 721 4451 remedia
752 4394 1137 4463 conferantur;
1175 4405 1233 4451 ut
1253 4397 1487 4468 denique
1509 4398 1861 4453 catechume-

258 4489 354 4545 nis
375 4489 442 4543 ad
469 4488 901 4560 regenerationis
929 4497 1270 4544 sacramenta
1302 4489 1581 4560 perductis
1625 4490 1864 4545 caelestis

1959 3390 2019 3428 eo
2044 3373 2186 3446 quod
2232 3374 2370 3429 male
2423 3377 2625 3445 petatis
2641 3375 2783 3447 (Jac.
2831 3375 2907 3448 iv)
2935 3393 2948 3430 :
2981 3375 3358 3447 unusquisque
3412 3376 3561 3431 enim

1959 3471 2268 3540 episcopus,
2321 3470 2499 3539 inquit
2550 3469 2950 3525 Antiochenum
2994 3469 3308 3534 concilium,
3360 3469 3563 3523 habeat

1959 3576 2072 3615 suae
2097 3561 2370 3630 parochia:
2393 3568 2815 3630 potestatem,ut
2841 3569 2996 3632 regat
3021 3560 3179 3630 juxta
3196 3559 3560 3614 reverentiam

1958 3651 2187 3722 singulis
2218 3658 2633 3724 competentem,
2668 3660 2723 3706 et
2743 3651 3141 3721 providentiam
3190 3658 3345 3721 gerat
3381 3649 3562 3705 omnis

1957 3745 2320 3813 possessionis
2342 3759 2461 3813 quae
2484 3742 2586 3799 sub
2608 3744 2727 3814 ejus
2747 3750 3143 3813 estpotestate;
3164 3743 3239 3797 ita
3263 3743 3563 3813 utpreshy-

1959 3843 2108 3891 teros
2132 3847 2189 3892 et
2238 3836 2494 3892 diaconos
2538 3835 2782 3900 ‘ordinet,
2813 3843 2866 3890 et
2892 3834 3105 3906 singula
3142 3847 3243 3889 suo
3274 3833 3328 3887 in
3350 3831 3561 3901 judicio

1959 3928 2403 3999 comprehendat,
2463 3926 2696 3997 amplius
2751 3936 2933 3983 autem
2982 3925 3117 3981 nihil
3168 3939 3333 3997 agere
3388 3932 3564 3979 tentet

1960 4026 2158 4089 praeter
2185 4018 2486 4075 antistitem
2511 4018 3011 4089 metropolitanum.
3052 4017 3128 4072 Ex
3174 4016 3281 4072 hoc
3307 4014 3551 4085 capitulo

1960 4111 2206 4184 quaedam
2230 4120 2358 4169 sunt
2389 4127 2511 4183 qua:
2542 4112 2640 4168 tibi
2660 4113 2714 4167 in
2740 4111 3022 4182 praemissa
3062 4109 3242 4166 rotula
3273 4107 3561 4165 scribenda

1962 4207 2183 4273 dictavi,
2224 4207 2317 4263 sed
2367 4206 2614 4262 notarius
2657 4204 2910 4275 angustia
2944 4202 3200 4275 temporis
3246 4208 3561 4257 coarctatus

1962 4302 2216 4359 celeriter
2245 4300 2491 4357 scribens
2517 4298 2846 4364 intermisit;
2877 4299 2973 4354 sed
3003 4310 3068 4352 ea
3122 4310 3243 4367 quae
3279 4294 3374 4349 tibi
3419 4293 3562 4350 scri-

1964 4409 2184 4467 pseram
2216 4395 2284 4449 ad
2314 4410 2496 4451 meum
2519 4409 2654 4465 opus
2677 4392 2993 4464 diligentius
3019 4390 3467 4461 scriberejubens
3494 4388 3562 4442 de

1964 4483 2161 4541 tabulis
2205 4484 2433 4539 relevari
2487 4484 2615 4550 feci,
2673 4482 2926 4539 videlicet
2994 4480 3281 4552 diligenter
3344 4480 3563 4535 attende

258 4579 653 4637 misericordiae
697 4580 819 4636 aula
869 4590 1159 4637 reseretur.
1213 4580 1281 4636 Et
1326 4581 1443 4637 haec
1488 4581 1775 4637 conferens
1805 4582 1860 4638 in
1885 4614 1940 4675 Β
1965 4576 2108 4646 quod
2137 4574 2356 4675 dicitur.
2388 4573 2738 4675 presbyteros
2762 4582 2817 4628 ει
2840 4572 3098 4629 diaconos
3137 4572 3563 4675 Parocmmusu?

258 4673 431 4729 corde
460 4682 554 4730 tuo
578 4674 688 4729 noli
735 4673 953 4745 pietatis
997 4673 1208 4728 viscera
1267 4672 1580 4744 petentibus
1629 4673 1859 4728 salutem

258 4764 542 4833 claudere,
577 4765 672 4822 sed
700 4774 825 4836 pete
856 4764 1029 4821 Deum
1054 4768 1508 4836 omnipotentem,
1556 4774 1616 4819 ut
1646 4773 1701 4820 et
1728 4766 1782 4820 in
1810 4774 1863 4822 te

259 4859 489 4929 impleat
543 4859 689 4929 quod
712 4874 810 4932 per
832 4859 1154 4931 prophetam
1183 4859 1310 4913 olim
1346 4856 1622 4928 pollicitus
1664 4866 1748 4913 est
1775 4857 1861 4913 di-

260 4968 398 5009 cens
425 4968 440 5006 :
468 4952 721 5023 Auferam
746 4970 780 5008 a
809 4954 950 5009 vobis
1002 4969 1095 5007 cor
1149 4950 1433 5024 lapideum,
1465 4962 1513 5007 et
1545 4952 1681 5007 dabo
1722 4953 1863 5008 vobis

259 5060 359 5101 cor
371 5062 642 5112 corneum,
657 5058 707 5102 et
734 5047 932 5117 faciam
956 5056 1012 5101 ut
1038 5047 1096 5101 in
1122 5045 1393 5118 preceptis
1412 5046 1540 5102 meis
1564 5045 1863 5115 ambuletis,

263 5144 319 5191 et
347 5137 633 5206 operamini
657 5136 875 5210 (Eucti.
901 5136 1116 5209 xxxvr).

338 5228 609 5284 Cancrum
644 5216 844 5285 fratres
893 5228 1065 5285 nostri
1096 5243 1233 5301 quos
1268 5228 1336 5284 ad
1359 5236 1414 5285 te
1436 5228 1563 5284 misi
1602 5227 1738 5283 mihi
1783 5242 1872 5285 re-

265 5324 660 5379 nuntiaverunt
686 5332 739 5377 te
766 5323 872 5379 illis
910 5323 1253 5394 praecepisse,
1277 5330 1335 5377 ut
1383 5337 1472 5377 me
1508 5329 1868 5394 precarentur

267 5421 495 5486 propter
522 5413 619 5469 Dei
646 5412 1030 5479 reverentiam,
1055 5422 1114 5469 et
1140 5421 1455 5469 sanctorum
1478 5411 1598 5483 ejus
1635 5424 1692 5467 et
1720 5412 1869 5468 sedis

266 5506 582 5578 apostolicae
628 5507 1008 5563 auctoritatem
1044 5522 1114 5563 ne
1157 5520 1410 5579 cogerem
1441 5515 1494 5562 te
1535 5504 1868 5576 respondere

238 5652 241 5663 ,
269 5598 517 5670 quandiu
561 5599 615 5653 in
658 5598 753 5654 tali
780 5599 1040 5655 detineris
1069 5599 1314 5656 custodia
1345 5607 1403 5656 ct
1427 5598 1675 5655 absentia
1698 5596 1869 5654 cleri-

273 5707 467 5748 corum
499 5701 734 5759 tuorum,
767 5708 872 5751 nec
920 5692 1206 5765 judicium,
1253 5710 1356 5750 nec
1384 5693 1756 5766 praejudicium
1784 5692 1869 5748 in-

275 5782 481 5838 ferrem
530 5784 653 5853 tibi,
681 5784 767 5841 vel
817 5793 919 5841 tus:
962 5785 1251 5857 parochiae.
1282 5783 1414 5854 Quae
1453 5785 1644 5858 petitio
1666 5783 1869 5856 partim

266 5866 391 5969 pou
419 5866 508 5943 est
526 5862 696 5963 iusta,
720 5892 896 5969 neque
923 5879 1261 5949 rationabilis
1290 5897 1305 5943 :
1331 5879 1477 5969 quod
1501 5879 1648 5953 enim
1684 5877 1871 5983 petisti

1972 4667 2190 4723 ordinet
2215 4666 2535 4736 episcopus;
2565 4666 2781 4722 ordinet
2802 4674 3009 4731 autem,
3032 4674 3086 4720 et
3118 4679 3227 4721 non
3253 4664 3562 4730 exordinet,

1970 4774 2073 4816 nec
2100 4766 2292 4814 contra
2323 4758 2537 4829 regulas
2559 4758 2627 4814 ab
2647 4755 2827 4814 ofﬁcio
2847 4757 3189 4822 submoveat,
3215 4756 3301 4812 vel
3335 4769 3559 4826 suspen-
3597 4832 3601 4836 ‘

1970 4850 2082 4920 dat,
2108 4859 2163 4906 et
2206 4851 2406 4909 ibidem
2433 4850 2821 4922 subsequitur;
2846 4850 3055 4923 singula
3074 4848 3395 4919 suojudicio
3415 4863 3562 4904 com-
3596 4856 3605 4868 '

1968 4944 2274 5017 prehendat
2302 4959 2318 4998 :
2352 4943 2565 5016 singula
2594 4950 2778 4999 autem
2810 4943 3021 5000 dicitut
3041 4956 3139 4998 suo
3173 4941 3383 5011 judicio
3413 4956 3562 4996 com-

1971 5041 2291 5113 prehendat,
2316 5049 2373 5097 et
2393 5056 2501 5097 non
2541 5056 2660 5112 quae
2690 5040 2759 5095 ad
2798 5038 3103 5111 generalem
3161 5038 3562 5094 observantiam

1975 5136 2222 5191 omnium
2250 5133 2466 5191 Domini
2490 5135 2761 5205 pertinent
2785 5132 3154 5197 sacerdotum,
3182 5145 3325 5201 quae,
3346 5136 3406 5184 ut
3450 5127 3563 5183 Leo

1975 5224 2128 5295 dicit,
2170 5226 2290 5282 sine
2333 5224 2657 5296 primatibus
2686 5239 2795 5280 non
2850 5230 3066 5294 oportet
3096 5219 3329 5290 impleri.
3364 5217 3428 5272 Et
3452 5216 3560 5272 noli

1975 5316 2232 5374 claudere
2257 5329 2418 5372 aures
2445 5315 2626 5373 cordis
2651 5314 2720 5370 ad
2765 5313 2819 5369 id
2846 5312 2993 5384 quod
3032 5310 3230 5366 ibidem
3266 5307 3556 5378 diligentis-

1978 5410 2115 5467 sime
2162 5408 2361 5465 dicitur
2396 5426 2409 5462 :
2441 5406 2850 5477 Unusquisque,
2906 5402 3102 5472 inquit,
3134 5401 3420 5471 episcopus
3466 5399 3556 5453 ha-

1976 5503 2108 5559 heat
2137 5515 2248 5559 suae
2272 5500 2544 5573 parochias
2571 5506 2920 5570 potestatem,
2938 5502 2999 5550 ut
3026 5501 3181 5565 regat
3199 5493 3373 5566 juxta'
3410 5505 3556 5548 reve-

1977 5596 2210 5655 rentiam
2233 5592 2461 5666 singulis
2486 5597 2904 5662 competentem.

2046 5689 2285 5748 Proinde
2308 5700 2502 5743 cavere
2531 5683 2797 5740 debueras
2822 5695 2891 5737 ne
2917 5692 3177 5736 concessa
3209 5675 3307 5732 tibi
3338 5683 3445 5732 tuae
3463 5689 3560 5746 pa-

1980 5787 2182 5845 rochias
2204 5789 2473 5859 potestate
2493 5786 2686 5838 contra
2707 5777 2810 5836 hos
2836 5789 3020 5833 sacros
3039 5787 3279 5830 canones
3304 5770 3559 5826 abutere-

1978 5882 2077 5972 ris,
2107 5880 2203 5975 qui
2227 5879 2416 5949 dicant
2440 5881 2679 5953 utresat
2727 5870 2852 5957 quis
2876 5869 3166 5961 episcopus
3195 5878 3353 5964 suam
3398 5866 3553 5975 paro-
