3990 6300
478 313 574 368 531

1412 313 1742 397 IIINCMARI
1781 316 2178 375 RBEMENSIS
2216 319 2735 379 ARCHIEPISCOPI

3654 326 3761 387 532

477 433 655 488 cbiam
680 429 834 515 iusta
880 433 1247 517 reverentiam
1273 433 1498 506 singulis
1558 445 1977 531 competentem,
2009 448 2065 497 et
2093 442 2140 519 Α
2169 449 2216 494 et
2236 440 2445 509 justum
2477 458 2580 521 non
2611 434 2889 515 inter/icies
2916 443 3148 517 (Daniel.
3179 443 3324 517 vin),
3366 444 3418 501 id
3454 453 3536 500 est
3560 446 3761 533 quibus

479 541 585 581 non
635 514 900 597 subrigat,
953 514 1093 582 sicut
1149 537 1203 582 tu
1252 526 1427 585 fecisti
1478 518 1739 602 quantum
1784 548 1848 588 ex
1883 542 1935 590 te
1963 533 2066 590 fuit

480 618 646 673 exitio
693 614 1284 701 juxtairreverentiam
1306 623 1514 679 cunctis
1562 614 2063 697 incompetentem:

480 711 733 766 omnibus
784 708 929 765 enim
969 711 1325 768 irreverentia
1366 731 1527 789 quam
1572 717 1863 773 exhibuisti
1894 718 1946 773 in
1978 727 2066 773 tua

481 804 741 880 parocbia
768 807 1013 862 noscitur
1035 823 1155 864 esse
1178 810 1570 881 incompetens,
1595 830 1716 895 quae
1739 815 1806 869 ad
1826 814 2068 869 omnium

480 899 751 971 probatur
772 899 1048 969 pertinere
1083 900 1330 969 exilium,
1362 920 1487 981 cum
1508 905 1573 959 de
1603 906 2070 986 singulis,quanto

478 991 655 1063 magis
696 990 763 1045 de
793 990 1039 1061 pluribus
1090 992 1388 1049 timendum
1419 995 1681 1054 Dominus
1734 999 1923 1065 dicat:
1967 998 2071 1065 Qui

478 1081 917 1138 scandalizaverit
945 1101 1105 1138 unum
1132 1084 1196 1139 de
1230 1086 1436 1156 pusillis
1464 1089 1579 1143 istis
1602 1090 1690 1160 qui
1735 1091 1789 1144 in
1832 1108 1914 1145 me
1959 1108 2069 1145 cre-

485 1173 637 1240 dunt,
688 1174 894 1245 expedit
914 1175 964 1237 ei
995 1185 1049 1228 ut
1074 1176 1429 1247 suspendatur
1477 1179 1617 1233 mola
1648 1180 1886 1247 asinaria
1935 1178 2070 1235 collo

480 1265 617 1339 ejus,
664 1277 718 1319 ut
758 1266 1094 1337 demergatur
1142 1268 1196 1322 in
1252 1269 1574 1339 profundum
1640 1273 1803 1325 maris
1834 1271 2069 1343 (Matth.

452 1354 626 1429 'gvtt;
658 1355 828 1411 Marc.
853 1356 964 1430 is);
994 1359 1141 1435 quia,
1177 1367 1234 1414 ut
1259 1358 1451 1415 beatus
1475 1360 2068 1434 monstratGregorius,

481 1449 550 1505 ad
578 1450 888 1506 sanctitatis
912 1448 1149 1521 speciem
1179 1450 1433 1520 deducto,
1468 1461 1524 1507 et
1548 1453 1733 1525 verbo,
1765 1452 1863 1507 ‘vel
1888 1469 2072 1508 exem-

478 1540 568 1615 plo
606 1550 833 1601 cancros
889 1540 1203 1597 destruendi
1253 1543 1446 1599 melius
1491 1543 1735 1619 profecto
1786 1543 1983 1613 fuerat,
2016 1553 2075 1615 ut

394 1658 404 1668 π
479 1630 624 1687 hunc
675 1632 743 1685 ad
792 1642 1022 1688 mortem
1053 1632 1155 1688 sub
1183 1633 1440 1689 exteriori
1488 1634 1677 1690 habitu
1709 1644 1927 1691 terrena
1953 1645 2074 1692 acta

380 1732 397 1745 ν·
483 1724 944 1796 constringerent,
975 1740 1138 1796 quam
1163 1725 1216 1780 in
1243 1741 1402 1809 sacro
1430 1725 1604 1784 ollicio
1628 1729 1838 1811 positus
1864 1728 2074 1799 caeteris

486 1825 715 1871 mortem
744 1817 913 1871 verbo
940 1815 1024 1870 vel
1055 1831 1220 1889 opere
1248 1817 1565 1890 propinaret
1601 1836 1613 1871 :
1642 1818 1769 1890 quia
1816 1818 2075 1875 nimirum
2103 1811 2150 1871 B

485 1909 530 1966 si
564 1910 711 1965 solus
741 1911 978 1975 caderet,
1013 1918 1290 1980 utcunque
1323 1911 1468 1966 hunc
1497 1911 1831 1967 tolerabilior
1877 1912 2073 1975 inferni

480 2017 642 2074 poena
671 2003 962 2059 cruciaret.
989 2002 1141 2070 Quod
1168 2002 1437 2059 mandasti
1467 2011 1524 2057 ut
1553 2018 1662 2058 non
1716 2012 1768 2059 te
1823 2019 2075 2078 cogerem

487 2096 820 2168 respondere
852 2096 905 2151 in
938 2096 1186 2151 absentia
1215 2095 1539 2151 clericorum
1582 2104 1826 2169 tuorum,
1858 2097 2080 2152 demon-

484 2188 670 2243 strasti
700 2195 752 2241 te
783 2202 889 2242 non
914 2196 1063 2243 recte
1092 2187 1392 2260 intelligere
1431 2188 1758 2257 sententiam
1807 2203 2078 2261 canonum

480 2278 931 2350 Carthaginensis
962 2278 1173 2334 concilii
1197 2295 1304 2353 qua
1326 2277 1526 2337 dicitur
1561 2281 1849 2373 episcopus
1881 2282 2078 2338 nullius

481 2392 704 2432 causam
734 2377 920 2433 audiat
942 2377 1147 2449 absque
1173 2377 1465 2449 praesentia
1488 2378 1813 2435 clericorum
1833 2393 2075 2444 suorum,

482 2472 612 2530 licet
656 2472 770 2545 jam
827 2474 926 2530 tibi
978 2474 1209 2530 dixerim
1260 2474 1498 2546 qualiter
1526 2475 1597 2545 sit
1620 2477 1993 2559 intelligenda,
2026 2484 2081 2531 et

484 2584 590 2639 qua
613 2568 680 2624 de
702 2584 763 2624 re
784 2567 953 2624 fuerit
979 2568 1296 2627 constituta.
1314 2568 1469 2647 Quod
1496 2581 1676 2645 autem
1699 2571 1966 2639 mandasti
1999 2578 2079 2637 ut,

392 2652 395 2657 ’
484 2661 625 2716 sicut
651 2660 785 2715 mihi
816 2659 1071 2715 dominus
1100 2646 1432 2733 apostoliCus
1453 2663 1672 2741 scriptis
1700 2664 2077 2729 mandaverat,

485 2752 579 2807 tibi
610 2751 887 2805 licentiam
912 2752 1140 2809 Romam
1166 2752 1331 2807 eundi
1364 2753 1671 2825 impetrem,
1696 2770 1802 2821 non
1832 2748 1962 2821 mihi
1980 2756 2083 2819 hoc

486 2840 742 2895 dominus
771 2839 1100 2912 apostolicus
1161 2843 1438 2897 mandavit
1472 2860 1483 2896 :
1512 2844 1688 2898 habeo
1733 2844 1878 2903 enim
1939 2844 2085 2911 illius

484 2929 767 3004 epistolam
801 2931 1007 2988 salvam
1036 2940 1088 2999 et
1114 2933 1507 3021 incorruptam,
1538 2936 1596 2992 in
1649 2952 1757 3017 qua
1805 2938 1911 2994 hoc
1939 2938 2084 3009 quod

487 3023 756 3080 mandasti
790 3040 899 3081 non
929 3026 1260 3095 continetur.
1299 3026 1453 3101 Quod
1501 3029 1771 3085 mandasti
1828 3030 2083 3101 quoniam

488 3115 541 3171 in
564 3119 771 3188 synodo
793 3134 976 3193 nuper.
995 3119 1049 3173 in
1080 3118 1362 3175 Vermeria
1395 3119 1581 3191 habita
1605 3120 1794 3185 sedem
1820 3122 2081 3199 apostoli-

486 3225 605 3264 cam
633 3210 937 3282 appellasti,
989 3210 1435 3279 manifestissime
1482 3228 1671 3269 omnes
1722 3213 1797 3268 illi
1843 3214 2082 3301 episcopi

498 3302 729 3374 amplius
758 3318 922 3373 quam
950 3301 1140 3375 viginti
1168 3304 1261 3374 qui
1294 3304 1517 3365 adfuere
1548 3306 1601 3361 in
1633 3307 1840 3387 synodo
1869 3309 2082 3385 regula-

490 3394 627 3449 riter
656 3403 709 3451 tc
750 3397 933 3455 sedem
998 3397 1350 3467 apostolicam
1382 3413 1489 3455 non
1536 3402 1837 3473 appellasse
1887 3417 2086 3477 cogno-

491 3494 667 3541 scunt.
699 3485 853 3556 Quod
874 3489 1141 3545 mandasti
1170 3490 1295 3561 quia
1326 3490 1511 3569 sedem
1542 3494 1783 3563 appellas
1830 3497 2085 3569 apostoli-

492 3595 611 3636 cam
636 3596 757 3635 cum
789 3581 841 3636 in
865 3580 1071 3651 judicio
1095 3593 1281 3651 nostro
1305 3580 1449 3641 idem
1479 3584 1533 3640 in
1565 3586 1857 3661 episcopali
1878 3587 2084 3667 judicio

489 3672 782 3728 secundum
810 3690 995 3731 sacros
1026 3690 1263 3731 canones
1289 3676 1472 3732 sedem
1525 3680 1874 3751 apostolicam
1902 3683 2086 3763 appel-

491 3762 711 3831 laveris,
760 3765 1023 3821 habemus
1058 3767 1309 3824 ordinem
1340 3769 1420 3824 rei
1460 3771 1698 3840 qualiter
1749 3774 1874 3831 inde
1922 3790 2085 3846 agere

493 3860 805 3917 debeamus.
840 3860 1108 3916 Caeterum
1128 3877 1229 3916 nec
1268 3861 1387 3931 tibi,
1412 3878 1513 3919 nec
1545 3865 1797 3934 cuiquam
1835 3866 1925 3923 alii
1971 3868 2084 3933 Bo-

493 3964 635 4005 mam
668 3950 749 4015 ire
790 3961 1055 4022 quantum
1101 3966 1167 4006 ex
1216 3965 1302 4006 me
1339 3961 1423 4013 est
1469 3957 1805 4013 contradico.
1834 3959 1966 4025 Data
1987 3974 2082 4027 vin

501 4042 620 4095 Kal.
653 4042 779 4133 inn.
810 4042 1094 4114 prresentis
1124 4044 1378 4111 secundae
1405 4045 1740 4117 indictionis.

888 4172 1219 4235 HINCMARI
1275 4175 1668 4235 RHEHENBlS

489 4305 559 4343 AD
586 4301 960 4343 PBESBYTEROS
998 4303 1070 4343 ΕΤ
1109 4303 1369 4345 ῡιλοοδιοε
1399 4305 1665 4347 ECCLESI£
1699 4308 2079 4353 LAUDUNENSIS.

558 4404 869 4460 llmcusuus
918 4404 1248 4475 ilhcmorum
1300 4406 1586 4483 episcopus
1641 4425 1705 4465 ac
1750 4410 1921 4488 plebis
1988 4412 2079 4468 Dei

484 4501 737 4567 famulus,
769 4503 1127 4581 presbyteris,
1165 4500 1484 4563 diaconibus
1526 4518 1591 4558 ac
1636 4501 1857 4572 reliquis
1906 4505 2079 4565 eccle-

484 4594 722 4650 siasticis
750 4594 1033 4651 ordinibus
1060 4593 1113 4659 in
1145 4593 1491 4665 Laudunensi
1516 4592 1759 4663 Ecclesia
1780 4596 2078 4655 consisten-

487 4686 650 4753 tibus,
683 4686 931 4743 salutem.

558 4776 712 4833 Sicut
740 4777 933 4849 petitio
960 4777 1093 4837 mihi
1127 4793 1156 4855 a
1184 4777 1335 4851 vobis
1363 4793 1462 4857 per
1491 4780 1752 4859 quosdam
1787 4779 2073 4851 commini-

483 4878 629 4925 stros
656 4877 868 4924 vestros
906 4867 1025 4923 vice
1055 4867 1298 4925 omnium
1344 4879 1583 4935 vestrum
1636 4869 1759 4935 data
1812 4871 2073 4943 continet,

483 4961 650 5016 frater
681 4972 735 5015 et
761 4961 1118 5035 coepiscopus
1150 4969 1333 5015 noster
1362 4958 1683 5043 Iliucmarus
1713 4977 1877 5017 causa
1934 4961 2075 5033 inju-

486 5056 686 5115 riarum
712 5072 933 5113 suarum
960 5070 1056 5110 vos
1080 5053 1148 5108 ab
1170 5052 1345 5109 otIicio
1369 5038 1760 5125 ecclesiastico,
1784 5063 1839 5110 et
1859 5038 2075 5111 onmem

484 5151 799 5222 parochiam
829 5149 929 5206 sibi
968 5150 1314 5223 commissam
1366 5164 1395 5202 a
1434 5147 1779 5237 perceptione
1832 5157 1887 5203 et
1931 5165 2080 5221 eoin-

484 5245 743 5301 munione
802 5245 1133 5317 viviticorum
1188 5243 1574 5316 mysteriorum
1626 5252 1824 5320 nostrae
1872 5244 2079 5313 redem-

484 5338 684 5409 ptionis
713 5338 1224 5399 excommunicavit.
1281 5336 1395 5407 Qua
1428 5337 1492 5391 de
1520 5350 1599 5402 re,
1626 5336 1765 5399 sicut
1791 5352 1821 5393 a
1849 5337 2077 5409 quibus-

485 5430 608 5489 dam
651 5432 880 5495 dicitur,
924 5432 1141 5502 plurimi
1174 5432 1290 5489 sine
1320 5428 1459 5503 sacri
1493 5429 1830 5503 baptismatis
1857 5444 2082 5515 regene-

487 5522 716 5588 ratione,
744 5532 799 5579 et
829 5526 946 5580 sine
974 5525 1163 5579 ultima
1196 5522 1514 5595 pmnitentia
1545 5524 1709 5603 petita
1740 5532 1795 5578 et
1829 5539 1935 5585 non
1977 5523 2077 5589 im-

481 5624 718 5691 petrata,
766 5626 928 5686 atque
959 5618 1078 5673 sine
1123 5616 1322 5685 viatico
1354 5632 1576 5693 munere
1623 5618 1895 5691 obierunt.
1942 5615 2078 5687 Cum

416 5768 425 5774 ,
482 5707 675 5771 Daniel
706 5711 964 5781 propheta
1000 5711 1069 5767 de
1097 5711 1257 5777 dictis
1284 5712 1499 5767 Domini
1532 5709 1895 5767 testimonium
1944 5726 2076 5779 con-

487 5809 572 5869 Ue
594 5799 780 5885 inique
803 5801 1113 5888 iudicantes
1156 5803 1440 5889 perhibent
1480 5802 1667 5871 dicens
1691 5818 1704 5867 ς
1737 5802 2076 5872 Innocentem

2172 536 2370 628 ligandi
2394 547 2556 609 atque
2584 538 2827 617 solvendi
2855 528 2941 621 esi
2959 554 2987 609 .a
3013 539 3124 617 Deo.
3149 539 3343 623 collata
3366 528 3635 628 auectas.
3656 556 3762 613 non

2172 626 2238 685 de
2263 629 2552 707 supercilio
2571 618 2969 709 Pharisaeorum
2990 618 3269 705 assumant
3296 618 3467 701 ut'vel
3490 618 3759 703 damnent

2171 721 2513 785 innocentes,
2546 721 2630 776 vel
2658 722 2869 805 solvere
2907 738 2966 795 se
3000 721 3188 795 noxios
3234 721 3588 809 arbitrentur,
3640 738 3763 797 cunt

2172 815 2313 888 apud
2335 813 2509 870 Deum
2554 831 2660 872 non
2709 818 2975 889 sententia
3015 817 3375 895 sacerdotum.»
3425 817 3523 891 sed

2172 906 2281 960 vita
2305 915 2597 978 quaeratur.
2645 906 2897 985 Legimus
2945 908 3002 983 in
3049 907 3293 969 Levitico
3343 910 3479 995 ςςᾳῃ.
3531 911 3653 987 νγ)
3702 911 3763 967 de

2171 996 2401 1070 leprosis
2427 1000 2518 1056 ubi
2551 984 2811 1075 iubentur
2852 1009 2914 1059 ut
2952 1001 3242 1065 ostendant
3271 1015 3332 1073 se
3350 984 3762 1079 “sacerdotibus,

2173 1098 2229 1145 et
2267 1090 2313 1171 si
2348 1088 2559 1171 lepram
2597 1091 2885 1161 habuerint
2926 1100 3053 1175 tunc
3098 1106 3131 1165 a
3172 1093 3455 1177 sacerdote
3499 1093 3765 1169 immundi

2174 1180 2328 1251 ﬁant,
2371 1199 2479 1263 non
2526 1186 2669 1269 quod
2698 1186 3010 1247 sacerdotes
3042 1185 3285 1263 leprosos
3330 1184 3540 1265 faciant,
3572 1197 3639 1259 et
3676 1188 3765 1253 into

2174 1276 2425 1366 mundos,
2458 1275 2552 1331 sed
2580 1277 2726 1347 quod
2755 1278 2991 1334 habeant
3019 1278 3267 1349 notitiam
3310 1279 3514 1366 leprosi
3557 1289 3612 1355 et
3661 1294 3763 1347 non

2154 1362 2503 1439 _lcprosi,’et
2552 1375 2777 1437 possunt
2833 1367 3143 1433 discernere
3187 1369 3283 1439 qui
3337 1362 3571 1447 mundus
3606 1368 3765 1445 quire

2174 1457 2485 1513 immundus
2514 1446 2603 1513 sit.
2645 1459 2925 1531 Quomodo
2951 1476 3082 1530 ergo
3109 1460 3183 1516 ibi
3214 1460 3486 1544 leprosum

2177 1547 2513 1615 immundum
2543 1550 2695 1616 facit,
2732 1552 2814 1607 sic
2852 1561 2908 1621 et
2940 1552 3029 1607 hic
3058 1551 3145 1608 cui
3177 1554 3438 1625 Dominus
3479 1552 3685 1642 ligandi
3716 1564 3767 1627 et

2178 1643 2421 1699 solvendi
2467 1651 2790 1715 potestatem
2824 1645 2995 1723 dedit,
3023 1645 3207 1718 alligat
3232 1654 3287 1702 et
3312 1646 3495 1729 solvit,
3518 1646 3767 1719 videlicet

2179 1738 2467 1824 episcopus
2491 1747 2546 1809 et
2566 1739 2868 1819 presbyter,
2900 1740 2951 1794 id
2977 1748 3081 1804 est,
3114 1754 3220 1795 non
3259 1755 3353 1809 eos
3398 1741 3491 1824 qui
3534 1741 3765 1801 insontes

2179 1820 2303 1899 sunt
2328 1830 2529 1903 alliget,
2560 1830 2645 1886 vel
2681 1832 2771 1907 qui
2808 1832 2953 1903 noxii
2982 1831 3173 1896 solvat,
3203 1832 3297 1887 sed
3325 1820 3632 1925 praeﬁcio
3678 1848 3766 1909 suo

2176 1939 2300 1979 cum
2326 1932 2676 1999 peccatorum
2717 1940 2783 1979 ex
2826 1925 3056 1995 veritate
3102 1926 3415 1996 cognoverit
3463 1926 3764 2003 varietates,

2177 2014 2315 2083 sciat
2354 2011 2445 2083 qui
2476 2011 2775 2069 secundum
2804 2014 3183 2085 auctoritatem
3215 2013 3464 2092 ligandi“
3492 2016 3590 2093 sit,
3616 2016 3766 2091 quire

2178 2104 2488 2161 solvendus.
2534 2103 2603 2160 Et
2643 2114 2866 2171 sanctus
2909 2104 3204 2179 Gregorius
3244 2109 3497 2187 episcopp
3530 2105 3767 2191 ῌίςινιρ-

2180 2211 2326 2252 ranae
2354 2193 2594 2251 civitatis
2629 2209 2729 2265 pro
2756 2194 3078 2273 quibusdam
3110 2196 3283 2273 culpis
3313 2197 3367 2261 in
3395 2196 3761 2269 pmnitemiw

2180 2289 2437 2360 dcputato
2465 2287 2531 2342 de
2554 2284 2671 2357 ejus
2698 2272 2928 2341 ecclesia
2963 2288 3108 2343 dicat
3135 2272 3291 2353 valde
3317 2302 3441 2355 esse
3470 2288 3685 2359 durum,
3713 2296 3766 2343 ut

2181 2393 2462 2451 quousque
2492 2392 2653 2433 causa
2682 2378 2850 2448 ipsius
2870 2380 3110 2451 episcopi
3135 2380 3411 2449 subtiliter
3446 2380 3762 2461 requiratur,

2183 2485 2290 2525 non
2317 2470 2514 2524 habeat
2537 2468 2777 2524 Ecclesia
2802 2469 2888 2524 illa
2917 2471 3292 2543 presbyterum
3315 2472 3411 2542 qui
3433 2486 3650 2543 sacrum
3669 2472 3765 2527 illic

2184 2578 2319 2632 Opus
2349 2560 2529 2633 valeat
2551 2561 2847 2617 celebrare.

2254 2654 2323 2713 Et
2369 2654 2436 2708 ad
2485 2652 2931 2709 Maximinianum
2965 2645 3443 2741 archiepiscopum
3491 2652 3769 2729 Syracusa-

2146 2736 2155 2741 ’
2185 2766 2312 2806 num
2346 2749 2557 2816 scribit,
2588 2758 2647 2803 ut
2674 2750 2926 2805 Venantii
2968 2736 3175 2821 patritii
3202 2791 3216 2815 ,
3251 2748 3407 2821 cuius
3449 2749 3695 2817 homines
3720 2748 3769 2805 in

2185 2842 2515 2917 episcoluum
2548 2840 2665 2912 ejus
2694 2840 3004 2913 irruerant,
3050 2850 3105 2897 et
3150 2832 3365 2909 diversa
3405 2842 3592 2911 hostili
3635 2856 3771 2897 more

2150 3010 2155 3015 J
2188 2933 2328 2989 mala
2358 2933 2767 3000 commiserant,
2793 2941 2847 2988 et
2869 2932 2938 2987 ob
2964 2931 3018 2987 id
3051 2933 3167 3004 ipse
3197 2942 3253 2988 et
3277 2947 3373 2988 sua
3398 2932 3594 2989 domus
3626 2934 3689 2988 ab
3712 2947 3771 2989 eo

2186 3025 2639 3081 cxcommunicati
2687 3033 2865 3093 erant,
2904 3023 3147 3093 ejusdem
3188 3023 3441 3087 Venantii
3485 3026 3772 3083 oblationes

2189 3119 2475 3190 reciperet,
2521 3126 2575 3173 et
2603 3117 2704 3191 ipsi
2737 3133 2802 3174 ac
2854 3118 3035 3174 domui
3085 3119 3204 3190 ejus
3257 3120 3549 3183 missarum
3601 3119 3771 3193 peragi

2190 3208 2452 3281 mysteria
2506 3207 2898 3285 permitteret,
2964 3208 3150 3279 dicens
3192 3228 3205 3262 :
3257 3199 3392 3279 Quia
3438 3211 3515 3279 ita
3571 3219 3771 3283 terrena

2187 3298 2271 3370 agi
2322 3297 2482 3354 debet
2531 3296 2755 3365 utilitas,
2805 3310 2864 3359 ut
2911 3296 3117 3359 nullum
3162 3314 3259 3357 nos
3297 3300 3542 3377 iurgium
3590 3315 3621 3367 a
3655 3302 3773 3357 chao

2186 3387 2364 3443 ritatis
2413 3388 2589 3443 valeat
2650 3388 2988 3446 connexione
3048 3389 3360 3473 disiungere
3395 3392 3427 3457 ;“
3465 3401 3521 3453 et
3579 3393 3654 3449 ita
3712 3393 3770 3446 ti-

2184 3478 2272 3534 liis
2311 3495 2409 3535 nos
2465 3480 2778 3536 sacerdotes
2828 3489 3041 3554 oportet
3068 3481 3457 3549 sacerdotalem
3509 3481 3766 3539 affectum

2186 3570 2521 3645 impendere,
2553 3581 2612 3626 ut
2641 3571 2695 3627 in
2728 3571 2927 3645 causis,
2969 3582 3131 3659 prout
3157 3574 3299 3631 ratio
3329 3572 3666 3653 suﬂ‘ragatpr,
3692 3572 3775 3641 iu—
3864 3594 3871 3601 -

2150 3664 2557 3719 'risdictioncm
2628 3664 2887 3735 Ecclesia:
2937 3674 3137 3729 nostra:
3195 3665 3488 3721 debeamus
3555 3663 3775 3720 minime

2146 3748 2151 3753 ’
2187 3756 2485 3837 praeterire.
2526 3753 2639 3811 Sed
2662 3765 2718 3810 et
2742 3756 3208 3811 communicantes
3261 3756 3496 3812 Maximo
3532 3757 3775 3839 episcopo

2187 3865 2217 3902 a
2268 3863 2327 3904 se
2356 3848 2832 3905 excomniunicato
2859 3848 3033 3905 isdem
3058 3850 3251 3906 beatus
3272 3849 3568 3923 Gregorius
3618 3852 3771 3921 etiam

2188 3956 2293 3997 non
2321 3951 2571 4013 petentes
2599 3940 2830 3997 absolvit
2852 3941 2956 3998 hoc
2974 3941 3152 3997 modo.
3185 3942 3481 4011 Quosdam,
3507 3944 3767 4028 inquiens,

2185 4042 2253 4103 ad
2298 4041 2808 4098 comumuicandum
2841 4042 3017 4097 eidem
3065 4043 3471 4114 praevaricatori
3523 4044 3772 4115 violenter

2185 4147 2306 4189 esse
2358 4147 2744 4205 compressos:
2781 4133 3041 4204 quosdam
3090 4141 3271 4188 autem
3324 4142 3572 4201 vestrum
3605 4132 3773 4188 audivi

2186 4223 2491 4296 ignorantia
2541 4223 2741 4299 lapsos.
2793 4222 3223 4296 Onmipotentem
3251 4223 3541 4301 Dominum
3593 4227 3771 4295 depre-

2186 4332 2302 4381 cor,
2357 4326 2418 4370 ut
2454 4331 2550 4372 eos
2572 4316 2664 4401 qui
2699 4316 2825 4372 huic
2854 4316 3109 4387 pravitati
3141 4314 3364 4371 minime
3387 4324 3773 4389 consenserunt

2184 4417 2444 4483 perpetua
2476 4409 2661 4493 gratiae
2682 4425 2793 4465 suae
2817 4408 3155 4483 protectione
3186 4408 3484 4489 custodiat,
3514 4418 3572 4485 et
3601 4418 3771 4485 optata

2187 4501 2265 4558 eis
2299 4502 2550 4577 largitate
2594 4504 2949 4575 respondeat:
2983 4513 3038 4573 et
3081 4502 3200 4558 illos
3230 4518 3366 4581 quos
3397 4511 3494 4581 aut
3520 4504 3772 4571 studium,

2184 4604 2279 4650 aut
2308 4595 2633 4668 ignorantia,
2667 4605 2760 4649 aut
2784 4594 3038 4668 quaelibet
3059 4594 3166 4650 alia
3196 4580 3359 4661 causa
3383 4580 3553 4657 traxit
3590 4596 3641 4649 in
3670 4595 3773 4649 cul-

2183 4706 2327 4765 pam,
2361 4690 2429 4744 ab
2454 4690 2602 4745 omni
2640 4697 2794 4759 reatu
2821 4696 3199 4763 peccatorum,
3249 4695 3413 4763 atque
3435 4687 3505 4743 ab
3534 4688 3773 4752 omnibus

2184 4782 2414 4839 vinculis
2440 4781 2628 4847 alienae
2661 4782 3007 4865 obligationis
3036 4779 3297 4847 absolvat,
3328 4776 3694 4853 omnibusque
3720 4787 3771 4833 et

2188 4875 2241 4929 in
2278 4876 2530 4947 prmscnti
2558 4876 2666 4930 vita
2707 4873 3060 4951 protectionis
3087 4889 3199 4929 suae
3227 4873 3457 4949 gratiam
3498 4874 3699 4933 tribuat
3723 4880 3772 4926 et

2187 4982 2285 5022 nos
2340 4968 2405 5022 de
2447 4956 2613 5023 vobis
2646 4967 2699 5022 in
2755 4976 2958 5047 aeterna
3008 4967 3183 5045 patria
3224 4967 3461 5051 gaudere
3496 4967 3767 5037 concedat.

2142 5056 2149 5067 ’
2185 5059 2321 5127 Quia
2354 5075 2484 5115 vero
2537 5058 2709 5115 isdem
2750 5057 2920 5114 frater
2967 5075 3030 5114 ac
3080 5059 3435 5132 coepiscopus
3471 5068 3656 5114 noster
3688 5057 3763 5113 his

2179 5169 2305 5231 “qua:
2333 5153 2449 5225 ipse
2468 5159 2838 5211 commoverat
2862 5150 3198 5222 benignitate
3235 5150 3548 5229 principali,
3579 5161 3633 5206 et
3658 5163 3766 5205 meo

2138 5308 2143 5311 _
2178 5238 2247 5299 'ac
2275 5242 2501 5313 fratrum
2526 5251 2582 5298 ct
2603 5244 3037 5313 coepiscoporum
3066 5251 3394 5309 nostrorum,
3420 5243 3764 5319 quorumdam

2184 5338 2347 5397 etiam
2384 5337 2609 5393 aliorum
2634 5337 2727 5393 Dei
2753 5336 2987 5391 ﬁdelium
3021 5336 3329 5403 interventu
3346 5345 3511 5407 prout
3538 5335 3763 5390 rationa-

2184 5430 2350 5501 bilius
2378 5430 2495 5503 paci
2529 5439 2691 5507 atque
2718 5428 3021 5487 concordia:
3048 5429 3339 5483 convenire
3377 5428 3760 5501 perspeximus,

2187 5540 2291 5597 non
2320 5508 2434 5579 sine
2464 5537 2659 5595 magno
2694 5521 2882 5577 labore
2908 5521 3099 5593 sopitis
3124 5535 3222 5591 pro
3251 5520 3573 5590 quibusdam
3597 5518 3760 5575 causis

2187 5622 2241 5669 ct
2260 5612 2515 5671 redivivis
2529 5611 2971 5667 contentionibus
2984 5610 3277 5683 episcopali
3291 5612 3571 5667 modestiae
3585 5612 3756 5665 incon-

2185 5706 2544 5775 venientibus,
2570 5720 2665 5763 sua
2691 5702 3034 5765 contumacia
3048 5703 3319 5778 exigente,
3349 5704 3756 5761 utauditucom~

2183 5803 2320 5887 peri,
2356 5800 2596 5887 iussione
2636 5799 2840 5863 domini
2883 5798 3057 5864 nostri
3092 5799 3234 5889 regis
3266 5797 3484 5863 interim
3511 5814 3542 5863 ει
3573 5812 3665 5863 sua
3685 5801 3757 5859 est
