  <div class='ocr_page' id='page_1' title='image "/cluster/home/n/w/nwhite01/storage/ocr_20150623/126/hvd.32044015471675/272.png"; bbox 0 0 3948 5376; ppageno 0'>
   <div class='ocr_carea' id='block_1_1' title="bbox 246 327 375 385">
    <p class='ocr_par' dir='ltr' id='par_1_1' title="bbox 246 327 375 385">
     <span class='ocr_line' id='line_1_1' title="bbox 246 327 375 385; baseline 0 0"><span class='ocrx_word' id='word_1_1' title='bbox 246 327 375 385; x_wconf 75' lang='lat'><strong>535</strong></span> 
     </span>
    </p>
   </div>
   <div class='ocr_carea' id='block_1_2' title="bbox 1040 296 2733 385">
    <p class='ocr_par' dir='ltr' id='par_1_2' title="bbox 1040 296 2733 385">
     <span class='ocr_line' id='line_1_2' title="bbox 1040 296 2733 385; baseline -0.006 -2"><span class='ocrx_word' id='word_1_2' title='bbox 1040 324 1279 384; x_wconf 80' lang='lat' dir='ltr'><strong>orusc.</strong></span> <span class='ocrx_word' id='word_1_3' title='bbox 1318 323 1407 385; x_wconf 85' lang='lat' dir='ltr'><strong>ET</strong></span> <span class='ocrx_word' id='word_1_4' title='bbox 1440 320 1654 378; x_wconf 84' lang='lat' dir='ltr'><strong>EPIST.</strong></span> <span class='ocrx_word' id='word_1_5' title='bbox 1699 318 1764 374; x_wconf 80' lang='lat' dir='ltr'><strong>IN</strong></span> <span class='ocrx_word' id='word_1_6' title='bbox 1794 317 2022 375; x_wconf 66' lang='lat' dir='ltr'><strong>causa</strong></span> <span class='ocrx_word' id='word_1_7' title='bbox 2060 296 2389 375; x_wconf 68' lang='lat' dir='ltr'><strong>amatum</strong></span> <span class='ocrx_word' id='word_1_8' title='bbox 2429 314 2733 374; x_wconf 79' lang='lat' dir='ltr'><strong>LAUDUN.</strong></span> 
     </span>
    </p>
   </div>
   <div class='ocr_carea' id='block_1_3' title="bbox 3407 316 3511 373">
    <p class='ocr_par' dir='ltr' id='par_1_3' title="bbox 3407 316 3511 373">
     <span class='ocr_line' id='line_1_3' title="bbox 3407 316 3511 373; baseline -0.019 0"><span class='ocrx_word' id='word_1_9' title='bbox 3407 316 3511 373; x_wconf 69' lang='grc'><strong>534</strong></span> 
     </span>
    </p>
   </div>
   <div class='ocr_carea' id='block_1_4' title="bbox 247 432 3513 514">
    <p class='ocr_par' dir='ltr' id='par_1_4' title="bbox 247 432 3513 514">
     <span class='ocr_line' id='line_1_4' title="bbox 247 432 3513 514; baseline -0.003 -13"><span class='ocrx_word' id='word_1_10' title='bbox 247 445 496 501; x_wconf 80' lang='lat' dir='ltr'><strong>ecclesia</strong></span> <span class='ocrx_word' id='word_1_11' title='bbox 526 450 823 514; x_wconf 85' lang='lat' dir='ltr'><strong>separatus,</strong></span> <span class='ocrx_word' id='word_1_12' title='bbox 859 456 1024 511; x_wconf 86' lang='lat' dir='ltr'><strong>usque</strong></span> <span class='ocrx_word' id='word_1_13' title='bbox 1060 441 1185 496; x_wconf 91' lang='lat' dir='ltr'><strong>dum</strong></span> <span class='ocrx_word' id='word_1_14' title='bbox 1214 439 1584 509; x_wconf 88' lang='lat' dir='ltr'><strong>episcoporum</strong></span> <span class='ocrx_word' id='word_1_15' title='bbox 1612 434 1837 490; x_wconf 91' lang='lat' dir='ltr'><strong>consilio</strong></span> <span class='ocrx_word' id='word_1_16' title='bbox 1868 435 1919 498; x_wconf 74' lang='grc' dir='ltr'><strong>Α</strong></span> <span class='ocrx_word' id='word_1_17' title='bbox 1945 451 2238 507; x_wconf 86' lang='lat' dir='ltr'><strong>congruum</strong></span> <span class='ocrx_word' id='word_1_18' title='bbox 2286 451 2395 491; x_wconf 90' lang='lat' dir='ltr'><strong>non</strong></span> <span class='ocrx_word' id='word_1_19' title='bbox 2448 432 2784 490; x_wconf 78' lang='lat' dir='ltr'><strong>remaudasti</strong></span> <span class='ocrx_word' id='word_1_20' title='bbox 2812 450 2825 486; x_wconf 88' lang='lat'><strong>:</strong></span> <span class='ocrx_word' id='word_1_21' title='bbox 2852 445 3039 488; x_wconf 84' lang='lat' dir='ltr'><strong>verum</strong></span> <span class='ocrx_word' id='word_1_22' title='bbox 3073 445 3173 487; x_wconf 89' lang='lat' dir='ltr'><strong>nec</strong></span> <span class='ocrx_word' id='word_1_23' title='bbox 3197 433 3412 503; x_wconf 85' lang='lat' dir='ltr'><strong>quando</strong></span> <span class='ocrx_word' id='word_1_24' title='bbox 3460 444 3513 489; x_wconf 91' lang='lat' dir='ltr'><strong>te</strong></span> 
     </span>
    </p>
   </div>
   <div class='ocr_carea' id='block_1_5' title="bbox 252 527 1842 607">
    <p class='ocr_par' dir='ltr' id='par_1_5' title="bbox 252 527 1842 607">
     <span class='ocr_line' id='line_1_5' title="bbox 252 527 1842 607; baseline -0.006 -17"><span class='ocrx_word' id='word_1_25' title='bbox 252 544 469 592; x_wconf 81' lang='lat' dir='ltr'><strong>tractet</strong></span> <span class='ocrx_word' id='word_1_26' title='bbox 498 535 726 607; x_wconf 72' lang='lat' dir='ltr'><strong>qualiter</strong></span> <span class='ocrx_word' id='word_1_27' title='bbox 744 535 862 605; x_wconf 84' lang='lat' dir='ltr'><strong>ejus</strong></span> <span class='ocrx_word' id='word_1_28' title='bbox 898 532 1166 603; x_wconf 82' lang='lat' dir='ltr'><strong>provincia</strong></span> <span class='ocrx_word' id='word_1_29' title='bbox 1186 531 1506 600; x_wconf 74' lang='lat' dir='ltr'><strong>corrigatur,</strong></span> <span class='ocrx_word' id='word_1_30' title='bbox 1533 527 1842 598; x_wconf 87' lang='lat' dir='ltr'><strong>metropoli-</strong></span> 
     </span>
    </p>
   </div>
   <div class='ocr_carea' id='block_1_6' title="bbox 250 621 1842 685">
    <p class='ocr_par' dir='ltr' id='par_1_6' title="bbox 250 621 1842 685">
     <span class='ocr_line' id='line_1_6' title="bbox 250 621 1842 685; baseline -0.004 -1"><span class='ocrx_word' id='word_1_31' title='bbox 250 634 395 685; x_wconf 79' lang='lat' dir='ltr'><strong>tana</strong></span> <span class='ocrx_word' id='word_1_32' title='bbox 423 625 780 683; x_wconf 78' lang='lat' dir='ltr'><strong>sollicitudine</strong></span> <span class='ocrx_word' id='word_1_33' title='bbox 791 632 1023 682; x_wconf 76' lang='lat' dir='ltr'><strong>vestram</strong></span> <span class='ocrx_word' id='word_1_34' title='bbox 1051 638 1364 679; x_wconf 91' lang='lat' dir='ltr'><strong>commoneo</strong></span> <span class='ocrx_word' id='word_1_35' title='bbox 1389 621 1745 685; x_wconf 81' lang='lat' dir='ltr'><strong>dilectionem,</strong></span> <span class='ocrx_word' id='word_1_36' title='bbox 1781 625 1842 677; x_wconf 81' lang='lat' dir='ltr'><strong>ut</strong></span> 
     </span>
    </p>
   </div>
   <div class='ocr_carea' id='block_1_7' title="bbox 250 716 1839 791">
    <p class='ocr_par' dir='ltr' id='par_1_7' title="bbox 250 716 1839 791">
     <span class='ocr_line' id='line_1_7' title="bbox 250 716 1839 791; baseline -0.004 -17"><span class='ocrx_word' id='word_1_37' title='bbox 250 722 522 791; x_wconf 88' lang='lat' dir='ltr'><strong>quoniam</strong></span> <span class='ocrx_word' id='word_1_38' title='bbox 571 719 700 775; x_wconf 91' lang='lat' dir='ltr'><strong>illud</strong></span> <span class='ocrx_word' id='word_1_39' title='bbox 750 718 1038 774; x_wconf 89' lang='lat' dir='ltr'><strong>nefandum</strong></span> <span class='ocrx_word' id='word_1_40' title='bbox 1067 716 1339 772; x_wconf 79' lang='lat' dir='ltr'><strong>vinculum</strong></span> <span class='ocrx_word' id='word_1_41' title='bbox 1365 716 1646 785; x_wconf 69' lang='lat' dir='ltr'><strong>praeceptis</strong></span> <span class='ocrx_word' id='word_1_42' title='bbox 1670 728 1839 768; x_wconf 83' lang='lat' dir='ltr'><strong>evan-</strong></span> 
     </span>
    </p>
   </div>
   <div class='ocr_carea' id='block_1_8' title="bbox 254 804 1841 883">
    <p class='ocr_par' dir='ltr' id='par_1_8' title="bbox 254 804 1841 883">
     <span class='ocr_line' id='line_1_8' title="bbox 254 804 1841 883; baseline -0.006 -16"><span class='ocrx_word' id='word_1_43' title='bbox 254 812 455 883; x_wconf 83' lang='lat' dir='ltr'><strong>gelicis</strong></span> <span class='ocrx_word' id='word_1_44' title='bbox 477 820 637 881; x_wconf 89' lang='lat' dir='ltr'><strong>atque</strong></span> <span class='ocrx_word' id='word_1_45' title='bbox 659 810 967 881; x_wconf 86' lang='lat' dir='ltr'><strong>apostolicis</strong></span> <span class='ocrx_word' id='word_1_46' title='bbox 985 808 1333 870; x_wconf 88' lang='lat' dir='ltr'><strong>contrarium,</strong></span> <span class='ocrx_word' id='word_1_47' title='bbox 1358 816 1413 861; x_wconf 87' lang='lat' dir='ltr'><strong>et</strong></span> <span class='ocrx_word' id='word_1_48' title='bbox 1438 804 1669 860; x_wconf 79' lang='lat' dir='ltr'><strong>decretis</strong></span> <span class='ocrx_word' id='word_1_49' title='bbox 1688 818 1841 859; x_wconf 84' lang='lat' dir='ltr'><strong>sanc-</strong></span> 
     </span>
    </p>
   </div>
   <div class='ocr_carea' id='block_1_9' title="bbox 257 896 1843 971">
    <p class='ocr_par' dir='ltr' id='par_1_9' title="bbox 257 896 1843 971">
     <span class='ocr_line' id='line_1_9' title="bbox 257 896 1843 971; baseline -0.004 -13"><span class='ocrx_word' id='word_1_50' title='bbox 257 912 447 958; x_wconf 89' lang='lat' dir='ltr'><strong>torum</strong></span> <span class='ocrx_word' id='word_1_51' title='bbox 499 903 802 969; x_wconf 87' lang='lat' dir='ltr'><strong>adversum,</strong></span> <span class='ocrx_word' id='word_1_52' title='bbox 830 901 971 971; x_wconf 90' lang='lat' dir='ltr'><strong>quod</strong></span> <span class='ocrx_word' id='word_1_53' title='bbox 1001 901 1150 955; x_wconf 87' lang='lat' dir='ltr'><strong>visus</strong></span> <span class='ocrx_word' id='word_1_54' title='bbox 1192 898 1366 954; x_wconf 79' lang='lat' dir='ltr'><strong>fuerat</strong></span> <span class='ocrx_word' id='word_1_55' title='bbox 1406 897 1670 967; x_wconf 87' lang='lat' dir='ltr'><strong>alligasse,</strong></span> <span class='ocrx_word' id='word_1_56' title='bbox 1703 896 1843 952; x_wconf 88' lang='lat' dir='ltr'><strong>sicut</strong></span> 
     </span>
    </p>
   </div>
   <div class='ocr_carea' id='block_1_10' title="bbox 250 989 1839 1068">
    <p class='ocr_par' dir='ltr' id='par_1_10' title="bbox 250 989 1839 1068">
     <span class='ocr_line' id='line_1_10' title="bbox 250 989 1839 1068; baseline -0.005 -17"><span class='ocrx_word' id='word_1_57' title='bbox 250 997 374 1068; x_wconf 81' lang='lat' dir='ltr'><strong>jam</strong></span> <span class='ocrx_word' id='word_1_58' title='bbox 401 995 555 1053; x_wconf 83' lang='lat' dir='ltr'><strong>vobis</strong></span> <span class='ocrx_word' id='word_1_59' title='bbox 590 995 709 1050; x_wconf 88' lang='lat' dir='ltr'><strong>aliis</strong></span> <span class='ocrx_word' id='word_1_60' title='bbox 739 995 934 1050; x_wconf 85' lang='lat' dir='ltr'><strong>litteris</strong></span> <span class='ocrx_word' id='word_1_61' title='bbox 963 993 1230 1058; x_wconf 90' lang='lat' dir='ltr'><strong>intimavi,</strong></span> <span class='ocrx_word' id='word_1_62' title='bbox 1258 991 1554 1047; x_wconf 88' lang='lat' dir='ltr'><strong>secundum</strong></span> <span class='ocrx_word' id='word_1_63' title='bbox 1570 989 1839 1045; x_wconf 85' lang='lat' dir='ltr'><strong>tramitem</strong></span> 
     </span>
    </p>
   </div>
   <div class='ocr_carea' id='block_1_11' title="bbox 257 1082 1841 1159">
    <p class='ocr_par' dir='ltr' id='par_1_11' title="bbox 257 1082 1841 1159">
     <span class='ocr_line' id='line_1_11' title="bbox 257 1082 1841 1159; baseline -0.005 -15"><span class='ocrx_word' id='word_1_64' title='bbox 257 1086 692 1159; x_wconf 78' lang='lat' dir='ltr'><strong>Seripturarum,</strong></span> <span class='ocrx_word' id='word_1_65' title='bbox 724 1086 1173 1156; x_wconf 90' lang='lat' dir='ltr'><strong>traditionemque</strong></span> <span class='ocrx_word' id='word_1_66' title='bbox 1202 1083 1465 1152; x_wconf 81' lang='lat' dir='ltr'><strong>majorum</strong></span> <span class='ocrx_word' id='word_1_67' title='bbox 1520 1082 1841 1143; x_wconf 81' lang='lat' dir='ltr'><strong>auctoritate</strong></span> 
     </span>
    </p>
   </div>
   <div class='ocr_carea' id='block_1_12' title="bbox 254 1172 1841 1250">
    <p class='ocr_par' dir='ltr' id='par_1_12' title="bbox 254 1172 1841 1250">
     <span class='ocr_line' id='line_1_12' title="bbox 254 1172 1841 1250; baseline -0.003 -17"><span class='ocrx_word' id='word_1_68' title='bbox 254 1180 408 1234; x_wconf 80' lang='lat' dir='ltr'><strong>sedis</strong></span> <span class='ocrx_word' id='word_1_69' title='bbox 473 1180 895 1250; x_wconf 65' lang='lat' dir='ltr'><strong>metropolitanae</strong></span> <span class='ocrx_word' id='word_1_70' title='bbox 958 1177 1198 1233; x_wconf 88' lang='lat' dir='ltr'><strong>noscitur</strong></span> <span class='ocrx_word' id='word_1_71' title='bbox 1252 1172 1566 1232; x_wconf 85' lang='lat' dir='ltr'><strong>dissolutum</strong></span> <span class='ocrx_word' id='word_1_72' title='bbox 1632 1175 1841 1230; x_wconf 75' lang='lat' dir='ltr'><strong>devotis</strong></span> 
     </span>
    </p>
   </div>
   <div class='ocr_carea' id='block_1_13' title="bbox 254 1266 1841 1342">
    <p class='ocr_par' dir='ltr' id='par_1_13' title="bbox 254 1266 1841 1342">
     <span class='ocr_line' id='line_1_13' title="bbox 254 1266 1841 1342; baseline -0.003 -18"><span class='ocrx_word' id='word_1_73' title='bbox 254 1279 469 1324; x_wconf 70' lang='lat' dir='ltr'><strong>sanctae</strong></span> <span class='ocrx_word' id='word_1_74' title='bbox 519 1270 791 1342; x_wconf 80' lang='lat' dir='ltr'><strong>religionis</strong></span> <span class='ocrx_word' id='word_1_75' title='bbox 835 1269 1075 1324; x_wconf 80' lang='lat' dir='ltr'><strong>excubiis</strong></span> <span class='ocrx_word' id='word_1_76' title='bbox 1121 1268 1410 1337; x_wconf 80' lang='lat' dir='ltr'><strong>mancipati</strong></span> <span class='ocrx_word' id='word_1_77' title='bbox 1452 1266 1755 1321; x_wconf 80' lang='lat' dir='ltr'><strong>orationum</strong></span> <span class='ocrx_word' id='word_1_78' title='bbox 1785 1273 1841 1320; x_wconf 87' lang='lat' dir='ltr'><strong>et</strong></span> 
     </span>
    </p>
   </div>
   <div class='ocr_carea' id='block_1_14' title="bbox 251 1357 1840 1428">
    <p class='ocr_par' dir='ltr' id='par_1_14' title="bbox 251 1357 1840 1428">
     <span class='ocr_line' id='line_1_14' title="bbox 251 1357 1840 1428; baseline 0 -15"><span class='ocrx_word' id='word_1_79' title='bbox 251 1376 432 1414; x_wconf 68' lang='lat' dir='ltr'><strong>sacrm</strong></span> <span class='ocrx_word' id='word_1_80' title='bbox 468 1360 753 1416; x_wconf 84' lang='lat' dir='ltr'><strong>oblationis</strong></span> <span class='ocrx_word' id='word_1_81' title='bbox 781 1378 844 1417; x_wconf 88' lang='lat' dir='ltr'><strong>ac</strong></span> <span class='ocrx_word' id='word_1_82' title='bbox 868 1360 1075 1417; x_wconf 56' lang='lat' dir='ltr'><strong>caeteris</strong></span> <span class='ocrx_word' id='word_1_83' title='bbox 1101 1360 1293 1415; x_wconf 82' lang='lat' dir='ltr'><strong>divinae</strong></span> <span class='ocrx_word' id='word_1_84' title='bbox 1314 1358 1629 1428; x_wconf 88' lang='lat' dir='ltr'><strong>placationis</strong></span> <span class='ocrx_word' id='word_1_85' title='bbox 1650 1357 1840 1413; x_wconf 77' lang='lat' dir='ltr'><strong>studiis</strong></span> 
     </span>
    </p>
   </div>
   <div class='ocr_carea' id='block_1_15' title="bbox 252 1448 793 1517">
    <p class='ocr_par' dir='ltr' id='par_1_15' title="bbox 252 1448 793 1517">
     <span class='ocr_line' id='line_1_15' title="bbox 252 1448 793 1517; baseline 0.007 -17"><span class='ocrx_word' id='word_1_86' title='bbox 252 1448 551 1517; x_wconf 84' lang='lat' dir='ltr'><strong>invigilare</strong></span> <span class='ocrx_word' id='word_1_87' title='bbox 574 1451 793 1506; x_wconf 89' lang='lat' dir='ltr'><strong>curetis.</strong></span> 
     </span>
    </p>
   </div>
   <div class='ocr_carea' id='block_1_16' title="bbox 333 1542 1840 1615">
    <p class='ocr_par' dir='ltr' id='par_1_16' title="bbox 333 1542 1840 1615">
     <span class='ocr_line' id='line_1_16' title="bbox 333 1542 1840 1615; baseline 0.001 -19"><span class='ocrx_word' id='word_1_88' title='bbox 333 1542 661 1614; x_wconf 73' lang='lat' dir='ltr'><strong>Prmpositus</strong></span> <span class='ocrx_word' id='word_1_89' title='bbox 706 1559 919 1615; x_wconf 89' lang='lat' dir='ltr'><strong>quoque</strong></span> <span class='ocrx_word' id='word_1_90' title='bbox 960 1559 1024 1599; x_wconf 88' lang='lat' dir='ltr'><strong>ac</strong></span> <span class='ocrx_word' id='word_1_91' title='bbox 1072 1544 1305 1599; x_wconf 88' lang='lat' dir='ltr'><strong>decanus</strong></span> <span class='ocrx_word' id='word_1_92' title='bbox 1326 1542 1549 1598; x_wconf 76' lang='lat' dir='ltr'><strong>fratrum</strong></span> <span class='ocrx_word' id='word_1_93' title='bbox 1580 1542 1840 1603; x_wconf 72' lang='lat' dir='ltr'><strong>custodiae</strong></span> 
     </span>
    </p>
   </div>
   <div class='ocr_carea' id='block_1_17' title="bbox 251 1630 1840 1707">
    <p class='ocr_par' dir='ltr' id='par_1_17' title="bbox 251 1630 1840 1707">
     <span class='ocr_line' id='line_1_17' title="bbox 251 1630 1840 1707; baseline 0.001 -20"><span class='ocrx_word' id='word_1_94' title='bbox 251 1642 372 1688; x_wconf 88' lang='lat' dir='ltr'><strong>tam</strong></span> <span class='ocrx_word' id='word_1_95' title='bbox 395 1632 451 1689; x_wconf 83' lang='lat' dir='ltr'><strong>in</strong></span> <span class='ocrx_word' id='word_1_96' title='bbox 478 1630 738 1707; x_wconf 86' lang='lat' dir='ltr'><strong>spirituali</strong></span> <span class='ocrx_word' id='word_1_97' title='bbox 764 1635 1142 1702; x_wconf 83' lang='lat' dir='ltr'><strong>sollicitudine,</strong></span> <span class='ocrx_word' id='word_1_98' title='bbox 1169 1650 1330 1707; x_wconf 88' lang='lat' dir='ltr'><strong>quam</strong></span> <span class='ocrx_word' id='word_1_99' title='bbox 1363 1636 1415 1690; x_wconf 91' lang='lat' dir='ltr'><strong>in</strong></span> <span class='ocrx_word' id='word_1_100' title='bbox 1440 1635 1718 1707; x_wconf 88' lang='lat' dir='ltr'><strong>temporali</strong></span> <span class='ocrx_word' id='word_1_101' title='bbox 1746 1635 1840 1690; x_wconf 76' lang='lat' dir='ltr'><strong>ad-</strong></span> 
     </span>
    </p>
   </div>
   <div class='ocr_carea' id='block_1_18' title="bbox 249 1723 1839 1792">
    <p class='ocr_par' dir='ltr' id='par_1_18' title="bbox 249 1723 1839 1792">
     <span class='ocr_line' id='line_1_18' title="bbox 249 1723 1839 1792; baseline 0.002 -14"><span class='ocrx_word' id='word_1_102' title='bbox 249 1725 664 1782; x_wconf 88' lang='lat' dir='ltr'><strong>ministratione</strong></span> <span class='ocrx_word' id='word_1_103' title='bbox 686 1727 911 1783; x_wconf 85' lang='lat' dir='ltr'><strong>solerter</strong></span> <span class='ocrx_word' id='word_1_104' title='bbox 939 1743 1123 1783; x_wconf 89' lang='lat' dir='ltr'><strong>curam</strong></span> <span class='ocrx_word' id='word_1_105' title='bbox 1148 1727 1438 1783; x_wconf 83' lang='lat' dir='ltr'><strong>adhibeant</strong></span> <span class='ocrx_word' id='word_1_106' title='bbox 1469 1743 1484 1792; x_wconf 91' lang='lat'><strong>;</strong></span> <span class='ocrx_word' id='word_1_107' title='bbox 1535 1723 1839 1782; x_wconf 75' lang='lat' dir='ltr'><strong>Theseum-</strong></span> 
     </span>
    </p>
   </div>
   <div class='ocr_carea' id='block_1_19' title="bbox 1946 525 3515 605">
    <p class='ocr_par' dir='ltr' id='par_1_19' title="bbox 1946 525 3515 605">
     <span class='ocr_line' id='line_1_19' title="bbox 1946 525 3515 605; baseline -0.003 -18"><span class='ocrx_word' id='word_1_108' title='bbox 1946 545 2129 587; x_wconf 81' lang='lat' dir='ltr'><strong>coram</strong></span> <span class='ocrx_word' id='word_1_109' title='bbox 2155 530 2371 595; x_wconf 75' lang='lat' dir='ltr'><strong>domino</strong></span> <span class='ocrx_word' id='word_1_110' title='bbox 2400 537 2585 599; x_wconf 82' lang='lat' dir='ltr'><strong>nostro</strong></span> <span class='ocrx_word' id='word_1_111' title='bbox 2627 543 2773 598; x_wconf 73' lang='lat' dir='ltr'><strong>rege,</strong></span> <span class='ocrx_word' id='word_1_112' title='bbox 2799 536 2853 603; x_wconf 77' lang='lat' dir='ltr'><strong>pt</strong></span> <span class='ocrx_word' id='word_1_113' title='bbox 2879 527 3199 603; x_wconf 76' lang='lat' dir='ltr'><strong>quibusdam</strong></span> <span class='ocrx_word' id='word_1_114' title='bbox 3227 525 3515 605; x_wconf 70' lang='lat' dir='ltr'><strong>confratri-</strong></span> 
     </span>
    </p>
   </div>
   <div class='ocr_carea' id='block_1_20' title="bbox 1943 621 3513 703">
    <p class='ocr_par' dir='ltr' id='par_1_20' title="bbox 1943 621 3513 703">
     <span class='ocr_line' id='line_1_20' title="bbox 1943 621 3513 703; baseline -0.003 -22"><span class='ocrx_word' id='word_1_115' title='bbox 1943 625 2079 689; x_wconf 85' lang='lat' dir='ltr'><strong>bus,</strong></span> <span class='ocrx_word' id='word_1_116' title='bbox 2110 633 2165 683; x_wconf 85' lang='lat' dir='ltr'><strong>et</strong></span> <span class='ocrx_word' id='word_1_117' title='bbox 2209 624 2538 693; x_wconf 85' lang='lat' dir='ltr'><strong>coepiscopis</strong></span> <span class='ocrx_word' id='word_1_118' title='bbox 2592 623 2790 681; x_wconf 87' lang='lat' dir='ltr'><strong>nostris</strong></span> <span class='ocrx_word' id='word_1_119' title='bbox 2829 622 3005 703; x_wconf 56' lang='lat' dir='ltr'><strong>verbis</strong></span> <span class='ocrx_word' id='word_1_120' title='bbox 3048 621 3282 699; x_wconf 59' lang='lat' dir='ltr'><strong>Apostoli</strong></span> <span class='ocrx_word' id='word_1_121' title='bbox 3331 623 3513 691; x_wconf 80' lang='lat' dir='ltr'><strong>monui</strong></span> 
     </span>
    </p>
   </div>
   <div class='ocr_carea' id='block_1_21' title="bbox 1945 713 3512 791">
    <p class='ocr_par' dir='ltr' id='par_1_21' title="bbox 1945 713 3512 791">
     <span class='ocr_line' id='line_1_21' title="bbox 1945 713 3512 791; baseline -0.001 -20"><span class='ocrx_word' id='word_1_122' title='bbox 1945 714 2032 785; x_wconf 80' lang='lat' dir='ltr'><strong>(II</strong></span> <span class='ocrx_word' id='word_1_123' title='bbox 2066 715 2197 773; x_wconf 85' lang='lat' dir='ltr'><strong>Tim.</strong></span> <span class='ocrx_word' id='word_1_124' title='bbox 2230 715 2272 785; x_wconf 81' lang='grc' dir='ltr'><strong>ι)</strong></span> <span class='ocrx_word' id='word_1_125' title='bbox 2303 726 2361 769; x_wconf 89' lang='lat' dir='ltr'><strong>ut</strong></span> <span class='ocrx_word' id='word_1_126' title='bbox 2390 730 2495 771; x_wconf 89' lang='lat' dir='ltr'><strong>non</strong></span> <span class='ocrx_word' id='word_1_127' title='bbox 2525 716 2824 788; x_wconf 83' lang='lat' dir='ltr'><strong>negligeres</strong></span> <span class='ocrx_word' id='word_1_128' title='bbox 2861 714 3086 787; x_wconf 87' lang='lat' dir='ltr'><strong>gratiam</strong></span> <span class='ocrx_word' id='word_1_129' title='bbox 3117 713 3210 791; x_wconf 70' lang='lat' dir='ltr'><strong>pet</strong></span> <span class='ocrx_word' id='word_1_130' title='bbox 3238 728 3356 782; x_wconf 63' lang='lat' dir='ltr'><strong>quae</strong></span> <span class='ocrx_word' id='word_1_131' title='bbox 3391 716 3512 784; x_wconf 84' lang='lat' dir='ltr'><strong>data</strong></span> 
     </span>
    </p>
   </div>
   <div class='ocr_carea' id='block_1_22' title="bbox 1943 806 3516 881">
    <p class='ocr_par' dir='ltr' id='par_1_22' title="bbox 1943 806 3516 881">
     <span class='ocr_line' id='line_1_22' title="bbox 1943 806 3516 881; baseline -0.001 -19"><span class='ocrx_word' id='word_1_132' title='bbox 1943 816 2030 863; x_wconf 91' lang='lat' dir='ltr'><strong>est</strong></span> <span class='ocrx_word' id='word_1_133' title='bbox 2056 806 2152 861; x_wconf 88' lang='lat' dir='ltr'><strong>tibi</strong></span> <span class='ocrx_word' id='word_1_134' title='bbox 2175 820 2272 875; x_wconf 83' lang='lat' dir='ltr'><strong>per</strong></span> <span class='ocrx_word' id='word_1_135' title='bbox 2296 820 2549 861; x_wconf 88' lang='lat' dir='ltr'><strong>manuum</strong></span> <span class='ocrx_word' id='word_1_136' title='bbox 2572 821 2811 877; x_wconf 80' lang='lat' dir='ltr'><strong>mearum</strong></span> <span class='ocrx_word' id='word_1_137' title='bbox 2838 806 3260 878; x_wconf 82' lang='lat' dir='ltr'><strong>impositiouem,</strong></span> <span class='ocrx_word' id='word_1_138' title='bbox 3289 806 3421 881; x_wconf 79' lang='lat' dir='ltr'><strong>mihi</strong></span> <span class='ocrx_word' id='word_1_139' title='bbox 3447 808 3516 879; x_wconf 70' lang='lat' dir='ltr'><strong>ad</strong></span> 
     </span>
    </p>
   </div>
   <div class='ocr_carea' id='block_1_23' title="bbox 1947 897 3516 969">
    <p class='ocr_par' dir='ltr' id='par_1_23' title="bbox 1947 897 3516 969">
     <span class='ocr_line' id='line_1_23' title="bbox 1947 897 3516 969; baseline -0.003 -14"><span class='ocrx_word' id='word_1_140' title='bbox 1947 913 2060 955; x_wconf 87' lang='lat' dir='ltr'><strong>rem</strong></span> <span class='ocrx_word' id='word_1_141' title='bbox 2102 897 2425 968; x_wconf 87' lang='lat' dir='ltr'><strong>pertinentia</strong></span> <span class='ocrx_word' id='word_1_142' title='bbox 2475 898 2817 969; x_wconf 74' lang='lat' dir='ltr'><strong>respondisti;</strong></span> <span class='ocrx_word' id='word_1_143' title='bbox 2845 897 3099 968; x_wconf 88' lang='lat' dir='ltr'><strong>Cogitans</strong></span> <span class='ocrx_word' id='word_1_144' title='bbox 3136 908 3316 955; x_wconf 88' lang='lat' dir='ltr'><strong>autem</strong></span> <span class='ocrx_word' id='word_1_145' title='bbox 3343 904 3516 953; x_wconf 88' lang='lat' dir='ltr'><strong>matu-</strong></span> 
     </span>
    </p>
   </div>
   <div class='ocr_carea' id='block_1_24' title="bbox 1944 988 3516 1061">
    <p class='ocr_par' dir='ltr' id='par_1_24' title="bbox 1944 988 3516 1061">
     <span class='ocr_line' id='line_1_24' title="bbox 1944 988 3516 1061; baseline 0.001 -16"><span class='ocrx_word' id='word_1_146' title='bbox 1944 989 2075 1045; x_wconf 90' lang='lat' dir='ltr'><strong>riori</strong></span> <span class='ocrx_word' id='word_1_147' title='bbox 2103 989 2331 1047; x_wconf 79' lang='lat' dir='ltr'><strong>consilio</strong></span> <span class='ocrx_word' id='word_1_148' title='bbox 2358 988 2482 1049; x_wconf 83' lang='lat' dir='ltr'><strong>inde</strong></span> <span class='ocrx_word' id='word_1_149' title='bbox 2508 990 2640 1047; x_wconf 86' lang='lat' dir='ltr'><strong>mihi</strong></span> <span class='ocrx_word' id='word_1_150' title='bbox 2681 991 3007 1061; x_wconf 84' lang='lat' dir='ltr'><strong>respondere</strong></span> <span class='ocrx_word' id='word_1_151' title='bbox 3033 998 3085 1045; x_wconf 88' lang='lat' dir='ltr'><strong>te</strong></span> <span class='ocrx_word' id='word_1_152' title='bbox 3108 991 3244 1055; x_wconf 82' lang='lat' dir='ltr'><strong>velle</strong></span> <span class='ocrx_word' id='word_1_153' title='bbox 3286 990 3516 1061; x_wconf 83' lang='lat' dir='ltr'><strong>qualiter</strong></span> 
     </span>
    </p>
   </div>
   <div class='ocr_carea' id='block_1_25' title="bbox 1943 1068 3516 1163">
    <p class='ocr_par' dir='ltr' id='par_1_25' title="bbox 1943 1068 3516 1163">
     <span class='ocr_line' id='line_1_25' title="bbox 1943 1068 3516 1163; baseline 0 -27"><span class='ocrx_word' id='word_1_154' title='bbox 1943 1095 2008 1136; x_wconf 88' lang='lat' dir='ltr'><strong>ea</strong></span> <span class='ocrx_word' id='word_1_155' title='bbox 2050 1081 2119 1137; x_wconf 82' lang='lat' dir='ltr'><strong>de</strong></span> <span class='ocrx_word' id='word_1_156' title='bbox 2169 1079 2362 1150; x_wconf 85' lang='lat' dir='ltr'><strong>quibus</strong></span> <span class='ocrx_word' id='word_1_157' title='bbox 2417 1088 2470 1147; x_wconf 82' lang='lat' dir='ltr'><strong>te</strong></span> <span class='ocrx_word' id='word_1_158' title='bbox 2519 1068 2834 1147; x_wconf 77' lang='lat' dir='ltr'><strong>monuerant</strong></span> <span class='ocrx_word' id='word_1_159' title='bbox 2874 1081 3180 1149; x_wconf 79' lang='lat' dir='ltr'><strong>corrcxisti,</strong></span> <span class='ocrx_word' id='word_1_160' title='bbox 3213 1097 3333 1155; x_wconf 85' lang='lat' dir='ltr'><strong>cum</strong></span> <span class='ocrx_word' id='word_1_161' title='bbox 3360 1094 3516 1163; x_wconf 72' lang='lat' dir='ltr'><strong>secus</strong></span> 
     </span>
    </p>
   </div>
   <div class='ocr_carea' id='block_1_26' title="bbox 1942 1172 3514 1247">
    <p class='ocr_par' dir='ltr' id='par_1_26' title="bbox 1942 1172 3514 1247">
     <span class='ocr_line' id='line_1_26' title="bbox 1942 1172 3514 1247; baseline 0.001 -16"><span class='ocrx_word' id='word_1_162' title='bbox 1942 1181 2092 1243; x_wconf 80' lang='lat' dir='ltr'><strong>tuam</strong></span> <span class='ocrx_word' id='word_1_163' title='bbox 2138 1172 2477 1245; x_wconf 76' lang='lat' dir='ltr'><strong>parochiam,</strong></span> <span class='ocrx_word' id='word_1_164' title='bbox 2496 1182 2551 1232; x_wconf 91' lang='lat' dir='ltr'><strong>et</strong></span> <span class='ocrx_word' id='word_1_165' title='bbox 2594 1174 2648 1231; x_wconf 94' lang='lat' dir='ltr'><strong>in</strong></span> <span class='ocrx_word' id='word_1_166' title='bbox 2678 1174 2954 1243; x_wconf 80' lang='lat' dir='ltr'><strong>vicinitate</strong></span> <span class='ocrx_word' id='word_1_167' title='bbox 2979 1175 3071 1247; x_wconf 69' lang='lat' dir='ltr'><strong>iibi</strong></span> <span class='ocrx_word' id='word_1_168' title='bbox 3102 1175 3403 1247; x_wconf 75' lang='lat' dir='ltr'><strong>cpmmissae</strong></span> <span class='ocrx_word' id='word_1_169' title='bbox 3429 1190 3514 1233; x_wconf 34' lang='lat' dir='ltr'><strong>eos</strong></span> 
     </span>
    </p>
   </div>
   <div class='ocr_carea' id='block_1_27' title="bbox 1941 1263 3514 1343">
    <p class='ocr_par' dir='ltr' id='par_1_27' title="bbox 1941 1263 3514 1343">
     <span class='ocr_line' id='line_1_27' title="bbox 1941 1263 3514 1343; baseline 0.005 -24"><span class='ocrx_word' id='word_1_170' title='bbox 1941 1263 2122 1325; x_wconf 76' lang='lat' dir='ltr'><strong>clesite</strong></span> <span class='ocrx_word' id='word_1_171' title='bbox 2170 1263 2400 1334; x_wconf 82' lang='lat' dir='ltr'><strong>amplius</strong></span> <span class='ocrx_word' id='word_1_172' title='bbox 2450 1279 2609 1334; x_wconf 88' lang='lat' dir='ltr'><strong>quam</strong></span> <span class='ocrx_word' id='word_1_173' title='bbox 2657 1279 2754 1335; x_wconf 88' lang='lat' dir='ltr'><strong>per</strong></span> <span class='ocrx_word' id='word_1_174' title='bbox 2801 1266 2986 1333; x_wconf 85' lang='lat' dir='ltr'><strong>decem</strong></span> <span class='ocrx_word' id='word_1_175' title='bbox 3035 1264 3151 1333; x_wconf 86' lang='lat' dir='ltr'><strong>dies</strong></span> <span class='ocrx_word' id='word_1_176' title='bbox 3197 1267 3514 1343; x_wconf 78' lang='lat' dir='ltr'><strong>immoratus</strong></span> 
     </span>
    </p>
   </div>
   <div class='ocr_carea' id='block_1_28' title="bbox 1942 1352 3515 1435">
    <p class='ocr_par' dir='ltr' id='par_1_28' title="bbox 1942 1352 3515 1435">
     <span class='ocr_line' id='line_1_28' title="bbox 1942 1352 3515 1435; baseline 0.003 -24"><span class='ocrx_word' id='word_1_177' title='bbox 1942 1355 2191 1421; x_wconf 83' lang='lat' dir='ltr'><strong>fueram,</strong></span> <span class='ocrx_word' id='word_1_178' title='bbox 2233 1352 2436 1411; x_wconf 86' lang='lat' dir='ltr'><strong>nullum</strong></span> <span class='ocrx_word' id='word_1_179' title='bbox 2491 1356 2620 1413; x_wconf 87' lang='lat' dir='ltr'><strong>mihi</strong></span> <span class='ocrx_word' id='word_1_180' title='bbox 2676 1355 2952 1425; x_wconf 82' lang='lat' dir='ltr'><strong>reddidisti</strong></span> <span class='ocrx_word' id='word_1_181' title='bbox 2996 1371 3330 1429; x_wconf 87' lang='lat' dir='ltr'><strong>responsum.</strong></span> <span class='ocrx_word' id='word_1_182' title='bbox 3361 1357 3515 1435; x_wconf 81' lang='lat' dir='ltr'><strong>Nunc</strong></span> 
     </span>
    </p>
   </div>
   <div class='ocr_carea' id='block_1_29' title="bbox 1942 1449 3510 1527">
    <p class='ocr_par' dir='ltr' id='par_1_29' title="bbox 1942 1449 3510 1527">
     <span class='ocr_line' id='line_1_29' title="bbox 1942 1449 3510 1527; baseline 0.004 -27"><span class='ocrx_word' id='word_1_183' title='bbox 1942 1464 2074 1527; x_wconf 77' lang='lat' dir='ltr'><strong>vero</strong></span> <span class='ocrx_word' id='word_1_184' title='bbox 2098 1450 2223 1519; x_wconf 88' lang='lat' dir='ltr'><strong>quia</strong></span> <span class='ocrx_word' id='word_1_185' title='bbox 2254 1450 2395 1507; x_wconf 87' lang='lat' dir='ltr'><strong>sicut</strong></span> <span class='ocrx_word' id='word_1_186' title='bbox 2415 1449 2546 1509; x_wconf 82' lang='lat' dir='ltr'><strong>mihi</strong></span> <span class='ocrx_word' id='word_1_187' title='bbox 2569 1450 2796 1507; x_wconf 89' lang='lat' dir='ltr'><strong>domnus</strong></span> <span class='ocrx_word' id='word_1_188' title='bbox 2819 1465 2914 1509; x_wconf 79' lang='lat' dir='ltr'><strong>rex</strong></span> <span class='ocrx_word' id='word_1_189' title='bbox 2930 1449 3130 1519; x_wconf 77' lang='lat' dir='ltr'><strong>litteris</strong></span> <span class='ocrx_word' id='word_1_190' title='bbox 3154 1450 3266 1507; x_wconf 88' lang='lat' dir='ltr'><strong>suis</strong></span> <span class='ocrx_word' id='word_1_191' title='bbox 3286 1452 3510 1525; x_wconf 82' lang='lat' dir='ltr'><strong>manda-</strong></span> 
     </span>
    </p>
   </div>
   <div class='ocr_carea' id='block_1_30' title="bbox 1942 1538 3515 1612">
    <p class='ocr_par' dir='ltr' id='par_1_30' title="bbox 1942 1538 3515 1612">
     <span class='ocr_line' id='line_1_30' title="bbox 1942 1538 3515 1612; baseline 0.001 -17"><span class='ocrx_word' id='word_1_192' title='bbox 1942 1540 2040 1606; x_wconf 85' lang='lat' dir='ltr'><strong>vit,</strong></span> <span class='ocrx_word' id='word_1_193' title='bbox 2064 1548 2121 1594; x_wconf 91' lang='lat' dir='ltr'><strong>et</strong></span> <span class='ocrx_word' id='word_1_194' title='bbox 2164 1551 2216 1611; x_wconf 78' lang='lat' dir='ltr'><strong>te</strong></span> <span class='ocrx_word' id='word_1_195' title='bbox 2254 1540 2469 1597; x_wconf 82' lang='lat' dir='ltr'><strong>audisse</strong></span> <span class='ocrx_word' id='word_1_196' title='bbox 2490 1538 2603 1608; x_wconf 85' lang='lat' dir='ltr'><strong>jam</strong></span> <span class='ocrx_word' id='word_1_197' title='bbox 2632 1541 2794 1596; x_wconf 83' lang='lat' dir='ltr'><strong>credo</strong></span> <span class='ocrx_word' id='word_1_198' title='bbox 2812 1555 2910 1612; x_wconf 87' lang='lat' dir='ltr'><strong>pro</strong></span> <span class='ocrx_word' id='word_1_199' title='bbox 2938 1541 3165 1601; x_wconf 85' lang='lat' dir='ltr'><strong>utilitate</strong></span> <span class='ocrx_word' id='word_1_200' title='bbox 3189 1550 3388 1601; x_wconf 78' lang='lat' dir='ltr'><strong>sach</strong></span> <span class='ocrx_word' id='word_1_201' title='bbox 3418 1540 3515 1607; x_wconf 84' lang='lat' dir='ltr'><strong>Ec-</strong></span> 
     </span>
    </p>
   </div>
   <div class='ocr_carea' id='block_1_31' title="bbox 1942 1630 3512 1705">
    <p class='ocr_par' dir='ltr' id='par_1_31' title="bbox 1942 1630 3512 1705">
     <span class='ocr_line' id='line_1_31' title="bbox 1942 1630 3512 1705; baseline 0.002 -20"><span class='ocrx_word' id='word_1_202' title='bbox 1942 1630 2142 1696; x_wconf 67' lang='lat' dir='ltr'><strong>clesiaa,</strong></span> <span class='ocrx_word' id='word_1_203' title='bbox 2169 1640 2225 1687; x_wconf 89' lang='lat' dir='ltr'><strong>et</strong></span> <span class='ocrx_word' id='word_1_204' title='bbox 2256 1646 2391 1701; x_wconf 86' lang='lat' dir='ltr'><strong>pace</strong></span> <span class='ocrx_word' id='word_1_205' title='bbox 2413 1631 2594 1701; x_wconf 89' lang='lat' dir='ltr'><strong>populi</strong></span> <span class='ocrx_word' id='word_1_206' title='bbox 2624 1630 2918 1703; x_wconf 71' lang='lat' dir='ltr'><strong>Christiani</strong></span> <span class='ocrx_word' id='word_1_207' title='bbox 2944 1648 3050 1703; x_wconf 72' lang='lat' dir='ltr'><strong>una</strong></span> <span class='ocrx_word' id='word_1_208' title='bbox 3076 1648 3197 1705; x_wconf 83' lang='lat' dir='ltr'><strong>cum</strong></span> <span class='ocrx_word' id='word_1_209' title='bbox 3217 1648 3281 1693; x_wconf 91' lang='lat' dir='ltr'><strong>eo</strong></span> <span class='ocrx_word' id='word_1_210' title='bbox 3306 1633 3360 1691; x_wconf 91' lang='lat' dir='ltr'><strong>iu</strong></span> <span class='ocrx_word' id='word_1_211' title='bbox 3393 1632 3512 1691; x_wconf 87' lang='lat' dir='ltr'><strong>lou-</strong></span> 
     </span>
    </p>
   </div>
   <div class='ocr_carea' id='block_1_32' title="bbox 1943 1724 3514 1801">
    <p class='ocr_par' dir='ltr' id='par_1_32' title="bbox 1943 1724 3514 1801">
     <span class='ocr_line' id='line_1_32' title="bbox 1943 1724 3514 1801; baseline 0.003 -23"><span class='ocrx_word' id='word_1_212' title='bbox 1943 1725 2123 1793; x_wconf 80' lang='lat' dir='ltr'><strong>giores</strong></span> <span class='ocrx_word' id='word_1_213' title='bbox 2149 1733 2335 1795; x_wconf 87' lang='lat' dir='ltr'><strong>partes</strong></span> <span class='ocrx_word' id='word_1_214' title='bbox 2362 1740 2392 1781; x_wconf 87' lang='lat' dir='ltr'><strong>a</strong></span> <span class='ocrx_word' id='word_1_215' title='bbox 2421 1724 2693 1794; x_wconf 85' lang='lat' dir='ltr'><strong>parochiis</strong></span> <span class='ocrx_word' id='word_1_216' title='bbox 2723 1726 2923 1789; x_wconf 66' lang='lat' dir='ltr'><strong>matris</strong></span> <span class='ocrx_word' id='word_1_217' title='bbox 2945 1740 3253 1801; x_wconf 76' lang='lat' dir='ltr'><strong>pergemus,</strong></span> <span class='ocrx_word' id='word_1_218' title='bbox 3280 1741 3379 1796; x_wconf 87' lang='lat' dir='ltr'><strong>pro</strong></span> <span class='ocrx_word' id='word_1_219' title='bbox 3408 1726 3514 1789; x_wconf 80' lang='lat' dir='ltr'><strong>loci</strong></span> 
     </span>
    </p>
   </div>
   <div class='ocr_carea' id='block_1_33' title="bbox 247 1813 3514 1899">
    <p class='ocr_par' dir='ltr' id='par_1_33' title="bbox 247 1813 3514 1899">
     <span class='ocr_line' id='line_1_33' title="bbox 247 1813 3514 1899; baseline 0.001 -29"><span class='ocrx_word' id='word_1_220' title='bbox 247 1817 375 1872; x_wconf 83' lang='lat' dir='ltr'><strong>rius</strong></span> <span class='ocrx_word' id='word_1_221' title='bbox 414 1819 481 1873; x_wconf 92' lang='lat' dir='ltr'><strong>de</strong></span> <span class='ocrx_word' id='word_1_222' title='bbox 528 1817 879 1874; x_wconf 89' lang='lat' dir='ltr'><strong>luminaribus</strong></span> <span class='ocrx_word' id='word_1_223' title='bbox 903 1826 959 1874; x_wconf 89' lang='lat' dir='ltr'><strong>et</strong></span> <span class='ocrx_word' id='word_1_224' title='bbox 977 1819 1042 1875; x_wconf 90' lang='lat' dir='ltr'><strong>de</strong></span> <span class='ocrx_word' id='word_1_225' title='bbox 1065 1817 1184 1873; x_wconf 88' lang='lat' dir='ltr'><strong>aliis</strong></span> <span class='ocrx_word' id='word_1_226' title='bbox 1207 1818 1476 1883; x_wconf 84' lang='lat' dir='ltr'><strong>omnibus,</strong></span> <span class='ocrx_word' id='word_1_227' title='bbox 1505 1830 1625 1888; x_wconf 72' lang='lat' dir='ltr'><strong>quae</strong></span> <span class='ocrx_word' id='word_1_228' title='bbox 1645 1819 1715 1880; x_wconf 88' lang='lat' dir='ltr'><strong>ad</strong></span> <span class='ocrx_word' id='word_1_229' title='bbox 1741 1832 1829 1872; x_wconf 90' lang='lat' dir='ltr'><strong>ec-</strong></span> <span class='ocrx_word' id='word_1_230' title='bbox 1857 1813 1907 1874; x_wconf 86' lang='lat' dir='ltr'><strong>B</strong></span> <span class='ocrx_word' id='word_1_231' title='bbox 1933 1819 2039 1874; x_wconf 91' lang='lat' dir='ltr'><strong>mei</strong></span> <span class='ocrx_word' id='word_1_232' title='bbox 2065 1817 2423 1887; x_wconf 86' lang='lat' dir='ltr'><strong>sollicitudine</strong></span> <span class='ocrx_word' id='word_1_233' title='bbox 2443 1832 2789 1879; x_wconf 79' lang='lat' dir='ltr'><strong>commonere</strong></span> <span class='ocrx_word' id='word_1_234' title='bbox 2814 1824 2868 1877; x_wconf 82' lang='lat' dir='ltr'><strong>te</strong></span> <span class='ocrx_word' id='word_1_235' title='bbox 2893 1818 3108 1899; x_wconf 78' lang='lat' dir='ltr'><strong>dignum</strong></span> <span class='ocrx_word' id='word_1_236' title='bbox 3122 1818 3272 1884; x_wconf 77' lang='lat' dir='ltr'><strong>duxi,</strong></span> <span class='ocrx_word' id='word_1_237' title='bbox 3301 1826 3427 1885; x_wconf 81' lang='lat' dir='ltr'><strong>utet</strong></span> <span class='ocrx_word' id='word_1_238' title='bbox 3450 1831 3514 1883; x_wconf 75' lang='lat' dir='ltr'><strong>ea</strong></span> 
     </span>
    </p>
   </div>
   <div class='ocr_carea' id='block_1_34' title="bbox 247 1909 1837 1980">
    <p class='ocr_par' dir='ltr' id='par_1_34' title="bbox 247 1909 1837 1980">
     <span class='ocr_line' id='line_1_34' title="bbox 247 1909 1837 1980; baseline -0.001 -14"><span class='ocrx_word' id='word_1_239' title='bbox 247 1911 440 1967; x_wconf 69' lang='lat' dir='ltr'><strong>clesize</strong></span> <span class='ocrx_word' id='word_1_240' title='bbox 469 1911 829 1977; x_wconf 87' lang='lat' dir='ltr'><strong>honestatem,</strong></span> <span class='ocrx_word' id='word_1_241' title='bbox 852 1910 1155 1976; x_wconf 85' lang='lat' dir='ltr'><strong>utilitatem,</strong></span> <span class='ocrx_word' id='word_1_242' title='bbox 1192 1918 1353 1980; x_wconf 90' lang='lat' dir='ltr'><strong>atque</strong></span> <span class='ocrx_word' id='word_1_243' title='bbox 1382 1909 1750 1975; x_wconf 84' lang='lat' dir='ltr'><strong>salvationem,</strong></span> <span class='ocrx_word' id='word_1_244' title='bbox 1780 1916 1837 1965; x_wconf 86' lang='lat' dir='ltr'><strong>et</strong></span> 
     </span>
    </p>
   </div>
   <div class='ocr_carea' id='block_1_35' title="bbox 248 2000 1831 2072">
    <p class='ocr_par' dir='ltr' id='par_1_35' title="bbox 248 2000 1831 2072">
     <span class='ocr_line' id='line_1_35' title="bbox 248 2000 1831 2072; baseline -0.001 -16"><span class='ocrx_word' id='word_1_245' title='bbox 248 2004 328 2057; x_wconf 84' lang='lat' dir='ltr'><strong>ad</strong></span> <span class='ocrx_word' id='word_1_246' title='bbox 358 2018 513 2058; x_wconf 90' lang='lat' dir='ltr'><strong>suum</strong></span> <span class='ocrx_word' id='word_1_247' title='bbox 540 2002 898 2059; x_wconf 90' lang='lat' dir='ltr'><strong>ministerium</strong></span> <span class='ocrx_word' id='word_1_248' title='bbox 928 2002 1215 2072; x_wconf 89' lang='lat' dir='ltr'><strong>pertinent,</strong></span> <span class='ocrx_word' id='word_1_249' title='bbox 1248 2000 1638 2071; x_wconf 80' lang='lat' dir='ltr'><strong>providentiam</strong></span> <span class='ocrx_word' id='word_1_250' title='bbox 1660 2008 1831 2070; x_wconf 83' lang='lat' dir='ltr'><strong>gerat.</strong></span> 
     </span>
    </p>
   </div>
   <div class='ocr_carea' id='block_1_36' title="bbox 244 2090 1836 2164">
    <p class='ocr_par' dir='ltr' id='par_1_36' title="bbox 244 2090 1836 2164">
     <span class='ocr_line' id='line_1_36' title="bbox 244 2090 1836 2164; baseline -0.001 -17"><span class='ocrx_word' id='word_1_251' title='bbox 244 2092 731 2164; x_wconf 81' lang='lat' dir='ltr'><strong>Archipresbyteri</strong></span> <span class='ocrx_word' id='word_1_252' title='bbox 778 2094 958 2148; x_wconf 88' lang='lat' dir='ltr'><strong>autem</strong></span> <span class='ocrx_word' id='word_1_253' title='bbox 1020 2091 1184 2147; x_wconf 87' lang='lat' dir='ltr'><strong>totius</strong></span> <span class='ocrx_word' id='word_1_254' title='bbox 1210 2090 1500 2161; x_wconf 62' lang='lat' dir='ltr'><strong>parochias,</strong></span> <span class='ocrx_word' id='word_1_255' title='bbox 1528 2105 1592 2145; x_wconf 90' lang='lat' dir='ltr'><strong>ac</strong></span> <span class='ocrx_word' id='word_1_256' title='bbox 1614 2091 1836 2162; x_wconf 84' lang='lat' dir='ltr'><strong>presby-</strong></span> 
     </span>
    </p>
   </div>
   <div class='ocr_carea' id='block_1_37' title="bbox 245 2181 1836 2253">
    <p class='ocr_par' dir='ltr' id='par_1_37' title="bbox 245 2181 1836 2253">
     <span class='ocr_line' id='line_1_37' title="bbox 245 2181 1836 2253; baseline -0.001 -17"><span class='ocrx_word' id='word_1_257' title='bbox 245 2190 499 2239; x_wconf 85' lang='lat' dir='ltr'><strong>terorum</strong></span> <span class='ocrx_word' id='word_1_258' title='bbox 532 2182 632 2240; x_wconf 88' lang='lat' dir='ltr'><strong>sibi</strong></span> <span class='ocrx_word' id='word_1_259' title='bbox 661 2183 1073 2240; x_wconf 90' lang='lat' dir='ltr'><strong>commissorum</strong></span> <span class='ocrx_word' id='word_1_260' title='bbox 1110 2181 1440 2253; x_wconf 80' lang='lat' dir='ltr'><strong>diligentiam</strong></span> <span class='ocrx_word' id='word_1_261' title='bbox 1495 2194 1836 2250; x_wconf 86' lang='lat' dir='ltr'><strong>summopere</strong></span> 
     </span>
    </p>
   </div>
   <div class='ocr_carea' id='block_1_38' title="bbox 244 2271 1836 2340">
    <p class='ocr_par' dir='ltr' id='par_1_38' title="bbox 244 2271 1836 2340">
     <span class='ocr_line' id='line_1_38' title="bbox 244 2271 1836 2340; baseline 0 -13"><span class='ocrx_word' id='word_1_262' title='bbox 244 2273 518 2340; x_wconf 83' lang='lat' dir='ltr'><strong>habeant,</strong></span> <span class='ocrx_word' id='word_1_263' title='bbox 585 2283 640 2329; x_wconf 90' lang='lat' dir='ltr'><strong>et</strong></span> <span class='ocrx_word' id='word_1_264' title='bbox 688 2282 927 2331; x_wconf 89' lang='lat' dir='ltr'><strong>rectores</strong></span> <span class='ocrx_word' id='word_1_265' title='bbox 971 2289 1034 2329; x_wconf 90' lang='lat' dir='ltr'><strong>ac</strong></span> <span class='ocrx_word' id='word_1_266' title='bbox 1081 2271 1337 2331; x_wconf 87' lang='lat' dir='ltr'><strong>rectrices</strong></span> <span class='ocrx_word' id='word_1_267' title='bbox 1385 2272 1836 2328; x_wconf 87' lang='lat' dir='ltr'><strong>monasteriorum</strong></span> 
     </span>
    </p>
   </div>
   <div class='ocr_carea' id='block_1_39' title="bbox 246 2362 1838 2435">
    <p class='ocr_par' dir='ltr' id='par_1_39' title="bbox 246 2362 1838 2435">
     <span class='ocr_line' id='line_1_39' title="bbox 246 2362 1838 2435; baseline -0.002 -14"><span class='ocrx_word' id='word_1_268' title='bbox 246 2365 429 2435; x_wconf 90' lang='lat' dir='ltr'><strong>ipsius</strong></span> <span class='ocrx_word' id='word_1_269' title='bbox 457 2364 725 2435; x_wconf 69' lang='lat' dir='ltr'><strong>parochiat</strong></span> <span class='ocrx_word' id='word_1_270' title='bbox 767 2364 953 2423; x_wconf 91' lang='lat' dir='ltr'><strong>sedulo</strong></span> <span class='ocrx_word' id='word_1_271' title='bbox 980 2372 1256 2431; x_wconf 87' lang='lat' dir='ltr'><strong>moneant,</strong></span> <span class='ocrx_word' id='word_1_272' title='bbox 1278 2371 1541 2434; x_wconf 75' lang='lat' dir='ltr'><strong>quatenus</strong></span> <span class='ocrx_word' id='word_1_273' title='bbox 1566 2371 1619 2419; x_wconf 88' lang='lat' dir='ltr'><strong>et</strong></span> <span class='ocrx_word' id='word_1_274' title='bbox 1648 2364 1705 2418; x_wconf 86' lang='lat' dir='ltr'><strong>in</strong></span> <span class='ocrx_word' id='word_1_275' title='bbox 1729 2362 1838 2432; x_wconf 87' lang='lat' dir='ltr'><strong>spi-</strong></span> 
     </span>
    </p>
   </div>
   <div class='ocr_carea' id='block_1_40' title="bbox 245 2452 1837 2528">
    <p class='ocr_par' dir='ltr' id='par_1_40' title="bbox 245 2452 1837 2528">
     <span class='ocr_line' id='line_1_40' title="bbox 245 2452 1837 2528; baseline -0.001 -17"><span class='ocrx_word' id='word_1_276' title='bbox 245 2457 546 2513; x_wconf 85' lang='lat' dir='ltr'><strong>ritualibus</strong></span> <span class='ocrx_word' id='word_1_277' title='bbox 593 2465 646 2512; x_wconf 91' lang='lat' dir='ltr'><strong>et</strong></span> <span class='ocrx_word' id='word_1_278' title='bbox 700 2458 753 2512; x_wconf 89' lang='lat' dir='ltr'><strong>in</strong></span> <span class='ocrx_word' id='word_1_279' title='bbox 807 2455 1189 2528; x_wconf 85' lang='lat' dir='ltr'><strong>temporalibus</strong></span> <span class='ocrx_word' id='word_1_280' title='bbox 1251 2452 1837 2511; x_wconf 87' lang='lat' dir='ltr'><strong>subministratiouibus</strong></span> 
     </span>
    </p>
   </div>
   <div class='ocr_carea' id='block_1_41' title="bbox 245 2546 1838 2617">
    <p class='ocr_par' dir='ltr' id='par_1_41' title="bbox 245 2546 1838 2617">
     <span class='ocr_line' id='line_1_41' title="bbox 245 2546 1838 2617; baseline -0.003 -13"><span class='ocrx_word' id='word_1_281' title='bbox 245 2549 567 2604; x_wconf 88' lang='lat' dir='ltr'><strong>necessaria</strong></span> <span class='ocrx_word' id='word_1_282' title='bbox 621 2548 723 2604; x_wconf 89' lang='lat' dir='ltr'><strong>sibi</strong></span> <span class='ocrx_word' id='word_1_283' title='bbox 769 2549 1074 2605; x_wconf 87' lang='lat' dir='ltr'><strong>commissis</strong></span> <span class='ocrx_word' id='word_1_284' title='bbox 1124 2548 1434 2603; x_wconf 81' lang='lat' dir='ltr'><strong>exhibeant.</strong></span> <span class='ocrx_word' id='word_1_285' title='bbox 1486 2546 1838 2617; x_wconf 83' lang='lat' dir='ltr'><strong>Presbyteros</strong></span> 
     </span>
    </p>
   </div>
   <div class='ocr_carea' id='block_1_42' title="bbox 246 2640 1839 2712">
    <p class='ocr_par' dir='ltr' id='par_1_42' title="bbox 246 2640 1839 2712">
     <span class='ocr_line' id='line_1_42' title="bbox 246 2640 1839 2712; baseline 0.001 -16"><span class='ocrx_word' id='word_1_286' title='bbox 246 2657 392 2699; x_wconf 80' lang='lat' dir='ltr'><strong>vero</strong></span> <span class='ocrx_word' id='word_1_287' title='bbox 423 2644 638 2700; x_wconf 90' lang='lat' dir='ltr'><strong>assidue</strong></span> <span class='ocrx_word' id='word_1_288' title='bbox 666 2643 946 2700; x_wconf 87' lang='lat' dir='ltr'><strong>decertare</strong></span> <span class='ocrx_word' id='word_1_289' title='bbox 980 2643 1263 2698; x_wconf 87' lang='lat' dir='ltr'><strong>hortentur</strong></span> <span class='ocrx_word' id='word_1_290' title='bbox 1286 2649 1342 2698; x_wconf 90' lang='lat' dir='ltr'><strong>et</strong></span> <span class='ocrx_word' id='word_1_291' title='bbox 1369 2642 1591 2707; x_wconf 85' lang='lat' dir='ltr'><strong>faciant,</strong></span> <span class='ocrx_word' id='word_1_292' title='bbox 1612 2651 1672 2696; x_wconf 91' lang='lat' dir='ltr'><strong>ut</strong></span> <span class='ocrx_word' id='word_1_293' title='bbox 1702 2640 1839 2712; x_wconf 86' lang='lat' dir='ltr'><strong>vigi-</strong></span> 
     </span>
    </p>
   </div>
   <div class='ocr_carea' id='block_1_43' title="bbox 244 2734 1839 2807">
    <p class='ocr_par' dir='ltr' id='par_1_43' title="bbox 244 2734 1839 2807">
     <span class='ocr_line' id='line_1_43' title="bbox 244 2734 1839 2807; baseline 0.001 -20"><span class='ocrx_word' id='word_1_294' title='bbox 244 2734 373 2791; x_wconf 92' lang='lat' dir='ltr'><strong>lare</strong></span> <span class='ocrx_word' id='word_1_295' title='bbox 400 2749 563 2806; x_wconf 87' lang='lat' dir='ltr'><strong>super</strong></span> <span class='ocrx_word' id='word_1_296' title='bbox 588 2748 779 2807; x_wconf 79' lang='lat' dir='ltr'><strong>greges</strong></span> <span class='ocrx_word' id='word_1_297' title='bbox 823 2734 925 2791; x_wconf 88' lang='lat' dir='ltr'><strong>sibi</strong></span> <span class='ocrx_word' id='word_1_298' title='bbox 948 2734 1265 2791; x_wconf 89' lang='lat' dir='ltr'><strong>commissos</strong></span> <span class='ocrx_word' id='word_1_299' title='bbox 1307 2749 1414 2789; x_wconf 92' lang='lat' dir='ltr'><strong>non</strong></span> <span class='ocrx_word' id='word_1_300' title='bbox 1442 2734 1736 2805; x_wconf 85' lang='lat' dir='ltr'><strong>negligant,</strong></span> <span class='ocrx_word' id='word_1_301' title='bbox 1770 2748 1839 2789; x_wconf 90' lang='lat' dir='ltr'><strong>ne</strong></span> 
     </span>
    </p>
   </div>
   <div class='ocr_carea' id='block_1_44' title="bbox 243 2825 1839 2900">
    <p class='ocr_par' dir='ltr' id='par_1_44' title="bbox 243 2825 1839 2900">
     <span class='ocr_line' id='line_1_44' title="bbox 243 2825 1839 2900; baseline 0.001 -20"><span class='ocrx_word' id='word_1_302' title='bbox 243 2825 326 2880; x_wconf 83' lang='lat' dir='ltr'><strong>ab</strong></span> <span class='ocrx_word' id='word_1_303' title='bbox 351 2825 434 2881; x_wconf 89' lang='lat' dir='ltr'><strong>eis</strong></span> <span class='ocrx_word' id='word_1_304' title='bbox 473 2825 675 2898; x_wconf 79' lang='lat' dir='ltr'><strong>ﬂagitia</strong></span> <span class='ocrx_word' id='word_1_305' title='bbox 711 2834 1108 2900; x_wconf 86' lang='lat' dir='ltr'><strong>perpetrentur,</strong></span> <span class='ocrx_word' id='word_1_306' title='bbox 1134 2827 1216 2883; x_wconf 85' lang='lat' dir='ltr'><strong>vel</strong></span> <span class='ocrx_word' id='word_1_307' title='bbox 1235 2835 1541 2899; x_wconf 89' lang='lat' dir='ltr'><strong>perpetrata</strong></span> <span class='ocrx_word' id='word_1_308' title='bbox 1577 2828 1692 2883; x_wconf 91' lang='lat' dir='ltr'><strong>sine</strong></span> <span class='ocrx_word' id='word_1_309' title='bbox 1716 2842 1839 2882; x_wconf 87' lang='lat' dir='ltr'><strong>cor-</strong></span> 
     </span>
    </p>
   </div>
   <div class='ocr_carea' id='block_1_45' title="bbox 185 2914 1835 2991">
    <p class='ocr_par' dir='ltr' id='par_1_45' title="bbox 185 2914 1835 2991">
     <span class='ocr_line' id='line_1_45' title="bbox 185 2914 1835 2991; baseline 0.004 -22"><span class='ocrx_word' id='word_1_310' title='bbox 185 2954 195 2969; x_wconf 89' lang='lat'><strong>.</strong></span> <span class='ocrx_word' id='word_1_311' title='bbox 246 2919 501 2974; x_wconf 86' lang='lat' dir='ltr'><strong>rectione</strong></span> <span class='ocrx_word' id='word_1_312' title='bbox 554 2919 920 2976; x_wconf 89' lang='lat' dir='ltr'><strong>ecclesiastica</strong></span> <span class='ocrx_word' id='word_1_313' title='bbox 970 2935 1077 2976; x_wconf 91' lang='lat' dir='ltr'><strong>non</strong></span> <span class='ocrx_word' id='word_1_314' title='bbox 1130 2928 1465 2976; x_wconf 76' lang='lat' dir='ltr'><strong>remaneant.</strong></span> <span class='ocrx_word' id='word_1_315' title='bbox 1512 2914 1589 2974; x_wconf 63' lang='lat' dir='ltr'><strong>ille</strong></span> <span class='ocrx_word' id='word_1_316' title='bbox 1630 2919 1835 2991; x_wconf 82' lang='lat' dir='ltr'><strong>parvuli</strong></span> 
     </span>
    </p>
   </div>
   <div class='ocr_carea' id='block_1_46' title="bbox 244 3010 1840 3083">
    <p class='ocr_par' dir='ltr' id='par_1_46' title="bbox 244 3010 1840 3083">
     <span class='ocr_line' id='line_1_46' title="bbox 244 3010 1840 3083; baseline 0.003 -19"><span class='ocrx_word' id='word_1_317' title='bbox 244 3010 377 3065; x_wconf 87' lang='lat' dir='ltr'><strong>sine</strong></span> <span class='ocrx_word' id='word_1_318' title='bbox 405 3011 829 3083; x_wconf 76' lang='lat' dir='ltr'><strong>regenerationis</strong></span> <span class='ocrx_word' id='word_1_319' title='bbox 872 3020 1208 3069; x_wconf 87' lang='lat' dir='ltr'><strong>sacramento</strong></span> <span class='ocrx_word' id='word_1_320' title='bbox 1237 3012 1557 3068; x_wconf 88' lang='lat' dir='ltr'><strong>moriantur.</strong></span> <span class='ocrx_word' id='word_1_321' title='bbox 1608 3011 1686 3067; x_wconf 84' lang='lat' dir='ltr'><strong>Ne</strong></span> <span class='ocrx_word' id='word_1_322' title='bbox 1722 3013 1840 3073; x_wconf 87' lang='lat' dir='ltr'><strong>sani</strong></span> 
     </span>
    </p>
   </div>
   <div class='ocr_carea' id='block_1_47' title="bbox 242 3103 1836 3175">
    <p class='ocr_par' dir='ltr' id='par_1_47' title="bbox 242 3103 1836 3175">
     <span class='ocr_line' id='line_1_47' title="bbox 242 3103 1836 3175; baseline 0.001 -18"><span class='ocrx_word' id='word_1_323' title='bbox 242 3103 505 3159; x_wconf 84' lang='lat' dir='ltr'><strong>homines</strong></span> <span class='ocrx_word' id='word_1_324' title='bbox 533 3105 734 3174; x_wconf 86' lang='lat' dir='ltr'><strong>absque</strong></span> <span class='ocrx_word' id='word_1_325' title='bbox 760 3104 1139 3175; x_wconf 85' lang='lat' dir='ltr'><strong>praedicatione</strong></span> <span class='ocrx_word' id='word_1_326' title='bbox 1158 3112 1211 3160; x_wconf 90' lang='lat' dir='ltr'><strong>et</strong></span> <span class='ocrx_word' id='word_1_327' title='bbox 1238 3105 1604 3162; x_wconf 87' lang='lat' dir='ltr'><strong>ecclesiastico</strong></span> <span class='ocrx_word' id='word_1_328' title='bbox 1644 3105 1836 3160; x_wconf 83' lang='lat' dir='ltr'><strong>minis-</strong></span> 
     </span>
    </p>
   </div>
   <div class='ocr_carea' id='block_1_48' title="bbox 246 3173 1908 3273">
    <p class='ocr_par' dir='ltr' id='par_1_48' title="bbox 246 3173 1908 3273">
     <span class='ocr_line' id='line_1_48' title="bbox 246 3173 1908 3273; baseline 0.002 -24"><span class='ocrx_word' id='word_1_329' title='bbox 246 3194 397 3273; x_wconf 74' lang='lat' dir='ltr'><strong>terio</strong></span> <span class='ocrx_word' id='word_1_330' title='bbox 426 3194 579 3265; x_wconf 79' lang='lat' dir='ltr'><strong>liant.</strong></span> <span class='ocrx_word' id='word_1_331' title='bbox 604 3173 680 3250; x_wconf 82' lang='lat' dir='ltr'><strong>Ne</strong></span> <span class='ocrx_word' id='word_1_332' title='bbox 702 3173 901 3251; x_wconf 77' lang='lat' dir='ltr'><strong>infirmi</strong></span> <span class='ocrx_word' id='word_1_333' title='bbox 929 3195 1047 3251; x_wconf 90' lang='lat' dir='ltr'><strong>sine</strong></span> <span class='ocrx_word' id='word_1_334' title='bbox 1070 3196 1387 3268; x_wconf 60' lang='lat' dir='ltr'><strong>poenitentia</strong></span> <span class='ocrx_word' id='word_1_335' title='bbox 1416 3204 1472 3252; x_wconf 88' lang='lat' dir='ltr'><strong>et</strong></span> <span class='ocrx_word' id='word_1_336' title='bbox 1510 3195 1832 3254; x_wconf 89' lang='lat' dir='ltr'><strong>reconcilia-</strong></span> <span class='ocrx_word' id='word_1_337' title='bbox 1863 3173 1908 3237; x_wconf 67' lang='grc' dir='ltr'>ο</span> 
     </span>
    </p>
   </div>
   <div class='ocr_carea' id='block_1_49' title="bbox 249 3286 1835 3363">
    <p class='ocr_par' dir='ltr' id='par_1_49' title="bbox 249 3286 1835 3363">
     <span class='ocr_line' id='line_1_49' title="bbox 249 3286 1835 3363; baseline 0.003 -21"><span class='ocrx_word' id='word_1_338' title='bbox 249 3288 427 3357; x_wconf 81' lang='lat' dir='ltr'><strong>tione,</strong></span> <span class='ocrx_word' id='word_1_339' title='bbox 469 3302 533 3363; x_wconf 83' lang='lat' dir='ltr'><strong>ac</strong></span> <span class='ocrx_word' id='word_1_340' title='bbox 578 3286 749 3342; x_wconf 86' lang='lat' dir='ltr'><strong>sancti</strong></span> <span class='ocrx_word' id='word_1_341' title='bbox 779 3286 884 3343; x_wconf 90' lang='lat' dir='ltr'><strong>olei</strong></span> <span class='ocrx_word' id='word_1_342' title='bbox 925 3286 1182 3343; x_wconf 88' lang='lat' dir='ltr'><strong>unctione</strong></span> <span class='ocrx_word' id='word_1_343' title='bbox 1205 3297 1258 3343; x_wconf 91' lang='lat' dir='ltr'><strong>et</strong></span> <span class='ocrx_word' id='word_1_344' title='bbox 1286 3287 1484 3343; x_wconf 85' lang='lat' dir='ltr'><strong>viatico</strong></span> <span class='ocrx_word' id='word_1_345' title='bbox 1518 3302 1740 3344; x_wconf 89' lang='lat' dir='ltr'><strong>munere</strong></span> <span class='ocrx_word' id='word_1_346' title='bbox 1766 3289 1835 3346; x_wconf 89' lang='lat' dir='ltr'><strong>de</strong></span> 
     </span>
    </p>
   </div>
   <div class='ocr_carea' id='block_1_50' title="bbox 248 3366 1835 3450">
    <p class='ocr_par' dir='ltr' id='par_1_50' title="bbox 248 3366 1835 3450">
     <span class='ocr_line' id='line_1_50' title="bbox 248 3366 1835 3450; baseline 0.001 -17"><span class='ocrx_word' id='word_1_347' title='bbox 248 3380 364 3435; x_wconf 88' lang='lat' dir='ltr'><strong>hoc</strong></span> <span class='ocrx_word' id='word_1_348' title='bbox 391 3366 586 3435; x_wconf 73' lang='lat' dir='ltr'><strong>szeculo</strong></span> <span class='ocrx_word' id='word_1_349' title='bbox 611 3387 825 3435; x_wconf 86' lang='lat' dir='ltr'><strong>exeant.</strong></span> <span class='ocrx_word' id='word_1_350' title='bbox 852 3378 931 3435; x_wconf 90' lang='lat' dir='ltr'><strong>Ne</strong></span> <span class='ocrx_word' id='word_1_351' title='bbox 960 3380 1160 3435; x_wconf 91' lang='lat' dir='ltr'><strong>mortui</strong></span> <span class='ocrx_word' id='word_1_352' title='bbox 1202 3378 1495 3450; x_wconf 87' lang='lat' dir='ltr'><strong>sepeliendi</strong></span> <span class='ocrx_word' id='word_1_353' title='bbox 1541 3378 1740 3446; x_wconf 75' lang='lat' dir='ltr'><strong>officio,</strong></span> <span class='ocrx_word' id='word_1_354' title='bbox 1781 3389 1835 3437; x_wconf 90' lang='lat' dir='ltr'><strong>et</strong></span> 
     </span>
    </p>
   </div>
   <div class='ocr_carea' id='block_1_51' title="bbox 249 3470 1837 3543">
    <p class='ocr_par' dir='ltr' id='par_1_51' title="bbox 249 3470 1837 3543">
     <span class='ocr_line' id='line_1_51' title="bbox 249 3470 1837 3543; baseline 0.001 -17"><span class='ocrx_word' id='word_1_355' title='bbox 249 3473 345 3543; x_wconf 84' lang='lat' dir='ltr'><strong>pia</strong></span> <span class='ocrx_word' id='word_1_356' title='bbox 376 3470 844 3529; x_wconf 90' lang='lat' dir='ltr'><strong>commendatione</strong></span> <span class='ocrx_word' id='word_1_357' title='bbox 870 3470 1168 3528; x_wconf 88' lang='lat' dir='ltr'><strong>secundum</strong></span> <span class='ocrx_word' id='word_1_358' title='bbox 1190 3471 1534 3530; x_wconf 87' lang='lat' dir='ltr'><strong>traditionem</strong></span> <span class='ocrx_word' id='word_1_359' title='bbox 1560 3472 1837 3529; x_wconf 84' lang='lat' dir='ltr'><strong>ecclesias-</strong></span> 
     </span>
    </p>
   </div>
   <div class='ocr_carea' id='block_1_52' title="bbox 252 3564 1835 3634">
    <p class='ocr_par' dir='ltr' id='par_1_52' title="bbox 252 3564 1835 3634">
     <span class='ocr_line' id='line_1_52' title="bbox 252 3564 1835 3634; baseline 0.001 -16"><span class='ocrx_word' id='word_1_360' title='bbox 252 3565 420 3619; x_wconf 87' lang='lat' dir='ltr'><strong>ticam</strong></span> <span class='ocrx_word' id='word_1_361' title='bbox 465 3564 807 3634; x_wconf 88' lang='lat' dir='ltr'><strong>aliquomodo</strong></span> <span class='ocrx_word' id='word_1_362' title='bbox 861 3572 1100 3620; x_wconf 85' lang='lat' dir='ltr'><strong>careant.</strong></span> <span class='ocrx_word' id='word_1_363' title='bbox 1150 3564 1219 3621; x_wconf 88' lang='lat' dir='ltr'><strong>Et</strong></span> <span class='ocrx_word' id='word_1_364' title='bbox 1243 3579 1432 3620; x_wconf 91' lang='lat' dir='ltr'><strong>omnes</strong></span> <span class='ocrx_word' id='word_1_365' title='bbox 1478 3574 1589 3619; x_wconf 86' lang='lat' dir='ltr'><strong>tam</strong></span> <span class='ocrx_word' id='word_1_366' title='bbox 1639 3564 1835 3620; x_wconf 89' lang='lat' dir='ltr'><strong>subditi</strong></span> 
     </span>
    </p>
   </div>
   <div class='ocr_carea' id='block_1_53' title="bbox 254 3643 1837 3725">
    <p class='ocr_par' dir='ltr' id='par_1_53' title="bbox 254 3643 1837 3725">
     <span class='ocr_line' id='line_1_53' title="bbox 254 3643 1837 3725; baseline 0.002 -18"><span class='ocrx_word' id='word_1_367' title='bbox 254 3670 421 3725; x_wconf 87' lang='lat' dir='ltr'><strong>quam</strong></span> <span class='ocrx_word' id='word_1_368' title='bbox 477 3643 681 3722; x_wconf 51' lang='lat' dir='ltr'><strong>praelati</strong></span> <span class='ocrx_word' id='word_1_369' title='bbox 730 3653 1089 3710; x_wconf 85' lang='lat' dir='ltr'><strong>humilitatem</strong></span> <span class='ocrx_word' id='word_1_370' title='bbox 1138 3655 1365 3711; x_wconf 86' lang='lat' dir='ltr'><strong>invicem</strong></span> <span class='ocrx_word' id='word_1_371' title='bbox 1399 3655 1756 3718; x_wconf 86' lang='lat' dir='ltr'><strong>insinuantes,</strong></span> <span class='ocrx_word' id='word_1_372' title='bbox 1780 3664 1837 3710; x_wconf 89' lang='lat' dir='ltr'><strong>et</strong></span> 
     </span>
    </p>
   </div>
   <div class='ocr_carea' id='block_1_54' title="bbox 254 3743 1837 3815">
    <p class='ocr_par' dir='ltr' id='par_1_54' title="bbox 254 3743 1837 3815">
     <span class='ocr_line' id='line_1_54' title="bbox 254 3743 1837 3815; baseline 0.003 -18"><span class='ocrx_word' id='word_1_373' title='bbox 254 3760 359 3814; x_wconf 88' lang='lat' dir='ltr'><strong>per</strong></span> <span class='ocrx_word' id='word_1_374' title='bbox 379 3743 696 3799; x_wconf 86' lang='lat' dir='ltr'><strong>charitatem</strong></span> <span class='ocrx_word' id='word_1_375' title='bbox 725 3745 956 3800; x_wconf 87' lang='lat' dir='ltr'><strong>invicem</strong></span> <span class='ocrx_word' id='word_1_376' title='bbox 988 3745 1284 3800; x_wconf 82' lang='lat' dir='ltr'><strong>servientes</strong></span> <span class='ocrx_word' id='word_1_377' title='bbox 1326 3745 1535 3815; x_wconf 69' lang='lat' dir='ltr'><strong>pmlati</strong></span> <span class='ocrx_word' id='word_1_378' title='bbox 1593 3745 1837 3802; x_wconf 82' lang='lat' dir='ltr'><strong>subditos</strong></span> 
     </span>
    </p>
   </div>
   <div class='ocr_carea' id='block_1_55' title="bbox 254 3833 1836 3905">
    <p class='ocr_par' dir='ltr' id='par_1_55' title="bbox 254 3833 1836 3905">
     <span class='ocr_line' id='line_1_55' title="bbox 254 3833 1836 3905; baseline 0 -16"><span class='ocrx_word' id='word_1_379' title='bbox 254 3833 484 3903; x_wconf 87' lang='lat' dir='ltr'><strong>diligant</strong></span> <span class='ocrx_word' id='word_1_380' title='bbox 517 3874 533 3899; x_wconf 91' lang='lat'><strong>,</strong></span> <span class='ocrx_word' id='word_1_381' title='bbox 584 3842 639 3890; x_wconf 88' lang='lat' dir='ltr'><strong>et</strong></span> <span class='ocrx_word' id='word_1_382' title='bbox 686 3836 853 3891; x_wconf 80' lang='lat' dir='ltr'><strong>verbo</strong></span> <span class='ocrx_word' id='word_1_383' title='bbox 895 3843 1057 3905; x_wconf 88' lang='lat' dir='ltr'><strong>atque</strong></span> <span class='ocrx_word' id='word_1_384' title='bbox 1116 3834 1363 3904; x_wconf 83' lang='lat' dir='ltr'><strong>exemplo</strong></span> <span class='ocrx_word' id='word_1_385' title='bbox 1430 3833 1720 3890; x_wconf 76' lang='lat' dir='ltr'><strong>salubriter</strong></span> <span class='ocrx_word' id='word_1_386' title='bbox 1753 3835 1836 3890; x_wconf 87' lang='lat' dir='ltr'><strong>in-</strong></span> 
     </span>
    </p>
   </div>
   <div class='ocr_carea' id='block_1_56' title="bbox 253 3925 1835 3999">
    <p class='ocr_par' dir='ltr' id='par_1_56' title="bbox 253 3925 1835 3999">
     <span class='ocr_line' id='line_1_56' title="bbox 253 3925 1835 3999; baseline 0 -15"><span class='ocrx_word' id='word_1_387' title='bbox 253 3935 488 3993; x_wconf 88' lang='lat' dir='ltr'><strong>struant,</strong></span> <span class='ocrx_word' id='word_1_388' title='bbox 520 3937 573 3984; x_wconf 88' lang='lat' dir='ltr'><strong>et</strong></span> <span class='ocrx_word' id='word_1_389' title='bbox 601 3928 667 3983; x_wconf 89' lang='lat' dir='ltr'><strong>ad</strong></span> <span class='ocrx_word' id='word_1_390' title='bbox 687 3928 828 3984; x_wconf 90' lang='lat' dir='ltr'><strong>viam</strong></span> <span class='ocrx_word' id='word_1_391' title='bbox 878 3927 1069 3983; x_wconf 90' lang='lat' dir='ltr'><strong>salutis</strong></span> <span class='ocrx_word' id='word_1_392' title='bbox 1105 3925 1401 3983; x_wconf 84' lang='lat' dir='ltr'><strong>erudiendo</strong></span> <span class='ocrx_word' id='word_1_393' title='bbox 1426 3935 1483 3982; x_wconf 89' lang='lat' dir='ltr'><strong>et</strong></span> <span class='ocrx_word' id='word_1_394' title='bbox 1509 3928 1835 3999; x_wconf 83' lang='lat' dir='ltr'><strong>corrigendo</strong></span> 
     </span>
    </p>
   </div>
   <div class='ocr_carea' id='block_1_57' title="bbox 182 4004 1830 4091">
    <p class='ocr_par' dir='ltr' id='par_1_57' title="bbox 182 4004 1830 4091">
     <span class='ocr_line' id='line_1_57' title="bbox 182 4004 1830 4091; baseline 0.001 -17"><span class='ocrx_word' id='word_1_395' title='bbox 182 4032 189 4037; x_wconf 82' lang='lat'><strong>&#39;</strong></span> <span class='ocrx_word' id='word_1_396' title='bbox 254 4004 495 4091; x_wconf 82' lang='lat' dir='ltr'><strong>dirigant</strong></span> <span class='ocrx_word' id='word_1_397' title='bbox 522 4033 538 4073; x_wconf 88' lang='lat'><strong>:</strong></span> <span class='ocrx_word' id='word_1_398' title='bbox 571 4018 768 4074; x_wconf 87' lang='lat' dir='ltr'><strong>subditi</strong></span> <span class='ocrx_word' id='word_1_399' title='bbox 814 4017 1050 4089; x_wconf 69' lang='lat' dir='ltr'><strong>praelatis</strong></span> <span class='ocrx_word' id='word_1_400' title='bbox 1076 4018 1302 4074; x_wconf 70' lang='lat' dir='ltr'><strong>sincera:</strong></span> <span class='ocrx_word' id='word_1_401' title='bbox 1322 4018 1623 4075; x_wconf 87' lang='lat' dir='ltr'><strong>dilectionis</strong></span> <span class='ocrx_word' id='word_1_402' title='bbox 1648 4028 1705 4075; x_wconf 88' lang='lat' dir='ltr'><strong>et</strong></span> <span class='ocrx_word' id='word_1_403' title='bbox 1730 4020 1830 4075; x_wconf 89' lang='lat' dir='ltr'><strong>hu-</strong></span> 
     </span>
    </p>
   </div>
   <div class='ocr_carea' id='block_1_58' title="bbox 256 4110 1835 4191">
    <p class='ocr_par' dir='ltr' id='par_1_58' title="bbox 256 4110 1835 4191">
     <span class='ocr_line' id='line_1_58' title="bbox 256 4110 1835 4191; baseline 0.003 -25"><span class='ocrx_word' id='word_1_404' title='bbox 256 4112 504 4168; x_wconf 82' lang='lat' dir='ltr'><strong>utilitatis</strong></span> <span class='ocrx_word' id='word_1_405' title='bbox 527 4110 721 4169; x_wconf 71' lang='lat' dir='ltr'><strong>aﬂ‘ectu</strong></span> <span class='ocrx_word' id='word_1_406' title='bbox 750 4111 802 4167; x_wconf 90' lang='lat' dir='ltr'><strong>in</strong></span> <span class='ocrx_word' id='word_1_407' title='bbox 818 4111 1057 4191; x_wconf 79' lang='lat' dir='ltr'><strong>Domino‘</strong></span> <span class='ocrx_word' id='word_1_408' title='bbox 1072 4110 1292 4169; x_wconf 86' lang='lat' dir='ltr'><strong>obedire</strong></span> <span class='ocrx_word' id='word_1_409' title='bbox 1324 4120 1635 4182; x_wconf 84' lang='lat' dir='ltr'><strong>procurent,</strong></span> <span class='ocrx_word' id='word_1_410' title='bbox 1663 4115 1835 4170; x_wconf 84' lang='lat' dir='ltr'><strong>donec</strong></span> 
     </span>
    </p>
   </div>
   <div class='ocr_carea' id='block_1_59' title="bbox 259 4203 1835 4276">
    <p class='ocr_par' dir='ltr' id='par_1_59' title="bbox 259 4203 1835 4276">
     <span class='ocr_line' id='line_1_59' title="bbox 259 4203 1835 4276; baseline 0.002 -17"><span class='ocrx_word' id='word_1_411' title='bbox 259 4211 354 4271; x_wconf 80' lang='lat' dir='ltr'><strong>aut</strong></span> <span class='ocrx_word' id='word_1_412' title='bbox 399 4203 657 4276; x_wconf 84' lang='lat' dir='ltr'><strong>praefatus</strong></span> <span class='ocrx_word' id='word_1_413' title='bbox 708 4204 881 4261; x_wconf 90' lang='lat' dir='ltr'><strong>frater</strong></span> <span class='ocrx_word' id='word_1_414' title='bbox 914 4211 1124 4269; x_wconf 88' lang='lat' dir='ltr'><strong>noster,</strong></span> <span class='ocrx_word' id='word_1_415' title='bbox 1172 4212 1360 4274; x_wconf 89' lang='lat' dir='ltr'><strong>pastor</strong></span> <span class='ocrx_word' id='word_1_416' title='bbox 1408 4204 1615 4261; x_wconf 84' lang='lat' dir='ltr'><strong>scilicet</strong></span> <span class='ocrx_word' id='word_1_417' title='bbox 1653 4216 1835 4262; x_wconf 84' lang='lat' dir='ltr'><strong>vester</strong></span> 
     </span>
    </p>
   </div>
   <div class='ocr_carea' id='block_1_60' title="bbox 259 4280 1835 4377">
    <p class='ocr_par' dir='ltr' id='par_1_60' title="bbox 259 4280 1835 4377">
     <span class='ocr_line' id='line_1_60' title="bbox 259 4280 1835 4377; baseline 0.002 -26"><span class='ocrx_word' id='word_1_418' title='bbox 259 4280 504 4366; x_wconf 74' lang='lat' dir='ltr'><strong>respectu</strong></span> <span class='ocrx_word' id='word_1_419' title='bbox 561 4298 760 4364; x_wconf 89' lang='lat' dir='ltr'><strong>divino,</strong></span> <span class='ocrx_word' id='word_1_420' title='bbox 789 4304 845 4354; x_wconf 88' lang='lat' dir='ltr'><strong>et</strong></span> <span class='ocrx_word' id='word_1_421' title='bbox 878 4294 1225 4377; x_wconf 79' lang='lat' dir='ltr'><strong>intelligentia</strong></span> <span class='ocrx_word' id='word_1_422' title='bbox 1273 4298 1532 4369; x_wconf 78' lang='lat' dir='ltr'><strong>principis</strong></span> <span class='ocrx_word' id='word_1_423' title='bbox 1558 4299 1711 4354; x_wconf 87' lang='lat' dir='ltr'><strong>vobis</strong></span> <span class='ocrx_word' id='word_1_424' title='bbox 1750 4314 1835 4355; x_wconf 89' lang='lat' dir='ltr'><strong>re-</strong></span> 
     </span>
    </p>
   </div>
   <div class='ocr_carea' id='block_1_61' title="bbox 255 4388 1834 4459">
    <p class='ocr_par' dir='ltr' id='par_1_61' title="bbox 255 4388 1834 4459">
     <span class='ocr_line' id='line_1_61' title="bbox 255 4388 1834 4459; baseline 0.003 -18"><span class='ocrx_word' id='word_1_425' title='bbox 255 4389 549 4455; x_wconf 87' lang='lat' dir='ltr'><strong>stituatur,</strong></span> <span class='ocrx_word' id='word_1_426' title='bbox 603 4399 694 4444; x_wconf 91' lang='lat' dir='ltr'><strong>aut</strong></span> <span class='ocrx_word' id='word_1_427' title='bbox 744 4389 969 4444; x_wconf 86' lang='lat' dir='ltr'><strong>fratrum</strong></span> <span class='ocrx_word' id='word_1_428' title='bbox 1021 4395 1075 4443; x_wconf 92' lang='lat' dir='ltr'><strong>et</strong></span> <span class='ocrx_word' id='word_1_429' title='bbox 1094 4388 1467 4459; x_wconf 87' lang='lat' dir='ltr'><strong>episcoporum</strong></span> <span class='ocrx_word' id='word_1_430' title='bbox 1525 4398 1834 4447; x_wconf 81' lang='lat' dir='ltr'><strong>nostrorum</strong></span> 
     </span>
    </p>
   </div>
   <div class='ocr_carea' id='block_1_62' title="bbox 257 4482 1833 4552">
    <p class='ocr_par' dir='ltr' id='par_1_62' title="bbox 257 4482 1833 4552">
     <span class='ocr_line' id='line_1_62' title="bbox 257 4482 1833 4552; baseline 0.003 -16"><span class='ocrx_word' id='word_1_431' title='bbox 257 4483 483 4539; x_wconf 83' lang='lat' dir='ltr'><strong>consilio</strong></span> <span class='ocrx_word' id='word_1_432' title='bbox 540 4499 604 4540; x_wconf 90' lang='lat' dir='ltr'><strong>ac</strong></span> <span class='ocrx_word' id='word_1_433' title='bbox 658 4498 945 4549; x_wconf 88' lang='lat' dir='ltr'><strong>consensu,</strong></span> <span class='ocrx_word' id='word_1_434' title='bbox 979 4491 1141 4552; x_wconf 89' lang='lat' dir='ltr'><strong>atque</strong></span> <span class='ocrx_word' id='word_1_435' title='bbox 1191 4482 1395 4539; x_wconf 83' lang='lat' dir='ltr'><strong>salubri</strong></span> <span class='ocrx_word' id='word_1_436' title='bbox 1421 4491 1658 4539; x_wconf 87' lang='lat' dir='ltr'><strong>tractatu</strong></span> <span class='ocrx_word' id='word_1_437' title='bbox 1685 4485 1833 4541; x_wconf 88' lang='lat' dir='ltr'><strong>inve-</strong></span> 
     </span>
    </p>
   </div>
   <div class='ocr_carea' id='block_1_63' title="bbox 257 4576 1836 4657">
    <p class='ocr_par' dir='ltr' id='par_1_63' title="bbox 257 4576 1836 4657">
     <span class='ocr_line' id='line_1_63' title="bbox 257 4576 1836 4657; baseline 0.004 -28"><span class='ocrx_word' id='word_1_438' title='bbox 257 4577 424 4657; x_wconf 79' lang='lat' dir='ltr'><strong>niam,</strong></span> <span class='ocrx_word' id='word_1_439' title='bbox 455 4588 509 4634; x_wconf 89' lang='lat' dir='ltr'><strong>et</strong></span> <span class='ocrx_word' id='word_1_440' title='bbox 535 4587 729 4643; x_wconf 84' lang='lat' dir='ltr'><strong>vestrae</strong></span> <span class='ocrx_word' id='word_1_441' title='bbox 774 4578 827 4633; x_wconf 88' lang='lat' dir='ltr'><strong>in</strong></span> <span class='ocrx_word' id='word_1_442' title='bbox 861 4576 1087 4631; x_wconf 90' lang='lat' dir='ltr'><strong>Domino</strong></span> <span class='ocrx_word' id='word_1_443' title='bbox 1126 4576 1473 4632; x_wconf 87' lang='lat' dir='ltr'><strong>unanimitati</strong></span> <span class='ocrx_word' id='word_1_444' title='bbox 1529 4579 1836 4637; x_wconf 79' lang='lat' dir='ltr'><strong>renuntient</strong></span> 
     </span>
    </p>
   </div>
   <div class='ocr_carea' id='block_1_64' title="bbox 256 4668 1837 4749">
    <p class='ocr_par' dir='ltr' id='par_1_64' title="bbox 256 4668 1837 4749">
     <span class='ocr_line' id='line_1_64' title="bbox 256 4668 1837 4749; baseline 0.002 -26"><span class='ocrx_word' id='word_1_445' title='bbox 256 4670 499 4749; x_wconf 75' lang='lat' dir='ltr'><strong>qualiter</strong></span> <span class='ocrx_word' id='word_1_446' title='bbox 556 4680 610 4735; x_wconf 84' lang='lat' dir='ltr'><strong>et</strong></span> <span class='ocrx_word' id='word_1_447' title='bbox 661 4670 815 4727; x_wconf 88' lang='lat' dir='ltr'><strong>vobis</strong></span> <span class='ocrx_word' id='word_1_448' title='bbox 837 4670 1055 4737; x_wconf 87' lang='lat' dir='ltr'><strong>decreto</strong></span> <span class='ocrx_word' id='word_1_449' title='bbox 1081 4668 1374 4724; x_wconf 87' lang='lat' dir='ltr'><strong>secundum</strong></span> <span class='ocrx_word' id='word_1_450' title='bbox 1416 4684 1599 4725; x_wconf 89' lang='lat' dir='ltr'><strong>sacras</strong></span> <span class='ocrx_word' id='word_1_451' title='bbox 1624 4670 1837 4742; x_wconf 86' lang='lat' dir='ltr'><strong>regulas</strong></span> 
     </span>
    </p>
   </div>
   <div class='ocr_carea' id='block_1_65' title="bbox 258 4758 1285 4840">
    <p class='ocr_par' dir='ltr' id='par_1_65' title="bbox 258 4758 1285 4840">
     <span class='ocr_line' id='line_1_65' title="bbox 258 4758 1285 4840; baseline 0.007 -27"><span class='ocrx_word' id='word_1_452' title='bbox 258 4762 333 4837; x_wconf 82' lang='lat' dir='ltr'><strong>sit</strong></span> <span class='ocrx_word' id='word_1_453' title='bbox 366 4763 649 4840; x_wconf 69' lang='lat' dir='ltr'><strong>agendum.</strong></span> <span class='ocrx_word' id='word_1_454' title='bbox 687 4782 705 4815; x_wconf 77' lang='lat' dir='ltr'><strong>t</strong></span> <span class='ocrx_word' id='word_1_455' title='bbox 1282 4758 1285 4759; x_wconf 37' lang='grc'><strong><em>⁷</em></strong></span> 
     </span>
    </p>
   </div>
   <div class='ocr_carea' id='block_1_66' title="bbox 723 4893 1395 4981">
    <p class='ocr_par' dir='ltr' id='par_1_66' title="bbox 723 4893 1395 4981">
     <span class='ocr_line' id='line_1_66' title="bbox 723 4893 1395 4981; baseline -0.012 -22"><span class='ocrx_word' id='word_1_456' title='bbox 723 4894 1034 4973; x_wconf 64' lang='lat' dir='ltr'><strong>musam</strong></span> <span class='ocrx_word' id='word_1_457' title='bbox 1067 4893 1395 4981; x_wconf 65' lang='lat' dir='ltr'><strong>maenaa;</strong></span> 
     </span>
    </p>
   </div>
   <div class='ocr_carea' id='block_1_67' title="bbox 619 5025 1467 5073">
    <p class='ocr_par' dir='ltr' id='par_1_67' title="bbox 619 5025 1467 5073">
     <span class='ocr_line' id='line_1_67' title="bbox 619 5025 1467 5073; baseline -0.001 -6"><span class='ocrx_word' id='word_1_458' title='bbox 619 5026 685 5067; x_wconf 72' lang='lat' dir='ltr'><strong>AD</strong></span> <span class='ocrx_word' id='word_1_459' title='bbox 718 5025 1026 5069; x_wconf 62' lang='lat' dir='ltr'><strong>HINCILIM</strong></span> <span class='ocrx_word' id='word_1_460' title='bbox 1062 5026 1467 5073; x_wconf 63' lang='grc' dir='ltr'><strong>ιωιιυιηκωκ.</strong></span> 
     </span>
    </p>
   </div>
   <div class='ocr_carea' id='block_1_68' title="bbox 1540 5124 1831 5152">
    <p class='ocr_par' dir='ltr' id='par_1_68' title="bbox 1540 5124 1831 5152">
     <span class='ocr_line' id='line_1_68' title="bbox 1540 5124 1831 5152; baseline 0 0"><span class='ocrx_word' id='word_1_461' title='bbox 1540 5139 1608 5152; x_wconf 57' lang='grc' dir='ltr'><strong>..Α</strong></span> <span class='ocrx_word' id='word_1_462' title='bbox 1643 5124 1831 5152; x_wconf 62' lang='grc' dir='ltr'><strong>ᾹΖΙΑΑΙΑ</strong></span> 
     </span>
    </p>
   </div>
   <div class='ocr_carea' id='block_1_69' title="bbox 485 5127 1525 5152">
    <p class='ocr_par' dir='ltr' id='par_1_69' title="bbox 485 5127 1525 5152">
     <span class='ocr_line' id='line_1_69' title="bbox 485 5127 1525 5152; baseline 0 0"><span class='ocrx_word' id='word_1_463' title='bbox 485 5145 524 5152; x_wconf 69' lang='grc' dir='ltr'><strong>ο.</strong></span> <span class='ocrx_word' id='word_1_464' title='bbox 545 5143 640 5152; x_wconf 56' lang='grc' dir='ltr'><strong>-..με</strong></span> <span class='ocrx_word' id='word_1_465' title='bbox 671 5127 996 5152; x_wconf 52' lang='lat' dir='ltr'><strong>“Long-Aut...“</strong></span> <span class='ocrx_word' id='word_1_466' title='bbox 1030 5129 1306 5152; x_wconf 52' lang='grc' dir='ltr'><strong>Α-ξαᾳα---ᾳ</strong></span> <span class='ocrx_word' id='word_1_467' title='bbox 1326 5128 1525 5152; x_wconf 57' lang='lat'><strong>&quot;-3--..</strong></span> 
     </span>
    </p>
   </div>
   <div class='ocr_carea' id='block_1_70' title="bbox 1937 1908 3507 1989">
    <p class='ocr_par' dir='ltr' id='par_1_70' title="bbox 1937 1908 3507 1989">
     <span class='ocr_line' id='line_1_70' title="bbox 1937 1908 3507 1989; baseline 0 -24"><span class='ocrx_word' id='word_1_468' title='bbox 1937 1909 2004 1965; x_wconf 87' lang='lat' dir='ltr'><strong>de</strong></span> <span class='ocrx_word' id='word_1_469' title='bbox 2051 1909 2248 1979; x_wconf 83' lang='lat' dir='ltr'><strong>quibus</strong></span> <span class='ocrx_word' id='word_1_470' title='bbox 2275 1908 2370 1965; x_wconf 88' lang='lat' dir='ltr'><strong>tibi</strong></span> <span class='ocrx_word' id='word_1_471' title='bbox 2396 1910 2737 1980; x_wconf 85' lang='lat' dir='ltr'><strong>scripseram,</strong></span> <span class='ocrx_word' id='word_1_472' title='bbox 2765 1909 2884 1989; x_wconf 67' lang='lat' dir='ltr'><strong>etsi</strong></span> <span class='ocrx_word' id='word_1_473' title='bbox 2915 1925 3020 1980; x_wconf 89' lang='lat' dir='ltr'><strong>qua</strong></span> <span class='ocrx_word' id='word_1_474' title='bbox 3043 1919 3169 1979; x_wconf 79' lang='lat' dir='ltr'><strong>sunt</strong></span> <span class='ocrx_word' id='word_1_475' title='bbox 3189 1910 3292 1973; x_wconf 85' lang='lat' dir='ltr'><strong>alia</strong></span> <span class='ocrx_word' id='word_1_476' title='bbox 3318 1911 3369 1985; x_wconf 79' lang='lat' dir='ltr'><strong>in</strong></span> <span class='ocrx_word' id='word_1_477' title='bbox 3412 1924 3507 1985; x_wconf 74' lang='lat' dir='ltr'><strong>pa—</strong></span> 
     </span>
    </p>
   </div>
   <div class='ocr_carea' id='block_1_71' title="bbox 1936 2002 3514 2076">
    <p class='ocr_par' dir='ltr' id='par_1_71' title="bbox 1936 2002 3514 2076">
     <span class='ocr_line' id='line_1_71' title="bbox 1936 2002 3514 2076; baseline -0.001 -17"><span class='ocrx_word' id='word_1_478' title='bbox 1936 2003 2122 2059; x_wconf 85' lang='lat' dir='ltr'><strong>rochia</strong></span> <span class='ocrx_word' id='word_1_479' title='bbox 2146 2011 2237 2058; x_wconf 89' lang='lat' dir='ltr'><strong>tua</strong></span> <span class='ocrx_word' id='word_1_480' title='bbox 2265 2017 2492 2076; x_wconf 87' lang='lat' dir='ltr'><strong>pergere</strong></span> <span class='ocrx_word' id='word_1_481' title='bbox 2531 2014 2706 2075; x_wconf 83' lang='lat' dir='ltr'><strong>gesta,</strong></span> <span class='ocrx_word' id='word_1_482' title='bbox 2732 2003 2933 2074; x_wconf 80' lang='lat' dir='ltr'><strong>regulis</strong></span> <span class='ocrx_word' id='word_1_483' title='bbox 2958 2004 3130 2060; x_wconf 85' lang='lat' dir='ltr'><strong>sacris</strong></span> <span class='ocrx_word' id='word_1_484' title='bbox 3174 2002 3514 2073; x_wconf 76' lang='lat' dir='ltr'><strong>concordatis</strong></span> 
     </span>
    </p>
   </div>
   <div class='ocr_carea' id='block_1_72' title="bbox 1938 2094 3510 2173">
    <p class='ocr_par' dir='ltr' id='par_1_72' title="bbox 1938 2094 3510 2173">
     <span class='ocr_line' id='line_1_72' title="bbox 1938 2094 3510 2173; baseline -0.001 -23"><span class='ocrx_word' id='word_1_485' title='bbox 1938 2095 2174 2151; x_wconf 89' lang='lat' dir='ltr'><strong>debitam</strong></span> <span class='ocrx_word' id='word_1_486' title='bbox 2207 2094 2631 2169; x_wconf 80' lang='lat' dir='ltr'><strong>satisfactionem</strong></span> <span class='ocrx_word' id='word_1_487' title='bbox 2657 2096 2931 2162; x_wconf 78' lang='lat' dir='ltr'><strong>exhibere,</strong></span> <span class='ocrx_word' id='word_1_488' title='bbox 2963 2105 3124 2167; x_wconf 82' lang='lat' dir='ltr'><strong>atque</strong></span> <span class='ocrx_word' id='word_1_489' title='bbox 3149 2096 3217 2163; x_wconf 79' lang='lat' dir='ltr'><strong>ad</strong></span> <span class='ocrx_word' id='word_1_490' title='bbox 3242 2096 3510 2173; x_wconf 54' lang='lat' dir='ltr'><strong>immitem</strong></span> 
     </span>
    </p>
   </div>
   <div class='ocr_carea' id='block_1_73' title="bbox 1938 2184 3512 2267">
    <p class='ocr_par' dir='ltr' id='par_1_73' title="bbox 1938 2184 3512 2267">
     <span class='ocr_line' id='line_1_73' title="bbox 1938 2184 3512 2267; baseline -0.002 -26"><span class='ocrx_word' id='word_1_491' title='bbox 1938 2186 2049 2241; x_wconf 77' lang='lat' dir='ltr'><strong>Deo</strong></span> <span class='ocrx_word' id='word_1_492' title='bbox 2087 2186 2341 2257; x_wconf 89' lang='lat' dir='ltr'><strong>placitum</strong></span> <span class='ocrx_word' id='word_1_493' title='bbox 2373 2187 2527 2242; x_wconf 85' lang='lat' dir='ltr'><strong>stude</strong></span> <span class='ocrx_word' id='word_1_494' title='bbox 2551 2186 2830 2249; x_wconf 81' lang='lat' dir='ltr'><strong>reducere.</strong></span> <span class='ocrx_word' id='word_1_495' title='bbox 2881 2187 3156 2255; x_wconf 77' lang='lat' dir='ltr'><strong>Quatenus</strong></span> <span class='ocrx_word' id='word_1_496' title='bbox 3206 2184 3512 2267; x_wconf 75' lang='lat' dir='ltr'><strong>inordinata</strong></span> 
     </span>
    </p>
   </div>
   <div class='ocr_carea' id='block_1_74' title="bbox 1937 2276 3512 2351">
    <p class='ocr_par' dir='ltr' id='par_1_74' title="bbox 1937 2276 3512 2351">
     <span class='ocr_line' id='line_1_74' title="bbox 1937 2276 3512 2351; baseline 0.006 -19"><span class='ocrx_word' id='word_1_497' title='bbox 1937 2292 2164 2348; x_wconf 82' lang='lat' dir='ltr'><strong>quaeque</strong></span> <span class='ocrx_word' id='word_1_498' title='bbox 2183 2279 2237 2333; x_wconf 92' lang='lat' dir='ltr'><strong>in</strong></span> <span class='ocrx_word' id='word_1_499' title='bbox 2260 2291 2324 2334; x_wconf 89' lang='lat' dir='ltr'><strong>ea</strong></span> <span class='ocrx_word' id='word_1_500' title='bbox 2346 2292 2451 2333; x_wconf 87' lang='lat' dir='ltr'><strong>non</strong></span> <span class='ocrx_word' id='word_1_501' title='bbox 2481 2287 2826 2343; x_wconf 84' lang='lat' dir='ltr'><strong>remaneant,</strong></span> <span class='ocrx_word' id='word_1_502' title='bbox 2867 2287 2922 2337; x_wconf 88' lang='lat' dir='ltr'><strong>et</strong></span> <span class='ocrx_word' id='word_1_503' title='bbox 2940 2295 3007 2335; x_wconf 90' lang='lat' dir='ltr'><strong>ne</strong></span> <span class='ocrx_word' id='word_1_504' title='bbox 3036 2278 3165 2349; x_wconf 85' lang='lat' dir='ltr'><strong>quid</strong></span> <span class='ocrx_word' id='word_1_505' title='bbox 3189 2284 3378 2351; x_wconf 69' lang='lat' dir='ltr'><strong>contra</strong></span> <span class='ocrx_word' id='word_1_506' title='bbox 3401 2276 3512 2341; x_wconf 73' lang='lat' dir='ltr'><strong>dis-</strong></span> 
     </span>
    </p>
   </div>
   <div class='ocr_carea' id='block_1_75' title="bbox 1936 2364 3504 2440">
    <p class='ocr_par' dir='ltr' id='par_1_75' title="bbox 1936 2364 3504 2440">
     <span class='ocr_line' id='line_1_75' title="bbox 1936 2364 3504 2440; baseline -0.004 -14"><span class='ocrx_word' id='word_1_507' title='bbox 1936 2369 2189 2440; x_wconf 88' lang='lat' dir='ltr'><strong>ciplinam</strong></span> <span class='ocrx_word' id='word_1_508' title='bbox 2264 2368 2684 2425; x_wconf 87' lang='lat' dir='ltr'><strong>ecclesiasticam</strong></span> <span class='ocrx_word' id='word_1_509' title='bbox 2740 2368 2807 2425; x_wconf 92' lang='lat' dir='ltr'><strong>de</strong></span> <span class='ocrx_word' id='word_1_510' title='bbox 2851 2376 3050 2423; x_wconf 61' lang='lat' dir='ltr'><strong>caetero</strong></span> <span class='ocrx_word' id='word_1_511' title='bbox 3112 2367 3312 2427; x_wconf 86' lang='lat' dir='ltr'><strong>ibidem</strong></span> <span class='ocrx_word' id='word_1_512' title='bbox 3388 2364 3504 2428; x_wconf 82' lang='lat' dir='ltr'><strong>ﬁat,</strong></span> 
     </span>
    </p>
   </div>
   <div class='ocr_carea' id='block_1_76' title="bbox 1940 2458 3514 2533">
    <p class='ocr_par' dir='ltr' id='par_1_76' title="bbox 1940 2458 3514 2533">
     <span class='ocr_line' id='line_1_76' title="bbox 1940 2458 3514 2533; baseline -0.004 -15"><span class='ocrx_word' id='word_1_513' title='bbox 1940 2462 2133 2533; x_wconf 86' lang='lat' dir='ltr'><strong>quibus</strong></span> <span class='ocrx_word' id='word_1_514' title='bbox 2207 2461 2443 2516; x_wconf 88' lang='lat' dir='ltr'><strong>valueris</strong></span> <span class='ocrx_word' id='word_1_515' title='bbox 2494 2461 2669 2517; x_wconf 89' lang='lat' dir='ltr'><strong>modis</strong></span> <span class='ocrx_word' id='word_1_516' title='bbox 2723 2468 2967 2532; x_wconf 87' lang='lat' dir='ltr'><strong>satagere</strong></span> <span class='ocrx_word' id='word_1_517' title='bbox 3015 2474 3146 2515; x_wconf 90' lang='lat' dir='ltr'><strong>cura</strong></span> <span class='ocrx_word' id='word_1_518' title='bbox 3180 2474 3195 2513; x_wconf 89' lang='lat'><strong>:</strong></span> <span class='ocrx_word' id='word_1_519' title='bbox 3228 2458 3514 2531; x_wconf 82' lang='lat' dir='ltr'><strong>attendens</strong></span> 
     </span>
    </p>
   </div>
   <div class='ocr_carea' id='block_1_77' title="bbox 1940 2549 3520 2626">
    <p class='ocr_par' dir='ltr' id='par_1_77' title="bbox 1940 2549 3520 2626">
     <span class='ocr_line' id='line_1_77' title="bbox 1940 2549 3520 2626; baseline -0.003 -16"><span class='ocrx_word' id='word_1_520' title='bbox 1940 2556 2082 2626; x_wconf 87' lang='lat' dir='ltr'><strong>quod</strong></span> <span class='ocrx_word' id='word_1_521' title='bbox 2096 2556 2198 2613; x_wconf 85' lang='lat' dir='ltr'><strong>nos</strong></span> <span class='ocrx_word' id='word_1_522' title='bbox 2207 2560 2399 2612; x_wconf 79' lang='lat' dir='ltr'><strong>Omnes</strong></span> <span class='ocrx_word' id='word_1_523' title='bbox 2414 2561 2595 2612; x_wconf 78' lang='lat' dir='ltr'><strong>mouet</strong></span> <span class='ocrx_word' id='word_1_524' title='bbox 2609 2552 2924 2625; x_wconf 81' lang='lat' dir='ltr'><strong>Apostolus;</strong></span> <span class='ocrx_word' id='word_1_525' title='bbox 2958 2549 3216 2621; x_wconf 77' lang='lat' dir='ltr'><strong>Tsutatio,</strong></span> <span class='ocrx_word' id='word_1_526' title='bbox 3243 2549 3520 2621; x_wconf 81' lang='lat' dir='ltr'><strong>inquiens,</strong></span> 
     </span>
    </p>
   </div>
   <div class='ocr_carea' id='block_1_78' title="bbox 1940 2644 3514 2718">
    <p class='ocr_par' dir='ltr' id='par_1_78' title="bbox 1940 2644 3514 2718">
     <span class='ocr_line' id='line_1_78' title="bbox 1940 2644 3514 2718; baseline -0.004 -15"><span class='ocrx_word' id='word_1_527' title='bbox 1940 2664 2026 2703; x_wconf 79' lang='lat' dir='ltr'><strong>vos</strong></span> <span class='ocrx_word' id='word_1_528' title='bbox 2046 2663 2151 2702; x_wconf 85' lang='lat' dir='ltr'><strong>non</strong></span> <span class='ocrx_word' id='word_1_529' title='bbox 2179 2647 2529 2718; x_wconf 76' lang='lat' dir='ltr'><strong>apprehendat</strong></span> <span class='ocrx_word' id='word_1_530' title='bbox 2557 2646 2656 2701; x_wconf 74' lang='lat' dir='ltr'><strong>nisi</strong></span> <span class='ocrx_word' id='word_1_531' title='bbox 2682 2646 2914 2709; x_wconf 72' lang='lat' dir='ltr'><strong>humana</strong></span> <span class='ocrx_word' id='word_1_532' title='bbox 2939 2644 3023 2715; x_wconf 89' lang='grc'><strong>(11</strong></span> <span class='ocrx_word' id='word_1_533' title='bbox 3046 2644 3169 2713; x_wconf 73' lang='lat' dir='ltr'><strong>Cor.</strong></span> <span class='ocrx_word' id='word_1_534' title='bbox 3198 2645 3257 2717; x_wconf 13' lang='lat' dir='ltr'><strong>rx)</strong></span> <span class='ocrx_word' id='word_1_535' title='bbox 3284 2663 3297 2699; x_wconf 88' lang='lat'><strong>:</strong></span> <span class='ocrx_word' id='word_1_536' title='bbox 3326 2645 3514 2715; x_wconf 78' lang='lat' dir='ltr'><strong>huma-</strong></span> 
     </span>
    </p>
   </div>
   <div class='ocr_carea' id='block_1_79' title="bbox 1942 2736 3513 2811">
    <p class='ocr_par' dir='ltr' id='par_1_79' title="bbox 1942 2736 3513 2811">
     <span class='ocr_line' id='line_1_79' title="bbox 1942 2736 3513 2811; baseline -0.001 -19"><span class='ocrx_word' id='word_1_537' title='bbox 1942 2753 2071 2793; x_wconf 89' lang='lat' dir='ltr'><strong>num</strong></span> <span class='ocrx_word' id='word_1_538' title='bbox 2097 2737 2298 2808; x_wconf 90' lang='lat' dir='ltr'><strong>quippe</strong></span> <span class='ocrx_word' id='word_1_539' title='bbox 2320 2745 2404 2793; x_wconf 82' lang='lat' dir='ltr'><strong>est</strong></span> <span class='ocrx_word' id='word_1_540' title='bbox 2433 2736 2650 2803; x_wconf 84' lang='lat' dir='ltr'><strong>tentari,</strong></span> <span class='ocrx_word' id='word_1_541' title='bbox 2673 2736 2767 2811; x_wconf 76' lang='lat' dir='ltr'><strong>sed</strong></span> <span class='ocrx_word' id='word_1_542' title='bbox 2795 2736 3146 2801; x_wconf 78' lang='lat' dir='ltr'><strong>daemonicum</strong></span> <span class='ocrx_word' id='word_1_543' title='bbox 3175 2743 3259 2807; x_wconf 76' lang='lat' dir='ltr'><strong>est</strong></span> <span class='ocrx_word' id='word_1_544' title='bbox 3286 2749 3317 2803; x_wconf 60' lang='grc' dir='ltr'>β</span> <span class='ocrx_word' id='word_1_545' title='bbox 3340 2742 3513 2805; x_wconf 72' lang='lat' dir='ltr'><strong>tenta-</strong></span> 
     </span>
    </p>
   </div>
   <div class='ocr_carea' id='block_1_80' title="bbox 1942 2825 3518 2899">
    <p class='ocr_par' dir='ltr' id='par_1_80' title="bbox 1942 2825 3518 2899">
     <span class='ocr_line' id='line_1_80' title="bbox 1942 2825 3518 2899; baseline -0.001 -15"><span class='ocrx_word' id='word_1_546' title='bbox 1942 2828 2088 2886; x_wconf 88' lang='lat' dir='ltr'><strong>tione</strong></span> <span class='ocrx_word' id='word_1_547' title='bbox 2113 2827 2377 2899; x_wconf 84' lang='lat' dir='ltr'><strong>superari,</strong></span> <span class='ocrx_word' id='word_1_548' title='bbox 2406 2834 2462 2882; x_wconf 82' lang='lat' dir='ltr'><strong>et</strong></span> <span class='ocrx_word' id='word_1_549' title='bbox 2486 2828 2555 2883; x_wconf 86' lang='lat' dir='ltr'><strong>ad</strong></span> <span class='ocrx_word' id='word_1_550' title='bbox 2584 2826 2938 2891; x_wconf 86' lang='lat' dir='ltr'><strong>correctionis</strong></span> <span class='ocrx_word' id='word_1_551' title='bbox 2979 2825 3399 2897; x_wconf 69' lang='lat' dir='ltr'><strong>satisfactionem</strong></span> <span class='ocrx_word' id='word_1_552' title='bbox 3424 2832 3518 2895; x_wconf 67' lang='lat' dir='ltr'><strong>pe,-</strong></span> 
     </span>
    </p>
   </div>
   <div class='ocr_carea' id='block_1_81' title="bbox 1941 2917 3517 2993">
    <p class='ocr_par' dir='ltr' id='par_1_81' title="bbox 1941 2917 3517 2993">
     <span class='ocr_line' id='line_1_81' title="bbox 1941 2917 3517 2993; baseline -0.004 -15"><span class='ocrx_word' id='word_1_553' title='bbox 1941 2924 2060 2978; x_wconf 86' lang='lat' dir='ltr'><strong>dem</strong></span> <span class='ocrx_word' id='word_1_554' title='bbox 2088 2922 2270 2992; x_wconf 88' lang='lat' dir='ltr'><strong>operis</strong></span> <span class='ocrx_word' id='word_1_555' title='bbox 2295 2936 2403 2977; x_wconf 88' lang='lat' dir='ltr'><strong>non</strong></span> <span class='ocrx_word' id='word_1_556' title='bbox 2431 2935 2711 2981; x_wconf 74' lang='lat' dir='ltr'><strong>revocare.</strong></span> <span class='ocrx_word' id='word_1_557' title='bbox 2741 2919 2908 2991; x_wconf 86' lang='lat' dir='ltr'><strong>igitur</strong></span> <span class='ocrx_word' id='word_1_558' title='bbox 2932 2921 3086 2993; x_wconf 80' lang='lat' dir='ltr'><strong>juxta</strong></span> <span class='ocrx_word' id='word_1_559' title='bbox 3106 2917 3345 2989; x_wconf 80' lang='lat' dir='ltr'><strong>ejusdem</strong></span> <span class='ocrx_word' id='word_1_560' title='bbox 3374 2918 3517 2975; x_wconf 84' lang='lat' dir='ltr'><strong>beati</strong></span> 
     </span>
    </p>
   </div>
   <div class='ocr_carea' id='block_1_82' title="bbox 1941 3010 3517 3088">
    <p class='ocr_par' dir='ltr' id='par_1_82' title="bbox 1941 3010 3517 3088">
     <span class='ocr_line' id='line_1_82' title="bbox 1941 3010 3517 3088; baseline -0.003 -18"><span class='ocrx_word' id='word_1_561' title='bbox 1941 3013 2181 3085; x_wconf 78' lang='lat' dir='ltr'><strong>Apostoli</strong></span> <span class='ocrx_word' id='word_1_562' title='bbox 2228 3014 2457 3079; x_wconf 84' lang='lat' dir='ltr'><strong>monita,</strong></span> <span class='ocrx_word' id='word_1_563' title='bbox 2499 3012 2718 3071; x_wconf 79' lang='lat' dir='ltr'><strong>sollicite</strong></span> <span class='ocrx_word' id='word_1_564' title='bbox 2756 3028 2887 3068; x_wconf 83' lang='lat' dir='ltr'><strong>cura</strong></span> <span class='ocrx_word' id='word_1_565' title='bbox 2933 3015 3152 3084; x_wconf 81' lang='lat' dir='ltr'><strong>teipsum</strong></span> <span class='ocrx_word' id='word_1_566' title='bbox 3198 3010 3517 3088; x_wconf 75' lang='lat' dir='ltr'><strong>probabilem</strong></span> 
     </span>
    </p>
   </div>
   <div class='ocr_carea' id='block_1_83' title="bbox 1942 3104 3518 3177">
    <p class='ocr_par' dir='ltr' id='par_1_83' title="bbox 1942 3104 3518 3177">
     <span class='ocr_line' id='line_1_83' title="bbox 1942 3104 3518 3177; baseline -0.003 -15"><span class='ocrx_word' id='word_1_567' title='bbox 1942 3106 2181 3171; x_wconf 69' lang='lat' dir='ltr'><strong>exhibere</strong></span> <span class='ocrx_word' id='word_1_568' title='bbox 2203 3104 2312 3160; x_wconf 86' lang='lat' dir='ltr'><strong>Deo</strong></span> <span class='ocrx_word' id='word_1_569' title='bbox 2337 3107 2638 3177; x_wconf 68' lang='lat' dir='ltr'><strong>operarium</strong></span> <span class='ocrx_word' id='word_1_570' title='bbox 2662 3106 3104 3174; x_wconf 78' lang='lat' dir='ltr'><strong>inconfusibilem,</strong></span> <span class='ocrx_word' id='word_1_571' title='bbox 3132 3114 3266 3169; x_wconf 69' lang='lat' dir='ltr'><strong>recte</strong></span> <span class='ocrx_word' id='word_1_572' title='bbox 3286 3112 3518 3169; x_wconf 65' lang='lat' dir='ltr'><strong>tractati-</strong></span> 
     </span>
    </p>
   </div>
   <div class='ocr_carea' id='block_1_84' title="bbox 1939 3194 3516 3267">
    <p class='ocr_par' dir='ltr' id='par_1_84' title="bbox 1939 3194 3516 3267">
     <span class='ocr_line' id='line_1_84' title="bbox 1939 3194 3516 3267; baseline -0.003 -15"><span class='ocrx_word' id='word_1_573' title='bbox 1939 3208 2044 3257; x_wconf 80' lang='lat' dir='ltr'><strong>tem</strong></span> <span class='ocrx_word' id='word_1_574' title='bbox 2070 3198 2279 3252; x_wconf 79' lang='lat' dir='ltr'><strong>uerbum</strong></span> <span class='ocrx_word' id='word_1_575' title='bbox 2302 3198 2571 3263; x_wconf 77' lang='lat' dir='ltr'><strong>veritatis;</strong></span> <span class='ocrx_word' id='word_1_576' title='bbox 2601 3197 2785 3267; x_wconf 76' lang='lat' dir='ltr'><strong>vigila,</strong></span> <span class='ocrx_word' id='word_1_577' title='bbox 2812 3198 2869 3253; x_wconf 85' lang='lat' dir='ltr'><strong>in</strong></span> <span class='ocrx_word' id='word_1_578' title='bbox 2890 3197 3125 3263; x_wconf 77' lang='lat' dir='ltr'><strong>omnibus</strong></span> <span class='ocrx_word' id='word_1_579' title='bbox 3150 3194 3355 3265; x_wconf 67' lang='lat' dir='ltr'><strong>labora,</strong></span> <span class='ocrx_word' id='word_1_580' title='bbox 3386 3209 3516 3265; x_wconf 82' lang='lat' dir='ltr'><strong>opus</strong></span> 
     </span>
    </p>
   </div>
   <div class='ocr_carea' id='block_1_85' title="bbox 1938 3285 3516 3359">
    <p class='ocr_par' dir='ltr' id='par_1_85' title="bbox 1938 3285 3516 3359">
     <span class='ocr_line' id='line_1_85' title="bbox 1938 3285 3516 3359; baseline -0.003 -16"><span class='ocrx_word' id='word_1_581' title='bbox 1938 3289 2023 3358; x_wconf 80' lang='lat' dir='ltr'><strong>fac</strong></span> <span class='ocrx_word' id='word_1_582' title='bbox 2044 3286 2394 3358; x_wconf 65' lang='lat' dir='ltr'><strong>evangelista,</strong></span> <span class='ocrx_word' id='word_1_583' title='bbox 2419 3288 2766 3349; x_wconf 74' lang='lat' dir='ltr'><strong>ministerium</strong></span> <span class='ocrx_word' id='word_1_584' title='bbox 2795 3297 2943 3343; x_wconf 80' lang='lat' dir='ltr'><strong>tuum</strong></span> <span class='ocrx_word' id='word_1_585' title='bbox 2983 3286 3155 3359; x_wconf 75' lang='lat' dir='ltr'><strong>imple,</strong></span> <span class='ocrx_word' id='word_1_586' title='bbox 3183 3295 3379 3357; x_wconf 51' lang='lat' dir='ltr'><strong>sectare</strong></span> <span class='ocrx_word' id='word_1_587' title='bbox 3394 3285 3516 3355; x_wconf 83' lang='lat' dir='ltr'><strong>jus-</strong></span> 
     </span>
    </p>
   </div>
   <div class='ocr_carea' id='block_1_86' title="bbox 1937 3381 3521 3453">
    <p class='ocr_par' dir='ltr' id='par_1_86' title="bbox 1937 3381 3521 3453">
     <span class='ocr_line' id='line_1_86' title="bbox 1937 3381 3521 3453; baseline -0.004 -15"><span class='ocrx_word' id='word_1_588' title='bbox 1937 3384 2131 3449; x_wconf 81' lang='lat' dir='ltr'><strong>titiam,</strong></span> <span class='ocrx_word' id='word_1_589' title='bbox 2160 3382 2426 3452; x_wconf 77' lang='lat' dir='ltr'><strong>pietatem,</strong></span> <span class='ocrx_word' id='word_1_590' title='bbox 2453 3382 2634 3452; x_wconf 69' lang='lat' dir='ltr'><strong>ﬁdem,</strong></span> <span class='ocrx_word' id='word_1_591' title='bbox 2664 3382 2992 3447; x_wconf 71' lang='lat' dir='ltr'><strong>citet&#39;itatem,</strong></span> <span class='ocrx_word' id='word_1_592' title='bbox 3018 3381 3347 3453; x_wconf 60' lang='lat' dir='ltr'><strong>patientiam,</strong></span> <span class='ocrx_word' id='word_1_593' title='bbox 3371 3394 3521 3445; x_wconf 75' lang='lat' dir='ltr'><strong>man-</strong></span> 
     </span>
    </p>
   </div>
   <div class='ocr_carea' id='block_1_87' title="bbox 1938 3471 3516 3553">
    <p class='ocr_par' dir='ltr' id='par_1_87' title="bbox 1938 3471 3516 3553">
     <span class='ocr_line' id='line_1_87' title="bbox 1938 3471 3516 3553; baseline -0.003 -23"><span class='ocrx_word' id='word_1_594' title='bbox 1938 3476 2265 3531; x_wconf 72' lang='lat' dir='ltr'><strong>suetudinem</strong></span> <span class='ocrx_word' id='word_1_595' title='bbox 2286 3492 2305 3530; x_wconf 92' lang='lat'><strong><em>:</em></strong></span> <span class='ocrx_word' id='word_1_596' title='bbox 2327 3484 2468 3537; x_wconf 74' lang='lat' dir='ltr'><strong>certa</strong></span> <span class='ocrx_word' id='word_1_597' title='bbox 2490 3476 2681 3535; x_wconf 80' lang='lat' dir='ltr'><strong>bonum</strong></span> <span class='ocrx_word' id='word_1_598' title='bbox 2717 3480 2975 3553; x_wconf 68' lang='lat' dir='ltr'><strong>certamen</strong></span> <span class='ocrx_word' id='word_1_599' title='bbox 3002 3475 3127 3543; x_wconf 77' lang='lat' dir='ltr'><strong>ﬁdei</strong></span> <span class='ocrx_word' id='word_1_600' title='bbox 3147 3489 3165 3527; x_wconf 89' lang='lat'><strong><em>:</em></strong></span> <span class='ocrx_word' id='word_1_601' title='bbox 3187 3471 3516 3547; x_wconf 63' lang='lat' dir='ltr'><strong>apprehende</strong></span> 
     </span>
    </p>
   </div>
   <div class='ocr_carea' id='block_1_88' title="bbox 1936 3563 3516 3639">
    <p class='ocr_par' dir='ltr' id='par_1_88' title="bbox 1936 3563 3516 3639">
     <span class='ocr_line' id='line_1_88' title="bbox 1936 3563 3516 3639; baseline -0.002 -19"><span class='ocrx_word' id='word_1_602' title='bbox 1936 3568 2097 3620; x_wconf 77' lang='lat' dir='ltr'><strong>vitam</strong></span> <span class='ocrx_word' id='word_1_603' title='bbox 2122 3576 2369 3623; x_wconf 62' lang='lat' dir='ltr'><strong>(sternam</strong></span> <span class='ocrx_word' id='word_1_604' title='bbox 2405 3569 2459 3625; x_wconf 74' lang='lat' dir='ltr'><strong>in</strong></span> <span class='ocrx_word' id='word_1_605' title='bbox 2488 3582 2593 3639; x_wconf 75' lang='lat' dir='ltr'><strong>qua</strong></span> <span class='ocrx_word' id='word_1_606' title='bbox 2618 3574 2828 3631; x_wconf 64' lang='lat' dir='ltr'><strong>uocatus</strong></span> <span class='ocrx_word' id='word_1_607' title='bbox 2856 3583 2930 3631; x_wconf 73' lang='lat' dir='ltr'><strong>es,</strong></span> <span class='ocrx_word' id='word_1_608' title='bbox 2960 3574 3008 3637; x_wconf 65' lang='lat' dir='ltr'><strong>et</strong></span> <span class='ocrx_word' id='word_1_609' title='bbox 3031 3564 3297 3635; x_wconf 64' lang='lat' dir='ltr'><strong>confessus</strong></span> <span class='ocrx_word' id='word_1_610' title='bbox 3326 3563 3516 3629; x_wconf 76' lang='lat' dir='ltr'><strong>bonam</strong></span> 
     </span>
    </p>
   </div>
   <div class='ocr_carea' id='block_1_89' title="bbox 1938 3654 3520 3731">
    <p class='ocr_par' dir='ltr' id='par_1_89' title="bbox 1938 3654 3520 3731">
     <span class='ocr_line' id='line_1_89' title="bbox 1938 3654 3520 3731; baseline -0.003 -19"><span class='ocrx_word' id='word_1_611' title='bbox 1938 3659 2315 3731; x_wconf 73' lang='lat' dir='ltr'><strong>confessionem</strong></span> <span class='ocrx_word' id='word_1_612' title='bbox 2340 3675 2517 3713; x_wconf 82' lang='lat' dir='ltr'><strong>coram</strong></span> <span class='ocrx_word' id='word_1_613' title='bbox 2531 3658 2711 3715; x_wconf 75' lang='lat' dir='ltr'><strong>multis</strong></span> <span class='ocrx_word' id='word_1_614' title='bbox 2734 3659 2949 3729; x_wconf 67' lang='lat' dir='ltr'><strong>testibus</strong></span> <span class='ocrx_word' id='word_1_615' title='bbox 2970 3654 3056 3726; x_wconf 79' lang='grc'><strong>(11</strong></span> <span class='ocrx_word' id='word_1_616' title='bbox 3076 3654 3209 3721; x_wconf 78' lang='lat' dir='ltr'><strong>Tim.</strong></span> <span class='ocrx_word' id='word_1_617' title='bbox 3234 3654 3319 3724; x_wconf 82' lang='lat' dir='ltr'><strong>tt).</strong></span> <span class='ocrx_word' id='word_1_618' title='bbox 3335 3654 3468 3711; x_wconf 86' lang='lat' dir='ltr'><strong>Data</strong></span> <span class='ocrx_word' id='word_1_619' title='bbox 3484 3668 3520 3707; x_wconf 72' lang='grc' dir='ltr'><strong>ι</strong></span> 
     </span>
    </p>
   </div>
   <div class='ocr_carea' id='block_1_90' title="bbox 1938 3749 3296 3823">
    <p class='ocr_par' dir='ltr' id='par_1_90' title="bbox 1938 3749 3296 3823">
     <span class='ocr_line' id='line_1_90' title="bbox 1938 3749 3296 3823; baseline -0.003 -16"><span class='ocrx_word' id='word_1_620' title='bbox 1938 3751 2057 3807; x_wconf 77' lang='lat' dir='ltr'><strong>Kal.</strong></span> <span class='ocrx_word' id='word_1_621' title='bbox 2086 3752 2360 3822; x_wconf 77' lang='lat' dir='ltr'><strong>Septemb.</strong></span> <span class='ocrx_word' id='word_1_622' title='bbox 2388 3753 2672 3823; x_wconf 69' lang='lat' dir='ltr'><strong>prmaentis</strong></span> <span class='ocrx_word' id='word_1_623' title='bbox 2690 3752 2940 3814; x_wconf 72' lang='lat' dir='ltr'><strong>secundae</strong></span> <span class='ocrx_word' id='word_1_624' title='bbox 2965 3749 3296 3809; x_wconf 77' lang='lat' dir='ltr'><strong>iudictionis.</strong></span> 
     </span>
    </p>
   </div>
   <div class='ocr_carea' id='block_1_91' title="bbox 2388 3884 3062 3963">
    <p class='ocr_par' dir='ltr' id='par_1_91' title="bbox 2388 3884 3062 3963">
     <span class='ocr_line' id='line_1_91' title="bbox 2388 3884 3062 3963; baseline -0.001 -22"><span class='ocrx_word' id='word_1_625' title='bbox 2388 3885 2695 3963; x_wconf 76' lang='lat' dir='ltr'><strong>EJUSDEM</strong></span> <span class='ocrx_word' id='word_1_626' title='bbox 2734 3884 3062 3963; x_wconf 75' lang='lat' dir='ltr'><strong>HINcMAnt</strong></span> 
     </span>
    </p>
   </div>
   <div class='ocr_carea' id='block_1_92' title="bbox 2392 3958 2895 4079">
    <p class='ocr_par' dir='ltr' id='par_1_92' title="bbox 2549 4014 2895 4079">
     <span class='ocr_line' id='line_1_92' title="bbox 2549 4014 2895 4079; baseline -0.006 -24"><span class='ocrx_word' id='word_1_627' title='bbox 2549 4017 2617 4079; x_wconf 57' lang='lat' dir='ltr'><strong>tu</strong></span> <span class='ocrx_word' id='word_1_628' title='bbox 2654 4014 2895 4075; x_wconf 57' lang='lat' dir='ltr'><strong>suntcap.</strong></span> 
     </span>
    </p>
   </div>
   <div class='ocr_carea' id='block_1_93' title="bbox 2009 4107 3512 4183">
    <p class='ocr_par' dir='ltr' id='par_1_93' title="bbox 2009 4107 3512 4183">
     <span class='ocr_line' id='line_1_93' title="bbox 2009 4107 3512 4183; baseline 0 -16"><span class='ocrx_word' id='word_1_629' title='bbox 2009 4111 2322 4170; x_wconf 72' lang='lat' dir='ltr'><strong>Htucntnus</strong></span> <span class='ocrx_word' id='word_1_630' title='bbox 2367 4112 2701 4175; x_wconf 69' lang='lat' dir='ltr'><strong>Bhemorum</strong></span> <span class='ocrx_word' id='word_1_631' title='bbox 2730 4112 3016 4182; x_wconf 79' lang='lat' dir='ltr'><strong>episcopus</strong></span> <span class='ocrx_word' id='word_1_632' title='bbox 3050 4109 3329 4183; x_wconf 62' lang='grc' dir='ltr'><strong>ῌιοιβμᾼιω</strong></span> <span class='ocrx_word' id='word_1_633' title='bbox 3368 4107 3512 4175; x_wconf 66' lang='grc' dir='ltr'><strong>μυ-</strong></span> 
     </span>
    </p>
   </div>
   <div class='ocr_carea' id='block_1_94' title="bbox 1936 4202 2456 4272">
    <p class='ocr_par' dir='ltr' id='par_1_94' title="bbox 1936 4202 2456 4272">
     <span class='ocr_line' id='line_1_94' title="bbox 1936 4202 2456 4272; baseline -0.002 -16"><span class='ocrx_word' id='word_1_634' title='bbox 1936 4202 2161 4258; x_wconf 82' lang='lat' dir='ltr'><strong>dunensi</strong></span> <span class='ocrx_word' id='word_1_635' title='bbox 2188 4202 2456 4272; x_wconf 79' lang='lat' dir='ltr'><strong>episcopo.</strong></span> 
     </span>
    </p>
   </div>
   <div class='ocr_carea' id='block_1_95' title="bbox 2007 4292 3514 4369">
    <p class='ocr_par' dir='ltr' id='par_1_95' title="bbox 2007 4292 3514 4369">
     <span class='ocr_line' id='line_1_95' title="bbox 2007 4292 3514 4369; baseline -0.003 -18"><span class='ocrx_word' id='word_1_636' title='bbox 2007 4295 2082 4351; x_wconf 86' lang='lat' dir='ltr'><strong>Ea</strong></span> <span class='ocrx_word' id='word_1_637' title='bbox 2124 4310 2247 4366; x_wconf 66' lang='lat' dir='ltr'><strong>quae</strong></span> <span class='ocrx_word' id='word_1_638' title='bbox 2266 4295 2397 4353; x_wconf 76' lang='lat' dir='ltr'><strong>mihi</strong></span> <span class='ocrx_word' id='word_1_639' title='bbox 2423 4295 2597 4369; x_wconf 82' lang='lat' dir='ltr'><strong>pridie</strong></span> <span class='ocrx_word' id='word_1_640' title='bbox 2625 4307 2726 4363; x_wconf 84' lang='lat' dir='ltr'><strong>per</strong></span> <span class='ocrx_word' id='word_1_641' title='bbox 2751 4307 2942 4359; x_wconf 82' lang='lat' dir='ltr'><strong>manus</strong></span> <span class='ocrx_word' id='word_1_642' title='bbox 2963 4292 3265 4365; x_wconf 76' lang='lat' dir='ltr'><strong>Wapilonis</strong></span> <span class='ocrx_word' id='word_1_643' title='bbox 3287 4304 3514 4369; x_wconf 73' lang='lat' dir='ltr'><strong>venera-</strong></span> 
     </span>
    </p>
   </div>
   <div class='ocr_carea' id='block_1_96' title="bbox 1935 4383 3518 4461">
    <p class='ocr_par' dir='ltr' id='par_1_96' title="bbox 1935 4383 3518 4461">
     <span class='ocr_line' id='line_1_96' title="bbox 1935 4383 3518 4461; baseline -0.001 -19"><span class='ocrx_word' id='word_1_644' title='bbox 1935 4387 2062 4443; x_wconf 87' lang='lat' dir='ltr'><strong>bilis</strong></span> <span class='ocrx_word' id='word_1_645' title='bbox 2084 4387 2476 4461; x_wconf 72' lang='lat' dir='ltr'><strong>archiepiscopi</strong></span> <span class='ocrx_word' id='word_1_646' title='bbox 2500 4400 2564 4449; x_wconf 64' lang='lat' dir='ltr'><strong>ex</strong></span> <span class='ocrx_word' id='word_1_647' title='bbox 2594 4385 2839 4456; x_wconf 75' lang='lat' dir='ltr'><strong>epistolis</strong></span> <span class='ocrx_word' id='word_1_648' title='bbox 2867 4384 3178 4456; x_wconf 67' lang='lat' dir='ltr'><strong>apostolica:</strong></span> <span class='ocrx_word' id='word_1_649' title='bbox 3205 4383 3349 4461; x_wconf 67' lang='lat' dir='ltr'><strong>sedis</strong></span> <span class='ocrx_word' id='word_1_650' title='bbox 3380 4398 3518 4459; x_wconf 83' lang='lat' dir='ltr'><strong>pou-</strong></span> 
     </span>
    </p>
   </div>
   <div class='ocr_carea' id='block_1_97' title="bbox 1941 4475 3520 4551">
    <p class='ocr_par' dir='ltr' id='par_1_97' title="bbox 1941 4475 3520 4551">
     <span class='ocr_line' id='line_1_97' title="bbox 1941 4475 3520 4551; baseline -0.003 -13"><span class='ocrx_word' id='word_1_651' title='bbox 1941 4482 2147 4538; x_wconf 73' lang='lat' dir='ltr'><strong>tiﬁcum</strong></span> <span class='ocrx_word' id='word_1_652' title='bbox 2192 4480 2315 4537; x_wconf 82' lang='lat' dir='ltr'><strong>aliis</strong></span> <span class='ocrx_word' id='word_1_653' title='bbox 2352 4477 2736 4551; x_wconf 64' lang='lat' dir='ltr'><strong>praetermissis</strong></span> <span class='ocrx_word' id='word_1_654' title='bbox 2760 4479 2830 4543; x_wconf 78' lang='lat' dir='ltr'><strong>de</strong></span> <span class='ocrx_word' id='word_1_655' title='bbox 2873 4477 3045 4545; x_wconf 68' lang='lat' dir='ltr'><strong>sacris</strong></span> <span class='ocrx_word' id='word_1_656' title='bbox 3082 4475 3281 4549; x_wconf 70' lang='lat' dir='ltr'><strong>regulis</strong></span> <span class='ocrx_word' id='word_1_657' title='bbox 3323 4475 3520 4545; x_wconf 74' lang='lat' dir='ltr'><strong>Quibus</strong></span> 
     </span>
    </p>
   </div>
   <div class='ocr_carea' id='block_1_98' title="bbox 1880 4563 3522 4641">
    <p class='ocr_par' dir='ltr' id='par_1_98' title="bbox 1880 4563 3522 4641">
     <span class='ocr_line' id='line_1_98' title="bbox 1880 4563 3522 4641; baseline -0.007 -12"><span class='ocrx_word' id='word_1_658' title='bbox 1880 4563 1915 4615; x_wconf 44' lang='grc' dir='ltr'><strong>δ’</strong></span> <span class='ocrx_word' id='word_1_659' title='bbox 1941 4581 2126 4629; x_wconf 85' lang='lat' dir='ltr'><strong>saneta</strong></span> <span class='ocrx_word' id='word_1_660' title='bbox 2167 4571 2479 4627; x_wconf 87' lang='lat' dir='ltr'><strong>moderatur</strong></span> <span class='ocrx_word' id='word_1_661' title='bbox 2516 4568 2758 4627; x_wconf 78' lang='lat' dir='ltr'><strong>Ecclesia</strong></span> <span class='ocrx_word' id='word_1_662' title='bbox 2798 4568 3109 4638; x_wconf 78' lang='lat' dir='ltr'><strong>priusquam</strong></span> <span class='ocrx_word' id='word_1_663' title='bbox 3136 4563 3522 4641; x_wconf 69' lang='lat' dir='ltr'><strong>formarerisin</strong></span> 
     </span>
    </p>
   </div>
   <div class='ocr_carea' id='block_1_99' title="bbox 1939 4658 3607 4733">
    <p class='ocr_par' dir='ltr' id='par_1_99' title="bbox 1939 4658 3607 4733">
     <span class='ocr_line' id='line_1_99' title="bbox 1939 4658 3607 4733; baseline -0.005 -12"><span class='ocrx_word' id='word_1_664' title='bbox 1939 4676 2096 4721; x_wconf 84' lang='lat' dir='ltr'><strong>utero</strong></span> <span class='ocrx_word' id='word_1_665' title='bbox 2108 4664 2257 4729; x_wconf 87' lang='lat' dir='ltr'><strong>novi,</strong></span> <span class='ocrx_word' id='word_1_666' title='bbox 2277 4670 2333 4717; x_wconf 87' lang='lat' dir='ltr'><strong>et</strong></span> <span class='ocrx_word' id='word_1_667' title='bbox 2344 4672 2636 4733; x_wconf 77' lang='lat' dir='ltr'><strong>antequam</strong></span> <span class='ocrx_word' id='word_1_668' title='bbox 2658 4660 2839 4723; x_wconf 74' lang='lat' dir='ltr'><strong>exires</strong></span> <span class='ocrx_word' id='word_1_669' title='bbox 2856 4662 2925 4728; x_wconf 74' lang='lat' dir='ltr'><strong>de</strong></span> <span class='ocrx_word' id='word_1_670' title='bbox 2938 4660 3096 4730; x_wconf 75' lang='lat' dir='ltr'><strong>vulva</strong></span> <span class='ocrx_word' id='word_1_671' title='bbox 3122 4660 3183 4727; x_wconf 87' lang='lat' dir='ltr'><strong>in</strong></span> <span class='ocrx_word' id='word_1_672' title='bbox 3206 4658 3521 4719; x_wconf 88' lang='lat' dir='ltr'><strong>earumdem</strong></span> <span class='ocrx_word' id='word_1_673' title='bbox 3604 4690 3607 4691; x_wconf 52' lang='grc' dir='ltr'><em>ν</em></span> 
     </span>
    </p>
   </div>
   <div class='ocr_carea' id='block_1_100' title="bbox 1941 4740 3597 4829">
    <p class='ocr_par' dir='ltr' id='par_1_100' title="bbox 1941 4740 3597 4829">
     <span class='ocr_line' id='line_1_100' title="bbox 1941 4740 3597 4829; baseline -0.005 -17"><span class='ocrx_word' id='word_1_674' title='bbox 1941 4773 2077 4829; x_wconf 83' lang='lat' dir='ltr'><strong>quas</strong></span> <span class='ocrx_word' id='word_1_675' title='bbox 2110 4757 2283 4812; x_wconf 77' lang='lat' dir='ltr'><strong>habeo</strong></span> <span class='ocrx_word' id='word_1_676' title='bbox 2308 4755 2661 4826; x_wconf 74' lang='lat' dir='ltr'><strong>epistolarum</strong></span> <span class='ocrx_word' id='word_1_677' title='bbox 2692 4752 3017 4825; x_wconf 67' lang='lat' dir='ltr'><strong>integritate,</strong></span> <span class='ocrx_word' id='word_1_678' title='bbox 3040 4768 3172 4825; x_wconf 74' lang='lat' dir='ltr'><strong>pop,</strong></span> <span class='ocrx_word' id='word_1_679' title='bbox 3206 4758 3265 4823; x_wconf 81' lang='lat' dir='ltr'><strong>ut</strong></span> <span class='ocrx_word' id='word_1_680' title='bbox 3302 4748 3524 4817; x_wconf 79' lang='lat' dir='ltr'><strong>dicitur,</strong></span> <span class='ocrx_word' id='word_1_681' title='bbox 3587 4740 3597 4773; x_wconf 67' lang='grc' dir='ltr'><strong><em>ί</em></strong></span> 
     </span>
    </p>
   </div>
   <div class='ocr_carea' id='block_1_101' title="bbox 1939 4834 3533 4918">
    <p class='ocr_par' dir='ltr' id='par_1_101' title="bbox 1939 4834 3533 4918">
     <span class='ocr_line' id='line_1_101' title="bbox 1939 4834 3533 4918; baseline -0.008 -15"><span class='ocrx_word' id='word_1_682' title='bbox 1939 4863 2069 4904; x_wconf 85' lang='lat' dir='ltr'><strong>usus</strong></span> <span class='ocrx_word' id='word_1_683' title='bbox 2080 4846 2315 4918; x_wconf 83' lang='lat' dir='ltr'><strong>pessimo</strong></span> <span class='ocrx_word' id='word_1_684' title='bbox 2325 4853 2660 4915; x_wconf 70' lang='lat' dir='ltr'><strong>praeceptore</strong></span> <span class='ocrx_word' id='word_1_685' title='bbox 2670 4855 2761 4910; x_wconf 68' lang='lat' dir='ltr'><strong>me</strong></span> <span class='ocrx_word' id='word_1_686' title='bbox 2775 4842 2910 4913; x_wconf 77' lang='lat' dir='ltr'><strong>ipso,</strong></span> <span class='ocrx_word' id='word_1_687' title='bbox 2933 4842 3025 4915; x_wconf 66' lang='lat' dir='ltr'><strong>sed</strong></span> <span class='ocrx_word' id='word_1_688' title='bbox 3041 4852 3227 4918; x_wconf 61' lang='lat' dir='ltr'><strong>eorum</strong></span> <span class='ocrx_word' id='word_1_689' title='bbox 3242 4834 3533 4909; x_wconf 75' lang='lat' dir='ltr'><strong>traditione</strong></span> 
     </span>
    </p>
   </div>
   <div class='ocr_carea' id='block_1_102' title="bbox 1940 4923 3531 5012">
    <p class='ocr_par' dir='ltr' id='par_1_102' title="bbox 1940 4923 3531 5012">
     <span class='ocr_line' id='line_1_102' title="bbox 1940 4923 3531 5012; baseline -0.011 -16"><span class='ocrx_word' id='word_1_690' title='bbox 1940 4942 2031 5012; x_wconf 89' lang='lat' dir='ltr'><strong>qui</strong></span> <span class='ocrx_word' id='word_1_691' title='bbox 2047 4938 2219 5012; x_wconf 76' lang='lat' dir='ltr'><strong>gratia</strong></span> <span class='ocrx_word' id='word_1_692' title='bbox 2252 4939 2425 4997; x_wconf 80' lang='lat' dir='ltr'><strong>sancti</strong></span> <span class='ocrx_word' id='word_1_693' title='bbox 2468 4933 2713 5009; x_wconf 68' lang='lat' dir='ltr'><strong>Spiritus</strong></span> <span class='ocrx_word' id='word_1_694' title='bbox 2728 4932 3012 4999; x_wconf 77' lang='lat' dir='ltr'><strong>illuminati</strong></span> <span class='ocrx_word' id='word_1_695' title='bbox 3058 4923 3531 5007; x_wconf 57' lang='lat' dir='ltr'><strong>respiethierunt,</strong></span> 
     </span>
    </p>
   </div>
   <div class='ocr_carea' id='block_1_103' title="bbox 1940 5012 3539 5105">
    <p class='ocr_par' dir='ltr' id='par_1_103' title="bbox 1940 5012 3539 5105">
     <span class='ocr_line' id='line_1_103' title="bbox 1940 5012 3539 5105; baseline -0.011 -15"><span class='ocrx_word' id='word_1_696' title='bbox 1940 5031 2180 5105; x_wconf 81' lang='lat' dir='ltr'><strong>percepi,</strong></span> <span class='ocrx_word' id='word_1_697' title='bbox 2229 5029 2460 5097; x_wconf 80' lang='lat' dir='ltr'><strong>qualiter</strong></span> <span class='ocrx_word' id='word_1_698' title='bbox 2498 5028 2647 5089; x_wconf 68' lang='lat' dir='ltr'><strong>sicut</strong></span> <span class='ocrx_word' id='word_1_699' title='bbox 2672 5032 2728 5099; x_wconf 65' lang='lat' dir='ltr'><strong>iii</strong></span> <span class='ocrx_word' id='word_1_700' title='bbox 2774 5025 2828 5093; x_wconf 72' lang='lat' dir='ltr'><strong>in</strong></span> <span class='ocrx_word' id='word_1_701' title='bbox 2876 5016 3206 5097; x_wconf 56' lang='grc' dir='ltr'><strong>θυιιιβῃιρθίξ</strong></span> <span class='ocrx_word' id='word_1_702' title='bbox 3250 5012 3539 5093; x_wconf 46' lang='lat' dir='ltr'><strong>“dimittis</strong></span> 
     </span>
    </p>
   </div>
   <div class='ocr_carea' id='block_1_104' title="bbox 1942 5109 3541 5152">
    <p class='ocr_par' dir='ltr' id='par_1_104' title="bbox 1942 5109 3541 5152">
     <span class='ocr_line' id='line_1_104' title="bbox 1942 5109 3541 5152; baseline 0 0"><span class='ocrx_word' id='word_1_703' title='bbox 1942 5128 2092 5152; x_wconf 56' lang='lat'><strong>-1“-..</strong></span> <span class='ocrx_word' id='word_1_704' title='bbox 2139 5121 2486 5152; x_wconf 61' lang='grc' dir='ltr'><strong>ζηααηὶυηι..-</strong></span> <span class='ocrx_word' id='word_1_705' title='bbox 2566 5130 2690 5152; x_wconf 66' lang='grc' dir='ltr'><strong>ηιμ»</strong></span> <span class='ocrx_word' id='word_1_706' title='bbox 2725 5132 2752 5152; x_wconf 77' lang='lat' dir='ltr'><strong>n</strong></span> <span class='ocrx_word' id='word_1_707' title='bbox 2792 5116 3111 5152; x_wconf 63' lang='lat' dir='ltr'><strong>nlailuladnm</strong></span> <span class='ocrx_word' id='word_1_708' title='bbox 3153 5109 3374 5152; x_wconf 62' lang='grc' dir='ltr'><strong>Δίςεοωι</strong></span> <span class='ocrx_word' id='word_1_709' title='bbox 3418 5118 3541 5152; x_wconf 55' lang='lat' dir='ltr'><strong>es&quot;.</strong></span> 
     </span>
    </p>
   </div>
  </div>
