3948 5376
193 309 299 384 ειξδτ

987 309 1234 370 OPUSC.
1275 311 1365 376 ΕΤ
1397 307 1630 368 ΕΡΙΒΤ..
1658 309 1723 365 IN
1758 310 2356 374 CAUSAHINCMARI
2394 317 2697 375 LAUDUN.

3355 323 3462 380 558

191 428 488 502 ηυὶιθηιθη
512 427 696 484 datum
719 435 804 486 est
831 435 890 484 ιιι
914 427 1125 486 caeteris
1152 426 1546 498 praemineret.
1576 427 1652 481 De
1671 405 1779 496 qua
1804 428 1860 492 Α
1882 443 2128 486 meorum
2167 441 2224 487 et
2240 441 2458 489 tuorum
2490 434 2948 505 praedecessorum
2991 449 3087 491 sua
3129 444 3250 492 vota
3288 447 3342 492 et
3369 438 3465 494 de-

193 519 370 576 l'ortna
401 519 777 590 episcoporum
824 534 1038 590 quoque
1084 528 1172 574 est
1217 526 1334 574 orta
1381 517 1682 581 distinctio,
1729 525 1785 571 et

192 625 402 679 magna.
443 609 787 667 ordinatione
855 610 1132 679 provisum
1185 617 1270 664 est
1322 623 1390 664 ne
1436 622 1626 664 omnes
1680 607 1782 662 sibi

189 701 377 755 omnia
401 699 760 768 vindicarent,
794 702 888 758 sed
915 709 1100 758 essent
1125 700 1178 756 in
1223 698 1450 770 singulis
1493 698 1784 769 provinciis

189 790 396 860 singuli
429 806 662 860 quorum
693 792 835 847 inter
871 791 1071 847 fratres
1113 790 1406 845 haberetur
1455 789 1631 859 prima
1661 802 1785 843 sen-

193 881 388 936 tentia.
441 901 459 932 ›
507 881 573 946 Et
618 881 779 951 paulo
819 893 991 950 post:
1049 899 1067 932 ί
1104 880 1205 948 Qui
1251 879 1523 949 ergoscit
1563 893 1620 934 se
1668 878 1786 948 qni-

192 969 427 1047 busdam
459 970 803 1039 praepositum
833 984 940 1024 non
975 968 1201 1032 moleste
1241 967 1382 1024 ferat
1411 968 1649 1038 aliquem
1682 967 1784 1023 sibi

189 1073 320 1114 esse
348 1057 653 1127 prrelatum,
683 1059 780 1115 sed
821 1059 1186 1116 obedientiam
1213 1073 1378 1130 quam
1416 1057 1585 1130 exigit
1621 1057 1785 1113 etiam

189 1151 312 1221 ipse
340 1151 628 1220 dependat.
669 1172 687 1202 ο

268 1243 335 1300 Et
362 1241 678 1298 Africanum
718 1243 1006 1300 concilium
1056 1244 1298 1302 decrevit
1324 1253 1385 1299 ut
1429 1245 1723 1314 episcopus
1753 1259 1786 1299 a

188 1336 430 1405 primate
454 1351 554 1398 suo
576 1347 802 1396 vocatus
823 1339 888 1393 ad
915 1339 1180 1410 synodum
1205 1347 1574 1410 competenter
1594 1354 1787 1395 occur-

191 1442 280 1488 rat
314 1451 326 1485 :
358 1433 502 1501 quod
537 1432 582 1490 si
633 1447 739 1488 non
775 1435 1012 1504 potuerit
1041 1449 1333 1491 occurrere
1366 1435 1470 1491 nisi
1518 1437 1784 1492 rationem

190 1524 571 1592 impedimenti
616 1525 699 1579 sui
740 1526 878 1594 apud
928 1542 1085 1584 suum
1133 1528 1420 1598 primatem
1469 1528 1783 1596 reddiderit,

185 1617 440 1674 ecclesia:
471 1633 582 1673 sua:
623 1618 1002 1675 communione
1031 1619 1230 1676 debere
1255 1633 1377 1676 esse
1425 1631 1738 1677 contentum
1765 1640 1780 1687 ;

188 1718 246 1766 et
281 1710 368 1778 qui
400 1725 506 1766 non
535 1709 701 1768 fuerit
725 1725 953 1767 concors
982 1711 1128 1767 circa
1178 1712 1646 1783 metropolitanam
1688 1730 1781 1769 ec-

1885 521 2055 578 cimas
2093 523 2192 594 ipsi
2237 533 2292 579 et
2319 525 2402 580 sui
2429 527 2856 596 praedecessores
2893 527 3260 594 contulerunt,
3307 539 3362 584 et
3391 530 3462 586 ibi

1883 611 2202 683 obsequium
2245 615 2599 672 sacerdotalis
2640 615 2798 672 officii
2846 617 3154 674 habuerunt
3193 635 3363 690 usque
3398 621 3465 676 ad

1884 703 2170 774 praesentis
2214 705 2338 760 anni
2396 705 2500 763 860
2555 709 2726 764 tertiae
2771 709 3080 766 indictionis
3130 712 3270 780 prid.
3326 711 3461 768 Non.

1886 791 2045 848 Febr.
2080 809 2273 864 nempe
2307 809 2408 849 nec
2456 797 2676 851 missam
2713 798 2924 862 audire,
2973 813 3073 853 nec
3125 799 3177 853 in
3226 809 3468 870 tempore

1886 889 2252 952 necessitatis,
2298 889 2440 944 sicut
2489 906 2659 945 sacrm
2713 892 2909 962 regula:
2957 895 3241 964 praefigunt
3279 910 3469 950 eorum

1887 975 2119 1033 infantes
2168 978 2494 1048 baptismum
2546 981 2812 1051 accipere,
2853 997 2952 1038 nec
2996 983 3158 1037 etiam
3207 985 3470 1039 obeuntes

1887 1069 2228 1127 confessione
2254 1081 2307 1127 et
2330 1073 2512 1127 viatici
2537 1075 2777 1129 muneris
2806 1075 3247 1130 reconciliatione
3272 1076 3470 1130 salvari

1801 1185 1814 1188 λ·
1887 1164 2100 1231 possint
2133 1183 2146 1219 :
2177 1166 2367 1220 dicunt
2389 1167 2533 1220 enim
2569 1168 2692 1236 quia
2723 1184 2789 1222 ex
2816 1183 2922 1238 quo
2953 1170 3242 1224 memorari
3275 1170 3342 1224 ab
3389 1169 3474 1225 his

1887 1253 1978 1323 qui
2014 1255 2066 1309 in
2096 1270 2259 1311 carne
2294 1266 2421 1313 sunt
2455 1267 2652 1328 potest,
2687 1260 2942 1327 quoniam
2982 1260 3096 1330 ipsa
3123 1261 3350 1315 ecclesia
3378 1276 3477 1331 per

1889 1360 1948 1400 se
1975 1344 2077 1400 fuit
2102 1361 2334 1416 semper,
2364 1355 2418 1402 et
2456 1349 2586 1401 nulli
2616 1343 2770 1402 alteri
2797 1349 3042 1404 ecclesiae
3083 1349 3182 1403 fuit
3209 1349 3471 1418 subjecta.

1889 1434 2022 1490 Nam
2042 1446 2282 1508 tempore
2295 1437 2490 1508 Tilpini
2505 1438 2833 1493 Rhemorum
2851 1439 3242 1510 archiepiscopi
3262 1441 3477 1510 quando

1889 1527 2152 1585 Rodulfus
2183 1546 2316 1586 avus
2364 1530 2579 1586 Parduli
2613 1532 2987 1588 Laudunensis
3017 1533 3255 1603 episcopi
3304 1534 3477 1603 ipsam

1887 1620 2069 1676 villam
2102 1622 2154 1676 in
2186 1623 2448 1678 beneficio
2490 1625 2700 1689 habuit,
2753 1623 2853 1677 fuit
2893 1625 2946 1678 in
2988 1625 3210 1695 praefata
3249 1624 3479 1678 ecclesia

1890 1713 2147 1770 Ferlerus
2171 1716 2473 1786 presbyter.
2503 1714 2632 1770 Post
2656 1717 2864 1771 obitum
2910 1716 3122 1772 Ferteri
3155 1717 3255 1771 fuit
3280 1717 3334 1771 in
3363 1716 3480 1785 ipsa

184 1801 439 1869 clesiam,
463 1811 519 1858 et
547 1803 690 1858 circa
719 1803 1056 1859 sacerdotale
1077 1805 1430 1869 consortium,
1455 1806 1548 1861 sed
1571 1805 1785 1862 inﬂatus
1813 1793 1861 1854 Β
1888 1808 2117 1864 ecclesia
2164 1810 2313 1864 Dodo
2365 1811 2668 1883 presbyter,
2727 1811 2943 1879 quando
2988 1808 3292 1865 Odelherus
3335 1808 3478 1863 ﬁlius

183 1905 246 1951 et
287 1897 359 1952 ab
399 1897 503 1952 hoe
551 1899 824 1954 consortio
869 1906 1150 1966 separatus
1177 1906 1333 1968 putat
1357 1898 1589 1968 propria:
1640 1899 1781 1969 plebi

185 1988 584 2057 incubandum,
613 1999 668 2044 et
721 2005 1106 2059 nonnunquam
1159 1998 1455 2044 conventus
1497 1991 1565 2044 ad
1596 1991 1782 2046 concio

183 2079 332 2132 lium
362 2079 546 2135 venire
571 2080 858 2144 detractat,
890 2081 1034 2134 circa
1063 2080 1208 2135 hunc
1254 2095 1359 2135 non
1392 2087 1600 2134 tantum
1646 2081 1786 2136 dioe-

181 2168 367 2224 cesim
393 2183 499 2223 non
526 2183 646 2227 esse
674 2169 1016 2234 servandam,
1050 2184 1239 2224 verum
1272 2169 1418 2224 etde
1451 2171 1667 2240 propria
1693 2187 1784 2227 ec-

183 2259 386 2322 clesia,
419 2275 537 2329 qua:
568 2259 644 2316 illi
674 2260 813 2316 male
843 2260 1061 2326 faverit,
1093 2261 1406 2316 omnimodo
1433 2262 1784 2318 adnitendum

183 2359 251 2404 ut
292 2350 455 2406 etiam
479 2353 800 2408 auctoritate
821 2352 1034 2424 publica
1066 2354 1369 2424 rejiciatur,
1399 2363 1560 2425 atque
1582 2357 1650 2411 ab
1672 2356 1785 2426 ipsa

182 2442 488 2514 principali
545 2445 800 2500 cathedra
833 2441 1216 2500 removeatur.
1263 2446 1332 2501 Et
1374 2446 1418 2500 si
1481 2457 1785 2513 accusatus,

183 2533 350 2601 iuxta
377 2532 804 2606 Carthaginiense
831 2535 1122 2592 concilium
1149 2538 1216 2591 ad
1247 2537 1513 2592 rationem
1553 2539 1786 2593 redden-

183 2627 325 2682 dam
340 2628 538 2692 ,venire
579 2627 860 2700 refugerit,
884 2630 1472 2686 etexcommunicatus
1497 2645 1528 2684 a
1557 2631 1790 2699 primate

184 2735 299 2776 suo
328 2720 622 2788 exstiterit,
654 2730 896 2793 tempore
927 2737 1038 2792 quo
1067 2737 1175 2778 non
1201 2723 1588 2787 communicat,
1614 2738 1712 2778 nec
1735 2724 1789 2779 in

183 2827 300 2870 sua
337 2812 708 2877 ecclesia,_vel
761 2813 1017 2883 parochia
1049 2813 1453 2868 communicet.
1501 2813 1789 2881 Pereurre,

184 2903 396 2972 frater.
427 2902 841 2970 sacra.concilia
870 2917 1164 2968 canonum,
1187 2913 1242 2959 et
1269 2905 1484 2959 decreta
1523 2904 1792 2960 Romano-

185 2996 689 3064 rumpontillwm,
731 3005 787 3052 et
829 3012 860 3050 a
901 2995 1100 3056 SiriCio
1143 3005 1197 3051 et
1226 2997 1279 3050 in
1304 2997 1598 3066 reliquum,
1630 2998 1702 3053 ita
1735 3008 1796 3054 ut

185 3085 538 3158 prmmissum
569 3093 672 3148 est.
699 3085 944 3140 invenies
983 3084 1148 3140 fuisse
1182 3085 1462 3140 decretum
1499 3102 1562 3141 ac
1583 3102 1797 3142 conser-

1889 1897 2126 1964 Itodulli,
2155 1910 2308 1968 pater
2339 1899 2556 1954 Parduli
2589 1900 2828 1969 episcopi
2858 1900 3031 1970 ipsam
3061 1899 3246 1955 villam
3279 1900 3331 1952 in
3381 1898 3483 1952 be-

1888 1986 2087 2041 neﬁcio
2115 1988 2321 2042 habuit.
2357 1988 2486 2043 Post
2514 1989 2720 2044 obitum
2762 1989 3003 2045 Dodonis
3031 1988 3341 2061 presbyteri
3383 1986 3486 2042 fuit

1889 2079 1943 2134 in
1976 2079 2092 2148 ipsa
2122 2081 2355 2137 ecclesia
2396 2082 2733 2152 Agmeradus
2770 2083 3056 2155 presbyter
3081 2081 3295 2153 quando
3325 2081 3487 2136 Odel-

1889 2170 2036 2240 gisns
2065 2170 2233 2226 frater
2265 2171 2482 2227 Parduli
2507 2174 2742 2244 episcopi
2784 2175 2973 2230 habuit
3013 2176 3184 2244 ipsam
3216 2173 3400 2228 villam
3431 2173 3484 2226 in

1889 2260 2171 2317 beneficio.
2208 2262 2275 2317 Et
2300 2263 2388 2318 isti
2442 2275 2550 2318 tres
2577 2265 2881 2336 presbyteri
2912 2263 3128 2319 fuerunt
3163 2264 3218 2318 in
3254 2263 3369 2332 ipsa
3398 2276 3488 2317 ec-

1893 2351 2057 2407 clesia
2086 2368 2184 2422 per
2212 2356 2586 2411 successiones
2630 2365 2872 2426 tempore
2923 2356 3302 2427 episcoporum
3343 2354 3486 2409 Lau-

1893 2441 2153 2498 dunensis
2188 2443 2471 2511 Ecclesiae,
2519 2445 2834 2501 Genebaudi
2875 2445 3130 2515 junioris,
3170 2443 3489 2500 Berniconis

1893 2540 1948 2587 et
1974 2531 2251 2590 Gaufredi.
2312 2535 2441 2591 Post
2477 2537 2683 2591 obitum
2714 2537 3002 2606 Agmeradi
3034 2537 3136 2591 fuit
3163 2538 3218 2592 in
3250 2551 3312 2591 ea
3344 2535 3490 2590 ordi-

1896 2633 2056 2681 natus
2100 2623 2376 2683 Ottcricus
2425 2629 2710 2700 presbyter
2755 2644 2785 2684 a
2821 2613 3108 2684 Wénilone
3137 2625 3486 2683 Laudunensi

1895 2719 2170 2789 episcopo.
2200 2721 2319 2790 Ipse
2341 2721 2618 2777 Ottcricus
2650 2724 2777 2776 dum
2814 2721 2987 2793 ipsam
3027 2720 3318 2777 ecclesiam
3345 2727 3492 2774 tene-

1897 2821 1979 2865 ret
2029 2813 2265 2868 cantavit
2293 2813 2346 2867 in
2383 2812 2670 2880 Noviante,
2706 2821 2762 2868 et
2802 2813 2856 2867 in
2877 2812 3148 2868 Landrica
3176 2819 3331 2866 curte
3351 2817 3407 2863 et
3431 2808 3488 2862 in

1895 2899 2156 2958 Broeris:
2194 2903 2380 2958 titulus
2424 2912 2608 2958 autem
2653 2903 2824 2973 ipsius
2870 2904 2924 2957 in
2973 2917 3082 2972 quo
3140 2909 3196 2956 et
3245 2899 3494 2956 residuus

1898 3002 2039 3058 erat,
2067 2991 2168 3047 fuit
2199 2993 2252 3047 in
2276 2993 2708 3066 Follamebrayo.
2753 2992 2811 3047 In
2842 2993 2959 3064 ipso
2987 3001 3232 3062 tempore
3259 2988 3359 3042 fuit
3384 2987 3495 3042 No-

1900 3083 2177 3139 dalbertus
2203 3085 2490 3154 presbyter
2520 3085 2574 3138 in
2595 3082 2889 3139 Codiciaco
2929 3098 3028 3154 per
3052 3096 3223 3137 annos
3247 3078 3441 3150 viginti
3477 3095 3490 3132 :

187 3185 413 3242 vatum,
435 3186 492 3232 et
513 3175 728 3246 corrige
767 3176 982 3230 illorum
1003 3175 1252 3232 sensibus
1283 3191 1500 3230 sensum
1525 3186 1696 3241 tuum,
1742 3171 1869 3235 etC
1899 3175 2036 3228 obiit
2076 3183 2258 3228 autem
2286 3172 2530 3239 Wenilo,
2559 3185 2615 3228 et
2642 3175 2906 3230 successit
2950 3171 3238 3230 Ostroldus
3285 3170 3496 3240 episco-

187 3271 372 3340 dirige
397 3270 466 3328 ad
509 3283 695 3324 eorum
743 3268 1051 3325 doctrinam
1072 3276 1128 3324 et
1163 3253 1584 3338 praeceptionem
1619 3268 1796 3324 inten-

190 3369 407 3424 tionem
439 3373 610 3420 tuam.
641 3363 707 3422 Et
723 3365 804 3422 sic
831 3363 1078 3435 intellige
1103 3377 1290 3420 sacras
1310 3363 1525 3434 regulas
1555 3365 1694 3422 sicut
1721 3364 1798 3420 illi

188 3473 299 3534 eas
328 3457 745 3524 intellexerunt;
788 3456 913 3525 quia
953 3464 1131 3526 potest
1162 3455 1362 3510 [ierint
1398 3472 1498 3527 ego
1545 3466 1601 3512 et
1639 3466 1696 3512 tu
1743 3458 1799 3512 in

190 3551 391 3608 multis
419 3564 709 3622 erremus:
747 3565 853 3605 non
900 3550 1062 3605 debet
1104 3558 1283 3605 autem
1327 3551 1500 3615 credi,
1530 3550 1616 3610 vel
1635 3550 1798 3605 etiam

187 3645 498 3714 suspicari,
523 3652 586 3698 .ut
619 3643 720 3712 ipsi
765 3643 1090 3698 erraverint.
1121 3641 1468 3713 Quapropter
1493 3642 1628 3698 velis
1661 3642 1802 3699 nolis

193 3741 330 3795 haec
357 3743 558 3790 statuta
589 3734 846 3790 convulsa
890 3733 1204 3798 manebunt,
1252 3747 1281 3785 a
1330 3731 1528 3816 quibus
1556 3733 1622 3796 si,
1657 3733 1801 3802 quod

191 3828 372 3891 absit,
405 3827 602 3898 aliquis
643 3827 997 3899 pertinaciter
1029 3825 1329 3882 deviaverit
1379 3839 1486 3879 non
1539 3825 1679 3882 inter
1712 3841 1802 3881 ca-

197 3921 442 3990 tholicos
492 3921 912 3992 computabitur,
959 3920 1054 3976 sed
1097 3934 1221 3976 cum
1263 3917 1625 3976 sehismaticis
1674 3933 1802 3976 con-

198 4014 574 4079 demnabitnr,
594 4015 748 4084 quia,
774 4022 834 4068 ut
866 4012 1083 4068 Hilarus
1126 4012 1447 4083 papadicit,
1468 4026 1578 4068 non
1613 4013 1796 4067 minus

199 4111 264 4164 in
317 4116 630 4162 sanctarum
682 4107 1036 4163 traditionum
1083 4105 1418 4176 delinquitur
1465 4106 1796 4168 sanctiones,

199 4211 374 4268 quam
409 4198 461 4252 in
487 4199 661 4269 ipsius
688 4199 897 4258 Domini
932 4197 1126 4267 injuria
1154 4197 1457 4268 prosilitur.
1482 4197 1549 4252 Et
1576 4197 1795 4253 sicut-in

200 4289 448 4346 decretis
471 4291 779 4360 apostolicae
800 4291 948 4348 sedis
966 4290 1232 4361 scriptum
1255 4299 1363 4358 est,
1383 4291 1629 4361 quisquis
1650 4291 1796 4347 schi-

199 4382 444 4440 smatico
470 4385 783 4449 asseurserit,
811 4383 1341 4440 schismaticus-esse
1361 4385 1678 4456 negari'non
1695 4401 1800 4455 po.

201 4475 364 4529 terit.
397 4473 550 4540 Quod
565 4475 674 4531 etsi
697 4489 888 4530 omnes
919 4476 1233 4530 sacerdotes
1274 4484 1329 4530 et
1360 4477 1592 4530 mundus
1621 4490 1803 4531 assen-

1902 3283 2004 3338 pus
2029 3269 2083 3323 in
2116 3268 2357 3324 Ecclesia
2381 3268 2746 3325 Laudunensi.
2777 3267 2922 3324 Obiit
2970 3265 3331 3324 Nodalbertus
3371 3280 3496 3336 pre-

1903 3363 2088 3432 sbyter
2127 3362 2192 3416 de
2235 3360 2544 3426 Codieiaeo,
2574 3371 2629 3417 et
2666 3362 2927 3419 successit
2955 3362 3006 3416 ei
3038 3360 3343 3416 Gozmarus
3374 3372 3500 3429 pre-

1905 3456 2093 3524 sbyter
2141 3454 2233 3523 qui
2278 3455 2345 3508 de
2388 3454 2650 3508 canonica
2702 3453 2993 3508 Rhemensi
3044 3451 3243 3506 missus
3297 3458 3381 3505 est
3428 3449 3498 3504 ad

1904 3545 2203 3600 Ecclesiam
2227 3545 2282 3600 in
2312 3545 2621 3607 Codiciaco,
2648 3553 2704 3598 et
2731 3542 2835 3597 fuit
2880 3543 2953 3597 ibi
3000 3553 3100 3613 per
3130 3554 3306 3595 annos
3335 3539 3496 3595 circi-

1907 3648 1990 3694 ter
2020 3637 2260 3708 triginta.
2306 3637 2456 3697 Obiit
2500 3637 2783 3694 Ostroldus
2824 3645 2880 3691 et
2921 3633 3234 3705 aliquandiu
3280 3633 3494 3688 vacavit

1905 3730 2252 3800 episcopatus
2279 3731 2333 3786 in
2359 3729 2770 3801 Follanaebrayo
2802 3744 2926 3784 cum
2973 3724 3297 3783 Odelharius
3336 3727 3498 3780 beneo

1907 3820 2090 3876 ficium
2137 3820 2265 3876 illud
2307 3822 2543 3876 habebat
2589 3837 2763 3892 usque
2801 3821 2866 3874 ad
2909 3833 3088 3875 meum
3138 3825 3350 3886 tempus
3390 3831 3501 3886 quo

1906 3909 1982 3966 fui
2008 3911 2292 3968 ordinatus
2320 3913 2606 3983 episcopus
2635 3920 2758 3982 post
2779 3911 2960 3982 plures
2989 3923 3159 3966 annos
3202 3907 3503 3964 ordinatio—-

1905 4005 1991 4060 nis
2021 4003 2294 4061 Simeonis
2337 4005 2600 4075 episcopi.
2629 4005 2698 4060 Et
2722 4005 2847 4076 quia
2879 4003 2990 4072 jam
3033 4001 3336 4059 Gozmarus
3387 3999 3502 4057 olli-

1906 4093 2050 4149 cium
2096 4093 2465 4166 presbyterale
2513 4109 2677 4165 agere
2708 4109 2812 4148 non
2842 4101 3078 4164 poterat,
3130 4091 3414 4147 consensit
3442 4099 3503 4146 ut

1905 4187 2043 4244 alter
2071 4187 2354 4258 presbyter
2379 4188 2455 4242 illi
2483 4189 2536 4242 in
2560 4187 2750 4243 eadem
2776 4185 3004 4242 ecclesia
3029 4183 3368 4250 succederet,
3395 4184 3506 4240 sic-

1909 4291 2015 4348 que
2050 4277 2421 4338 consentiente
2459 4276 2715 4332 Simeone
2743 4275 2998 4347 episcopo
3026 4275 3224 4329 missus
3259 4281 3345 4328 est
3371 4271 3502 4328 ﬂai-

1918 4368 2171 4425 meradus
2208 4368 2442 4424 clericus
2467 4366 2710 4424 Simeoni
2745 4368 2998 4438 episcopo
3039 4367 3106 4422 ad
3135 4364 3498 4422 ordinandum
3542 4359 3546 4363 ”

1910 4463 1966 4520 in
2026 4460 2332 4517 Codiciam.
2393 4460 2772 4517 Postobitum
2823 4460 3098 4516 Simeonis
3158 4457 3400 4528 episcopi
3451 4455 3506 4510 in

201 4567 336 4629 tiat,
372 4564 648 4622 damnatio
685 4565 1090 4622 consentientes
1135 4565 1379 4630 involvit,
1412 4581 1520 4622 non
1543 4566 1791 4636 praevari

1913 4549 2256 4614 Laudunensi
2301 4549 2541 4606 Ecclesia
2581 4549 2846 4604 successit
2890 4547 3156 4604 Pardulus
3193 4546 3504 4616 episcopus,

203 4651 490 4712 cationéin
511 4671 810 4715 consensus
835 4654 1109 4711 absolvit:
1136 4671 1242 4711 non
1281 4657 1428 4712 enim
1449 4657 1665 4712 crimen
1693 4655 1811 4709 .mi-

197 4749 425 4813 nuitur,
464 4752 556 4806 sed
576 4750 865 4814 accressit,
895 4763 1018 4802 cum
1056 4748 1308 4820 generale
1333 4749 1396 4806 ﬁt
1431 4765 1500 4806 ex
1530 4749 1764 4820 privato
1792 4763 1806 4801 :

1915 4644 2070 4714 cujus
2092 4639 2337 4712 teutpore
2373 4641 2508 4698 obiit
2541 4637 2817 4697 Ottcricus
2835 4642 3122 4711 presbyter
3147 4639 3213 4692 de
3249 4633 3512 4689 Follanaa-

1914 4735 2112 4806 brayo,
2138 4733 2232 4804 qui
2269 4746 2368 4802 per
2411 4747 2586 4794 annos
2635 4731 2858 4788 circiter
2903 4731 3186 4802 sexaginta
3236 4728 3288 4780 in
3319 4725 3513 4781 eadem

195 4841 317 4896 hoc
375 4839 517 4894 enim
559 4841 720 4896 Deus
751 4838 994 4896 omnium
1049 4815 1308 4895 indicavit
1349 4841 1444 4913 qui
1491 4815 1814 4914 peccantem
1917 4827 2148 4888 ecclesia
2186 4826 2473 4898 presbyter
2506 4823 2878 4914 deguit.Post
2920 4826 3128 4914 obitum
3155 4815 3390 4914 Qtterici-
3424 4830 3517 4872 ve-

197 4931 480 4990 mundum
505 4935 748 5008 generali
773 4933 975 4990 diluvio
1000 4933 1293 4990 interemit.

611 5043 948 5124 HINCMARI
985 5045 1376 5133 RHEMENSIS
1429 5067 1432 5072 ·

403 5235 408 5242 ,
525 5241 528 5246 _
707 5229 710 5236 ,
839 5191 907 5232 an
942 5192 1180 5250 neuneu.
1501 5213 1580 5260 ,η’

195 5327 198 5344 ς
280 5290 601 5349 Ηικαιηυε
647 5289 976 5345 Rhemorum
1007 5290 1286 5360 episcopus
1334 5297 1537 5356 dilecto
1570 5288 1814 5348 [κοιτίδι

1921 4926 2120 4975 nerunt
2144 4916 2392 4980 homines
2417 4920 2483 4976 de
2513 4918 2634 4988 ipsa
2668 4913 2956 4974 ovillaante
2983 4907 3276 4967 Pardulum
3306 4905 3520 4972 episco—

1921 5027 2054 5082 pum
2077 5009 2489 5079 .reclamautes,.
2516 5008 2648 5079 quia
2683 5020 2790 5060 non
2832 5005 3100 5064 haberent
3138 4995 3520 5066 presbyterum

1921 5105 1985 5162 in
2015 5119 2127 5170 sua
2169 5102 2402 5168 ecclesia
2447 5125 2459 5162 :
2506 5097 2776 5162 Pardulus
2825 5106 3014 5154 autem
3065 5091 3350 5161 episcopus
3399 5105 3526 5148 cum

1915 5212 2054 5263 meo
2073 5209 2335 5260 consensu
2353 5197 2689 5270 suggerente
2713 5185 2846 5242 mihi
2865 5185 3076 5243 Osvcro
3097 5181 3185 5270 cui
3199 5177 3528 5270 beneﬁcium

1929 5289 2206 5350 Odelharii
2238 5271 2330 5342 lilii
2359 5267 2604 5358 Odelgisi
2621 5277 2840 5346 nepotis
2868 5276 2938 5332 de
2980 5273 3151 5330 fratre
3170 5267 3398 5330 Parduli
3411 5270 3532 5341 ep...
