3990 6300
515 285 621 343 539

1487 289 1820 347 HINCMABI
1860 290 2255 349 RHEMENSIS
2290 292 2810 359 ARCHIEPISCOPI

504 386 708 461 meone
732 404 1008 477 episcopo,
1030 416 1089 463 et
1111 408 1445 465 reclamante
1471 408 1590 479 ipso
1610 407 1936 466 Haimerado
1957 408 2097 479 apud
2121 408 2427 491 A_sitiones
2474 418 2531 465 et
2584 388 2927 468 difllnitiOncs
2944 452 2960 479 ,
2994 428 3132 468 cum
3172 411 3319 484 leges
3351 412 3578 483 publicae
3630 424 3793 486 atque

513 513 601 556 me
622 506 678 554 et
714 506 841 571 ante
866 508 921 557 te
945 501 1071 573 quia
1099 503 1215 579 ipsa
1240 502 1483 573 Ecclesia
1515 501 1759 572 subjecta
1787 518 1910 567 esse
1928 504 2097 563 debe-

516 599 599 646 ret
628 591 881 648 Ecclesia:
928 593 993 648 de
1038 592 1345 663 Codiciacc,
1384 611 1508 677 cum
1550 610 1674 665 meo
1701 610 1969 657 consensu
1999 596 2100 653 mi-

515 681 631 736 sisti
680 682 909 757 vicarius
947 692 1069 761 tuos
1116 685 1353 759 lvqnem,
1409 686 1707 755 Luidcaem
1762 687 2099 747 archidiaco-

512 787 662 835 num,
706 771 1088 841 Hedenulfum,
1128 776 1537 849 Angelrannum
1567 777 1835 839 decanuru
1868 779 2095 850 presby-

462 928 469 943 ‘
514 868 710 926 terum,
737 862 828 919 cui
872 863 1237 947 inquisierunt
1267 868 1392 927 inde
1440 869 1519 923 rei
1564 869 1870 941 veritatem,
1899 870 2099 941 quique

512 948 607 1004 tibi
657 954 1107 1012 renuntiaverunt
1156 960 1300 1033 quod
1342 959 1437 1017 tibi
1488 961 1627 1023 bene
1661 970 1743 1021 est
1793 968 2000 1027 notum,
2043 971 2099 1018 et

510 1042 728 1100 sicutin
758 1048 960 1121 nostris
1003 1048 1173 1121 gestis
1213 1050 1476 1113 habemus
1517 1052 1803 1117 verticibus
1845 1055 2095 1121 testibus,

510 1144 564 1190 et
628 1136 969 1213 evidentibus
1009 1141 1347 1215 documentis
1408 1144 1735 1213 invenerunt
1782 1146 1931 1216 quod
1981 1148 2097 1217 ipsa

509 1224 751 1283 Ecclesia
782 1230 847 1317 de
877 1230 1282 1307 Follanaebrayo
1308 1251 1584 1307 nunquam
1622 1236 1881 1303 Ecclesia:
1909 1238 1965 1295 in
1989 1237 2096 1299 C0-

508 1318 716 1375 diciaco
740 1321 899 1393 fuerit
932 1324 1194 1405 subjecta,
1227 1328 1321 1389 sed
1346 1328 1722 1401 presbyterum
1747 1345 1965 1401 semper
1994 1331 2096 1387 ha-

508 1408 703 1465 buerit.
737 1412 865 1477 Inde
889 1415 1032 1489 sicui,
1052 1417 1154 1487 ipsi
1180 1418 1430 1479 homines
1451 1420 1641 1477 dicunt
1666 1434 1764 1491 per
1789 1429 1940 1481 tuum
1969 1428 2099 1478 con-

506 1518 726 1560 sensum
767 1506 1072 1585 Bertfridus
1112 1510 1398 1585 presbyter
1426 1513 1480 1569 in
1520 1513 1710 1575 eadem
1753 1514 2009 1579 ecclesia,
2040 1524 2096 1571 et

508 1595 558 1650 in
595 1596 821 1665 ecclesia
884 1610 973 1675 tua
1014 1605 1155 1675 apud
1208 1602 1442 1673 queras
1490 1618 1587 1675 per
1636 1606 1877 1677 quinque
1921 1622 2095 1663 annos

508 1692 770 1757 cantavit,
808 1695 901 1769 qui
928 1694 1236 1753 Bertfridus
1264 1699 1407 1769 apud
1434 1708 1484 1757 te
1515 1713 1574 1755 se
1595 1699 1912 1757 reclamavit
1951 1701 2094 1770 quod

2202 501 2584 558 ecclesiasticae
2614 504 2931 571 decernant,
2963 514 3023 560 ut
3047 519 3166 575 quas
3208 505 3456 578 legaliter
3482 522 3549 562 ac
3580 507 3795 579 regula-

2203 593 2338 650 riter
2362 595 2616 651 distincta
2652 605 2779 652 sunt
2803 612 2913 653 non
2937 596 3240 653 evellantur
3264 613 3439 669 neque
3467 613 3793 657 removean-

2203 695 2291 743 tur
2317 690 2448 745 :sed
2468 698 2524 744 et
2539 689 2686 762 leges
2704 689 2933 761 publicae
2946 700 3120 761 atque
3146 690 3532 747 ecclesiasticae
3561 693 3793 749 decreta

2201 791 2329 836 sunt
2352 780 2421 836 de
2447 781 2533 837 his
2558 782 2652 851 qui
2682 780 2906 837 diﬁcita
2937 796 3100 838 causa
3127 797 3408 839 removere
3432 793 3789 854 praesumunt.

2203 869 2395 928 Postea
2421 888 2552 928 vero
2579 886 2739 943 quam
2778 874 2894 944 ipsa
2924 874 3150 930 ecclesia
3183 874 3357 931 eidem
3383 875 3591 931 clerico
3614 916 3631 941 ,
3662 877 3794 932 sicut

2200 965 2418 1035 quidam
2449 966 2718 1030 dixerunt,
2743 966 2863 1021 sine
2891 973 2979 1020 tua
3011 967 3470 1023 commendatione
3504 968 3791 1025 interdicta

2199 1068 2306 1125 est,
2337 1060 2502 1115 missa
2531 1059 2735 1115 ibidem
2761 1042 3033 1115 celebrata
3080 1076 3187 1116 non
3215 1058 3337 1126 fuit,
3366 1076 3465 1117 nec
3495 1059 3706 1131 aliquis
3732 1061 3792 1115 de

2200 1152 2316 1221 ipsa
2354 1151 2480 1206 villa
2521 1152 2575 1206 in
2615 1150 2956 1208 confessione
2980 1193 2995 1216 ,
3027 1151 3115 1207 vel
3156 1152 3210 1206 in
3253 1153 3668 1218 communione,
3716 1153 3793 1209 vel

2200 1245 2253 1299 in
2304 1244 2669 1315 baptizatione
2716 1244 3052 1301 sacerdotale
3097 1240 3415 1314 obsequium
3464 1244 3692 1311 habuit,
3743 1255 3792 1302 et

2199 1335 2305 1391 hac
2347 1335 2636 1392 occasione
2693 1336 2801 1391 duo
2848 1335 3049 1391 ibidem
3093 1336 3344 1391 homines
3395 1339 3535 1393 sicut
3582 1338 3664 1392 ad
3715 1354 3795 1394 me

2198 1430 2445 1499 pervenit
2478 1429 2600 1485 sine
2627 1427 2970 1484 confessione
3013 1437 3067 1483 et
3114 1427 3511 1484 communionis
3547 1431 3793 1484 reconci—

2198 1520 2417 1576 liatione
2444 1511 2664 1576 fuerunt
2687 1519 2911 1585 mortui,
2951 1533 3181 1590 quorum
3210 1533 3352 1574 unus
3377 1518 3699 1586 Erleherus,
3736 1530 3786 1576 et

2197 1612 2335 1668 alter
2385 1612 2735 1668 Gislchardus
2773 1610 3141 1676 vocabantur;
3200 1624 3325 1665 nam
3387 1609 3503 1681 ipsa
3554 1611 3784 1667 ecclesia

2199 1703 2361 1758 habet
2390 1702 2531 1757 unde
2552 1702 2689 1758 bene
2713 1715 2811 1772 per
2829 1717 2889 1758 se
2907 1709 3087 1773 potest
3115 1700 3454 1767 consistere;
3485 1710 3545 1758 et
3572 1703 3684 1759 hoc
3715 1703 3789 1757 in-

506 1779 866 1842 Ilaimeradns
892 1787 1061 1861 ipsam
1094 1788 1360 1860 capellam
1388 1791 1725 1853 destructam
1752 1793 2013 1860 haberet;
2041 1803 2097 1849 et
2125 1785 2174 1846 Β
2204 1803 2286 1850 ter
2320 1803 2518 1851 caetera
2554 1795 2782 1850 habetur
2811 1782 3089 1857 indicium,
3120 1792 3371 1863 quoniam
3402 1809 3431 1848 a
3474 1792 3650 1865 longo
3682 1803 3793 1850 tear

508 1872 631 1929 inde
657 1876 880 1947 pallium
912 1894 1102 1953 puum,
1128 1889 1184 1937 et
1233 1882 1471 1953 casulam
1521 1899 1704 1949 unam,
1753 1894 1809 1941 et
1847 1885 2097 1945 scbiliam

507 1983 690 2035 unam,
724 1978 779 2029 et
809 1970 1008 2045 librum
1038 1990 1204 2043 unum
1235 1975 1543 2041 abstulerit,
1575 1985 1653 2043 et,
1684 1976 1828 2037 sicut
1849 1978 2099 2034 homines

470 2110 475 2115 .
506 2059 610 2135 ipsi
638 2062 845 2137 dicunt,
882 2065 1079 2137 misisti
1101 2067 1297 2131 missos
1333 2078 1455 2129 tuos
1482 2069 1550 2129 ad
1592 2070 1734 2125 hanc
1759 2084 1985 2126 causam
2007 2071 2097 2125 in-

505 2157 826 2228 quirendam
880 2158 1170 2233 ηραυιςυω
1218 2160 1427 2225 scilicet
1475 2162 1933 2229 archidiaconem,
1976 2163 2099 2219 Fai-

508 2250 721 2323 nnlfum
742 2260 796 2323 et
824 2253 1233 2327 Angelrauaum
1280 2256 1648 2329 presbyteros,
1693 2267 1749 2313 et
1798 2258 1940 2314 sicut
1983 2259 2100 2330 ipse

506 2340 809 2411 Bertfridus
837 2345 1049 2401 dixerat
1077 2346 1421 2411 invenerunt.

578 2435 919 2513 Quapropter
944 2448 999 2511 et
1026 2454 1090 2493 ea
1116 2454 1237 2510 quae
1259 2432 1724 2510 repetita'fuerant
1746 2440 2103 2505 Haimeradus

506 2526 610 2597 ipsi
658 2528 900 2599 ecclesiae
950 2546 1134 2595 coram
1184 2531 1366 2589 missis
1408 2532 1521 2595 tuis
1569 2532 1830 2589 restituit.
1876 2533 1938 2588 lu
1984 2534 2097 2605 ipsa

504 2619 754 2693 ecclesia,
809 2628 869 2689 ut
916 2621 1143 2692 praedixi
1172 2661 1188 2688 ,
1239 2622 1381 2679 idem
1427 2623 1733 2683 Berti‘ridus
1778 2639 1878 2696 per
1930 2620 2131 2682 annos

506 2715 745 2785 quinque
771 2730 869 2786 per
892 2711 1342 2783 tuam‘licentiam
1372 2716 1720 2785 ministravit,
1754 2718 1927 2774 donec
1958 2718 2101 2773 fama

491 2809 574 2873 de
612 2823 677 2871 eo
708 2808 924 2880 vulgata
965 2811 1244 2873 abscessit.
1278 2810 1483 2869 Deinde
1512 2810 1830 2882 Sigebertus
1854 2812 1941 2871 cui
1972 2810 2102 2867 illud

506 2898 828 2969 beneficium
876 2902 943 2967 de
975 2900 1161 2957 drame
1201 2900 1293 2975 υ..
1321 2901 1445 2961 dedi
1476 2918 1508 2958 a
1540 2902 1650 2975 me]
1682 2902 1976 2958 secundum
2009 2917 2106 2957 an-

507 2993 714 3064 tiquam
754 2995 1201 3059 consuetudinem
1230 2995 1487 3051 clericum
1536 2994 1721 3065 petiit,
1771 2996 1864 3065 qui
1901 2996 1954 3050 in
1991 2996 2101 3065 ipsa

504 3086 733 3145 ecclesia
759 3102 791 3147 a
823 3094 875 3153 te
902 3086 1274 3153 ordinaretur,
1304 3087 1391 3142 cui
1420 3088 1716 3143 secundum
1747 3088 2097 3144 consuetudi-

2201 1902 2334 1958 pore
2360 1901 2457 1956 per
2484 1900 2542 1941 se
2567 1884 2839 1950 constitit,
2870 1884 2995 1955 quia
3024 1884 3190 1939 etiam
3221 1891 3395 1939 terras
3428 1882 3623 1951 habet,
3661 1898 3785 1954 quas

2204 1977 2478 2035 Ottericus
2507 1976 2794 2047 presbyter
2836 1976 2892 2031 in
2931 1990 2996 2031 ea
3025 1974 3308 2030 ordinatus
3356 1974 3720 2045 comparavit,
3741 1982 3788 2028 et

2202 2068 2500 2124 secundum
2550 2066 2767 2136 regulas
2830 2065 3228 2122 ecclesiasticas
3293 2048 3532 2120 morieris
3587 2064 3781 2120 ibidem

2207 2158 2465 2228 reliquit,
2511 2166 2565 2212 et
2600 2157 2900 2228 presbyteri
2930 2157 3021 2226 qui
3052 2171 3149 2227 per
3178 2164 3326 2210 tanta
3375 2163 3626 2225 tempora
3661 2155 3711 2209 in
3735 2169 3788 2210 ea

2206 2252 2427 2308 fuerunt
2452 2252 2589 2308 bene
2619 2251 2744 2308 inde
2769 2266 2828 2307 se
2856 2251 3255 2307 conduxerunt.
3303 2250 3307 2254 ’

2278 2344 2573 2415 Propterea
2601 2384 2616 2410 ,
2674 2342 2848 2398 frater
2876 2384 2891 2409 ,
2946 2357 3142 2398 moneo
3207 2340 3560 2397 dilectionem
3616 2350 3793 2407 tuam,

2208 2444 2268 2491 ut
2305 2436 2550 2506 deposita
2583 2439 2731 2492 omni
2783 2446 2973 2492 contra
3030 2436 3244 2509 regulas
3281 2434 3648 2491 irrationabili
3695 2434 3796 2488 ani-

2217 2528 2511 2594 mositate,
2577 2526 2717 2583 nolis
2780 2536 2972 2585 contra
3035 2528 3266 2584 salutem
3321 2536 3374 2584 et
3439 2526 3795 2603 ministerium

2212 2628 2365 2675 tuum
2404 2619 2470 2674 de
2516 2618 2706 2674 eadem
2754 2619 2985 2674 ecclesia
3034 2632 3196 2691 agere
3223 2660 3237 2684 ,
3289 2633 3387 2703 pro
3428 2633 3495 2672 eo
3548 2616 3695 2687 quod
3739 2632 3796 2671 cx

2210 2711 2345 2766 mihi
2374 2711 2664 2766 commissa
2700 2710 2931 2784 ecclesia
2966 2720 3021 2766 et
3050 2709 3313 2766 beneﬂcio
3357 2708 3633 2781 Sigeberti
3680 2707 3796 2763 mihi

2210 2802 2385 2858 fidelis
2410 2843 2425 2867 ,
2457 2802 2560 2857 viri
2604 2803 2807 2859 sororis
2855 2814 2959 2857 tum
2981 2843 2995 2868 ,
3026 2803 3292 2872 probatur
3319 2802 3580 2865 existere,
3612 2809 3795 2857 contra

2209 2910 2347 2968 quos
2399 2895 2639 2951 indebite
2685 2908 2747 2951 es
2797 2904 3119 2951 commotus.
3165 2894 3472 2951 Prasertim
3526 2910 3657 2951 cum
3717 2910 3800 2950 ne-

2211 2989 2411 3045 minem
2468 2989 2702 3059 pastoris
2754 2988 3065 3061 fungentem
3116 2986 3289 3045 ofﬁcio
3359 2988 3529 3044 latere
3593 2989 3797 3055 debeat,

2212 3082 2337 3153 quia
2385 3081 2439 3137 in
2485 3081 2834 3153 exsequendo
2870 3081 3055 3136 divino
3107 3081 3369 3152 mysterio
3415 3080 3559 3136 sicut
3616 3079 3801 3136 nullius

3688 303 3796 359 ω
3896 296 3913 325 .

510 3193 637 3239 nem
665 3187 1077 3239 antecessorum
1123 3194 1401 3247 meorum,
1453 3186 1508 3235 et
1540 3180 1835 3239 secundum
1886 3180 2100 3252 regulas
2130 3158 2176 3222 C
2209 3176 2383 3247 gratia
2431 3176 2498 3229 ad
2550 3174 2791 3230 indebita
2846 3174 3154 3245 provocari,
3190 3174 3265 3228 ita
3304 3181 3357 3230 et
3402 3174 3584 3229 debita
3611 3172 3800 3229 nullius

505 3272 911 3333 ecmiastlcas
970 3286 1035 3329 ac
1078 3271 1356 3343 synodalia
1408 3272 1642 3341 capitula
1708 3270 1967 3328 clericum
2034 3274 2101 3328 de
2206 3269 2363 3336 odio,
2396 3267 2482 3323 vel
2519 3268 2715 3337 privati
2756 3267 2920 3324 studii
2970 3267 3086 3322 zelo
3128 3264 3321 3322 debeat
3364 3265 3650 3321 retardare
3696 3265 3801 3320 sive

506 3374 775 3437 potestate
800 3365 1046 3423 ecclesiis
1077 3375 1279 3422 ncstrm
1302 3380 1367 3421 ea
1395 3365 1709 3422 conditione
1735 3367 2002 3433 concessi,
2046 3375 2105 3421 ut
2206 3370 2559 3434 pervertere:
2591 3360 2795 3416 scimus
2828 3358 2971 3415 enim
3003 3359 3127 3429 quia
3160 3358 3358 3431 regula:
3399 3355 3799 3413 Aurelianensis

507 3457 557 3519 si
586 3467 641 3535 tu
676 3456 826 3515 illum
856 3456 1188 3528 probabilem
1215 3456 1523 3527 iudicares,
1554 3473 1656 3530 ego
1686 3458 1761 3513 illi
1794 3459 2102 3516 libertatem
2208 3459 2421 3516 concilii
2469 3459 2680 3526 dicunt,
2722 3472 2843 3527 quae
2890 3467 3133 3529 tempore
3172 3455 3425 3511 Ludovici
3460 3455 3600 3525 regis
3639 3469 3802 3526 quem

510 3550 936 3613 ecclesiasticam
968 3550 1188 3616 darem;
1217 3557 1274 3605 el
1319 3549 1400 3605 Sic
1421 3550 1635 3605 demum
1668 3559 1723 3605 lu
1751 3550 1900 3606 illum
1941 3566 2101 3623 regu-
2209 3562 2428 3610 sanctus
2458 3551 2737 3623 Remigius
2768 3565 2892 3605 cum
2925 3549 3259 3605 Francorum
3294 3547 3515 3604 millibus
3545 3546 3805 3616 baptiza-

506 3642 695 3707 lariter
735 3644 1040 3713 ordinares.
1100 3642 1207 3712 Qui
1252 3642 1484 3700 clericus
1534 3644 1753 3700 nomine
1791 3643 2104 3701 Seminatus
2209 3646 2287 3701 vit
2346 3644 2579 3701 decretae
2635 3643 2875 3709 fuerunt,
2919 3651 2980 3697 ut
3030 3657 3218 3698 omnes
3272 3639 3505 3696 basilica:
3545 3652 3668 3709 quae
3708 3651 3806 3709 per

509 3751 606 3807 per
628 3746 861 3807 quatuor
883 3750 1056 3807 annos
1081 3738 1360 3794 tesciente
1384 3736 1556 3806 ipsam
1583 3735 1879 3795 ecclesiam
1908 3737 2104 3804 tenuit,
2210 3741 2423 3796 diversa
2464 3745 2790 3796 consth
2830 3745 2976 3804 sunt,
3016 3736 3101 3792 vel
3140 3735 3383 3808 quotidie
3422 3740 3803 3790 construuntur

508 3838 563 3891 et
590 3831 886 3889 secundum
914 3839 1290 3901 paupertatem
1334 3845 1514 3896 suam,
1565 3829 1708 3885 sicut
1754 3830 1916 3887 simul
1967 3844 2109 3900 saepe

512 3923 766 3988 vidimus,
815 3930 871 3978 et
916 3922 1093 3977 adhuc
1136 3930 1313 3991 paret,
1345 3921 1486 3977 bene
1515 3921 1570 3977 in
1613 3935 1677 3976 ea
1721 3921 2013 3987 laboravit,
2050 3910 2109 3977 et

510 4013 579 4073 ad
609 4011 754 4067 illius
781 4010 958 4065 vicem
1004 4024 1175 4080 usque
1217 4010 1344 4077 dum
1383 4012 1454 4065 ad
1489 4011 1883 4075 ordinationem
1925 4012 2111 4067 venire

510 4117 608 4173 per
635 4117 837 4159 annum
857 4107 915 4156 et
932 4100 1216 4165 dimidium
1237 4101 1708 4165 commendatione
1736 4102 2108 4158 ministrorum

511 4208 726 4255 tuorum
747 4239 763 4264 ,
787 4197 1000 4254 scilicet
1032 4196 1244 4254 Hadulfi
1291 4197 1659 4253 archidiaconi
1690 4205 1745 4252 et
1780 4196 2111 4269 Angelranni

515 4292 704 4351 decani
742 4292 1063 4365 presbyteri,
1109 4290 1300 4347 Grimo
1347 4291 1633 4363 presbyter
1678 4300 1783 4348 tua:
1834 4294 2110 4364 parochias

516 4383 570 4438 in
606 4383 724 4454 ipsa
754 4382 980 4438 ecclesia
1028 4383 1312 4441 cantavit:
1357 4383 1551 4439 deinde
1584 4384 1826 4453 ipsorum
1875 4399 2109 4442 consen-

514 4477 673 4531 sione
699 4474 1038 4531 Heimericus
1066 4477 1352 4547 presbyter
1387 4483 1493 4530 tute
1539 4478 1811 4545 parochias
1852 4492 1950 4548 per
1975 4478 2110 4536 duos

513 4576 570 4623 et
619 4566 903 4635 dimidium
973 4581 1147 4623 annos
1214 4566 1413 4623 ibidem
1481 4565 1715 4622 cilicium
1771 4568 2110 4625 sacerdotale

514 4658 781 4725 exhibuit,
813 4674 1005 4730 usque,
1032 4669 1087 4714 ut
1114 4673 1274 4729 supra
1297 4660 1429 4724 dixi,
1455 4660 1629 4731 pridie
1658 4658 1838 4738 Nonas
1867 4662 2111 4731 proxime

513 4753 869 4825 praecedentis
919 4753 1180 4810 Februar.
1236 4754 1452 4824 quando
1506 4753 1732 4825 praefato
1778 4754 1980 4812 clerico
2022 4756 2109 4810 in-

514 4846 745 4900 terdicta
794 4852 879 4901 est
912 4843 1024 4914 ipsa
1073 4846 1335 4911 ecclesia;
1391 4856 1468 4912 et,
1520 4863 1663 4903 nunc
1707 4847 1834 4903 inde
1883 4849 2111 4919 quaestio

515 4947 844 5003 removetur,
876 4938 1031 5008 quasi
1060 4952 1163 4992 non
1194 4938 1387 4995 debeat
1414 4939 1665 4996 sufficere
1695 4940 1763 4995 ad
1792 4938 2110 5011 sopiendam

515 5042 736 5091 omnem
769 5026 1125 5083 remotionem
1172 5028 1469 5097 antiquitas
1493 5069 1507 5095 ,
1553 5036 1624 5083 et-
1652 5038 1802 5084 tanta
1830 5030 2111 5101 longitudo

518 5131 822 5192 temporum
848 5130 905 5179 et
931 5121 1295 5177 numerositas
1341 5122 1739 5191 episcoporum,
1792 5138 1856 5177 ac
1883 5122 2113 5197 presby-

518 5220 760 5271 terorum
809 5213 912 5269 sub
940 5211 1138 5282 quibus
1166 5212 1281 5281 ipsa
1312 5211 1539 5267 ecclesia
1581 5228 1676 5282 per
1705 5206 1764 5268 se
1794 5212 1927 5269 nulli
1955 5216 2112 5272 alteri

520 5305 765 5362 ecclesiae
820 5306 1061 5377 subjecta
1114 5305 1377 5371 constitit,
1437 5320 1559 5360 cum
1610 5313 1666 5360 et
1710 5305 1856 5377 leges
1884 5307 2113 5377 publicae

523 5407 630 5455 tam
661 5400 805 5471 apud
834 5398 1130 5464 Romanos,
1161 5414 1323 5470 quam
1351 5407 1405 5453 et
1434 5399 1576 5470 apud
1609 5408 1901 5467 nostrates,
1932 5405 2026 5457 sed
2060 5412 2114 5458 et

522 5508 759 5550 canones
785 5533 800 5561 ,
850 5503 1012 5565 atque
1061 5494 1205 5551 sedis
1250 5493 1509 5551 Romana
1550 5496 1865 5567 pontiﬁcum
1896 5497 2113 5552 decreta

2210 3833 2507 3888 secundum
2542 3832 2789 3902 priorum
2807 3845 3078 3887 canonum
3107 3829 3348 3901 regulam
3378 3826 3432 3882 in
3460 3828 3579 3899 ejus
3606 3826 3803 3901 episco-

2211 3926 2263 3995 pi
2304 3925 2357 3979 in
2391 3923 2544 3994 cujus
2572 3924 2850 3979 territorio
2898 3922 3088 3993 positae
3121 3931 3270 3987 sunt,
3312 3927 3591 3993 potestate
3632 3916 3800 3999 consi-

2212 4026 2376 4073 stant.
2411 4012 2479 4071 Et
2516 4016 2838 4072 Toletanum
2866 4013 3157 4071 concilium
3186 4013 3339 4080 dicit,
3371 4021 3432 4067 ut
3456 4011 3611 4069 dotes
3645 4008 3802 4064 eccle-

2213 4109 2435 4172 siarum,
2457 4116 2512 4163 et
2530 4106 2712 4163 omnia
2743 4106 3038 4162 secundum
3065 4104 3511 4163 constitutionem
3537 4104 3800 4174 antiquam

2213 4201 2280 4255 ad
2308 4200 2548 4271 episcopi
2587 4199 2985 4255 ordinationem
3029 4210 3084 4254 et
3125 4204 3444 4269 potestatem
3485 4197 3801 4268 pertimui.

2213 4292 2441 4358 scilicet,
2470 4301 2531 4346 ut
2556 4291 2961 4347 Antiochenam
2994 4289 3281 4346 concilium
3311 4288 3467 4355 dicit,
3494 4286 3802 4365 regatjuxu

2216 4383 2582 4440 reverentiam
2624 4381 2852 4452 singulis
2898 4388 3319 4452 competentem,
3369 4386 3424 4433 et
3474 4370 3801 4449 prudentiam

2215 4484 2371 4550 gerat
2405 4476 2585 4532 omnis
2610 4475 2968 4546 possessionis
2997 4488 3118 4545 qua:
3139 4474 3240 4529 sub
3266 4470 3383 4542 ejus
3402 4478 3487 4527 cst
3514 4477 3802 4541 potestate:

2138 4538 2189 4599 D
2216 4538 2293 4625 ita
2318 4577 2379 4625 ut
2398 4538 2743 4641 presbyteros
2770 4575 2825 4623 et
2853 4538 3110 4623 diaconos
3139 4538 3373 4632 ordinet,
3405 4572 3463 4619 et
3485 4538 3694 4637 singula
3715 4556 3828 4617 suo'

2213 4662 2420 4735 judicio
2467 4659 2912 4732 comprehendat.
2958 4658 3066 4714 Sed
3117 4666 3407 4727 antequam
3458 4656 3592 4735 ipsa;
3624 4651 3804 4743 regula:

2219 4764 2462 4826 tempore
2516 4752 2774 4809 Ludovici
2840 4752 2983 4825 regis
3052 4751 3106 4806 in
3164 4750 3371 4823 synodo
3437 4745 3802 4805 Aurelianensi

2218 4845 2419 4903 fuerint
2448 4845 2777 4912 constitutae,
2815 4844 3150 4915 antiquiores
3180 4856 3287 4897 non
3320 4840 3614 4911 refragatze
3638 4840 3800 4893 Arau-

2219 4937 2318 4993 sici
2354 4937 2569 4994 concilii
2607 4936 2808 5008 regulae
2845 4941 3171 5000 statuerunt,
3201 4942 3261 4988 ut
3296 4932 3342 4987 si
3378 4932 3504 5004 quis
3533 4930 3804 5003 episcopo-

2218 5046 2339 5102 rum
2374 5030 2428 5085 in
2452 5029 2642 5085 alienae
2668 5028 2907 5085 civitatis
2934 5026 3213 5083 territorio
3232 5023 3528 5082 ecclesiam
3548 5023 3804 5079 aediﬁcare

2218 5123 2469 5195 disponit,
2499 5123 2581 5178 vel
2610 5139 2710 5195 pro
2748 5122 2900 5179 fundi
2928 5121 3032 5191 sui,
3059 5106 3155 5181 aut
3192 5118 3571 5182 ecclesiastici,
3605 5116 3684 5172 vel
3712 5129 3805 5185 pro

2218 5235 2541 5291 quacunque
2572 5234 2794 5274 suorum
2835 5219 3265 5303 opportunitate,
3299 5218 3568 5289 permissa
3598 5214 3803 5271 licentia

2218 5312 2542 5377 aedificandi,
2590 5313 2717 5382 quia
2763 5312 3040 5382 prohiberi
3084 5313 3187 5368 hoc
3219 5319 3347 5383 voto
3379 5310 3533 5367 nefas
3573 5319 3673 5385 est,
3702 5322 3800 5362 non

2217 5410 2509 5474 praesumat
2536 5390 2953 5485 dedicationem,
2987 5420 3109 5474 qua:
3152 5402 3223 5459 illi
3272 5402 3602 5460 omnimodis
3637 5415 3801 5457 reser-

2218 5502 2380 5548 vatur
2407 5495 2460 5549 in
2504 5492 2657 5565 cujus
2690 5496 2964 5552 territorio
2995 5496 3223 5579 ecclesia
3254 5497 3510 5583 assurgit,
3549 5507 3605 5551 et
3635 5508 3802 5551 reser-

521 5586 828 5656 praefigunt,
853 5596 913 5641 ut
936 5588 1075 5644 ultra
1106 5589 1328 5661 triginta
1357 5604 1527 5645 annos
1559 5590 1689 5645 nulli
1722 5589 1895 5673 liceat
1930 5605 2028 5659 pro
2051 5605 2117 5646 eo
2220 5596 2345 5642 vata
2394 5587 2706 5645 :cdificatori
2757 5603 2856 5644 suo
2900 5592 3001 5645 hac
3031 5590 3229 5673 gratia,
3273 5600 3332 5657 ut
3380 5607 3515 5662 quos
3546 5588 3805 5645 desiderat

522 5677 797 5749 appellare
821 5678 1173 5753 quod'legum
1217 5692 1428 5756 tempus
1457 5682 1696 5740 excludit
1722 5668 1737 5747 ξ
1770 5681 1922 5753 quasi
1952 5683 2115 5738 etiam

526 5787 636 5834 non
666 5774 900 5834 debeant
925 5777 1175 5835 suﬁcere
1217 5788 1322 5836 tua:
1349 5794 1449 5855 per
1473 5778 1752 5863 ministros
1782 5776 1903 5836 tuos
1931 5777 2115 5851 requi-

2221 5680 2448 5737 clericos
2493 5682 2546 5737 in
2599 5697 2657 5737 re
2703 5697 2798 5737 sua
2851 5683 3052 5748 videre,
3110 5684 3257 5755 ipsos
3308 5674 3522 5738 ordinet
3569 5682 3622 5737 in
3660 5676 3804 5748 cujus

2223 5777 2497 5835 territorio
2527 5787 2627 5857 est,
2672 5776 2755 5834 vel
2786 5777 2830 5833 si
2862 5776 3094 5833 ordinati
3120 5774 3232 5861 jam
3266 5786 3409 5844 sunt,
3443 5777 3587 5861 ipsos
3611 5770 3801 5829 habere
