3990 6300
205 343 318 398 541

996 346 1235 403 orusc.
1278 347 1363 403 nr
1404 347 1727 403 EPIST.-lN
1765 345 1989 403 causa
2032 347 2364 406 HINCMABI
2400 325 2706 407 LAUDUN.

3300 346 3496 411 ’542

208 460 558 531 acquiescat,
582 467 639 514 et
677 464 855 513 omnis
898 459 1141 515 ecclesiae
1184 445 1351 531 ipsius
1382 447 1807 534 gubernationi!
1833 466 1883 525 Α
1908 470 1963 516 et
2004 462 2054 516 in
2083 479 2147 517 ea
2195 450 2841 529 laborare'consensisti,
2890 478 2995 518 non
3042 463 3254 535 placet,
3309 476 3364 522 et
3406 484 3504 539 per

205 566 343 609 eum
374 550 428 609 in
467 551 625 623 cujus
668 550 902 615 civitatis
929 552 1202 621 territorio
1236 554 1463 615 ecclesia
1506 556 1806 614 susruerit

210 644 532 715 pertinebit.
570 642 639 701 Et
686 644 789 705 hac
828 646 1154 717 attetoritate
1179 661 1212 703 a
1256 648 1586 717 temporius
1632 647 1803 715 sancti

214 737 458 808 Remigii
502 752 720 809 semper
760 739 1186 809 praedecessores
1228 741 1338 797 mei
1368 743 1425 797 ia
1473 742 1805 814 temporibus

207 830 683 899 praedecessorum
726 841 942 887 tuorum
972 833 1029 889 in
1066 834 1312 890 ecclesiis
1353 837 1421 891 ad
1462 835 1804 892 Codiciacam

206 921 402 977 sitiam
457 921 832 979 Laudunsnsis
874 927 1165 995 parochias,
1205 927 1299 982 sed
1333 936 1387 984 et
1431 930 1499 984 ad
1540 929 1803 985 luliaeam

208 1014 402 1075 villam
436 1015 487 1071 ᾖ]
530 1017 791 1084 parocbia
837 1016 1161 1090 Suessonica
1193 1034 1318 1076 eum
1364 1034 1629 1077 consensu
1660 1023 1804 1092 ipsa-

209 1119 337 1161 rum
363 1106 643 1171 civitatum
668 1107 1045 1179 episcoporum
1083 1111 1365 1168 ordinatos
1384 1114 1650 1169 miserunt
1673 1128 1801 1184 pre-

207 1194 486 1266 sbyteros.
538 1196 691 1254 Unde
710 1208 764 1254 et
805 1214 908 1270 ego
951 1201 1004 1256 in
1050 1202 1359 1272 Codiciaco,
1397 1214 1454 1264 et
1486 1207 1563 1279 in-
1594 1204 1804 1262 Juliaco

209 1302 422 1345 ιιινθιιι.

168 1418 187 1445 ς,
281 1379 397 1437 Sed
420 1382 546 1453 quia
572 1382 705 1440 mihi
734 1400 831 1455 pro
865 1386 1072 1444 honore
1110 1391 1550 1462 coepiscoporum
1587 1404 1802 1450 nostro-

206 1488 335 1531 rum
366 1474 605 1543 ipsarum
632 1477 842 1532 sodium
884 1479 1226 1549 complacuit,
1269 1495 1329 1538 ut
1359 1483 1466 1540 illis
1497 1485 1803 1542 decedenti-

206 1565 314 1621 bus
341 1564 571 1624 clericos
591 1568 918 1626 ordinandus
948 1571 1002 1626 in
1027 1572 1230 1629 eisdem
1258 1574 1505 1631 ecclesiis
1532 1560 1799 1647 episcopis

207 1656 558 1725 propriarum
604 1659 987 1727 parochiarum
1039 1660 1330 1734 dirigerent
1377 1679 1499 1719 cum
1551 1660 1801 1722 libertate

206 1747 579 1805 ecclesiastica
613 1760 669 1805 et
706 1750 899 1809 litteris
928 1753 1065 1809 meis
1097 1755 1429 1811 ordinandus
1456 1758 1802 1830 presbyteros

1914 554 2208 619 rationem,
2253 563 2347 613 aut
2377 569 2479 626 pro
2512 554 2776 621 crimine,
2820 562 2913 613 aut
2938 569 3059 625 pro
3109 555 3505 616 indocibilitate

1913 647 2064 705 ilium
2088 646 2367 717 reieceris,
2397 661 2561 717 quem
2584 655 2777 721 contra
2806 646 3021 717 regulas
3044 647 3162 703 sine
3188 663 3307 705 mea
3337 647 3504 707 licen-

1882 740 2008 804 tia,
2032 746 2092 797 et
2124 739 2244 797 sine
2276 739 2525 798 libertate
2553 740 2822 799 caumica
2845 740 3131 805 ordiuasti,
3161 743 3409 808 ostende,
3449 753 3505 800 et

1911 832 2143 891 alterum
2176 832 2560 900 inuenimus;
2602 841 2813 892 tantum
2842 843 2903 890 ut
2946 832 3174 906 pmfata
3206 837 3504 895 auctoritas

1911 927 2216 997 tegularum
2246 968 2261 994 ,
2300 935 2355 982 et
2386 928 2611 998 antiqua
2638 927 2973 985 consuetudo
3003 926 3070 984 de
3118 929 3233 999 ipsa
3272 931 3503 993 ecclesia

1886 1020 2069 1075 nobis
2096 1035 2127 1074 a
2158 1001 2221 1075 te
2241 1030 2624 1084 conservetur,
2655 1021 2799 1077 sicut
2834 1021 3169 1090 temporibus
3202 1022 3505 1092 prmdeces-

1909 1127 2094 1169 eorum
2122 1114 2179 1168 α
2217 1113 2581 1168 decessorum
2604 1121 2818 1169 tuorum
2856 1111 3206 1179 Genebaudi,
3240 1112 3503 1177 Bernico-

1910 1208 2015 1272 uis,
2044 1205 2337 1273 Gairfredi,
2366 1206 2688 1271 Wenilonis,
2717 1205 2987 1271 Ostroldi;
3025 1214 3079 1261 et
3132 1207 3350 1276 quando
3388 1207 3503 1277 epi-

1909 1305 2164 1368 scopatus
2186 1298 2399 1357 vacavit
2431 1297 2486 1355 in
2510 1296 2808 1361 Ailemaro,
2835 1304 2891 1357 et
2934 1305 3177 1366 tempore
3203 1294 3500 1363 Simeonis,

1907 1407 1973 1447 ae
2001 1390 2251 1457 Perdidi,
2301 1391 2395 1449 sed
2441 1398 2498 1446 et
2528 1399 2621 1447 tuo
2647 1399 2891 1460 tempone
2937 1405 3108 1460 usque
3153 1389 3315 1451 modo
3361 1390 3500 1445 meis

1906 1482 2399 1553 pwdecessoribus
2423 1496 2489 1545 ac
2530 1480 2902 1539 decessoribus
2929 1479 3162 1550 Titpino,
3193 1488 3251 1535 et
3285 1478 3502 1549 quando

1905 1585 2029 1648 post
2048 1592 2175 1632 eum
2199 1577 2409 1632 vacavit
2436 1576 2806 1646 episcopatus,
2834 1573 2927 1629 sed
2953 1581 3007 1628 et
3023 1572 3279 1640 Wlt‘ario,
3303 1572 3496 1638 Eboni,

1907 1676 1963 1722 et
1983 1669 2235 1737 .quandiu
2257 1669 2432 1738 ipsum
2459 1668 2830 1737 episcopatum
2862 1665 3036 1720 tenuit
3068 1663 3237 1720 Falco
3256 1705 3270 1731 ,
3299 1672 3353 1721 et
3376 1673 3503 1743 post

1907 1776 2030 1816 eum
2058 1761 2214 1829 Noto,
2250 1763 2344 1817 sed
2374 1770 2429 1817 et
2459 1761 2591 1816 mihi
2632 1760 2743 1831 jam
2786 1773 2887 1830 per
2913 1757 3105 1829 viginti
3135 1759 3375 1828 quinque
3404 1772 3501 1812 an-

207 1841 265 1897 iu
310 1841 553 1910 praistis
595 1844 841 1911 ecclesiis
877 1846 1040 1901 misi:
1077 1859 1133 1903 et
1177 1847 1422 1917 Simeon,
1470 1858 1530 1906 ut
1575 1852 1801 1921 praedixi
1832 1848 1879 1910 B
1906 1868 2006 1913 nos
2052 1855 2105 1908 in
2166 1852 2500 1917 Bbemorum
2548 1852 2676 1907 sede
2724 1849 3054 1913 ministranti
3107 1850 3370 1905 hactenus
3418 1856 3502 1905 est

208 1933 438 1991 missum
474 1951 505 1999 ει
536 1950 623 1991 me
662 1936 767 1993 sibi
799 1936 1182 1995 llaimeradum
1222 1942 1494 1998 ordinavit
1520 1944 1800 2015 presbyte-

208 2042 357 2093 rum,
390 2035 447 2085 et
476 2026 705 2084 domnus
740 2029 1020 2087 Rothadus
1045 2048 1182 2088 meae
1212 2034 1458 2089 missioni
1489 2050 1593 2090 non
1631 2037 1801 2091 resul-

209 2126 355 2183 tans,
393 2119 509 2188 jam
539 2118 592 2174 in
621 2117 829 2183 luliaco
859 2121 995 2178 duos
1023 2138 1053 2176 a
1085 2137 1170 2177 me
1196 2123 1301 2179 sibi
1336 2125 1532 2181 missos
1570 2126 1798 2183 clericos

204 2209 481 2267 ordinavit
500 2211 873 2283 presbyteros,
903 2221 959 2270 et
985 2228 1085 2285 ego
1111 2216 1232 2286 ipsi,
1262 2217 1357 2271 sed
1390 2224 1448 2272 et
1475 2216 1597 2272 aliis
1619 2217 1798 2287 coepi-

202 2301 393 2372 scopis
433 2304 632 2360 nostris
676 2305 731 2369 in
770 2306 1025 2375 parochia
1075 2316 1258 2363 nostra
1299 2309 1557 2365 ecclesias
1602 2310 1801 2364 haben-

206 2392 376 2459 tibus,
404 2396 650 2451 eumdem
680 2396 940 2453 honorem
970 2399 1111 2454 sicut
1139 2410 1195 2455 et
1234 2402 1663 2471 prmdecessores
1692 2404 1798 2459 mei

205 2486 425 2542 illum
456 2490 949 2556 prqzdecessoribus
975 2490 1242 2558 fecerunt,
1278 2509 1559 2554 conservo.
1588 2496 1654 2550 Et
1684 2511 1799 2552 rec-

206 2588 331 2636 tum
362 2589 443 2636 est
477 2590 537 2635 ut
582 2589 639 2637 tu
687 2592 923 2655 antiquae
966 2584 1281 2659 auctoritati
1319 2596 1373 2642 et
1421 2589 1797 2644 consuetudini

208 2679 317 2735 tua
366 2672 650 2745 metropoli
701 2690 733 2729 a
778 2676 887 2731 tuis
935 2677 1425 2746 praedecessoribus
1466 2691 1798 2736 conservatae

206 2778 315 2819 non
375 2764 648 2837 deroges:
697 2767 999 2837 pmsertim
1036 2785 1158 2825 cum
1209 2771 1280 2827 sit
1333 2772 1684 2827 constitutum
1742 2773 1797 2828 in

205 2858 387 2926 primo
410 2858 552 2914 libro
570 2860 927 2930 capitulorum
953 2864 1293 2934 synodalium
1325 2874 1568 2936 tempore
1592 2865 1797 2937 Augus-

206 2954 385 3003 torum
409 2958 718 3007 nostrorum
741 2966 772 3007 a
799 2955 999 3010 nostris
1018 2953 1317 3025 majoribus
1330 2968 1793 3023 conservatormn,

204 3052 265 3097 ut
320 3043 442 3098 sine
508 3045 853 3112 auctoritate,
922 3047 1008 3103 vel
1073 3064 1339 3105 consensu
1415 3051 1793 3123 episcoporum

206 3140 594 3211 presbyteriin
619 3140 947 3211 quibuslibet
973 3143 1222 3200 ecclesiis
1242 3145 1663 3212 constituantur,
1696 3160 1797 3202 nec

1902 1954 2221 2007 conservata
2261 1944 2497 2016 amplius
2533 1958 2699 2015 quam
2742 1958 2841 2014 per
2865 1950 3088 2009 centum
3118 1956 3312 2007 annos,
3356 1940 3503 1995 velut

1900 2054 1997 2110 per
2024 2039 2292 2094 veridicas
2320 2037 2606 2093 cbronicas
2636 2033 2946 2104 computavi
2972 2074 2989 2098 ,
3033 2041 3089 2089 et
3136 2032 3232 2088 tibi
3277 2045 3499 2102 possum

1900 2132 2209 2196 ostendere,
2255 2145 2377 2186 cum
2427 2136 2638 2184 constet
2680 2127 2922 2198 legibus,
2968 2132 3024 2180 et
3071 2124 3247 2180 sacris
3297 2122 3500 2193 regulis

1904 2230 2124 2278 cautum
2143 2263 2158 2289 ,
2186 2221 2314 2292 quia
2348 2221 2490 2277 sicut
2518 2219 2676 2274 nobis
2704 2232 2806 2288 pro
2834 2223 3025 2270 nostro
3053 2214 3208 2269 libitu
3235 2228 3347 2269 non
3374 2213 3501 2268 licet

1897 2315 2187 2387 parochias
2233 2314 2541 2370 rusticanus
2566 2310 2867 2380 antiquitus
2910 2307 3233 2362 constitutas
3259 2299 3378 2362 sine
3408 2319 3495 2359 ra-

1902 2407 2046 2461 tione
2071 2406 2311 2462 dividere
2345 2422 2357 2457 :
2389 2404 2462 2458 ita
2491 2404 2654 2459 etiam
2686 2417 2792 2459 non
2824 2401 2949 2458 licet
2973 2401 3327 2457 confundere.
3358 2402 3495 2469 Quia

1898 2514 2029 2555 vero
2075 2499 2248 2570 ipsum
2297 2496 2554 2555 clericum
2591 2503 2780 2551 contra
2829 2494 3044 2565 regulas
3072 2495 3368 2561 ordinasti,
3410 2498 3495 2550 re-

1898 2590 2036 2662 gula:
2063 2604 2232 2645 sacrae
2260 2590 2637 2645 demonstrant
2664 2585 2908 2642 dicentes
2940 2604 2955 2641 :
2986 2585 3381 2650 Admittuntur,
3416 2585 3497 2641 in-

1898 2684 2018 2753 quit
2060 2682 2172 2738 Leo
2229 2682 2281 2736 in
2330 2679 2558 2751 epistola
2620 2679 2687 2734 ad
2735 2679 3019 2734 universos
3064 2680 3348 2748 episcopos
3396 2690 3494 2749 per

1899 2776 2185 2832 universas
2209 2774 2523 2846 provincias
2547 2773 2896 2838 constitutos,
2922 2772 3124 2842 passim
3157 2760 3225 2827 ad
3249 2773 3495 2827 ordinem

1899 2887 2137 2938 sacrum,
2172 2871 2368 2942 quibus
2399 2868 2544 2925 nulla
2574 2866 2837 2929 natalium
2857 2908 2871 2928 .
2904 2866 3050 2923 nulla
3082 2873 3295 2920 morum
3326 2864 3497 2935 digni-

1902 2972 1985 3020 tas
2008 2962 2363 3036 suti‘ragatur;
2395 2971 2451 3018 et
2472 2962 2601 3033 quia
2626 2959 2861 3019 dominis
2886 2958 3002 3014 suis
3026 2959 3334 3013 libertatem
3364 2972 3500 3013 cou-

1900 3055 2053 3127 scqni
2101 3056 2324 3110 minime
2366 3060 2702 3125 potuerunt,
2746 3050 2814 3106 ad
2856 3048 3131 3121 fastigium
3180 3046 3495 3118 sacerdotii,

1901 3157 2161 3218 tanquam
2191 3147 2404 3203 servilis
2434 3147 2612 3200 vilitas
2645 3145 2789 3199 hunc
2825 3146 3083 3200 honorem
3120 3144 3330 3214 capiat,
3375 3158 3499 3215 pro-

204 3231 576 3304 expellantur;
611 3243 667 3290 et
710 3236 755 3291 si
789 3235 914 3293 laici
952 3236 1181 3293 clericos
1223 3239 1519 3308 probabilis
1561 3240 1703 3307 vitm,
1744 3228 1871 3301 etC
1903 3241 2195 3306 vehuntur,
2226 3246 2282 3294 et
2305 3239 2524 3311 probati
2556 3238 2666 3292 Deo
2691 3251 2849 3305 posse
2874 3235 3132 3302 creditur,
3158 3236 3249 3305 qui
3276 3232 3499 3291 domino

202 3326 471 3382 doctrinae
494 3328 761 3410 episcopis
785 3331 1206 3398 consecrandos,
1234 3332 1453 3403 suisque
1474 3334 1529 3388 in
1554 3333 1800 3390 ecclesiis

203 3418 615 3478 constituendos
659 3421 980 3491 obtulerint,
1020 3425 1167 3481 nulla
1218 3425 1458 3511 qualibet
1513 3426 1800 3482 occasione

201 3525 299 3567 eos
346 3510 629 3591 rejiciant;
686 3523 741 3569 et
789 3514 982 3571 exinde
1050 3510 1245 3587 nuperi
1275 3517 1327 3572 in
1367 3517 1566 3586 placito
1615 3518 1800 3573 domui

202 3603 379 3658 nostri
413 3604 557 3675 regis
595 3603 773 3661 Caroli
799 3608 939 3679 apud
966 3606 1144 3664 Pistas
1174 3604 1529 3665 constitutum
1552 3620 1635 3666 est
1656 3610 1800 3681 quod

199 3701 260 3749 et
300 3703 393 3749 tua
422 3695 779 3752 consensione
821 3698 1053 3755 ﬁrmasti
1086 3700 1404 3773 capitulum,
1447 3716 1556 3771 quo
1602 3702 1801 3755 dicitur

198 3794 268 3841 ut
311 3786 360 3841 si
404 3784 644 3861 abbates,
677 3790 758 3846 vel
788 3790 1094 3860 abbatisszc,
1128 3801 1221 3849 aut
1245 3795 1491 3861 comites,
1527 3810 1621 3850 seu
1657 3796 1799 3851 vassi

200 3878 415 3943 nostri,
464 3887 569 3935 aut.
595 3882 777 3937 caeteri
825 3882 949 3939 laici
981 3884 1210 3953 clericos
1253 3878 1549 3963 probabilis
1588 3888 1712 3942 vitae
1745 3894 1804 3942 et

200 3968 473 4025 doctrinae
511 3971 779 4057 episcopis
815 3975 1074 4033 canonice
1120 3977 1537 4043 consecrandos,
1580 3980 1803 4053 suisque

178 4062 258 4115 ’in
295 4062 546 4119 ecclesiis
579 4067 989 4125 constituendos
1026 4068 1343 4136 obtulerint,
1382 4071 1522 4125 nulla
1564 4066 1802 4141 qualibet

199 4154 496 4211 occasione
542 4171 636 4212 eos
690 4160 929 4232 episcopi
991 4162 1077 4216 vel
1132 4163 1368 4219 ministri
1418 4149 1607 4219 eorum
1668 4164 1797 4235 reji-

202 4248 374 4325 ciant.

272 4342 573 4417 Propterea
609 4346 654 4401 si
684 4347 802 4417 ipse
833 4346 1060 4419 clericus
1090 4348 1415 4423 criminosus
1442 4364 1549 4405 non
1591 4356 1673 4404 est
1692 4389 1707 4411 ,
1746 4355 1802 4404 et

202 4434 455 4491 docibilis
481 4446 565 4492 est
588 4478 604 4504 ,
640 4438 783 4508 quod
823 4439 985 4494 etiam
1016 4440 1068 4494 in
1099 4440 1350 4511 episcopo
1379 4456 1614 4497 canones
1656 4440 1799 4495 sacri

202 4528 516 4597 requirunt,
546 4529 798 4599 quoniam
827 4545 857 4584 a
883 4531 1038 4585 nobis
1066 4532 1159 4586 tibi
1189 4531 1524 4587 ordinandus
1551 4531 1797 4597 otYertur,

1903 3345 2002 3385 suo
2023 3331 2252 3391 necdum
2285 3328 2516 3399 probare
2545 3342 2605 3382 se
2631 3326 2826 3395 potuit.
2856 3324 3066 3395 Duplex
3100 3319 3283 3396 itaque
3316 3328 3369 3380 in
3398 3327 3501 3381 bac

1900 3432 2059 3494 parte
2086 3424 2282 3477 'reatus
2319 3429 2437 3485 est,
2469 3420 2613 3490 quod
2640 3416 2696 3473 et
2724 3434 2938 3477 sacrum
2971 3417 3334 3477 ministerium
3378 3418 3500 3474 talis

1904 3517 2163 3572 consortii
2197 3506 2404 3570 vilitate
2435 3513 2721 3584 polluitur,
2757 3521 2811 3567 et
2840 3512 3205 3575 dominorum,
3237 3521 3499 3584 quantum

1907 3609 1975 3661 ad
2025 3607 2230 3662 illicita:
2276 3605 2648 3675 usurpationis
2698 3603 3059 3658 temeritatem
3103 3593 3337 3672 pertinet
3372 3602 3495 3671 jura

1905 3698 2210 3754 solvuntur.
2242 3698 2324 3752 Ab
2360 3697 2449 3751 his
2479 3696 2681 3765 itaque,
2717 3694 2915 3749 fratres
2942 3692 3246 3748 charisslmi
3265 3733 3279 3757 ,
3308 3702 3499 3749 omnes

1904 3800 2100 3845 vestrm
2127 3788 2424 3861 provincia!
2454 3788 2764 3841 abstineant
2790 3783 3122 3850 sacerdotes,
3154 3792 3208 3837 et
3238 3796 3344 3837 non
3386 3790 3501 3837 tan-

1904 3893 2019 3939 tum
2056 3883 2123 3937 ab
2155 3883 2260 3948 his,
2293 3884 2389 3937 sed
2417 3890 2475 3936 et
2501 3881 2571 3935 ab
2601 3876 2723 3935 aliis
2749 3879 2938 3945 etiam,
2971 3878 3062 3948 qui
3088 3876 3374 3949 originali,
3404 3884 3500 3931 aut

1904 3980 2065 4036 alicui
2110 3978 2407 4036 conditioni
2446 3976 2664 4049 obligati
2710 3982 2868 4041 sunt,
2900 3974 3147 4030 volumus
3180 3971 3500 4043 temperari,

1905 4072 2009 4129 nisi
2036 4072 2185 4128 forte
2208 4084 2395 4126 eorum
2436 4068 2627 4146 petitio
2668 4076 2761 4122 aut
2796 4067 3046 4123 voluntas
3082 4064 3376 4122 accesserit
3410 4064 3501 4151 qui

1903 4163 2104 4235 aliquid
2134 4162 2234 4218 sibi
2276 4163 2331 4216 in
2363 4176 2457 4217 eos
2486 4161 2764 4215 vindicant
2803 4159 3085 4230 potestatis
3113 4175 3128 4213 :
3160 4158 3318 4213 debet
3356 4154 3500 4210 enim

1904 4272 2027 4314 esse
2057 4257 2313 4314 immunis
2354 4256 2421 4312 ab
2451 4255 2572 4310 aliis
2600 4255 2691 4324 qui
2735 4254 2927 4308 divinm
2956 4248 3165 4307 militiae
3208 4250 3371 4304 fuerit
3409 4258 3502 4318 ag‘

1905 4334 2231 4420 gregandus,
2258 4353 2370 4401 uta
2399 4346 2596 4401 castris
2622 4344 2910 4399 dominicis
2939 4341 3355 4411 qnibus‘notnen
3383 4338 3501 4409 ejus

1904 4440 2199 4498 ascribitur
2247 4437 2411 4493 nullis
2456 4433 3076 4493 necessitatisvinculis
3106 4432 3493 4487 abstrahatur.

1908 4533 1973 4586 Et
2022 4540 2146 4602 post
2189 4531 2463 4585 decretam
2514 4528 2775 4583 natalium
2823 4528 3169 4581 honestatem
3210 4526 3499 4592 moresque

198 4633 311 4693 non
338 4618 504 4674 debes
534 4616 680 4674 illum
710 4621 777 4674 ab
809 4621 1152 4677 ordinatione
1174 4620 1229 4677 in
1260 4622 1490 4678 ecclesia
1522 4624 1637 4701 ipsa
1671 4602 1885 4692 reji~D
1908 4622 2331 4678 ordiuandorum
2376 4620 2690 4675 describens
2710 4659 2723 4682 ,
2757 4618 2898 4673 hanc
2926 4612 3329 4672 conclusionem
3378 4615 3503 4670 sub-

200 4702 360 4773 cere,
392 4709 483 4765 cui
512 4725 608 4779 per
640 4719 784 4793 tanta
816 4721 1055 4783 tempora
1081 4713 1325 4770 eamdem
1356 4712 1641 4769 ecclesiam
1667 4728 1799 4770 cono

200 4800 424 4855 sensisti
462 4820 474 4855 :
511 4818 633 4857 cum
665 4813 885 4859 sanctus
928 4798 1273 4881 innocentius
1325 4807 1380 4860 in
1416 4806 1647 4861 decretis
1687 4807 1799 4862 suis

202 4893 270 4946 ad
304 4892 635 4949 Martianum
676 4894 1012 4952 Naisitanum
1040 4898 1351 4969 episcopum
1383 4899 1448 4955 de
1476 4898 1799 4967 quibusdam

198 4989 544 5060 presbyteris
580 4990 669 5060 qui
717 4992 769 5046 in
803 4992 1060 5061 parochia
1089 4991 1231 5047 illius
1259 4991 1572 5065 aliquandiu
1605 5001 1798 5048 tenue-

204 5088 336 5135 runt
361 5074 644 5155 ecclesias,
669 5084 765 5154 sed
793 5086 1024 5155 quadam
1052 5086 1337 5152 occasione
1361 5086 1797 5143 communionem

203 5170 354 5225 illius
388 5175 583 5228 mereri
631 5190 734 5230 non
774 5168 1022 5246 peterant
1066 5175 1209 5232 dicat
1239 5194 1251 5230 :
1283 5176 1494 5243 Frater,
1526 5176 1798 5247 inquiens,

202 5263 551 5329 cbarissime,
599 5265 642 5321 si
694 5281 880 5320 eorum
925 5267 1153 5322 assertio
1202 5266 1361 5321 fidem
1411 5267 1603 5338 recipit
1644 5269 1798 5333 veri,

152 5404 157 5405 ,
203 5356 585 5426 suscipiendos
629 5371 749 5413 esse
779 5359 1051 5430 ambigere
1079 5374 1183 5415 non
1228 5358 1413 5424 debes,
1445 5356 1586 5428 quod
1616 5358 1801 5415 tandiu

204 5440 473 5504 ecclesias
500 5450 601 5507 sibi
635 5454 870 5508 creditas
892 5470 1083 5523 passus
1106 5469 1165 5509 cs
1192 5455 1447 5510 retinere.
1476 5453 1542 5509 Et
1573 5454 1621 5509 si
1651 5468 1803 5509 eum-

204 5544 333 5596 dem
366 5543 623 5600 clericum
653 5546 705 5601 in
735 5547 923 5603 eadem
955 5546 1183 5602 ecclesia
1211 5546 1292 5601 vis
1321 5547 1595 5612 ordinare,
1626 5546 1803 5602 scribe

208 5637 345 5693 mihi
378 5639 675 5696 secundum
704 5656 944 5715 morem,
975 5652 1030 5699 et
1055 5659 1153 5716 ego
1185 5642 1259 5698 illi
1300 5642 1603 5698 libertatem
1626 5641 1802 5698 eccle-

208 5729 491 5786 siasticam
524 5736 682 5789 dabo.
718 5731 773 5790 Si
803 5742 983 5791 autem
1016 5735 1129 5807 ipse
1157 5736 1386 5792 clericus
1418 5734 1501 5789 cui
1532 5748 1629 5809 per
1659 5740 1805 5790 tanta

210 5834 467 5901 tempora
508 5827 681 5916 ipsam
718 5829 1004 5891 ecclesiam
1057 5830 1111 5890 in
1146 5820 1551 5921 Follanaebrayo
1581 5831 1803 5903 habere,

1900 4716 2101 4787 jungit.
2133 4712 2248 4769 Hoc
2280 4713 2464 4782 itaque
2487 4710 2786 4767 admonitio
2809 4717 2993 4764 nostra
3023 4709 3325 4774 denuntiat,
3358 4702 3501 4777 quod

1907 4809 1951 4864 si
1978 4808 2111 4879 quis
2143 4806 2372 4861 fratrum
2402 4812 2587 4861 contra
2624 4805 2746 4859 haec
2786 4804 3078 4859 constituta
3106 4803 3295 4858 venire
3324 4809 3501 4855 tenta-

1877 4900 2075 4970 'verit,
2110 4910 2165 4957 et
2196 4900 2471 4972 prohibita
2504 4897 2670 4954 fuerit
2700 4906 2862 4955 ausus
2904 4900 3219 4963 admittere,
3252 4914 3281 4951 a
3312 4912 3411 4951 suo
3442 4910 3500 4950 se

1906 4976 2119 5048 noverit
2146 4990 2322 5047 cilicio
2351 4990 2777 5047 submovendum
2800 5034 2813 5056 ,
2845 5007 2944 5047 nec
2970 4986 3365 5044 communionis
3397 5000 3495 5040 no-

1903 5093 2029 5139 stra:
2054 5084 2291 5140 futurum
2321 5098 2443 5139 esse
2471 5090 2813 5145 consortem,
2844 5082 2933 5151 qui
2968 5081 3147 5135 socius
3180 5092 3299 5133 esse
3327 5074 3500 5131 noluit

1906 5177 2219 5247 disciplinae.
2274 5174 2567 5231 Sciendum
2610 5188 2741 5229 vero
2792 5184 2876 5228 est
2919 5171 3010 5226 hic
3058 5185 3162 5225 non
3218 5168 3416 5223 vacare
3450 5158 3500 5223 ὶιι

1906 5269 2255 5336 discretione,
2289 5284 2355 5323 ex
2399 5268 2627 5323 rationis
2678 5266 3012 5339 Specialitatc
3050 5265 3165 5319 lucc
3202 5272 3501 5334 pronomen

1904 5359 2126 5431 pluralis
2171 5360 2415 5425 numeri,
2448 5372 2569 5413 cum
2601 5354 2762 5424 dicit;
2808 5357 2857 5412 si
2900 5357 3021 5427 quis
3052 5357 3277 5409 fratrum
3311 5348 3500 5411 contra

1906 5448 2024 5507 bmc
2070 5451 2360 5506 constituta
2400 5451 2588 5506 venire
2637 5448 2954 5511 tentaverit,
2990 5456 3043 5501 et
3078 5446 3321 5517 reliqua,
3360 5442 3503 5501 sicut

1909 5545 2203 5603 secundum
2234 5542 2446 5599 Domini
2478 5544 2680 5599 dictum
2708 5561 2721 5596 :
2749 5541 2871 5596 Iota
2896 5556 3056 5595 unum
3088 5548 3179 5594 aut
3210 5558 3344 5612 apex
3366 5536 3503 5619 unita

1910 5657 1941 5693 a
1968 5639 2079 5710 lege
2109 5634 2212 5693 non
2240 5636 2472 5710 prwterit
2501 5634 2717 5708 (Matth.
2748 5636 2824 5706 v).

1981 5734 2309 5806 Repetamus
2337 5732 2615 5804 superiora
2647 5729 2805 5801 hujus
2837 5729 3080 5802 epistola
3108 5731 3160 5787 in
3192 5746 3295 5804 qua
3324 5720 3453 5789 dicit
3485 5744 3502 5764 ⁸

1913 5830 2287 5891 Admittuntur
2314 5827 2516 5903 passim
2538 5824 2605 5886 ad
2630 5825 2877 5885 ordinem
2901 5840 3119 5885 sacrum
3141 5822 3336 5905 quibus
3359 5823 3503 5885 nulla
3562 5840 3569 5845 ‘
