3948 5376
515 418 627 484 si:

1383 411 1395 456 ε
1431 413 1440 452 τ
1481 411 1840 482 *ωσπλκι
1864 413 2286 480 «κηεωιδιδ-
2305 405 2827 476 Ληοωειιεοονι

3697 410 3788 464 bu

515 514 1052 616 natalliiin‘di‘gnit‘as
1096 537 1437 614 suffragatur.
1469 540 1532 596 Si
1567 542 1712 596 inter
1739 551 1926 595 sacros
1953 537 2182 600 crdis;
2205 536 2411 592 habere
2444 531 2796 597 consensisti,
2839 532 2978 587 sicut
3019 529 3272 602 plurimis
3297 536 3389 583 est
3431 525 3787 581 manifestum.

519 637 616 692 nes
637 635 777 692 ‘ordo
804 633 1039 710 acolythi
1069 647 1174 692 non
1201 636 1519 707 deputatur,
1551 634 1618 690 de
1646 633 1751 690 hoc
1779 629 2103 688 nostrocle-

522 726 635 784 rico
665 719 882 784 nomine
910 727 1114 784 Senato
1140 743 1170 783 a
1203 734 1257 783 te
1285 723 1535 799 acolytbo
1566 724 1684 781 sine
1719 731 1906 780 nostra
1938 721 2108 777 licens

521 801 717 886 ti:i,"vel
736 819 856 875 'sine
873 817 1240 876 ecclesiastica
1259 817 1513 875 libertate
1530 817 1779 872 ordinato
1799 814 1875 870 nil
1895 815 2106 883 repeto.

522 913 589 968 Et
607 909 757 982 quia,
775 921 834 968 ut
857 914 987 969 dicit
1012 913 1378 979 Innocentius,
1397 909 1706 968 observatio
1725 908 1878 978 prior
1895 905 2100 968 durior,

519 1004 789 1074 pesterior
825 998 1218 1063 interveniente
1249 989 1627 1061 misericordia
1667 1000 1974 1056 inclinatior
1998 1005 2104 1064 est,

518 1091 854 1169 pesteriOr’es'
907 1101 1146 1156 eanones
1195 1087 1415 1165 dicunt,
1461 1105 1522 1152 ut
1568 1095 1749 1150 nullus
1797 1092 2102 1156 servilibus.

521 1191 921 1261 colonariisque
965 1189 1367 1272 conditionibus
1405 1188 1674 1260 obligatus
1703 1185 1856 1258 juxta
1902 1193 2108 1242 statuta

521 1286 665 1368 sedis
693 1287 1002 1356 apostolicae
1029 1287 1112 1341 ad'
1135 1277 1372 1343 honores
1408 1286 1810 1343 ecclesiasticos
1849 1283 2103 1339 admitta-

523 1384 631 1440 tur,
666 1371 792 1443 nisi,‘
821 1377 971 1448 prius
999 1388 1092 1433 aut
1122 1387 1466 1444 testamento,
1490 1379 1590 1433 'aut
1619 1393 1717 1449 per
1743 1377 1952 1432 tabulas
1985 1387 2107 1431 eum

520 1463 761 1535 legitime
799 1467 1107 1523 constiterit
1139 1461 1462 1523 absolutum.
1488 1467 1628 1536 Quae
1667 1468 1711 1522 si
1741 1468 1864 1537 quis
1892 1467 2105 1537 episco-’

521 1546 713 1626 perum
741 1557 859 1629 ejus
884 1560 975 1628 qui
1003 1557 1288 1614 ordinatur
1317 1559 1680 1614 conditionem
1714 1560 1891 1613 sciens
1932 1564 2111 1611 trans-

522 1647 673 1716 gredi
716 1661 811 1718 per
841 1648 1236 1704 ordinationem
1277 1648 1565 1705 inhibitam
1601 1648 1830 1703 fortasse
1857 1645 2107 1712 voluerit,

524 1740 650 1792 anni
679 1738 853 1809 spatio
880 1755 1076 1796 missas
1102 1739 1283 1796 facere
1312 1755 1418 1796 non
1445 1747 1759 1809 praesumat.
1793 1737 1903 1792 Hos
1930 1746 2109 1791 autem

524 1829 832 1887 Gallicanos
875 1847 1148 1898 canones,
1198 1833 1394 1904 quibus
1448 1844 1590 1900 saepe
1639 1830 1692 1883 in
1746 1829 1849 1883 tuis
1897 1828 2112 1898 scriptis

2206 627 2326 697 Ipse
2359 634 2542 682 autem
2577 621 2782 679 nullam
2811 623 3075 677 rationem
3105 619 3377 692 spoliatus
3412 625 3612 673 contra
3643 618 3793 671 ratio-

2205 733 2352 782 nem,
2383 725 2446 772 et
2465 715 2849 772 auctoritatem
2873 713 2967 769 tibi
3001 712 3126 769 inde
3154 713 3208 767 in
3238 710 3456 782 synodo
3485 707 3791 778 regulariter

2206 807 2432 862 reddere
2468 804 2630 860 debet
2654 821 2684 859 :~
2709 803 2756 858 si
2794 810 2974 858 autem
3005 801 3126 856 ideo
3155 799 3306 855 illum
3333 800 3422 854 vis
3458 798 3522 852 in
3545 797 3789 867 synodum

2208 907 2356 953 tuam
2420 897 2629 960 venire,
2701 894 2961 964 quoniam
3016 890 3499 948 Chalcedonenses
3578 903 3790 944 canones

2209 990 2398 1046 dicunt
2429 987 2637 1044 nullum
2685 985 2932 1042 absolute
2975 985 3234 1040 ordinare
3277 983 3485 1038 debere
3535 980 3791 1050 presbyte-

2207 1095 2326 1136 rum
2352 1089 2446 1135 aut
2485 1079 2794 1143 diaconum,
2819 1093 2921 1132 nec
2946 1076 3243 1147 quemlibet
3277 1075 3333 1130 in
3356 1074 3536 1144 gradu
3566 1072 3792 1128 ecclesia.

2208 1163 2685 1241 stico‘,et.reliqua,
2707 1179 2766 1224 ut
2787 1169 2931 1224 forte
2949 1168 3149 1224 oblitus
3172 1183 3268 1236 per
3287 1167 3444 1221 illum
3459 1167 3645 1220 discas
3663 1166 3792 1234 cujus

2209 1262 2462 1318 suasione
2488 1261 2856 1316 illum‘contra
2897 1258 3110 1329 regulas
3131 1257 3512 1321 ordinaveris;
3548 1266 3792 1325 quatenus

2209 1355 2254 1410 si
2305 1353 2463 1409 forte
2493 1353 2546 1407 in
2597 1352 2802 1424 synodo
2834 1351 3226 1420 episcoporum
3277 1348 3407 1403 inde
3451 1347 3794 1416 compellatus

2210 1444 2399 1510 fueris,
2421 1444 2620 1499 habeas
2654 1443 2781 1512 quid
2817 1443 3160 1511 respondeas.
3201 1439 3395 1494 Manda
3430 1439 3596 1503 mihi,
3633 1450 3687 1494 et
3713 1454 3794 1509 ego

2212 1537 2643 1606 illum'quoniam
2672 1546 2872 1591 nostrae
2903 1534 3149 1591 ecclesiae
3182 1545 3266 1588 est
3291 1532 3642 1602 mancipium
3669 1533 3794 1585 nulla

2213 1629 2467 1685 libertate
2493 1631 2771 1693 donatum,
2803 1639 2903 1698 per
2923 1643 3074 1682 meos
3105 1627 3305 1681 missos
3330 1625 3430 1679 tibi
3463 1625 3518 1678 in
3550 1625 3794 1694 synodum

2214 1731 2361 1778 tuam
2399 1724 2806 1786 transmittam,
2852 1732 2911 1776 ut
2955 1721 3104 1775 dicas
3156 1720 3300 1789 quod
3353 1719 3551 1773 beatus
3601 1718 3707 1772 Leo
3744 1717 3797 1770 ad

2216 1815 2530 1869 Anatolium
2555 1813 3217 1882 Constantinopolitanum
3246 1811 3570 1882 episcopum
3597 1811 3794 1870 scribit;

524 1917 716 1989 uteris,
751 1932 806 1978 et
834 1939 932 1995 per
955 1941 1093 1995 quos
1125 1933 1176 1980 te
1209 1925 1508 1990 reclamas,
1535 1923 1650 1979 scio
1681 1923 1806 1992 quia
1840 1936 1945 1975 non
1973 1919 2112 1988 ahji-
2143 1904 2190 1964 B
2219 1909 2342 1977 quia
2399 1908 2539 1962 sicut
2590 1908 2644 1962 iu
2688 1906 2828 1962 mala
2875 1907 3128 1962 suasione
3159 1905 3526 1974 delinquitur,
3567 1903 3642 1957 ita
3666 1914 3716 1957 et
3755 1905 3796 1957 in

527 2014 670 2077 cies,
715 2030 836 2070 cum
868 2016 1265 2072 Antiochenum
1300 2015 1589 2072 concilium
1629 2014 1770 2085 quod
1818 2011 2112 2083 apostolica

529 2105 703 2169 sedes,
728 2095 1115 2161 etuniversalis
1131 2105 1373 2161 Ecclesia
1398 2105 1590 2175 recipit
1612 2105 1786 2160 dicat:
1806 2101 2114 2158 Perfectum

529 2187 818 2252 concilium
841 2207 924 2254 est
948 2199 1036 2253 ubi
1067 2197 1378 2254 interfuerit
1398 2196 1846 2266 metmpolitanus
1867 2194 2111 2249 antistes.

527 2289 595 2342 Et
649 2287 759 2344 Leo
817 2292 884 2344 ad
941 2290 1230 2346 Maximum
1284 2291 1681 2345 Antiochenum
1734 2289 2046 2358 episcopum
2099 2303 2114 2341 :

534 2397 552 2430 ι
583 2377 870 2449 Quidquid,
900 2381 1094 2449 inquit,
1122 2389 1344 2452 propter
1369 2379 1633 2452 speciales
1664 2390 1856 2434 causas
1886 2377 2118 2449 synoda-

527 2471 656 2528 lium
701 2473 1056 2530 conciliorum
1105 2475 1171 2530 ad
1223 2471 1450 2529 examen
1504 2471 1808 2543 episcopale
1853 2468 2114 2532 defertur,

527 2574 705 2636 potest
734 2563 970 2637 aliquam
996 2564 1323 2635 diiudicandi
1353 2557 1558 2620 habere
1590 2563 1878 2626 rationem,
1907 2561 1951 2615 si
1984 2559 2119 2615 nihil

529 2657 596 2713 de
622 2673 686 2713 eo
709 2666 791 2713 est
819 2674 848 2712 a
873 2652 1075 2713 Sanctis
1099 2656 1354 2712 Patribus
1380 2656 1521 2727 apud
1552 2653 1787 2710 Nicaeam
1809 2651 2117 2708 dillinitum.

532 2748 688 2806 Sacri
728 2749 960 2820 denique
1000 2764 1236 2806 canones
1281 2747 1738 2804 manumissiones
1784 2746 1838 2801 in
1869 2744 2118 2800 Ecclesia

534 2843 652 2898 fieri
681 2859 837 2913 posse
868 2843 935 2900 ab
959 2839 1377 2915 imperatoribus
1399 2844 1696 2915 petierunt,
1722 2857 1841 2912 qum
1866 2848 1920 2895 et
1946 2840 2016 2894 ab
2041 2839 2120 2894 eis

532 2952 788 2994 concessa
817 2947 919 3002 est,
950 2948 1003 2994 et
1029 2954 1058 2993 a
1091 2947 1333 3008 tempore
1363 2938 1530 3008 ipsius
1568 2937 1936 2994 concessionis
1965 2950 2123 3007 regu-

531 3029 627 3097 laa,
658 3041 713 3087 et
741 3047 866 3088 mox
895 3031 1295 3088 ecclesiasticus
1323 3032 1584 3086 hactenus
1615 3045 1709 3085 eas
1755 3029 2022 3093 servavit,
2070 3035 2124 3084 et

533 3132 734 3180 servat.
765 3145 782 3176 ι
826 3123 980 3180 Unde
1028 3123 1290 3193 scriptum
1339 3130 1423 3177 est
1470 3121 1524 3176 in
1572 3120 1712 3176 libro
1760 3119 2120 3192 capitulorum

533 3211 874 3284 synodalium
924 3213 1134 3282 primo,
1183 3227 1303 3283 quae
1336 3220 1581 3281 tempore
1611 3211 1974 3282 Augustorum
2027 3225 2121 3263 no-

2215 2000 2357 2055 mala
2383 1999 2743 2054 consensione
2769 2008 3042 2069 peccatur.
3073 1998 3358 2052 Retractes
3379 1996 3550 2050 etiam
3566 1996 3796 2066 quoniam

2215 2098 2275 2144 ut
2328 2104 2490 2159 supra
2542 2089 2777 2166 ostendi,
2829 2089 2918 2142 illa
2956 2103 3076 2157 qua:
3117 2097 3364 2156 tempore
3407 2095 3796 2140 antecessores;

2221 2191 2442 2236 tuorum
2497 2183 2875 2246 constiterant,
2927 2189 2982 2235 et
3030 2189 3151 2250 post
3202 2191 3439 2233 mortem
3483 2177 3708 2233 Otterici
3750 2177 3801 2230 de

2216 2273 2444 2328 ecclesia
2498 2273 2550 2326 in
2610 2271 3013 2342 Follanazbrayo
3066 2279 3400 2340 praesumpta
3435 2268 3685 2322 -fuerunt
3725 2283 3802 2337 per

2222 2365 2501 2419 ministros
2552 2373 2673 2418 tuos
2722 2365 2954 2425 lvonem,
3005 2362 3327 2424 Luidouem,
3376 2361 3798 2430 Angelrannm;

2221 2460 2458 2529 itemque
2484 2473 2582 2528 per
2614 2457 2925 2518 Hadulfum,
2951 2471 3048 2525 per
3085 2454 3419 2520 Famulfum,
3449 2469 3554 2524 per
3579 2453 3802 2508 eumdem

2219 2552 2624 2624 Angclrannum
2676 2549 3013 2612 destruxisti,
3072 2559 3127 2604 et
3177 2564 3299 2618 qum
3349 2542 3562 2600 statuta
3613 2545 3805 2600 {neunt

2223 2652 2466 2711 tempore
2507 2649 2911 2695 antecessorum
2945 2647 3160 2692 tuorum
3191 2634 3571 2700 reasdificasti,
3605 2647 3807 2703 quasque

2221 2748 2368 2788 nunc
2400 2733 2594 2786 iterum
2631 2730 2697 2785 de
2735 2731 2848 2800 ipsa
2880 2727 3108 2783 ecclesia
3142 2727 3428 2782 destructa
3467 2735 3621 2789 sunt,
3656 2725 3738 2778 sed
3763 2733 3810 2777 et

2220 2839 2339 2894 quze
2380 2821 2675 2893 praenotavi
2712 2823 2778 2876 de
2805 2818 3023 2891 regulis
3071 2817 3466 2874 ecclesiasticis
3497 2826 3558 2871 et
3597 2814 3804 2886 synoda-

2223 2914 2363 2970 libus
2394 2912 2646 2982 capitulis
2683 2910 3028 2966 transtulisti.
3074 2908 3420 2964 Sententiam
3453 2907 3608 2963 beati
3633 2905 3806 2961 Leonis

2223 3007 2290 3061 ad
2344 3005 2579 3060 Leonem
2623 3003 2925 3072 Augustum
2988 3001 3364 3071 depromptam
3428 2998 3805 3068 parvipenderc

2224 3101 2370 3156 nullo
2398 3099 2560 3154 modo
2593 3097 2774 3160 debes,
2804 3108 2966 3165 quam
3004 3094 3057 3148 in
3095 3092 3303 3164 synodo
3332 3091 3484 3160 apud
3523 3087 3811 3145 Suessiouis

2225 3196 2452 3259 audisti;
2491 3202 2546 3250 et
2574 3193 2626 3248 in
2664 3191 2757 3246 illo
2795 3190 2934 3245 libro
2965 3202 3125 3259 quem
3167 3186 3265 3241 tibi
3314 3184 3443 3240 dedi
3489 3185 3612 3255 ipse
3653 3183 3812 3251 legere

535 3258 874 3284 vnum.--"
925 3258 1134 3282 ρων,
1185 3258 1302 3283 νην
1337 3258 1581 3281 -,.--,,ν.ν
1611 3258 1974 3282 “suum”.-.

535 3315 771 3360 strorum
797 3289 973 3360 Garuli
1005 3313 1061 3361 et
1097 3305 1356 3360 Ludovici
1388 3303 1608 3360 fuerunt
1645 3305 1860 3359 condita
1889 3301 2132 3374 capitula

2229 3295 2404 3357 potes.
2435 3258 2517 3351 Si,
2549 3283 2743 3354 inquit,
2777 3295 2902 3353 quae
2930 3258 3249 3335 destruxisti
3279 3277 3398 3332 base
3431 3274 3670 3338 aedifico,
3692 3287 3816 3343 pra-

535 3397 924 3469 quiuquaginta
963 3395 1220 3466 quinque.
1263 3391 1480 3462 Nullus,
1527 3395 1798 3464 inquiunt,
1837 3393 2126 3463 episcopus

535 3504 754 3544 servum
795 3487 1020 3543 alterius
1050 3487 1116 3542 ad
1149 3487 1441 3543 clericatus
1485 3483 1719 3542 cilicium
1761 3486 1877 3541 sine
1921 3484 2125 3540 domini

537 3582 620 3636 sui
661 3573 934 3636 voluntate
984 3593 1302 3650 promovere
1349 3586 1662 3650 praesumat.
1714 3573 1783 3631 Et
1828 3575 1932 3631 hoc
1975 3574 2125 3631 Gan-

537 3689 731 3746 grense
766 3673 1058 3729 concilium
1090 3671 1340 3742 prohibet
1370 3677 1424 3728 et
1452 3665 1689 3741 capitulo
1717 3669 1786 3726 82
1816 3671 1883 3724 ad
1915 3669 2122 3736 locum;

539 3767 605 3821 de
633 3761 988 3821 ecclesiarum
1022 3779 1152 3820 vero
1195 3757 1370 3819 servis
1411 3762 1686 3819 communi
1729 3762 1992 3817 sententia
2038 3762 2130 3816 de-

512 3855 747 3914 cretum
777 3867 864 3915 est
889 3866 950 3912 ut
985 3855 1380 3928 archiepiscopi
1417 3857 1518 3925 p'er
1543 3853 1785 3924 singulas
1822 3851 2128 3922 provincias

539 3951 820 4008 constituti
869 3935 1109 4004 uestram
1160 3948 1578 4011 auctoritatem,
1629 3944 1952 4015 suifraganei
1999 3957 2130 3999 vero

540 4027 756 4096 illorum
800 4035 1078 4107 exemplar
1113 4025 1256 4090 illius
1288 4049 1454 4105 penes
1483 4051 1542 4091 se
1573 4033 1830 4088 habeant.
1861 4033 1928 4088 Et
1954 4045 2128 4102 quan-

543 4131 830 4197 docunque
878 4128 943 4183 de
992 4123 1193 4181 familia
1245 4123 1493 4181 ecclesiae
1540 4123 1689 4178 utilis
1737 4123 1986 4179 inventus
2035 4123 2130 4178 ali-

536 4217 667 4292 quis
691 4218 1024 4298 ordinandus
1053 4225 1166 4284 est,
1209 4217 1264 4272 in
1293 4216 1524 4272 amboue
1562 4216 1674 4285 ipsa
1702 4216 1999 4272 auctoritas
2038 4231 2131 4271 eo-

519 4385 521 4390 η
547 4327 668 4367 rum
692 4309 891 4383 populo
918 4309 1149 4380 legatur,
1183 4316 1250 4390 et.
1269 4303 1467 4364 coram"
1487 4305 1890 4373 sacerdotibus,
1918 4307 2000 4362 vel
2039 4323 2131 4363 co-

546 4417 663 4456 ram
695 4397 940 4456 fidelibus
969 4401 1120 4480 laicis
1147 4389 1274 4455 ante
1296 4391 1474 4455 'cOrnu
1505 4397 1714 4464 altaris,
1751 4397 1894 4454 sicut
1936 4399 1991 4452 in
2034 4400 2132 4454 no-

517 4487 522 4496 ’
547 4501 660 4546 stra
693 4481 1020 4550 auctoritate
1044 4479 1618 4558 co’ntinet‘ur,'remota
1655 4487 1895 4561 qualibet
1919 4490 2132 4548 callidi-

518 4581 529 4647 ί
551 4591 662 4646 tate
707 4581 1027 4662 libertatem
1058 4569 1480 4656 consequatur:
1526 4574 1583 4639 et
1631 4571 1756 4637 tunc
1801 4579 2016 4637 demum
2049 4582 2142 4648 "ad,

520 4753 523 4755 _
548 4674 747 4746 gradus
766 4661 1162 4732 ecclesiasticos
1183 4667 1538 4751 provehatur.
1551 4673 1818 4731 Similiter
1835 4681 2049 4746 qudque
2065 4677 2134 4733 de

547 4763 633 4840 his
667 4765 935 4838 agendum
958 4775 1042 4838 est
1059 4782 1195 4844 quos
1213 4767 1338 4822 laici
1363 4765 1430 4823 de
1456 4765 1658 4821 familia
1686 4760 2042 4823 ecclesiarum
2066 4766 2135 4821 ad

491 4884 494 4888 ι
551 4873 738 4926 sacros
771 4858 992 4930 ordines
1031 4851 1337 4938 promoveri
1378 4859 1691 4934 voluerunt.
1719 4857 1823 4914 Sed
1853 4858 2011 4913 etde
2047 4856 2135 4914 his

552 4967 689 5032 quos
735 4939 1014 5026 praepositi
1033 4935 1461 5022 lli'canonicoru‘m
1519 4957 1680 5032 atque
1746 4947 2131 5004 monachorum

531 5029 882 5117 :ordinlandos
913 5027 1262 5117 expetierint,
1295 5027 1694 5098 eadem'forma'
1735 5037 1996 5096 servanda
2025 5049 2130 5095 est.

2229 3378 2592 3432 varicatorem
2659 3388 2748 3429 me
2807 3372 3101 3436 constituo,
3161 3377 3217 3424 et
3273 3367 3356 3422 eis
3417 3381 3511 3422 me
3571 3363 3818 3418 ultionem

2231 3468 2632 3528 conditionibus
2686 3464 2880 3530 subdo,
2937 3477 3077 3533 quas
3119 3474 3228 3514 non
3289 3458 3465 3514 solum
3527 3455 3819 3510 auctoritas

2228 3565 2401 3619 beata:
2439 3557 2716 3615 memoriae
2757 3553 3020 3626 principis
3058 3550 3339 3614 Martiani,
3384 3547 3476 3603 sed
3509 3546 3692 3623 etiam.
3732 3559 3826 3614 ego

2232 3668 2351 3708 mea
2381 3647 2738 3706 consensione
2768 3641 3014 3707 firmavi;
3047 3649 3101 3694 et
3125 3639 3270 3694 sicut
3297 3635 3605 3707 presbytero
3630 3641 3828 3687 nostro

2169 3779 2176 3786 ~
2229 3743 2501 3816 parochias
2549 3740 2616 3795 ad
2665 3747 2719 3794 te
2765 3737 2934 3792 misso
2975 3730 3330 3804 respondisti,
3381 3728 3508 3798 quia
3547 3727 3696 3782 sicut
3737 3725 3824 3779 tibi

2229 3837 2458 3892 fecimus
2489 3834 2545 3888 in
2577 3839 2762 3887 nostra
2791 3827 3047 3899 parochia
3079 3827 3144 3881 de
3174 3834 3265 3879 tua
3307 3821 3573 3886 ecclesia,
3595 3820 3671 3874 ita
3699 3825 3754 3874 et
3773 3826 3823 3870 ta

2230 3929 2386 3985 nobis
2416 3927 2584 3982 facies
2616 3925 2682 3980 de
2707 3931 2891 3978 nostra
2926 3919 3156 3977 ecclesia
3193 3918 3247 3972 in
3285 3925 3377 3970 tua
3417 3912 3685 3984 parochia
3720 3926 3815 3965 non

2233 4019 2407 4076 solum
2432 4032 2536 4074 non
2564 4013 2867 4077 consentio,
2905 4025 3095 4066 verum
3121 4017 3177 4063 et
3197 4009 3389 4063 hortor
3411 4017 3477 4060 ut
3505 4003 3704 4066 facias,
3723 4000 3817 4055 sci-

2231 4112 2358 4168 licet
2380 4119 2440 4166 ut
2463 4110 2706 4180 inquiras
2731 4106 3024 4177 diligenter
3053 4103 3152 4159 sub
3179 4099 3429 4156 veritatis
3452 4096 3820 4154 testiﬁcatione

2232 4204 2286 4259 in
2322 4218 2420 4259 suo
2449 4199 2754 4256 sacerdotio
2777 4211 2875 4266 per
2902 4193 3334 4265 Angelrannum,
3366 4203 3468 4259 per
3497 4187 3816 4245 Grimonetn,

2230 4303 2332 4370 per
2349 4293 2710 4352 Fraumarum
2733 4290 3100 4362 presbyteros,
3122 4284 3217 4341 sed
3237 4293 3293 4339 et
3313 4298 3415 4354 per
3432 4282 3617 4353 ipsum
3630 4279 3822 4370 Haime-

2233 4367 2422 4447 radum
2451 4385 2593 4459 quod
2614 4384 2682 4440 de
2704 4384 2819 4454 ipsa
2866 4379 3094 4438 ecclesia
3117 4374 3448 4431 testificatus
3467 4381 3557 4428 est
3576 4367 3822 4459 Pardulns

2233 4458 2488 4537 decessor
2513 4487 2636 4532 tuus
2661 4489 2847 4532 coram
2873 4472 3007 4544 ipsis
3034 4476 3160 4524 ante
3183 4466 3393 4522 obitum
3428 4478 3614 4519 suum.
3643 4458 3750 4514 Sed
3774 4466 3823 4511 et

2217 4557 2344 4642 per
2373 4569 2507 4626 alios
2531 4567 2904 4639 presbyteros,
2929 4570 2985 4618 et
3008 4561 3218 4618 vicinos
3241 4571 3310 4612 ac
3331 4555 3564 4611 idoneos
3584 4553 3750 4612 laicus
3775 4549 3820 4602 in

2243 4669 2356 4738 ipsa
2388 4661 2510 4718 villa
2559 4665 2985 4723 commanentes,
3037 4663 3091 4710 et
3137 4653 3648 4708 'circummanentes
3696 4646 3825 4715 lcga—

2239 4736 2362 4814 l'iter
2393 4752 2635 4825 require,
2667 4751 2813 4823 quod
2860 4749 2985 4805 inde
3023 4761 3092 4802 ex
3123 4744 3358 4800 veritate
3387 4747 3732 4814 cognoscunt
3768 4736 3826 4789 de

2213 4842 2324 4907 his
2348 4859 2468 4919 quae
2493 4842 2828 4917 praescripsi,
2845 4849 2903 4898 et
2927 4839 3070 4896 sicut
3095 4837 3386 4908 episcopus
3397 4849 3527 4890 cum
3557 4833 3824 4888 veritatem

2237 4931 2511 4999 inveneris
2538 4935 2662 4992 inde
2679 4935 2889 5005 justum
2901 4929 3162 5000 judicium
3169 4925 3386 4996 iudica,
3403 4923 3829 4992 volutetego-co.

2236 5051 2357 5094 ram
2393 5031 2574 5088 missis
2605 5027 2714 5083 tuis
2754 5028 2822 5082 de
2853 5021 3062 5096 capella
3089 5017 3350 5092 episeopii
3375 5017 3459 5072 tui
3503 5016 3559 5072 in
3589 5009 3828 5118 parochi:
