3948 5376
139 304 270 361 545

140 509 396 566 busdam
422 515 633 560 tuorum
659 501 802 573 quod
831 501 948 572 ipsa
971 499 1176 570 capella
1197 489 1468 567 antiquior
1491 494 1565 550 sit
1582 507 1745 563 quam

145 598 395 655 ecclesia
427 597 480 651 in
505 594 782 650 Viviniaca
805 590 951 656 villa,
975 588 1190 644 etiamsi
1211 601 1400 642 verum
1425 583 1584 650 foret,
1618 592 1750 638 tunc

143 692 233 748 illi
271 689 568 759 antiquitas
603 701 704 742 sua
752 681 1066 751 suffragium
1096 678 1330 744 afferret,
1353 676 1401 731 si
1427 676 1490 730 in.
1512 672 1749 742 antiqui-

149 791 274 837 tate
303 795 398 834 sua
435 775 713 846 nsque-ad
741 782 984 841 tempora
1039 769 1298 824 moderna
1338 766 1480 823 sicut
1523 761 1750 819 ecclesia

147 871 216 927 in
251 868 658 936 Follanzebrayo
679 864 897 927 mansit,
918 861 1270 932 persisteret:
1299 873 1426 912 nam
1448 855 1748 922 Atrabatis,

147 959 533 1023 Viromandis,
565 966 620 1011 et
651 954 891 1011 Bononia
940 967 1005 1006 ex
1036 949 1192 1018 cujus
1217 948 1496 1004 territorio
1521 961 1580 1002 es
1617 944 1754 1000 nati-

147 1069 288 1120 vus,
352 1049 687 1120 antiquiores
734 1045 890 1101 sedes
935 1058 1058 1099 cum
1096 1041 1364 1112 episcopis
1407 1038 1647 1109 propriis
1695 1035 1753 1090 in

152 1143 501 1198 Rhemorum
555 1136 832 1209 provincia
898 1133 1227 1190 exstiterunt
1286 1145 1451 1199 quam
1514 1137 1754 1184 castrum

153 1235 374 1290 montis
401 1230 645 1287 Laudnni
675 1228 818 1283 inter
843 1224 1000 1281 sedes
1016 1228 1436 1292 computantur
1473 1218 1530 1274 in
1559 1231 1667 1288 quo
1693 1229 1756 1274 es

154 1326 454 1380 ordinatus
482 1319 787 1391 episcopus.

239 1416 351 1470 Sed
373 1414 626 1484 quoniam
650 1425 681 1463 a
707 1408 865 1479 longo
885 1413 1127 1475 tempore
1176 1397 1344 1456 certis
1379 1404 1670 1454 eventuum
1689 1408 1756 1451 ac

156 1505 562 1564 necessitatum
591 1500 766 1556 causis
800 1488 1170 1552 accidentibus
1196 1490 1299 1546 illa:
1339 1489 1459 1546 aliis
1503 1488 1758 1558 subjectae

159 1596 483 1655 civitatibus
509 1609 662 1650 suum
693 1588 1037 1660 privilegium
1077 1584 1434 1656 perdiderunt
1460 1577 1602 1650 quod
1649 1591 1757 1632 non

162 1693 521 1758 recuperant,
574 1692 629 1737 et
666 1688 905 1737 castrum
937 1676 1140 1731 montis
1191 1670 1438 1728 Lauduni
1463 1666 1758 1728 convaluit,

952 295 1196 358 OPUSC.
1237 290 1326 350 ET
1362 283 1598 349 EPIST.’
1620 287 1691 345 IN
1725 284 1956 347 (2508A
1995 281 2335 371 ᾞΝΟΜΑΒΙ
2370 277 2678 350 ΙρΔῑῙΒΙῘΝ.

141 421 234 475 ιίο
258 412 394 472 mihi
417 419 474 469 et
493 410 788 468 auctoritas
809 409 1157 466 contradixit.
1177 405 1332 474 Quod
1361 411 1541 475 autem
1564 416 1595 456 ιι
1617 399 1741 470 qni-
1768 405 1824 466 Α
1845 397 2081 461 dientiae,
2108 404 2164 450 et
2190 394 2516 460 inobedienli
2537 386 2857 472 νεηψφὶφ
2880 396 2988 462 tua
3005 386 3318 469 .exigis,,qpi
3339 387 3423 466 la;

1843 488 2008 544 horas
2035 494 2094 540 ut
2119 486 2388 556 superior,
2405 487 2462 542 in
2481 484 2700 550 cunctis
2725 497 2984 563 apparens
3009 487 3063 544 et
3084 480 3275 555 victor,
3301 479 3438 552 exi_-_

1846 586 1982 645 stas,
2005 575 2414 646 metropolitano
2430 572 2964 654 privilegiopomine
2986 579 3195 644 tantum
3215 571 3425 654 ,ironice

1846 683 1946 740 per
1969 665 2325 736 antiphrasim
2357 647 2728 740 inhonorando
2745 647 3024 731 insalutes,
3047 673 3105 740 et
3130 647 3251 742 cum
3277 663 3428 721 inbo-

1849 764 2132 822 noratione
2180 762 2566 822 contumeliosa
2594 761 2956 826 inobediendo
2985 740 3240 826 resumis,
3266 740 3432 826 milii-.

1849 870 1956 926 que
1983 869 2046 912 os
2073 854 2210 910 adeo
2237 852 2480 919 obtures,
2510 861 2572 909 ut
2597 853 2666 908 de
2701 852 2788 907 his
2822 867 2920 926 pro
2967 852 3162 922 quibus
3206 850 3276 914 ad,
3320 864 3424 918 me,

1851 949 1939 1006 cui
1983 963 2080 1019 per
2101 961 2288 1003 sacros
2314 959 2549 1002 canones
2575 945 2763 1010 divino,
2790 943 2998 1013 judicio
3034 943 3318 1000 commissa
3347 951 3431 996 est

1851 1041 2145 1112 provinciae
2185 1040 2352 1095 totius
2378 1039 2433 1094 in
2461 1052 2566 1108 qua
2601 1051 2659 1093 es
2686 1038 2966 1095 ordinatus
2990 1036 3295 1105 episcopus,
3323 1033 3431 1090 sol-

1853 1132 2096 1196 licitudo,
2137 1132 2230 1202 qui
2258 1130 2473 1201 negotia
2498 1129 2747 1185 videntur
2771 1129 2971 1184 habere
2997 1136 3344 1195 concurrant,
3381 1135 3432 1181 te

1854 1241 1962 1282 non
1993 1225 2218 1282 audeam
2262 1236 2630 1288 commonere,
2673 1236 2848 1292 neque
2896 1235 3216 1294 praesumam
3246 1219 3314 1274 de
3346 1218 3432 1273 bis

1855 1332 1976 1388 quae
2012 1332 2079 1372 ex
2110 1325 2161 1372 te
2184 1313 2637 1384 reprehensibiles
2664 1313 2732 1368 ad
2775 1325 2863 1370 me
2905 1312 3226 1382 perveniunt
3252 1310 3436 1368 redar-

1855 1419 2044 1476 guere,
2082 1405 2212 1476 quin
2265 1405 2427 1460 etiam
2474 1419 2578 1478 nec
2628 1403 2734 1460 tuis
2766 1403 3001 1473 scriptis,
3046 1402 3129 1456 vel
3159 1403 3341 1458 verbis
3379 1401 3435 1456 in

1857 1499 2038 1570 aliquo
2081 1498 2425 1568 respondere,
2477 1508 2534 1554 et
2581 1506 2641 1554 ut
2673 1505 2844 1561 totum
2886 1497 3035 1554 brevi
3080 1499 3437 1568 perstringam

1859 1589 2091 1660 cingulo,
2130 1590 2352 1660 timeam
2397 1589 2540 1659 quod
2592 1588 2872 1658 displiceat
2919 1589 3013 1643 tibi
3071 1590 3289 1644 mutire.
3333 1587 3440 1644 Sed

1859 1680 2121 1751 ejusmodi
2150 1695 2254 1737 non
2285 1694 2344 1736 es
2387 1678 2664 1750 sapientiae
2690 1687 2744 1733 et
2768 1678 3004 1733 scientia:
3031 1689 3196 1748 atque
3223 1659 3439 1747 religio-

163 1778 634 1853 quiasecnndum
662 1773 832 1844 leges,
875 1784 939 1824 ac
979 1781 1166 1823 sacros
1214 1775 1446 1820 canones
1471 1769 1634 1830 atque
1660 1757 1758 1812 de-

1869 1772 1968 1839 nis,
1993 1787 2086 1828 seu
2111 1772 2214 1828 loci
2244 1772 2552 1842 episcopus,
2581 1779 2640 1823 ut
2667 1770 2782 1824 baac
2814 1769 2993 1824 valeas
3037 1769 3302 1824 obtinere.
3338 1765 3439 1834 Qui

163 1849 328 1929 creta
366 1870 509 1926 sedis
531 1867 789 1923 Romanae
808 1860 1123 1932 pontificum
1144 1871 1243 1927 pro
1270 1855 1324 1910 id
1357 1852 1650 1925 appellare,
1684 1849 1758 1904 id-

165 1980 282 2035 que
314 1960 573 2032 refragari
600 1973 709 2014 non
731 1956 856 2011 licet
883 1952 1029 2023 quod
1057 1950 1235 2020 legum
1258 1956 1470 2016 tempus
1497 1941 1757 1998 excludit.

167 2032 254 2111 be
285 2053 511 2109 decimis
532 2049 798 2118 siquidem
819 2043 1063 2101 ecclesia:
1085 2037 1344 2110 episcopii
1365 2032 1759 2097 Laudunensis,

167 2146 451 2217 parochia:
483 2156 612 2197 vero
660 2154 794 2194 mea:
840 2137 895 2191 in
941 2135 1220 2188 Antenaco
1260 2144 1332 2184 ex
1362 2127 1565 2182 domini
1620 2123 1761 2193 regis

170 2240 231 2293 in
264 2234 592 2292 dominicatu
636 2225 965 2285 ordinationi
993 2237 1128 2279 mete
1169 2217 1495 2282 commissae,
1535 2229 1641 2272 non
1674 2229 1763 2268 so-

167 2331 295 2386 lum
323 2327 554 2389 mibiet
598 2321 918 2394 presbytero
955 2317 1040 2372 cui
1083 2329 1202 2370 eam
1232 2313 1300 2367 ad
1343 2307 1763 2380 dispensandum

171 2416 578 2479 commendavi,
613 2426 796 2467 verum
827 2419 882 2464 et
908 2407 1108 2462 domno
1151 2402 1265 2472 regi
1312 2410 1501 2456 contra
1538 2399 1686 2470 leges
1711 2405 1791 2452 et-

177 2527 419 2571 canones
447 2519 540 2566 tuo
570 2516 830 2576 tempore,
880 2501 1024 2572 quod
1076 2505 1202 2554 ante
1249 2503 1433 2552 actum
1457 2507 1565 2550 non
1593 2491 1770 2546 fuerat

175 2619 439 2674 magnum
467 2599 834 2671 praeiudicium
881 2601 964 2648 est
993 2607 1024 2645 a
1068 2586 1333 2644 ministris
1385 2585 1490 2640 tuis
1539 2582 1764 2646 illatum,

175 2673 330 2765 quod
373 2700 592 2764 prepter
619 2688 769 2758 pacis
812 2680 1203 2748 charitatisque
1249 2675 1551 2733 custodiam
1586 2673 1771 2726 hacte-

177 2762 289 2842 nus
319 2762 585 2855 patienter
633 2775 864 2834 sustinui
891 2791 905 2828 :
937 2772 1078 2828 unde
1115 2777 1270 2840 potes
1313 2767 1596 2824 advertere
1641 2762 1768 2832 quia

179 2878 288 2932 tibi
317 2852 382 2930 de
409 2874 498 2928 illa
543 2868 744 2940 capella
792 2862 1059 2933 justitiam
1110 2874 1217 2914 non
1260 2869 1537 2926 negarem,
1589 2852 1634 2907 si
1657 2853 1773 2922 ipsa

173 2966 398 3040 jnstitia
458 2962 568 3016 tuis
614 2957 752 3012 votis
807 2959 1177 3008 concurreret.
1221 2947 1536 3016 Pmpterea,
1580 2940 1769 3004 frater,

178 3031 286 3132 pro
310 3056 410 3112 loci
437 3053 546 3107 mei
585 3048 760 3104 cilicio
783 3045 852 3099 de
892 3041 1114 3113 praefata
1155 3037 1382 3093 ecclesia
1429 3035 1586 3104 juxta
1633 3031 1772 3085 anti—

1862 1866 1910 1922 si
1937 1865 2204 1922 veraciter
2231 1863 2445 1933 sapiens
2464 1872 2521 1918 et
2541 1862 2822 1934 religiosus
2849 1861 3013 1927 fores,
3045 1859 3173 1917 talia
3199 1859 3445 1916 obtinere

1863 1971 1971 2013 non
1993 1966 2293 2012 attentares
2322 1964 2414 2011 :et
2437 1953 2692 2026 quoniam
2720 1954 2970 2020 veritate,
3007 1953 3236 2017 ratione,
3269 1960 3324 2005 et
3350 1964 3446 2002 au-

1861 2047 2112 2104 ctoritate
2140 2061 2246 2101 non
2277 2054 2456 2116 potes,
2495 2043 2751 2107 anxiaris,
2781 2054 2996 2110 aestuas,
3035 2051 3090 2096 et
3115 2039 3355 2104 anhelas,
3386 2045 3448 2093 ut

1865 2137 2246 2208 quoquomodo
2269 2145 2327 2192 et
2350 2151 2447 2207 per
2471 2133 2808 2198 verisimilia,
2843 2142 2898 2186 et
2925 2133 3088 2208 quasi:
3108 2128 3445 2194 auctoritati,

1861 2240 1918 2284 et
1939 2227 2138 2284 rationi
2163 2225 2538 2284 convenientia
2565 2224 2698 2280 mihi
2729 2224 2904 2294 possis
2931 2205 3206 2287 resistere,
3254 2233 3450 2290 meque

1863 2318 2038 2388 possis
2087 2316 2446 2386 comprimere
2475 2323 2638 2385 atque
2685 2314 2978 2368 revincere.
3037 2311 3190 2366 Unde
3218 2317 3274 2364 et
3303 2317 3451 2374 recte

1866 2413 2009 2468 dicta
2029 2411 2214 2467 studes
2237 2424 2402 2480 prave
2442 2408 2509 2464 ad
2555 2419 2773 2462 sensum
2801 2414 2950 2460 tuum
2982 2403 3278 2468 inﬂectere,
3304 2410 3359 2457 et
3387 2418 3451 2457 ea

1867 2523 1900 2563 a
1929 2522 2026 2564 suo
2048 2521 2212 2564 sensu
2241 2510 2508 2575 quantum
2533 2517 2602 2572 ex
2625 2510 2678 2557 te
2705 2508 2791 2556 cst
2824 2499 2972 2570 c0gis
3000 2495 3353 2572 peregrinari.
3386 2494 3456 2548 Et

1869 2601 1973 2656 hoc
1994 2597 2359 2669 perniciosum
2389 2603 2666 2652 certamen
2693 2592 2808 2648 sine
2833 2590 2940 2644 nlla
2974 2589 3296 2654 necessitate
3325 2600 3454 2650 con-

1873 2700 1958 2745 tra
1985 2665 2072 2746 me
2099 2687 2462 2757 assumpsisti,
2485 2685 2678 2757 etsine
2695 2683 2802 2746 ulla
2824 2682 3056 2738 utilitate
3083 2665 3138 2734 in
3164 2694 3230 2734 eo
3252 2678 3456 2748 satagis

1869 2779 2143 2844 laborare,
2187 2755 2311 2831 cum
2357 2773 2491 2830 nihil
2541 2755 2686 2840 aliud
2728 2787 2758 2824 a
2803 2780 2856 2825 te
2905 2770 3200 2844 requiram,
3243 2766 3344 2820 nisi
3399 2772 3458 2818 ιιι

1874 2871 2135 2938 scriptum
2178 2875 2263 2922 est
2291 2865 2466 2936 (Deut.
2500 2864 2649 2932 xxvr)
2680 2879 2692 2916 :
2724 2861 2929 2922 Timeas
2974 2853 3258 2914 Dominum
3287 2845 3457 2910 Deum

1875 2973 2020 3017 tuum
2050 2977 2113 3014 ea:
2146 2971 2260 3026 toto
2287 2943 2580 3026 corde'tuo,
2629 2963 2677 3009 et
2709 2954 2919 3008 obedias
2967 2951 3079 3022 ejus
3105 2939 3343 3019 (imperio
3365 2963 3382 3025 ς
3405 2955 3460 3002 et

1875 3055 2019 3109 sicut
2065 3052 2380 3121 episcopus,
2435 3048 2578 3120 quod
2621 3047 2766 3108 omni
2811 3044 3060 3101 convenit
3109 3031 3458 3118 Christiano:

181 3170 349 3225 quam
383 3145 852 3207 consuetudinem’
886 3141 1119 3203 ratione,
1142 3134 1370 3225 νετίιδιθ
1398 3139 1562 3198 δίει-αθ
1584 3132 1778 3225 fulgo"
1797 3115 1844 3177 Ο
1877 3143 2072 3199 Pacem
2101 3143 2338 3212 sequaris
2363 3150 2411 3196 et
2439 3127 2842 3193 sanctimoniam
2870 3138 2981 3190 sine
3007 3151 3110 3204 qua
3133 3115 3280 3189 nemo
3324 3127 3462 3186 cide-

183 3218 348 3302 ritate
377 3239 690 3303 subnixam,
731 3245 789 3289 ιιι
810 3229 1068 3301 ρι’ωιιιίεἰ,
1107 3224 1332 3293 exsequi
1359 3230 1411 3276 te
1447 3218 1774 3289 regulariter

183 3352 403 3404 moneo,
430 3349 540 3405 quo
583 3329 814 3396 benigno
863 3323 1044 3380 animo
1082 3330 1134 3375 te
1177 3316 1450 3386 suscipere
1469 3322 1524 3366 et
1556 3308 1776 3378 implere

181 3441 410 3502 excpto.
449 3404 589 3495 Quid
625 3423 795 3478 facies
840 3419 887 3474 si
925 3414 1070 3472 beati
1115 3410 1316 3468 Leonis
1361 3404 1776 3479 praeceptionem

182 3523 372 3579 cordis
397 3533 526 3574 aure
555 3511 814 3569 obaudire
843 3504 1122 3562 curaveris
1149 3520 1164 3566 ;
1201 3501 1292 3569 qui
1317 3500 1443 3562 scit,
1490 3493 1686 3562 inquit,
1718 3505 1777 3543 se

183 3611 520 3684 quibusdam
542 3602 913 3674 praepositum,
953 3611 1061 3651 non
1107 3592 1333 3649 moleste
1375 3589 1515 3643 ferat
1543 3585 1777 3652 aliquem

182 3671 302 3757 sibi
359 3709 478 3750 esse
523 3671 824 3761 praelatum,
870 3685 967 3742 sed
1005 3680 1367 3737 obedientiam
1407 3689 1568 3746 quam
1610 3671 1779 3742 exigit

186 3793 360 3851 etiam
389 3788 503 3857 ipse
524 3781 808 3852 dependat.
836 3777 908 3833 Et
925 3775 1053 3845 quia
1085 3787 1194 3827 non
1235 3769 1454 3838 impune
1479 3764 1599 3834 quis
1625 3779 1656 3816 a
1687 3776 1777 3816 sa-

188 3885 306 3941 cris
330 3851 528 3948 regulis
555 3851 794 3936 deviare,
819 3878 876 3925 et
895 3866 1093 3922 debita:
1123 3857 1450 3919 obedientiae
1481 3854 1660 3912 valeat
1687 3851 1783 3906 ob-

189 3977 366 4035 viare,
398 3944 654 4023 scientiae
691 3971 796 4016 tuae
841 3969 1052 4029 appone
1102 3951 1269 4008 verba
1309 3947 1457 4005 beati
1510 3944 1780 4016 Gregorii,

192 4067 394 4141 quibus
423 4062 489 4116 ad
517 4061 737 4114 Petrum
763 4053 1023 4120 Romana:
1046 4044 1292 4104 ecclesiae
1309 4039 1702 4099 .subdiaconetn
1730 4044 1785 4091 et

192 4128 509 4230 patrimonii
535 4147 713 4219 magni
763 4142 909 4200 Petri
950 4141 1006 4194 in
1056 4136 1600 4194 Siciliaservantem.
1631 4128 1780 4185 dicit.

196 4222 277 4308 be
324 4250 430 4312 bis,
477 4244 749 4314 inquiens,
793 4251 912 4308 quae
963 4233 1061 4288 tibi
1111 4245 1210 4300 pro
1250 4226 1517 4282 servanda
1565 4222 1784 4292 iustitia

197 4343 402 4405 scribo,
431 4351 530 4409 ego
552 4312 844 4390 “absolvor.
891 4325 960 4382 Et
999 4331 1059 4377 tu
1095 4321 1158 4380 si,
1189 4317 1439 4391 negligis,
1485 4312 1738 4385 obligaris
1768 4329 1780 4363 :

1877 3240 1948 3291 bit
1973 3237 2140 3291 Deum
2167 3209 2354 3305 (Hebr.
2384 3230 2508 3308 χιι),
2537 3238 2592 3294 et
2637 3229 2741 3286 loci
2779 3227 2854 3281 tui
2879 3229 3167 3288 contentus
3194 3209 3461 3299 modestia

1880 3337 1932 3382 te
1957 3328 2153 3381 altiora
2186 3340 2254 3380 ne
2291 3305 2523 3394 quaeras,
2553 3329 2692 3382 etut
2720 3320 2887 3384 frater
2924 3332 2987 3371 ac
3032 3315 3174 3372 ﬁlius
3204 3295 3460 3368 charissi-

1877 3433 1999 3474 mus
2023 3432 2170 3488 agas,
2201 3424 2467 3484 quatenus
2494 3427 2592 3467 nos
2616 3410 2844 3464 invicem
2895 3419 3365 3476 recognoscamns,
3398 3417 3466 3456 ne

1879 3512 2132 3581 antiquus
2180 3507 2351 3564 hostis
2397 3521 2493 3574 per
2527 3502 2839 3558 scandalum
2885 3500 3019 3552 duos
3063 3483 3322 3568 movens,
3367 3508 3462 3564 per

1880 3601 2267 3672 nequissimam
2294 3596 2575 3666 victoriam
2599 3594 2796 3665 multos
2824 3605 2944 3659 quae
2969 3576 3077 3642 non
3102 3593 3468 3641 convenerant

1882 3669 2030 3765 loqui
2080 3691 2243 3754 faciat
2271 3709 2286 3743 :
2312 3703 2411 3759 ego
2447 3687 2594 3752 enim
2629 3693 2690 3750 ,ιιι
2738 3691 2921 3754 aperte
2969 3680 3202 3736 indicem
3238 3677 3329 3760 qui
3373 3669 3468 3748 per

1883 3784 2174 3853 elationem
2205 3797 2234 3836 a
2267 3788 2320 3835 te
2350 3757 2485 3832 nihil
2518 3769 2734 3846 requiro
2761 3788 2879 3844 quae
2919 3769 3051 3842 mihi
3081 3768 3154 3842 de
3173 3757 3470 3824 canenibus

1867 3851 2194 3949 ’δηρρθωηιι
2229 3873 2295 3928 de
2320 3871 2516 3942 quibus
2546 3855 2640 3950 ιὶβί
2663 3863 2737 3922 Δδά
2765 3851 3283 3950 Ιῗθςοεῐιοβςέιιιίιιφ,
3309 3868 3363 3914 ει
3388 3853 3470 3932 ηε-

1883 3939 2248 4037 sipiscetitiam
2284 3939 2430 4018 tuam
2454 3939 2566 4029 jam
2593 3941 2790 4037 saepius
2813 3939 3031 4037 scripsi,
3051 3939 3470 4036 ‘tacerepotuis—

1883 4074 2038 4123 sem,,
2072 4055 2118 4112 si
2145 4069 2226 4112 .ea
2265 4067 2396 4124 qua:
2433 4027 2980 4130 familiariliysermone
3015 4027 3300 4114 monerem
3343 4027 3471 4094 cum

1883 4149 2154 4208 cbaritate
2177 4154 2235 4202 et
2258 4123 2564 4220 humilitate
2589 4123 2919 4216 susciperes.
2945 4123 3237 4196 Caeterum,
3266 4139 3325 4184 ut
3342 4129 3471 4220 bea-

1885 4252 1998 4302 ιιιε,
2033 4237 2330 4308 Gregorius
2385 4211 2452 4290 ad
2501 4213 2761 4308 Joannem
2816 4211 3472 4304 ϐοηειιιιιιίιιορρῇιειιιιὶιιι

1886 4333 2199 4403 episcopum
2227 4323 2577 4400 dicit,,rix_arn
2599 4307 2812 4406 inferre
2847 4331 2953 4369 non
2986 4311 3126 4378 volo,
3159 4307 3256 4392 sed
3294 4319 3474 4394 tamen

199 4435 501 4495 terribilem
525 4429 776 4499 iudicem
801 4421 1128 4478 venientem
1145 4411 1468 4476 considera”
1501 4416 1557 4485 et
1593 4408 1658 4460 de
1686 4393 2326 4499 ad-m'a'telvéniemem
2351 4430 2460 4486 non
2480 4393 2836 4482 ‘d'eyilj‘o'quia
2864 4423 2970 4464 ηοη
2994 4405 3166 4484 valeo,
3191 4395 3290 4460 ne'c
3311 4393 3475 4457 ειίέιη

195 4539 370 4588 ventu
416 4526 558 4581 illius
597 4535 741 4575 nunc
771 4524 862 4570 tua
895 4505 1258 4566 consideratio
1285 4501 1691 4588 contremiscat,
1718 4485 1796 4550 nd
1816 4481 2190 4584 "q’audmpm
2216 4485 2319 4560 ιοοί
2361 4481 2710 4586 ῳρξίρῌίοίρε
2734 4512 2857 4574 cum
2895 4481 3056 4566 quasi
3085 4508 3171 4550 me
3193 4490 3471 4566 pulsando,

199 4636 338 4679 tunc
363 4619 479 4674 sine
499 4627 664 4670 causa
682 4609 795 4680 jam
821 4605 1028 4664 timeat,
1070 4611 1193 4652 cum
1248 4590 1558 4665 coramuillo
1588 4585 1784 4652 coelum

196 4724 254 4770 et
281 4722 429 4766 terra
456 4679 982 4766 tretnuerit._Andisti
1006 4687 1149 4758 quod
1173 4684 1312 4742 volo.
1331 4683 1464 4740 Vide
1481 4679 1612 4765 quid
1637 4693 1787 4752 agas.

197 4807 405 4861 Datum
425 4814 457 4852 v
483 4795 603 4852 Kal.
633 4790 756 4846 Maii
777 4782 1056 4858 praesentis
1077 4777 1249 4833 tertiae
1277 4772 1608 4842 indictionis.

623 4894 952 4957 HiNCMARI
990 4887 1375 4946 RHEMENSIS

845 5008 912 5048 AD
936 4999 1174 5046 EUIDEI.
1192 5011 1196 5022 τ
1291 5015 1294 5019 ·
1477 5025 1480 5030 .

277 5099 593 5154 Ηιιιιτιιλιιιιε
613 5087 946 5142 Rhemornm
967 5081 1250 5150 episcopus
1267 5073 1552 5132 HINCIABO
1580 5063 1794 5120 Laudu-

197 5189 368 5248 nensi
391 5186 638 5254 episcopo
665 5177 917 5242 salutem,
947 5188 1066 5245 quae
1089 5169 1266 5225 estin
1281 5156 1796 5228 ChristoJesu.Do-
1835 5194 1840 5214 ;

199 5284 361 5340 mino
397 5285 596 5332 nostro.

1522 5361 1558 5376 II
1585 5359 1599 5374 ο
1622 5357 1755 5376 ,---⁶1.
1772 5371 1790 5376 -

1833 4641 1838 4664 ε
1869 4571 2140 4677 ἐει-ἐείιῖὲ
2183 4571 2508 4669 praedicator
2526 4571 2714 4670 dicati
2741 4571 2959 4668 Argue,
2984 4583 3218 4665 obsecra,
3259 4575 3474 4663 increpa

1885 4668 1955 4764 ,ἑτι
1987 4668 2130 4748 omni
2157 4668 2418 4760 patientia,
2446 4693 2492 4736 et
2521 4668 2762 4766 doctrina
2791 4675 2878 4750 (ΙΙ
2911 4673 3047 4730 Tim.
3077 4671 3195 4743 in).
3228 4669 3285 4724 Si
3309 4668 3474 4735 enim,
3535 4731 3546 4740 ο

1895 4799 1960 4846 ιιι.
1978 4783 2245 4852 veraciter
2266 4779 2460 4854 fatear,
2487 4764 2694 4854 utinam
2725 4790 2831 4844 non
2873 4773 2939 4829 ad
2969 4764 3473 4831 condemnationem

1885 4849 2100 4942 meam.
2125 4845 2584 4950 .metl'opoliltan’tis
2609 4845 2742 4951 ituus
2765 4863 2970 4935 judicio
3006 4859 3103 4916 Dei
3119 4865 3239 4951 non
3283 4849 3478 4940 forem,

1857 5029 1862 5034 .
1885 4939 1958 5030 [et
1986 4933 2043 5028 tu
2063 4933 2712 5046 provincialis'episcopus
2730 4933 3030 5036 metropoli,
3056 4935 3144 5004 cui
3161 4933 3485 5040 disponente

1905 5067 2015 5126 Deo
2051 5057 2324 5122 deservio.
2364 5021 2734 5126 Subi'e'ctusfet
2756 5064 2788 5103 a
2834 5060 2918 5126 me
2948 5021 3486 5126 ordinatusno‘n'és.

1905 5152 2216 5224 ses,se_d.in
2249 5148 2348 5206 alia
2388 5117 3258 5224 provinécialﬂalte‘rius'ordinatus
3285 5117 3487 5224 exists-

1865 5305 1868 5308 .
1905 5199 2018 5317 res:
2044 5256 2100 5302 et
2133 5243 2267 5321 Italia
2316 5199 2969 5328 ἀβίιρῖἒμέέιίτεωιίεέὲέιέέ
2989 5205 3202 5322 ,ιιιειξὲίὲξ
3221 5201 3490 5328 ἒωρίξξδι

1908 5295 2018 5376 ι...ιῖ
2049 5346 2164 5376 Μαι
2197 5299 2664 5376 ὀηηηιιηέὲρρηιίέε
3307 5295 3490 5364 cordis
3525 5340 3528 5342 ·
