4002 6296
477 426 580 481 547

1452 423 1779 481 HINCMARI
1820 402 2208 478 RHEMENSIS
2243 417 2754 474 ARCHIEPISCOPI

3639 416 3750 473 548

481 549 532 596 te
553 541 850 598 devitarem
877 560 888 595 ε
917 557 1058 597 nunc
1084 549 1261 598 autem
1295 541 1422 612 quia
1454 557 1557 597 non
1586 542 1757 597 solum
1785 539 2044 608 sapienti-
2075 538 2120 602 Α
2152 534 2299 588 ribus
2323 574 2337 600 ,
2362 535 2487 590 'non
2545 535 2682 590 adeo
2730 542 2788 588 ut
2843 525 3278 590 desideraverant
3336 532 3744 602 laudabilibus,

477 631 577 690 bus
601 643 657 689 et
674 635 1073 704 insipientibus,
1099 637 1194 692 sed
1216 637 1377 692 etiam
1407 637 1695 706 provinciae
1719 636 2048 692 Rhemorum
2085 687 2088 691 .

477 725 742 795 episcopis
776 728 934 794 meis,
965 727 1173 784 scilicet
1221 729 1532 786 melioribus
1559 739 1612 783 et
1637 728 2052 798 sapientioribus

477 824 637 886 alque
663 817 1106 888 religiosioribus,
1159 821 1367 877 debitor
1394 836 1534 887 sum,
1563 822 1735 876 locum
1766 818 2052 890 eﬂ‘u-giendi

476 908 720 963 invenire
748 926 855 965 non
891 911 1062 976 valeo,
1099 923 1157 966 ut
1187 921 1240 968 te
1272 923 1568 983 opportune
1598 913 1902 982 importune
1946 926 2052 966 non

477 1014 748 1068 moneam,
773 1018 894 1056 cum
918 1005 1235 1072 praedicator
1261 1003 1584 1061 fortissimus
1615 1005 1792 1060 dicat:
1822 1004 2054 1057 Mundus

477 1108 591 1152 sum
631 1110 662 1145 a
706 1097 960 1164 sanguine
998 1097 1392 1152 omniumnton
1432 1100 1569 1153 enim
1603 1096 2053 1167 subterfugiJQuo-

480 1186 651 1240 minus
697 1186 1067 1243 adnuntiarem
1116 1207 1264 1244 omne
1306 1191 1582 1246 consilium
1631 1191 1722 1245 Dei
1753 1191 1890 1245 vobis
1914 1190 2052 1259 (Act.

478 1277 595 1349 xx),
626 1278 671 1332 si
699 1279 844 1333 enim
891 1295 996 1334 non
1045 1283 1437 1348 annuntiasset,
1481 1285 1709 1338 mundus
1735 1299 1768 1337 a
1797 1282 2056 1352 sanguine

478 1384 585 1428 non
629 1379 804 1436 esset;
853 1372 945 1427 sed
985 1374 1179 1443 quibus
1211 1390 1370 1430 oume
1416 1375 1697 1430 consilium
1727 1374 1821 1428 Dei
1850 1390 2056 1428 annun-

479 1460 615 1514 tiare
662 1463 890 1530 studuit,
936 1465 1002 1518 ab
1043 1480 1227 1520 eorum
1273 1466 1534 1536 sanguine
1578 1467 1807 1522 mundus
1849 1465 1966 1522 fuit.
1998 1465 2055 1519 ln

479 1569 583 1624 qua
613 1570 743 1612 voce
788 1565 843 1611 et
874 1573 974 1629 ego
1015 1569 1270 1628 peccator
1304 1561 1619 1626 convenior,
1651 1576 1750 1630 ego
1799 1560 2056 1630 insipiens

478 1653 537 1706 ut
567 1653 619 1702 te
645 1662 890 1703 moneam
920 1658 976 1704 et
1007 1667 1248 1721 arguam.
1281 1652 1348 1707 Et
1375 1654 1588 1722 quando
1613 1655 1907 1709 necessitas
1944 1653 2056 1709 exi«

479 1737 575 1807 git,
600 1738 891 1810 increpem,
919 1741 1071 1796 valde
1091 1746 1446 1814 constringor,
1471 1760 1570 1816 ego
1595 1762 1720 1802 reus
1741 1755 1860 1802 esse
1879 1756 2058 1803 osten-

385 1883 395 1892 \
480 1826 598 1898 dor,
625 1830 716 1899 qui
748 1833 1192 1901 metropolitanus
1232 1836 1516 1905 episcopus
1561 1851 1742 1902 vocor,
1768 1839 1863 1907 qui
1894 1841 2057 1909 super

2152 635 2208 680 et
2256 627 2360 682 tuis
2405 628 2942 694 contradictionibus,
2991 637 3049 683 et
3089 629 3397 684 durissimis
3437 644 3501 684 ac
3545 637 3747 684 contra

2154 717 2492 781 charitatem,
2521 735 2640 790 quae
2665 721 2808 774 Deus
2837 730 2942 784 est,
2989 721 3429 789 responsionibus
3475 729 3536 775 et
3566 720 3749 792 impa-

2154 809 2421 873 ctionibus
2452 811 2703 876 indebitis
2752 813 3117 886 indesinenter
3157 815 3461 870 excrucies.
3497 811 3617 868 Sed
3644 815 3748 868 uti-

2155 914 2281 955 nam
2330 901 2460 956 mihi
2509 905 2789 973 contingat
2816 905 2958 973 quod
2989 907 3042 959 in
3074 905 3363 976 Evangelio
3414 889 3578 976 (Luc.
3631 909 3746 976 ινι)

2156 1011 2287 1052 voce
2334 998 2564 1054 Abrahae
2602 1000 2668 1054 de
2715 998 2920 1054 Lazaro
2967 1015 3061 1069 per
3106 999 3308 1071 ﬂagella
3355 1009 3673 1070 expurgato
3715 1016 3744 1054 a

2157 1091 2314 1146 malis
2335 1093 2446 1146 suis
2483 1093 2638 1147 diviti
2666 1095 2874 1150 ardenti
2907 1109 3224 1163 responsum
3252 1095 3525 1150 audimus.
3570 1092 3746 1151 Bece-

2156 1184 2234 1251 pit
2255 1182 2494 1239 Lazarus
2515 1185 2764 1241 similiter
2787 1186 2928 1240 mala
2941 1201 3040 1255 pro
3054 1186 3208 1240 malis
3229 1187 3281 1240 in
3309 1186 3416 1240 vita
3439 1200 3578 1249 sua;
3607 1185 3745 1241 sicut

2157 1283 2213 1329 et
2235 1276 2386 1331 dives
2411 1277 2547 1331 bona
2576 1289 2675 1346 pro
2707 1278 2866 1344 bonis
2890 1278 2943 1332 in
2971 1277 3078 1332 vita
3107 1293 3223 1332 sua.
3257 1277 3322 1332 Et.
3343 1278 3424 1333 sic
3448 1285 3587 1347 opto
3616 1279 3744 1334 mihi

2155 1385 2251 1439 per
2276 1381 2327 1425 te
2349 1369 2485 1436 ﬁeri,
2512 1379 2570 1424 ut
2595 1372 2639 1425 si
2667 1387 2763 1440 per
2785 1372 3251 1442 improvidentiam
3279 1353 3448 1426 Deum
3474 1371 3539 1425 in
3561 1371 3744 1441 aliquo

2157 1478 2223 1517 ex
2251 1472 2304 1517 te
2331 1462 2548 1526 offendi,
2582 1465 2672 1533 qui
2706 1465 2756 1519 in
2786 1466 2970 1520 multis
2997 1476 3118 1520 eum
3147 1481 3236 1520 me
3261 1464 3561 1521 oﬂ'endisse
3589 1475 3649 1519 et
3669 1466 3740 1519 ol-

2159 1553 2378 1608 i'endere
2423 1553 2612 1607 humili
2657 1561 2718 1608 et
2765 1557 2998 1610 contrito
3041 1557 3205 1611 corde
3241 1556 3545 1619 conﬁteor,
3602 1558 3738 1610 reci-

2158 1646 2298 1714 piam
2340 1659 2405 1700 ex
2457 1656 2512 1701 te
2557 1661 2654 1715 per
2705 1656 2754 1702 te
2797 1649 3170 1720 purgationem
3222 1650 3273 1702 in
3329 1648 3439 1702 vita
3501 1651 3651 1710 mea,
3680 1664 3744 1700 ne

2158 1739 2282 1793 inde
2327 1740 2538 1794 crucier
2583 1741 2636 1794 in
2686 1741 2792 1794 vita
2848 1741 3054 1805 futura,
3099 1741 3212 1810 qui,
3255 1751 3314 1794 ut
3359 1741 3469 1794 dixi
3503 1755 3614 1809 per
3642 1741 3737 1794 im-

2155 1828 2573 1897 providentiam,
2595 1842 2701 1885 non
2726 1838 2906 1885 autem
2929 1843 3026 1902 per
3051 1831 3441 1887 malevolentiae
3461 1832 3741 1885 conscien-

481 1895 543 1974 ea
571 1921 709 1975 mala
759 1939 877 1992 quae
906 1927 1122 1995 propria
1152 1892 1343 1994 habt-:0,
1380 1892 1584 1988 alienas
1615 1892 1828 2001 quoque
1849 1892 2055 1988 morrtes
2084 1892 2130 1951 Β
2159 1921 2312 1985 liam,
2353 1930 2622 1976 mulorum
2667 1923 2898 1992 εειηίιιιε
2951 1923 3042 1992 qui
3081 1924 3182 1978 sub
3231 1937 3392 1977 manu
3437 1932 3558 1986 ιω»
3616 1931 3671 1976 υε
3709 1937 3736 1975 ³

481 2012 638 2077 addo,
673 2014 765 2082 qui
811 2024 888 2070 tot
928 2018 1135 2083 occido,
1166 2029 1225 2074 ut
1255 2022 1436 2088 tiuieo,
1469 2033 1600 2093 quot
1627 2024 1696 2078 ad
1723 2032 1950 2078 mortem
1976 2024 2056 2078 ire

481 2103 721 2172 quotidie
748 2106 954 2174 tepidus
981 2116 1034 2163 et
1064 2117 1245 2166 tacens
1274 2111 1450 2176 video,
1478 2114 1938 2169 dicenthomino
1960 2119 2058 2183 per

481 2193 796 2262 prophetam
827 2197 890 2251 de
915 2213 1022 2254 uno
1049 2210 1336 2268 pereunte;
1365 2200 1685 2272 Sanguinem
1709 2203 1822 2273 ejus
1851 2205 1915 2258 de
1945 2221 2058 2258 ma-

482 2300 550 2354 nu
599 2295 698 2353 tua,
741 2288 999 2358 requiram
1046 2290 1259 2359 (Eseclt.
1311 2293 1528 2363 χχχιιι),
1558 2302 1761 2362 quanto
1781 2294 1957 2364 magis
1990 2294 2059 2349 de

483 2376 664 2444 multis
689 2377 710 2430 ?
739 2377 806 2432 Et
829 2381 989 2434 etiam
1020 2381 1087 2436 de
1117 2383 1202 2438 his
1237 2399 1339 2453 per
1367 2401 1504 2455 quos
1534 2388 1688 2441 multi
1717 2388 1914 2442 debent
1941 2387 2050 2443 sals
2085 2409 2088 2412 η

485 2469 620 2535 vari,
647 2471 785 2529 mihi
833 2472 945 2528 haec
975 2475 1232 2531 terribilis
1287 2478 1519 2534 invectio
1559 2480 1834 2546 incutitur,
1865 2483 1956 2552 qui
1991 2483 2061 2538 ad

484 2564 890 2633 speculandum,
917 2577 972 2623 et
1005 2571 1167 2624 etiam
1199 2573 1488 2642 episcopis,
1519 2576 1754 2644 peccatis
1779 2577 1914 2632 meis
1949 2578 2063 2632 exi-

483 2658 732 2727 gentibus
766 2659 861 2714 Dei
887 2658 1086 2728 judicio
1117 2665 1392 2732 praelatus.
1439 2666 1555 2731 Qua
1583 2668 1649 2722 de
1676 2684 1735 2722 re
1761 2676 1815 2722 et
1846 2669 2058 2724 archie-

484 2749 754 2820 piscopus,
804 2753 942 2808 unde
985 2768 1090 2808 non
1127 2755 1297 2820 laetor,
1329 2758 1423 2812 sed
1455 2765 1729 2824 revereor,
1756 2775 1874 2814 sum
1901 2775 2063 2814 voca-

485 2848 595 2906 tus,
624 2843 716 2910 qui
746 2851 897 2900 reatu
926 2845 992 2899 de
1021 2857 1193 2900 morte
1219 2848 1522 2902 animarum
1549 2848 2065 2916 subjectorumcon-

487 2935 738 3006 stringor,
763 2951 883 3005 quae
911 2938 1047 2993 forte
1075 2939 1378 3008 potuissent
1397 2955 1610 3010 semper
1632 2943 1812 2996 vivere
1833 2942 1877 2996 si
1899 2943 2064 2994 verba

494 3041 626 3081 mete
654 3028 1008 3097 correptionis
1038 3029 1306 3084 audirent.
1362 3028 1593 3099 Sanguis
1627 3045 1756 3100 ergo
1784 3031 2068 3085 morientis

490 3121 554 3175 de
604 3135 769 3176 manu
834 3121 1188 3190 speculatoris
1244 3123 1556 3192 requiritur,
1615 3123 1740 3192 quia
1778 3125 2064 3192 peccatum

2157 2010 2338 2065 multis
2374 2013 2593 2077 dicitur,
2623 2015 2767 2068 sicut
2801 2023 2983 2069 revera
3003 2015 3104 2070 sub
3133 2012 3270 2068 falce
3283 2013 3620 2086 gravissimo
3657 2027 3738 2083 ge-

2159 2111 2328 2165 munt,
2357 2105 2411 2160 in
2435 2105 2783 2173 provectione
2804 2115 2895 2161 tua
2917 2105 3173 2172 excitavi,
3205 2105 3450 2176 quotidie
3469 2105 3654 2162 emitti
3677 2106 3738 2160 ad

2159 2193 2443 2248 Dominum
2475 2210 2490 2260 ;
2522 2203 2578 2248 et
2605 2197 2830 2264 proinde
2873 2199 3206 2268 quotidiana,
3248 2198 3359 2253 imo
3387 2199 3656 2253 continuo
3676 2198 3737 2250 ti-

2161 2299 2308 2338 more
2329 2293 2384 2339 et
2412 2285 2594 2340 dolore
2619 2289 2944 2343 conm-ictus
2991 2303 3096 2343 non
3125 2287 3297 2343 solum
3343 2303 3527 2357 genus,
3571 2288 3670 2342 sed
3691 2297 3739 2343 et

2161 2376 2240 2431 eis
2265 2377 2670 2448 eongemiscens
2713 2378 2823 2432 Deo
2852 2377 3006 2449 cuius
3057 2378 3435 2447 permissionis
3471 2377 3685 2446 judicio
3710 2393 3736 2432 ιι

2162 2475 2214 2522 te
2241 2469 2656 2535 scandalizatus,
2703 2479 2757 2525 et
2798 2478 2980 2525 mente
3031 2471 3376 2526 excruciatus
3419 2471 3611 2526 verbis
3647 2469 3735 2523 viri

2160 2561 2384 2632 ﬂagellis
2401 2563 2576 2618 attriti
2602 2564 2766 2618 corde
2782 2564 3149 2619 contribulato
3176 2565 3315 2629 dico,
3351 2565 3443 2635 qui
3464 2565 3622 2635 cepis
3635 2565 3733 2632 ipse

2162 2671 2243 2708 me
2269 2665 2522 2721 conterat,
2571 2656 2736 2710 solvat
2781 2669 2994 2710 manum
3033 2672 3182 2710 suam
3209 2668 3255 2712 et
3279 2656 3532 2711 succedat
3561 2673 3660 2721 me,
3695 2665 3736 2708 ct

2163 2747 2273 2800 haec
2295 2747 2363 2799 sit
2388 2747 2516 2799 mihi
2544 2746 2828 2801 cumulati!)
2847 2745 2908 2800 ut
2926 2747 3156 2819 'uﬂligens
3183 2764 3264 2801 me
3289 2747 3473 2802 dolore
3495 2758 3607 2802 non
3629 2764 3736 2816 par-

2169 2849 2249 2891 cat
2272 2879 2287 2903 ,
2325 2855 2417 2892 nec
2452 2840 2814 2893 contradicunt
2858 2842 3180 2896 sermonibus
3227 2842 3396 2895 sancti
3433 2839 3567 2912 (Ιώ
3619 2842 3686 2912 γι)
3722 2857 3733 2892 :

2165 2929 2354 2985 vellem
2377 2931 2520 2986 enim
2541 2933 2586 2986 si
2607 2932 2960 3002 illi‘pl'a'ccret,
2985 2941 3046 2987 ut
3063 2931 3283 3004 ﬂagellis
3305 2935 3530 3005 dignum
3548 2950 3636 2989 me
3653 2949 3737 3004 per

2168 3019 2329 3076 alium
2353 3031 2510 3091 quam
2537 3037 2639 3092 per
2663 3022 3055 3094 teiﬂagella'ret,
3096 3025 3187 3078 sed
3218 3025 3342 3092 quia
3388 3025 3464 3078 ita
3503 3025 3612 3079 sibi
3636 3023 3738 3094 pla-

2167 3121 2252 3167 cet
2279 3114 2363 3167 cui
2395 3113 2534 3168 bona
2560 3121 2750 3168 cuneta
2773 3114 3006 3182 placent,
3053 3114 3232 3170 verbis
3255 3117 3367 3170 suis
3393 3127 3522 3170 eum
3555 3129 3737 3170 come.

489 3213 688 3267 subditi
719 3214 890 3282 culpae
934 3215 1206 3283 praepositi
1247 3215 1294 3270 si
1347 3215 1578 3270 tacuerit
1623 3223 1920 3283 reputatur.
1975 3216 2070 3270 Est
2095 3250 2138 3313 Ο
2170 3206 2313 3260 niam
2345 3207 2444 3313 qui.
2465 3222 2531 3260 ex
2560 3205 2751 3313 uﬂ'eﬁlu
2781 3208 3351 3313 nuslm‘huluanﬂalis
3377 3208 3531 3264 Pulli
3565 3213 3740 3281 digna-

490 3317 637 3370 crgo,
671 3313 728 3357 ut
777 3304 967 3358 beatus
1013 3303 1309 3374 Gregorius
1351 3305 1500 3369 dicit,
1541 3305 1684 3372 quod
1713 3306 1843 3359 mihi
1873 3313 1958 3358 est
1986 3305 2066 3357 fa-

491 3396 760 3460 ciendum,
796 3405 852 3449 ut
871 3397 1034 3450 etiam
1061 3398 1322 3452 moriente
1349 3397 1563 3451 subdito
1588 3414 1673 3451 me
1695 3397 1920 3452 liberum
1948 3399 2067 3452 red-

492 3487 634 3548 dam,
668 3500 905 3556 surgam,
938 3487 1231 3557 invigilem,
1259 3487 1416 3543 malis
1445 3487 1654 3543 actibus
1678 3489 2065 3554 contmdicam,

491 3577 627 3632 sicut
655 3580 914 3648 scriptum
942 3589 1026 3636 est
1051 3599 1062 3632 :
1089 3579 1357 3645 Discurre,
1376 3580 1589 3648 festina,
1616 3583 1809 3634 suscita
1843 3582 2069 3634 amicum

493 3677 658 3734 tuum,
693 3686 755 3726 ne
781 3670 987 3725 dederis
1021 3687 1261 3726 somnum
1283 3671 1448 3726 oculis
1491 3671 1613 3737 tuis,
1657 3688 1752 3725 nec
1792 3671 2068 3725 dormitent

490 3759 750 3828 palpebra:
771 3771 875 3815 tua:
903 3759 1084 3833 (Prov.
1123 3762 1338 3831 xxvm).
1367 3761 1434 3816 Et
1474 3762 1519 3816 si
1547 3761 1742 3826 adhuc,
1776 3770 1834 3814 ut
1859 3759 2070 3829 coepisti

494 3848 548 3904 in
577 3851 875 3906 resistendo
905 3853 1170 3921 persistis,
1193 3853 1408 3906 audiam
1437 3852 1567 3921 quid
1605 3853 1859 3920 loquatur
1881 3851 1936 3905 in
1962 3866 2069 3916 me,

497 3950 553 3995 et
583 3941 649 3996 ad
681 3956 768 3995 me
797 3942 862 3995 de
893 3943 1267 3996 resistentibus
1301 3942 1562 3996 Dominus
1603 3943 1766 3997 Deus.
1798 3941 1954 4008 Ecce,
1987 3944 2069 3995 in-

495 4037 696 4105 quiens,
724 4034 842 4088 dedi
867 4034 1054 4102 facicm
1077 4044 1219 4088 tuam
1244 4034 1581 4090 valentiorem
1609 4035 1841 4103 faciebas
1870 4051 2071 4103 eorum,

498 4138 543 4182 et
575 4127 798 4196 frontem
844 4137 991 4180 tuam
1019 4127 1286 4181 duriorem
1325 4127 1586 4196 frontibus
1625 4141 1826 4192 eorum,
1855 4132 1910 4182 ιιι
1944 4129 2075 4182 ada-

499 4225 746 4281 mantem,
776 4226 825 4270 et
850 4226 901 4270 ul
923 4216 1118 4272 silicem
1152 4218 1268 4272 dedi
1299 4217 1488 4287 faciem
1533 4227 1674 4272 tuam
1723 4218 1935 4288 (Ezeclt.
1967 4219 2072 4286 ιιι),

502 4309 706 4364 scilicet
729 4310 795 4364 ut
837 4311 950 4365 sii'e
977 4312 1044 4365 al)
1075 4311 1408 4367 auditoribus
1456 4312 1740 4368 conculcer
1781 4316 1945 4383 atque
1985 4313 2076 4369 de—

501 4399 720 4467 spiciar,
749 4416 848 4454 nec
881 4401 977 4469 per
1004 4401 1235 4456 delatum
1267 4403 1524 4458 honorem
1568 4403 1872 4459 refrenetur
1897 4404 2076 4476 lingua

502 4505 567 4545 cx
599 4495 943 4560 verecundia,
972 4510 1071 4548 nec
1092 4510 1188 4564 per
1222 4496 1529 4566 despectum
1560 4505 1733 4552 taceat
1759 4513 1826 4552 ex
1849 4497 2078 4551 inﬁrmi-

2174 3308 2256 3351 tus
2287 3303 2367 3351 est
2397 3298 2576 3352 dicere
2601 3311 2616 3350 :
2651 3295 2835 3364 Pater,
2864 3301 2908 3353 si
2958 3300 3073 3368 ﬁeri
3121 3312 3305 3370 potest,
3355 3311 3592 3356 transeat
3619 3318 3740 3355 ante

2169 3392 2308 3443 calix
2330 3390 2426 3443 iste
2450 3407 2468 3453 ;
2493 3397 2846 3444 rerumrerum
2898 3401 3002 3445 non
3041 3393 3174 3446 sicut
3201 3398 3312 3464 ego"
3341 3394 3472 3459 volo;
3503 3394 3598 3449 red
3616 3395 3740 3447 sicut

2170 3490 2226 3532 tu
2248 3481 2322 3532 vis
2344 3479 2561 3548 (Matth.
2606 3481 2779 3552 xxvs).
2817 3479 2884 3536 Et
2913 3481 3038 3536 item
3073 3501 3086 3535 :
3119 3484 3314 3552 spiritu
3355 3499 3446 3540 suo
3472 3481 3536 3538 de
3559 3499 3624 3538 eo
3646 3484 3733 3552 qui

2170 3571 2287 3639 ejus
2314 3585 2435 3626 esse
2465 3571 2768 3637 videbatur,
2792 3574 3042 3644 praedixit
3070 3575 3171 3630 :‘Si
3200 3577 3437 3630 inimicus
3459 3589 3602 3629 mens
3627 3590 3737 3627 ma-

2171 3662 2432 3716 lediwisset
2483 3662 2631 3728 mihi,
2668 3674 3052 3734 supportass‘em
3097 3667 3274 3734 utique
3293 3683 3317 3722 ’ἔ
3353 3677 3410 3720 tu
3454 3683 3568 3722 vero
3594 3668 3738 3721 homo

2172 3753 2434 3805 unanimis
2461 3754 2572 3807 dux
2595 3770 2758 3820 meus,
2784 3763 2831 3808 et
2863 3763 3016 3809 notus
3039 3769 3205 3822 meus,
3230 3757 3319 3828 qui
3347 3758 3505 3811 simul
3551 3774 3739 3812 mecum

2173 3843 2350 3897 dulces
2381 3845 2620 3914 cupiebas
2641 3846 2781 3900 cibos
2808 3847 2864 3900 in
2910 3848 3064 3902 domo
3104 3845 3202 3903 Dei
3224 3849 3608 3905 ambulavims
3635 3865 3742 3903 cum

2173 3951 2422 3989 consensu
2441 3935 2624 4007 (Psat.
2649 3936 2778 4008 Liv).
2817 3936 2988 3992 Homo
3017 3939 3223 3997 scilicet
3249 3943 3394 4011 pacis
3421 3951 3555 3997 metu
3582 3944 3740 4011 inquo

2173 4027 2463 4096 sperabam,
2491 4028 2580 4096 qui
2603 4023 2788 4083 ’θύομαι
2830 4037 2992 4099 partes
3023 4043 3184 4097 meos,
3225 4031 3411 4087 leuauit
3443 4043 3638 4088 contra
3673 4047 3741 4085 ιιιε

2176 4117 2477 4172 calcaneum
2527 4133 2680 4174 suum
2729 4120 2909 4191 (Joan.
2945 4122 3069 4192 xm)
3103 4141 3115 4176 :
3150 4138 3214 4178 ac
3240 4124 3286 4178 si
3311 4121 3501 4195 aperte
3530 4125 3740 4188 diceret,

2176 4209 2318 4276 quod
2364 4217 2513 4264 tanto
2546 4211 2765 4279 gravius
2785 4213 3010 4280 pertuli,
3061 4222 3262 4283 quanto
3307 4215 3426 4270 haec
3464 4217 3536 4271 ab
3575 4231 3640 4272 eo
3665 4215 3744 4286 qui

2177 4315 2329 4358 meus
2376 4318 2498 4358 esse
2537 4305 2820 4360 videbatur
2857 4308 3002 4362 sensi
3035 4325 3046 4360 :
3075 4309 3170 4364 sed
3197 4309 3323 4364 licet
3350 4310 3478 4366 hinc
3503 4325 3635 4384 erga
3670 4323 3744 4365 me

2177 4396 2348 4465 pietas
2373 4411 2468 4451 cor
2499 4406 2649 4452 tuum
2678 4401 2786 4454 non
2818 4403 3021 4470 tangat,
3055 4400 3216 4457 timor
3241 4410 3425 4460 tamen
3449 4403 3580 4460 illud
3603 4404 3745 4460 debet

2181 4505 2558 4561 compungere,
2601 4492 2734 4561 quia
2781 4494 3120 4549 contumacia
3165 4503 3222 4550 et
3257 4491 3625 4554 inobedientia
3667 4505 3743 4550 tua

505 4591 630 4638 tate.
664 4582 1032 4640 Uhtlc'itcrum
1060 4587 1192 4640 mihi
1223 4585 1326 4641 dici
1352 4587 1584 4641 exaudio
1611 4606 1622 4640 :
1657 4587 1740 4642 Ne
1761 4589 1944 4642 timeas
1967 4605 2072 4654 eos,
2104 4606 2156 4666 ι)
2183 4581 2543 4651 qualicunque
2576 4584 2876 4639 successuri
2915 4585 3057 4640 beati
3099 4586 3331 4656 Remigii
3369 4587 3423 4643 in
3445 4587 3746 4659 'WOPOH‘

504 4693 665 4747 neque
702 4689 901 4733 metuas
934 4694 964 4732 a
987 4680 1120 4748 facie
1149 4675 1356 4746 eoi-um,
1382 4681 1506 4750 quia
1543 4681 1727 4734 domus
1761 4697 2078 4751 exasperatis

503 4781 576 4825 est
603 4771 818 4843 (Ezech.
843 4772 926 4840 ιι).
954 4772 1136 4842 Itaque
1165 4773 1523 4842 increpandus
1549 4784 1634 4828 est
1661 4774 1829 4830 frater
1853 4783 1908 4830 et
1935 4790 2078 4829 nun-

506 4876 666 4931 quam
709 4861 975 4917 timendus
998 4862 1088 4931 qui
1125 4871 1206 4916 est
1232 4877 1556 4932 exasperans
1583 4865 1791 4919 domus.

578 4953 869 5024 Propterea
923 4953 989 5009 de
1039 4964 1104 5008 eo
1153 4955 1294 5024 quod
1334 4955 1446 5025 jam
1493 4957 1655 5011 tertio
1681 4957 1735 5010 in
1763 4957 2106 5027 praefatione.

510 5054 721 5100 tuarum
747 5041 1045 5101 litterarum
1083 5047 1214 5102 mihi
1243 5048 1488 5103 scribens
1527 5050 1794 5104 mandasti
1843 5051 2076 5106 debitam

511 5141 562 5194 in
592 5141 818 5194 Domino
864 5142 1217 5205 devotionem,
1265 5155 1424 5209 quam
1453 5156 1560 5196 non
1591 5143 1937 5211 subsequeris
1960 5158 2089 5212 prod

510 5233 785 5304 sequendo
813 5233 1069 5297 debitam,
1101 5242 1155 5288 et
1182 5237 1233 5287 in
1259 5234 1487 5289 Domino
1515 5235 1817 5290 devotinem
1866 5236 1960 5291 tibi
2001 5251 2087 5292 re-

512 5324 707 5390 scribo,
754 5326 878 5395 quia
925 5334 1184 5390 quantum
1227 5334 1434 5395 spectat
1477 5327 1542 5381 ad
1599 5327 1862 5384 humanos
1908 5329 2089 5384 carnis

514 5419 717 5484 minas,
770 5419 1001 5474 debitam
1030 5421 1382 5474 "devotionem
1440 5420 1570 5474 mihi
1615 5435 1722 5475 non
1775 5430 2079 5477 monstras:

515 5519 776 5578 quantum
801 5525 928 5565 vero
955 5505 1159 5580 spectat
1182 5515 1248 5565 ad
1276 5511 1467 5567 mentis
1497 5513 1759 5569 humanos
1793 5515 1997 5579 oculos,
2030 5516 2083 5568 in

519 5591 744 5656 Domino
787 5603 1122 5658 devotionem
1153 5617 1260 5658 non
1290 5605 1534 5660 exhibes.
1588 5604 1858 5671 Quantum
1908 5613 2085 5660 autem

518 5691 572 5746 in
605 5693 798 5747 divinis
841 5695 1010 5750 oculis
1055 5703 1286 5764 superno
1333 5696 1563 5752 consilio
1597 5697 1762 5753 timeo
1813 5697 2085 5764 trutinari,

521 5771 755 5838 debitam
783 5783 1115 5841 devotionem
1145 5788 1276 5842 mihi
1309 5788 1577 5860 rependis,
1603 5789 1698 5859 qui
1723 5803 1812 5846 me
1834 5789 1940 5846 tuis
1961 5804 2090 5861 ope-

2185 4684 2308 4730 tana
2331 4677 2457 4731 sede
2481 4677 2648 4747 ipsius
2672 4689 2701 4731 a
2728 4685 2779 4732 te
2794 4678 2923 4732 mihi
2955 4677 3102 4732 illata
3125 4679 3179 4733 in
3198 4693 3321 4735 eum
3348 4682 3638 4749 redundat,
3666 4680 3742 4752 qui

2182 4770 2238 4824 in
2265 4785 2352 4825 me
2372 4780 2654 4839 peccatore
2679 4770 2883 4826 vicario
2911 4786 3009 4826 suo
3035 4773 3202 4827 totius
3230 4773 3522 4830 Remorum
3552 4774 3746 4846 provin-

2183 4862 2280 4916 cia:
2322 4875 2485 4916 onera
2528 4871 2727 4932 portat,
2775 4863 3036 4932 quinimo,
3090 4865 3302 4920 Christe
3336 4855 3488 4934 “Deus
3531 4863 3741 4922 noster!

2184 4963 2374 5011 orante
2401 4955 2540 5025 apud
2566 4971 2686 5010 eum
2707 4971 2807 5024 pro
2845 4957 3000 5012 nobis
3019 4957 3214 5012 eodem
3244 4957 3592 5014 sanctissimo
3620 4973 3743 5030 pra:-

2187 5052 2470 5107 decessore
2496 5060 2702 5115 nostro,
2734 5066 2881 5106 meas
2912 5051 3332 5106 contumeliosus
3360 5051 3676 5114 calumnias,
3698 5060 3742 5103 et

2189 5143 2593 5213 persecutiones
2632 5141 3034 5210 derogationum
3089 5152 3302 5196 tuarum
3346 5142 3402 5197 in
3429 5158 3488 5198 se
3515 5144 3742 5214 dignatus

2189 5235 2484 5303 suscipere,
2511 5234 2603 5302 qui
2630 5235 2904 5290 conlidens
2923 5235 3070 5292 Patri
3116 5251 3277 5306 super
3301 5253 3492 5294 omnes
3517 5238 3676 5294 caelos
3697 5242 3741 5288 et

2189 5339 2350 5392 super
2388 5324 2626 5377 omnium
2665 5324 2974 5396 angelorum
3014 5327 3273 5382 verticem
3319 5327 3510 5396 Saulo,
3539 5339 3595 5384 ut
3630 5325 3742 5395 legi-

2190 5431 2328 5480 mus,
2356 5424 2409 5469 et
2437 5416 2706 5471 credimus
2733 5417 2868 5471 dixit
2892 5433 2908 5471 :
2931 5416 3111 5484 Saule,
3139 5417 3322 5483 Saule,
3341 5420 3469 5492 quid
3487 5437 3566 5475 me
3582 5433 3738 5490 perse-

2187 5508 2358 5577 queris
2384 5507 2408 5559 ?
2437 5506 2592 5577 (Act.
2623 5507 2733 5578 IX.)
2763 5507 2874 5564 Non
2923 5511 3066 5564 enim
3113 5518 3211 5565 est.
3246 5510 3647 5566 discredendum
3691 5507 3734 5561 in

2192 5609 2340 5654 tanta
2370 5601 2524 5656 turba
2563 5602 2897 5657 credentium
2919 5618 3054 5672 quos
3100 5604 3293 5660 Saulus
3341 5599 3737 5678 persequebatur

2193 5689 2426 5760 aliquem
2445 5691 2623 5755 fuisse,
2649 5692 2775 5746 licet
2793 5707 2898 5747 nos;
2922 5693 2993 5747 ita
3017 5702 3074 5748 ut
3095 5709 3196 5765 ego
3211 5709 3332 5750 sum
3356 5694 3704 5763 imperfectum
3719 5728 3732 5752 ,

2195 5786 2251 5841 in
2299 5801 2406 5855 quo
2454 5785 2594 5840 sicut
2633 5795 2687 5840 et
2737 5792 2790 5840 in
2832 5787 3076 5858 reliquis,
3135 5789 3225 5858 qui
3271 5789 3519 5845 videlicet
3565 5798 3735 5843 corvus
