4002 6296
257 491 375 548 519

1057 492 1300 550 OPUSC.
1341 491 1430 547 ΕΤ
1472 492 1690 549 EPIST.
1734 492 1799 548 IN
1841 494 2061 552 CAUSA
2103 498 2429 556 lllt‘t'ClllARl
2473 502 2778 558 LAUDUN.

3437 511 3544 567 550

256 609 382 678 ejus
407 613 586 671 erant,
624 607 670 663 Si
695 607 954 663 Dominus
978 610 1231 680 persequi
1268 609 1434 664 dixit;
1457 609 1525 662 Et
1543 609 1664 664 ideo
1691 601 1856 663 infne
1885 617 1928 670 Α
1959 610 2109 665 ciunt
2146 613 2461 684 increpare,
2514 633 2693 672 mores
2741 634 3031 688 pravorum
3084 638 3369 692 premere,
3417 626 3541 682 vitae

252 697 608 771 imperfecti)”,
641 701 802 755 modo
841 701 1082 770 quolibet
1104 711 1385 771 persecute
1416 701 1564 757 illum
1605 701 1858 772 persequi
1960 702 2239 770 prodesse.
2273 704 2614 761 Peusandum
2647 717 2731 763 cst
2758 709 2922 780 igitur
2950 714 3166 780 quando
3196 715 3262 770 ab
3290 714 3542 786 increpa-

250 795 451 857 credo,
485 781 609 860 quiia
629 794 685 846 'et
712 792 844 847 voce
871 800 1072 848 sanctte
1102 793 1356 850 Ecclesiae
1383 795 1437 849 in
1465 810 1572 864 qua
1600 793 1716 862 ejus
1738 809 1855 849 sum

251 882 513 936 ultimum
544 882 842 937 membrum
879 898 976 953 per
1017 884 1362 940 Psalmistam
1391 886 1624 942 dicitur:
1654 885 1855 956 Imper-

251 972 456 1043 fectum
478 970 651 1027 iiieim't
683 975 922 1028 viderunt
951 975 1088 1029 oculi
1117 973 1216 1041 mi,
1248 986 1299 1031 et
1322 978 1383 1031 in
1412 977 1545 1033 libro
1567 988 1656 1032 tuo
1678 995 1852 1032 omnes

250 1064 554 1119 scribentur
570 1064 1047 1137 '(Ps'nlJCttxxvttt).
1074 1067 1138 1122 Et
1157 1068 1356 1123 iterum
1380 1067 1666 1125 Psalmista
1690 1069 1849 1124 dicit:

251 1154 541 1210 Ben'edixit
570 1159 746 1210 omnes
793 1159 1030 1211 timentes
1075 1177 1129 1212 se
1169 1159 1428 1215 Dominus
1471 1161 1692 1230 pusillos
1735 1177 1853 1216 cum

251 1245 552 1314 majoribus
580 1243 754 1315 (Psal.
779 1251 932 1314 cxm)
959 1263 972 1311 ;
997 1256 1052 1300 et
1076 1247 1168 1316 qui
1199 1248 1250 1302 iu
1269 1249 1474 1318 judicio
1509 1250 1651 1305 dicet
1675 1251 1740 1305 de
1763 1251 1852 1304 be-

248 1337 490 1392 nefactis
539 1336 974 1392 benefactoribus
1004 1357 1016 1391 :
1052 1338 1302 1404 Quandiu
1341 1341 1534 1409 fecistis
1565 1343 1655 1396 uni
1681 1343 1744 1396 de
1771 1343 1852 1396 his

247 1429 493 1482 minimis
520 1429 647 1481 meis
679 1428 808 1481 mihi
829 1428 1029 1495 fecistis
1057 1427 1272 1500 (Matth.
1306 1431 1458 1501 xxv).

221 1525 234 1569 ἓ
325 1521 613 1578 Veracit'e'r
635 1521 796 1577 credo
817 1522 945 1591 quia
976 1522 1235 1593 quidquid
1267 1524 1398 1578 mihi
1446 1525 1558 1581 sive
1609 1527 1850 1596 benigni-

249 1616 406 1681 tatis,
443 1614 559 1670 sive
580 1613 932 1686 malignitatis
969 1627 1068 1684 pro
1112 1614 1230 1683 ejus
1278 1617 1497 1672 nomine
1540 1619 1848 1684 exhibetur,

248 1709 374 1762 sine
407 1704 574 1762 dubio
615 1705 692 1760 illi
727 1706 1074 1776 impenditur.
1117 1706 1184 1761 Et
1225 1708 1349 1776 quia
1396 1710 1585 1764 beatus
1613 1709 1849 1766 Joannes

246 1783 501 1869 Baptisla
533 1805 630 1868 pro
661 1788 910 1860 veritate,
948 1797 1198 1853 videlicet
1224 1814 1325 1868 pro
1349 1799 1566 1855 Christo
1605 1802 1723 1856 sine
1752 1802 1850 1856 du-

242 1889 522 1944 bitatione
556 1889 828 1953 occubuit,
855 1888 997 1943 sicut
1035 1890 1150 1958 ipse
1188 1890 1480 1944 ostendens
1523 1891 1692 1946 dicit:
1736 1891 1847 1961 Ego

1959 794 2103 848 tione
2133 795 2446 864 quiescitur,
2478 811 2678 868 quanta
2711 801 2864 871 culpa
2895 803 2998 865 sit,
3050 805 3093 858 si
3148 821 3270 860 cum
3320 807 3406 862 his
3452 810 3540 877 qui

1958 887 2271 959 increpandi
2320 899 2446 945 sunt
2479 891 2596 946 sine
2635 893 3004 964 increpatione
3051 913 3153 967 pax
3196 907 3429 955 tenetur.
3485 899 3541 955 Si

1955 983 2216 1051 prepheta
2251 992 2433 1038 tantus
2465 985 2564 1039 hoc
2597 984 2746 1039 velut
2776 987 3058 1042 historiam
3093 990 3337 1062 Domino
3377 992 3538 1046 obtu-

1956 1073 2045 1138 lit,
2077 1074 2217 1142 quod
2246 1083 2433 1130 contra
2467 1091 2525 1130 se
2570 1091 2860 1146 pravorum
2901 1079 3214 1135 inimicitias
3257 1082 3535 1138 excitavit.

1961 1166 2109 1223 Unde
2150 1167 2350 1222 Paulus
2401 1169 2691 1240 discipulos
2733 1173 2988 1228 admonet
3039 1174 3265 1230 dicens:
3319 1174 3378 1230 Si
3423 1178 3538 1246 quis

1955 1276 2058 1314 non
2086 1260 2256 1314 obedit
2286 1261 2435 1316 verbo
2467 1271 2641 1316 nostro
2676 1280 2766 1332 per
2802 1263 3105 1330 epistolam,
3158 1265 3297 1320 hunc
3328 1275 3535 1333 notate,

1953 1361 2001 1405 et
2061 1367 2164 1404 non
2219 1353 2661 1407 commisceamini
2728 1371 2846 1407 cum
2914 1353 3005 1408 illo
3062 1365 3116 1409 ut
3165 1357 3534 1428 confundatur

1955 1445 1973 1515 (
2005 1442 2066 1495 11
2101 1442 2278 1498 Thess.
2310 1461 2368 1498 Ill
2397 1444 2437 1515 ).
2467 1445 2644 1514 Atque
2677 1447 2822 1502 illico
2855 1448 3169 1517 subjunxitz
3201 1450 3270 1504 Et
3299 1452 3454 1506 nolite
3480 1464 3536 1506 ut

1953 1532 2222 1588 inimicum
2271 1535 2570 1591 existinmre
2617 1537 2806 1610 illum,
2834 1540 2924 1592 sed
2949 1541 3194 1610 corripite
3223 1551 3278 1596 ut
3318 1543 3536 1613 fratrem

1955 1623 2129 1694 (ibid.
2155 1625 2174 1695 )
2205 1642 2219 1690 ;
2259 1643 2322 1682 ac
2358 1628 2403 1682 si
2443 1628 2647 1684 diceret
2693 1648 2708 1698 1:
2744 1629 2937 1686 Pacem
2964 1647 3085 1687 eum
3117 1648 3183 1688 eo
3213 1635 3537 1690 exteriorem

1952 1713 2179 1779 solvite,
2207 1716 2300 1772 sed
2332 1717 2664 1772 interiorem
2684 1729 2875 1774 contra
2912 1720 3062 1774 illum
3101 1722 3412 1780 medullitus
3443 1739 3534 1778 cu-

1952 1807 2166 1860 stodite.
2197 1807 2264 1861 Et
2291 1809 2384 1877 qui
2410 1823 2598 1864 amore
2629 1818 2716 1863 tuo
2749 1819 2800 1865 te
2827 1801 2988 1865 credo
3028 1795 3275 1885 refugere
3315 1814 3380 1869 ad
3411 1829 3535 1883 per-

1953 1897 2102 1968 fugia
2134 1898 2290 1953 solita
2317 1940 2332 1964 ,
2370 1901 2579 1956 scilicet
2612 1904 2680 1956 ad
2713 1906 3024 1959 excusanda
3064 1902 3443 1960 excusationes
3482 1903 3536 1958 in

243 1999 368 2037 sum
394 1976 586 2067 veritas
619 1980 798 2051 (Joan.
827 1981 960 2052 xw).
991 1981 1058 2036 Et
1077 1994 1196 2051 ego,
1233 1989 1293 2035 ut
1315 1981 1557 2052 Apostoli
1586 1991 1709 2037 utar
1731 1998 1846 2038 ver-
1874 2007 1920 2067 Β
1954 1989 2218 2056 peccatis,
2249 1998 2309 2044 ut
2335 1991 2486 2046 dicas
2523 1993 2650 2060 quia
2690 1993 2853 2048 etiam
2896 1994 2962 2049 de
2999 1996 3327 2067 cogitatione
3361 2004 3414 2050 te
3440 1995 3534 2063 ju-

244 2074 358 2140 bis,
390 2064 648 2129 ibiiiiictis
677 2072 851 2128 iactus
879 2085 998 2128 sum
1027 2074 1125 2128 tibi
1148 2087 1275 2128 vera
1300 2074 1398 2129 tibi
1419 2073 1607 2130 dicens
1637 2084 1692 2128 et
1718 2089 1842 2130 sua-

243 2167 409 2232 dens,
459 2166 554 2222 se’d
581 2163 914 2236 persuadere
938 2177 1046 2221 non
1089 2166 1294 2234 valens,
1326 2177 1405 2234 ut,
1435 2169 1577 2223 sicut
1605 2168 1718 2238 ipsa
1741 2169 1844 2224 Ve-

244 2261 389 2315 ritas
419 2261 515 2330 per
534 2257 754 2315 beatu'm
785 2258 1022 2315 Leonem
1069 2260 1198 2315 dicit
1227 2276 1239 2313 :
1275 2260 1650 2318 Obe'dientiam
1677 2277 1840 2332 quam

242 2364 277 2405 a
311 2350 424 2405 tuis
447 2345 676 2406 subditis
709 2349 901 2422 exigis,
930 2349 1166 2420 prtelatis
1213 2351 1325 2406 tuis
1375 2351 1490 2421 ipse
1545 2353 1862 2422 dependasr

242 2449 304 2496 et
331 2439 391 2496 in
415 2454 478 2497 ea
504 2440 791 2496 vocatione
823 2455 924 2510 qua
956 2449 1182 2496 vocatus
1207 2452 1287 2508 es,
1319 2440 1375 2496 in
1398 2456 1461 2497 ea
1497 2455 1839 2512 permaneas,

242 2545 376 2601 quae
403 2531 528 2601 quia
554 2547 662 2587 non
684 2531 896 2600 sutl'ers,
929 2545 1036 2589 non
1067 2533 1242 2589 solum
1284 2535 1440 2600 mihi;
1485 2537 1582 2591 sed
1624 2545 1678 2591 et
1703 2537 1842 2590 mul~

243 2624 318 2679 tis
338 2623 659 2680 scandalum
682 2626 904 2697 ingeris,
933 2633 989 2682 et
1017 2624 1233 2683 Veritas
1273 2628 1404 2683 dicit
1429 2647 1441 2682 :
1477 2627 1581 2694 Qui
1611 2632 1842 2684 scanda-

241 2714 488 2769 lizaverit
530 2705 697 2770 imum
738 2717 801 2771 de
836 2715 1043 2786 pusillis
1081 2719 1198 2772 istis
1239 2715 1330 2785 qui
1374 2719 1430 2772 in
1468 2731 1550 2773 me
1595 2719 1840 2787 credunt,

242 2808 461 2877 expedit
488 2818 542 2862 ut
574 2809 620 2863 ei
641 2809 996 2878 suspendatur
1022 2809 1166 2864 mola
1197 2811 1433 2865 asinaria
1465 2811 1521 2865 in
1543 2811 1675 2866 collo
1701 2812 1839 2882 ejus,

244 2909 293 2954 et
323 2895 662 2978 demerqatur
686 2903 742 2956 in
759 2891 1084 2973 profundum
1107 2903 1274 2957 maris
1294 2903 1314 2974 '(
1333 2899 1526 2957 Matth.
1556 2918 1690 2958 xvut
1709 2902 1749 2975 ).
1776 2902 1843 2959 Et

250 2992 385 3047 item
415 2983 558 3048 idem
581 2991 831 3050 Christus
853 2993 948 3050 Dei
968 2995 1163 3061 virtus,
1185 2997 1240 3050 ‘et
1266 2995 1362 3050 Dei
1385 2995 1648 3065 sapientia
1672 2996 1837 3051 dicit:

253 3088 390 3142 Viro
428 3079 522 3159 ‘qt't‘i
562 3084 927 3160 Corripientetu
983 3091 1118 3144 dura
1167 3091 1361 3146 cervice
1413 3090 1696 3144 contemnit
1762 3106 1843 3145 re-

245 3175 498 3251 pentinus
529 3173 855 3254 Superveniét
899 3181 1175 3248 ini-critus,
1221 3190 1268 3236 et
1323 3173 1440 3236 eum
1487 3181 1689 3236 sanitas
1739 3193 1844 3235 non

246 3285 498 3345 sequetur
553 3269 757 3346 (Prov.
784 3269 975 3346 xxix).
1029 3273 1097 3328 Et
1137 3271 1347 3345 Moyses
1393 3281 1450 3327 et
1486 3274 1669 3328 Aaron
1707 3274 1842 3329 dura

1950 2078 2070 2133 dico
2090 2120 2104 2143 ,
2134 2095 2259 2135 cum
2287 2081 2434 2136 dicat
2459 2082 2748 2151 Apostolus
2781 2102 2791 2137 :
2827 2083 2959 2150 Quis
2985 2087 3084 2140 scit
3110 2087 3380 2140 hominum
3415 2102 3534 2157 qua:

1946 2181 2065 2225 sunt
2103 2171 2361 2238 hominis,
2403 2174 2504 2227 nisi
2544 2175 2757 2244 spiritus
2796 2177 3022 2232 hominis
3064 2179 3156 2248 qui
3192 2180 3246 2233 in
3276 2180 3390 2249 ipso
3418 2179 3535 2232 est?

1947 2263 2014 2334 (I
2057 2263 2181 2318 Cor.
2211 2265 2273 2335 ιι)
2321 2266 2594 2334 praeveuio
2645 2269 2772 2323 huic
2816 2277 2921 2323 tuae
2965 2269 3257 2338 objectioni
3305 2271 3532 2334 dicens,

1945 2356 2070 2426 quia
2100 2367 2230 2411 tunc
2259 2357 2484 2426 spiritus
2513 2358 2752 2413 hominis
2781 2359 3062 2429 ignoratur
3090 2362 3158 2416 ab
3187 2361 3378 2428 altero,
3410 2377 3532 2415 cum

1945 2453 2166 2519 verbis,
2201 2453 2285 2507 vel
2316 2454 2575 2523 operibus
2606 2471 2711 2510 non
2757 2458 3197 2513 demonstratur:
3240 2473 3367 2512 nam
3401 2451 3533 2512 cum

1945 2544 2204 2612 scriptam
2253 2545 2347 2610 sit,
2401 2543 2486 2598 Ea:
2537 2543 2795 2613 fructibus
2843 2563 3026 2601 eorum
3074 2548 3391 2617 cognoscetis
3446 2561 3533 2601 eos

1947 2633 1965 2704 (
1991 2633 2180 2688 Matth.
2215 2650 2286 2688 vtt
2307 2634 2325 2705 )
2344 2676 2358 2698 ,
2388 2650 2485 2705 per
2511 2636 2615 2691 hoc
2640 2637 2782 2706 quod
2816 2636 2949 2693 foris
2974 2638 3152 2707 agitur
3172 2639 3432 2708 quidquid
3453 2639 3534 2692 in—

1947 2736 2032 2782 tus
2061 2729 2191 2783 latet
2219 2730 2480 2798 aperitur.
2522 2730 2675 2786 Unde
2715 2739 2864 2787 recte
2894 2747 3110 2801 quoque
3157 2748 3254 2802 per
3292 2730 3534 2786 Salomo—

1945 2836 2067 2876 nem
2097 2819 2338 2876 dicitur:
2375 2821 2649 2886 Quoniodo
2695 2825 2752 2878 in
2795 2826 2944 2896 aquis
2985 2825 3309 2895 resplendent
3363 2824 3534 2878 vultus

1943 2911 2366 2981 perspicientium
2391 2954 2407 2977 ,
2451 2914 2525 2966 sic
2567 2915 2728 2967 corda
2769 2916 3038 2969 hominum
3082 2915 3362 2983 manifesta
3411 2924 3532 2968 sunt

1944 3003 2287 3072 prudentibus
2325 3002 2530 3076 (Prov.
2559 3021 2707 3059 xxvu
2735 3007 2771 3072 ).
2813 3005 2948 3061 Cum
2985 3007 3120 3062 dicis
3161 3017 3211 3060 te
3251 3007 3534 3076 scripsisse

1946 3097 2013 3151 ad
2059 3095 2415 3149 auferendum
2465 3097 2919 3168 amphibologiam
2967 3098 3271 3154 traditionis
3319 3107 3420 3153 tua:
3465 3112 3534 3153 cx

1949 3187 2227 3258 primitivo
2285 3187 2507 3258 genitivi
2567 3188 2708 3242 inter
2769 3189 3074 3244 tradentem
3133 3199 3186 3245 et
3241 3191 3530 3255 traditum,

1947 3271 2359 3352 grammaticam
2393 3295 2558 3349 quam
2595 3281 2690 3333 tibi
2730 3281 2993 3336 insinuari
3043 3283 3148 3337 feci
3187 3299 3288 3353 ego
3323 3294 3378 3337 et
3418 3285 3533 3352 ipse

248 3355 469 3422 cervice
509 3349 789 3420 ieSi'stenti
838 3359 939 3421 siﬁ
983 3363 1186 3436 trapeto
1232 3365 1423 3421 dicunt
1453 3377 1469 3419 τ
1502 3364 1614 3418 Nec
1660 3373 1844 3419 contra
1869 3370 1919 3434 ρ
1951 3349 2118 3436 satis,
2155 3372 2286 3426 mihi
2319 3372 2372 3424 in
2403 3371 2598 3425 t‘aciem
2628 3372 2821 3442 expuis
2852 3390 2865 3425 :
2900 3373 3041 3442 quod
3081 3349 3286 3444 gratias
3322 3374 3395 3428 illi
3436 3349 3534 3444 pa-

249 3474 348 3512 nos
379 3465 456 3511 est
487 3472 726 3510 murmur
753 3452 974 3510 vestrum
997 3498 1010 3521 ,
1053 3457 1144 3510 s’ell
1183 3459 1373 3510 contra
1411 3457 1579 3511 Deum
1617 3455 1831 3528 (Exod.

248 3570 344 3609 xvn
369 3552 412 3627 ).
444 3540 604 3609 Unde
635 3567 735 3608 nec
767 3561 886 3607 tuas
917 3551 1231 3609 inimicitias
1261 3559 1472 3617 vereor,
1507 3561 1608 3608 nec
1641 3560 1693 3608 te
1722 3565 1838 3608 mo-

250 3635 388 3703 nere
413 3633 472 3702 in
507 3639 857 3712 necessariis,
899 3643 1019 3716 qua:
1058 3647 1174 3702 sine
1209 3640 1433 3718 p'ecc‘alo
1465 3663 1579 3702 non
1611 3651 1834 3717 possum

251 3723 567 3804 diinitl'ere,
599 3734 880 3803 desinant,
918 3735 1097 3807 s'cicns
1136 3735 1326 3809 pacein
1349 3737 1653 3794 dilectione
1689 3741 1834 3793 inte—

253 3846 359 3902 gra
389 3830 709 3887 intrinsecus
735 3815 823 3886 ille
849 3817 1038 3887 tenere
1069 3819 1286 3897 debere,
1315 3829 1477 3902 quam
1508 3821 1606 3902 psi
1634 3833 1839 3888 vectio-

248 3935 380 3974 nem
412 3921 556 3975 vocis
581 3919 716 3976 ‘mihi
743 3914 1114 3978 ‘exs’trinsectts
1137 3913 1251 3977 ‘ntm
1288 3921 1455 3976 tiliteo
1489 3917 1835 3991 perturbare.

251 4007 413 4078 Quod
446 4005 733 4082 utrumque
759 4005 982 4082 provide
1007 4011 1179 4066 David
1211 4028 1270 4066 se
1297 4013 1550 4081 perhibet
1575 4019 1801 4068 servare
1821 4054 1834 4079 ,

254 4117 383 4156 cum
414 4089 548 4157 dicit
577 4119 589 4155 :
624 4091 756 4156 Cum
781 4099 862 4157 his
894 4103 982 4174 qui
1013 4103 1230 4157 oderunt
1252 4107 1438 4174 pacem
1461 4112 1611 4157 eram
1644 4103 1834 4173 paci/i-

251 4209 382 4258 cus;
403 4179 528 4246 etim
555 4183 803 4264 loquebar
824 4189 932 4248 illis
959 4194 1335 4265 impugnabant
1366 4195 1446 4249 nte
1472 4197 1636 4265 gratis
1660 4193 1833 4264 (1)εαί.

249 4299 380 4340 cxtx
404 4283 446 4356 ).
477 4273 615 4341 sese
639 4283 694 4341 Et
722 4277 949 4356 loquens
978 4277 1418 4359 impukndbhtnr,
1447 4297 1502 4342 et
1525 4290 1708 4342 tamen
1739 4288 1838 4341 im-

252 4360 532 4451 pu’gnalhe
577 4367 694 4435 erat
729 4369 986 4450 pacili'c'us
1012 4422 1025 4448 ,
1063 4383 1320 4450 quoniam
1355 4393 1465 4437 nec
1501 4383 1839 4438 insanientes

253 4465 510 4526 cessabat
541 4459 970 4542 repielie’nilere,
1000 4487 1097 4528 nec
1138 4474 1496 4544 reprehensos
1534 4475 1840 4546 negligebat

253 4577 465 4617 amare.
501 4553 638 4618 Hinc
663 4547 831 4618 ‘etiam
866 4563 1065 4618 Paulus
1105 4564 1220 4617 ait:
1256 4562 1314 4619 Si
1349 4565 1465 4633 ﬁeri
1499 4574 1664 4632 potest
1697 4565 1837 4635 quod

253 4672 321 4711 ea:
349 4652 491 4710 vobis
530 4664 604 4710 est
633 4671 750 4709 cum
790 4656 1026 4709 omnibus
1057 4651 1353 4709 hominibus
1379 4671 1562 4724 pacem
1592 4655 1838 4709 habentes

1940 3467 2140 3520 tienter
2182 3474 2402 3534 portare
2447 3469 2702 3532 possum,
2740 3466 2832 3533 qui
2867 3466 3010 3535 quod
3043 3467 3109 3521 de
3147 3482 3205 3522 se
3238 3468 3525 3537 praedixit,

1940 3570 2037 3624 pro
2068 3555 2155 3608 'me
2183 3562 2470 3623 peccatore
2499 3555 2753 3610 sustinuit
2781 3573 2791 3608 :
2825 3553 3073 3622 Faciem,
3109 3557 3321 3627 inquit,
3352 3574 3525 3612 meam

1940 3661 2044 3700 non
2082 3647 2247 3699 averti
2277 3647 2341 3699 ab
2370 3647 2793 3712 increpantibus,
2830 3656 2877 3700 et
2915 3650 3317 3718 conspuentibus
3352 3649 3406 3702 in
3447 3665 3529 3703 me

1942 3739 2095 3810 (Isa.
2124 3755 2154 3792 L
2177 3739 2216 3809 ).
2249 3737 2356 3794 Sed
2385 3739 2513 3809 quia
2548 3750 2599 3794 te
2633 3740 2926 3808 traditum,
2973 3751 3028 3798 et
3070 3759 3175 3798 non
3218 3744 3529 3799 tradentem

1939 3829 2193 3900 designas
2233 3845 2302 3884 ex
2337 3832 2587 3895 nomine,
2633 3833 2700 3886 de
2739 3832 2842 3887 hec
2881 3841 2975 3889 tuo
3017 3834 3159 3890 dicto
3201 3850 3308 3891 non
3355 3851 3527 3903 curo,

1941 3922 2304 3977 testimonium
2342 3922 2467 3977 inde
2506 3923 2826 3992 perhibente
2864 3926 2994 3980 mihi
3033 3926 3363 3982 conscientia
3406 3943 3528 3981 mea

1941 4012 2074 4068 nihil
2114 4028 2200 4067 me
2237 4014 2363 4068 hinc
2395 4014 2490 4068 tibi
2522 4029 2642 4070 esse
2669 4014 2992 4071 debitorem.
3031 4017 3184 4072 Unde
3217 4027 3271 4073 et
3313 4037 3408 4089 pro
3439 4020 3534 4073 mi-

1942 4105 2080 4157 nimo
2093 4115 2190 4166 est,
2220 4112 2273 4157 ut
2305 4120 2368 4157 ex
2392 4105 2489 4158 hoc
2516 4122 2547 4158 α
2571 4114 2618 4158 te
2623 4106 2839 4174 judicer
2854 4108 2932 4160 vel
2960 4108 3024 4161 ab
3045 4108 3274 4163 humano
3303 4109 3418 4174 die;
3441 4110 3530 4164 sccl

1944 4211 2103 4264 neque
2127 4211 2204 4248 me
2220 4195 2388 4263 ipsum
2402 4194 2524 4248 inde
2550 4194 2785 4263 dijudico
2801 4196 2852 4267 (1
2873 4194 2995 4252 Cor.
3020 4199 3115 4267 tv).
3143 4197 3527 4255 Verumtamen

1943 4288 1986 4342 si
2026 4297 2075 4342 te
2118 4289 2189 4343 ita
2237 4289 2375 4342 mori
2413 4296 2624 4358 gratum
2650 4290 2866 4355 scirem,
2916 4299 2974 4343 ιιι
3012 4291 3115 4346 hoc
3146 4292 3211 4346 ad
3242 4292 3532 4348 utilitatem

1943 4388 2088 4434 tuam
2111 4422 2125 4445 ,
2155 4389 2210 4434 et
2238 4381 2304 4434 ad
2336 4382 2534 4435 mentis
2566 4392 2670 4436 tuae
2699 4383 2987 4438 sanitatem
3019 4394 3201 4454 posset
3243 4386 3527 4454 proiicere,

1942 4473 2026 4528 vel
2055 4467 2187 4527 inihi
2209 4473 2334 4528 inde
2354 4487 2736 4545 cognoscerem
2765 4477 3002 4547 aliquam
3044 4480 3425 4535 necessitatem
3450 4482 3528 4536 in-

1944 4565 2221 4629 cumbere,
2252 4573 2306 4620 et
2337 4563 2552 4635 scriptis
2570 4565 2705 4622 meis
2727 4568 2793 4622 ad
2823 4583 3023 4638 regem,
3060 4578 3114 4624 et
3138 4573 3202 4625 ad
3227 4574 3528 4644 episcopos,

1946 4665 2000 4711 et
2033 4657 2273 4726 ipsorum
2316 4658 2626 4712 testimonio
2647 4699 2659 4722 ,
2712 4674 2775 4715 ac
2821 4659 2920 4729 p'er
2948 4661 3086 4716 alios
3115 4663 3337 4720 idoneos
3366 4673 3531 4719 testes

256 4748 275 4818 (
301 4733 460 4801 Rom.
485 4729 634 4819 .811);
661 4747 910 4802 bonatus
936 4747 1079 4802 enim
1101 4744 1388 4818 Apostolus
1416 4751 1473 4801 ut
1501 4755 1688 4818 pacem
1717 4759 1842 4803 cum
1869 4739 1921 4798 D
1948 4753 2160 4819 possem
2183 4748 2280 4804 tibi
2305 4749 2594 4805 ostendere
2615 4761 2724 4817 me,
2761 4752 2900 4806 sicut
2922 4751 3055 4819 dixi,
3088 4753 3384 4810 debitorem
3407 4756 3532 4811 hinc

254 4839 516 4894 omnibus
540 4839 835 4904 haberent,
859 4839 1124 4910 prmmisit
1149 4838 1335 4896 dicens
1363 4839 1462 4894 :Si
1491 4829 1604 4894 tleri
1631 4849 1810 4911 potest
1827 4882 1842 4908 ,

256 4942 427 5003 atque
449 4919 733 5006 _'stihj‘tl'nxil
755 4939 774 5000 ζ
799 4923 946 5004 ‘quod
973 4949 1039 4989 ex
1069 4931 1222 4988 vobis
1249 4925 1334 4988 est
1365 4953 1377 4988 :
1407 4932 1622 4990 difﬁcile
1649 4937 1846 5006 quippe

256 5001 382 5080 erat
412 5001 471 5080 ul
491 5015 543 5080 si
574 5011 716 5080 mala
737 5001 858 5080 adis
883 5015 1255 5097 “corriperent,
1285 5026 1484 5082 habere
1499 5041 1692 5097 pacem
1721 5041 1843 5081 cum

256 5113 515 5170 omnibus
545 5124 770 5194 possent
798 5134 810 5170 :
843 5115 934 5171 sed
971 5131 1094 5171 cum
1129 5116 1444 5186 temporalis
1476 5133 1582 5188 pax
1621 5118 1672 5171 in
1715 5127 1844 5187 prs-

257 5195 456 5260 voruf‘n
487 5206 741 5263 cordibus
765 5207 836 5263 ex
865 5217 1052 5262 nostra
1079 5207 1448 5277 increpatione
1475 5207 1840 5274 conﬁnditur,

259 5295 523 5355 inviolata
555 5285 782 5357 hebesse
815 5311 897 5357 est
923 5295 982 5356 u't
1013 5303 1067 5356 in
1101 5310 1284 5357 nostro
1313 5303 1477 5358 corde
1505 5312 1769 5359 servetur.

334 5387 477 5444 Hinc
502 5374 697 5445 iterum
722 5377 1042 5448 Bai/idcum
1071 5391 1128 5448 Se
1155 5397 1327 5448 totum
1363 5395 1428 5447 ad
1455 5389 1661 5449 foedera
1695 5394 1845 5464 pacis

259 5471 495 5538 interni:
514 5479 937 5555 constringeret,
965 5491 1197 5540 testatur
1222 5485 1365 5555 quod
1389 5499 1510 5539 cum
1533 5486 1691 5542 'malis
1717 5501 1847 5542 con-

260 5566 508 5630 cordiam
537 5565 645 5632 non
681 5587 887 5633 teneret
915 5566 1099 5634 dicens
1131 5599 1141 5632 :
1185 5573 1370 5632 Nonne
1398 5579 1488 5647 qui
1526 5579 1572 5633 re
1598 5581 1840 5646 oderunt,

261 5663 436 5733 Deus,
471 5654 685 5724 oderam
725 5669 874 5737 illos,
916 5655 960 5726 et
1000 5687 1155 5741 super
1190 5665 1426 5727 iniiiticos
1463 5684 1575 5728 tuos
1614 5671 1846 5730 tabesce-

268 5747 705 5836 bamirPe-r'fect'o
737 5757 860 5819 adio
893 5749 1106 5819 ederem
1145 5765 1284 5832 illos,
1327 5768 1523 5820 inimici
1560 5765 1691 5836 facti
1728 5777 1848 5828 sunt

267 5837 397 5908 mihi
424 5835 449 5927 ἶ
472 5841 624 5912 Ρδαι.
655 5839 894 5913 ὠωιχνιιι
921 5856 962 5930 ).
997 5845 1249 5915 Inimicos
1278 5859 1423 5914 e'nitn
1455 5854 1699 5930 perfecto
1724 5862 1848 5917 odio

270 5949 449 6007 odisse
485 5961 602 6019 est,
638 5951 705 6008 ad
734 5952 878 6022 quod
918 5951 1044 6007 facti
1081 5963 1203 6008 sunt
1238 5953 1460 6022 diligere
1497 5961 1552 6009 et
1591 5954 1733 6024 quod
1771 5953 1850 6009 fa-

1950 4842 2045 4896 tibi
2072 4853 2178 4896 non
2201 4855 2320 4898 esse
2349 4861 2361 4896 :
2398 4841 2821 4914 Uniuscujusque
2849 4847 2985 4898 enim
3013 4863 3138 4916 opus
3161 4847 3312 4917 quale
3332 4848 3396 4900 sit
3417 4847 3531 4900 dies

1948 4937 2162 4991 Domini
2185 4937 2472 4991 declarabit
2489 4936 2541 5007 (Ι
2565 4936 2687 4991 Cor.
2715 4938 2820 5010 In).
2844 4938 2983 5005 Quia
3004 4953 3132 4993 vero
3154 4939 3218 4993 de
3242 4937 3530 4994 traditione

1951 5031 2039 5084 tua
2058 5029 2321 5099 quereris,
2347 5037 2403 5084 et
2429 5029 2561 5084 nihil
2589 5021 2648 5083 lit
2679 5030 2731 5084 in
2763 5029 2903 5084 terra
2936 5032 3052 5084 sine
3079 5044 3262 5094 causa,
3291 5028 3530 5104 nihilque

1950 5123 2091 5192 quod
2131 5124 2227 5176 aut
2266 5129 2372 5178 non
2422 5121 2586 5179 faciat
2625 5124 2768 5178 Deus
2809 5123 3089 5193 propitius,
3139 5129 3232 5176 aut
3264 5121 3379 5176 ﬁeri
3424 5136 3527 5176 non

1948 5215 2227 5284 permittat
2255 5203 2424 5271 iratus
2446 5258 2459 5282 ,
2491 5224 2546 5271 et
2567 5206 2853 5285 pluraliter
2871 5215 2988 5270 ﬁeri
3022 5214 3339 5269 traditiones
3367 5223 3529 5283 atque

1949 5306 2174 5364 diversis
2204 5299 2376 5364 medis
2406 5311 2650 5365 diversos
2682 5315 2859 5380 etpro
2891 5303 3119 5364 diversis
3156 5307 3335 5364 causis
3367 5306 3530 5361 tradi—

1952 5408 2032 5455 tos
2059 5401 2308 5471 legimus,
2341 5415 2563 5457 necesse
2585 5409 2667 5457 est
2694 5401 2789 5456 tibi
2825 5400 3092 5456 subtiliter
3115 5408 3353 5455 mentem
3383 5409 3528 5454 tuam

1950 5491 2240 5558 discutere,
2260 5501 2315 5546 ut
2331 5493 2621 5548 meditatus
2643 5507 2767 5547 cum
2791 5492 2954 5547 corde
2979 5501 3089 5558 tuo,
3115 5501 3168 5546 et
3188 5507 3297 5547 non
3320 5491 3528 5557 dolosa,

1952 5585 2044 5639 sed
2088 5593 2236 5639 recta
2286 5591 2488 5640 statera
2533 5585 2846 5654 appendens
2887 5600 3100 5650 mores,
3151 5575 3526 5657 cogitationes,

1951 5677 2135 5741 verba,
2167 5685 2219 5732 et
2251 5686 2403 5732 actus
2439 5684 2587 5743 tuos,
2615 5677 2756 5744 apud
2787 5685 2839 5731 te
2872 5676 3118 5732 invenias
3161 5677 3275 5732 haec
3311 5677 3530 5732 traditio

1952 5774 2043 5822 tua
2087 5769 2247 5833 unde,
2286 5777 2339 5823 et
2367 5783 2396 5821 a
2423 5779 2532 5837 quo
2549 5768 2912 5837 processerit,
2943 5780 2998 5824 et
3025 5779 3185 5840 quem
3216 5779 3526 5840 processqu

1952 5859 2170 5926 habeat,
2221 5859 2306 5916 vel
2344 5861 2410 5914 ad
2439 5869 2600 5930 quem
2639 5860 2799 5916 tinem
2839 5871 3046 5932 spectat
3074 5875 3090 5916 :
3117 5856 3348 5932 legimus
3386 5862 3530 5918 enim

1953 5955 2218 6022 quosdam
2253 5972 2282 6010 a
2323 5971 2382 6010 se
2430 5955 2676 6024 traditos,
2725 5964 2783 6014 ut
2827 5956 3027 6014 Paulus
3065 5957 3132 6014 ad
3178 5955 3439 6027 Ephesios
3466 5953 3534 6010 de
