4002 6296
447 418 548 474 551
1425 411 1756 471 ΠΙΝΟΜΑΒΙ
1791 410 2027 467 RHEME

2117 410 2184 468 IS
2220 409 2732 468 ARCHIEPISCOPI
3590 407 3697 462 552

447 527 769 601 quibusdam
792 526 919 583 dicit
947 547 959 582 :
987 527 1089 594 Qui
1118 528 1446 599 desperantes
1466 528 1764 597 semetipsos
1785 527 2018 581 tradide-
2047 533 2099 594 Α
2125 529 2312 582 reversi
2338 528 2555 600 (Jerem.
2591 529 2702 599 xv).
2735 526 2871 582 Hinc
2897 541 3086 582 rursus
3113 525 3188 580 ait
3209 541 3224 579 :
3245 523 3478 595 Populus
3499 541 3602 580 non
3623 536 3701 580 est

450 631 570 674 runt
592 637 646 674 se
667 619 1003 690 impudicitia:
1026 620 1082 672 in
1107 619 1459 689 operationem
1478 617 1827 672 immunditiis
1856 618 2023 672 omnis
2125 637 2359 676 reversus
2381 622 2450 674 ad
2463 621 2829 691 percutientem
2848 635 2902 674 se
2921 617 3057 688 (lsa.
3082 616 3182 688 ix).
3211 615 3348 672 Hinc
3373 631 3500 670 voce
3517 614 3704 682 ﬂagel-

447 713 502 767 in
534 714 756 786 avaritia
794 711 1006 782 (Ephes.
1035 713 1110 783 iv)
1138 729 1150 766 :
1184 711 1358 767 Tanto
1380 711 1522 766 enim
1550 710 1699 775 hinc,
1727 709 1914 765 beatus
1943 711 2024 764 in-
2123 711 2348 766 lantium
2397 715 2660 783 propheta
2709 711 3060 782 conqueritur
3106 710 3292 764 dicens
3329 727 3342 762 :
3389 707 3702 762 Curavimus

445 805 562 874 quit
583 803 906 873 Gregorius,
935 818 994 860 se
1021 803 1249 873 quisque
1286 803 1341 856 in
1377 801 1531 856 malis
1559 801 1916 870 praesentibus
1946 799 2024 854 la-
2121 801 2467 872 Babylonem,
2504 813 2552 857 et
2584 820 2687 858 non
2717 812 2792 857 est
2819 787 3007 856 sanata
3047 798 3265 871 (larem.
3292 797 3367 869 tt)
3403 814 3417 850 :
3458 797 3703 866 Babylon

447 897 555 951 tius
578 895 804 962 relaxat,
837 903 1041 965 quanto
1062 906 1181 966 post
1210 895 1349 950 hanc
1372 894 1535 948 vitam
1556 909 1614 948 se
1643 892 1855 961 assequi
1885 894 2022 947 bona
2125 894 2319 964 quippe
2353 903 2599 961 curatur,
2631 910 2730 950 nec
2761 903 2939 948 tamen
2980 892 3047 947 ad
3074 892 3363 946 sanitatem
3400 889 3705 952 reducitur,

443 996 641 1043 aeterna
675 988 955 1055 desperat,
989 995 1045 1040 et
1070 984 1301 1041 Jacohus
1330 984 1603 1056 apostolus
1633 983 1762 1038 dicit
1792 997 1806 1036 :
1841 980 2019 1037 Unus-
2123 986 2337 1054 quando
2361 1000 2512 1040 mens
2541 986 2594 1039 in
2629 999 2792 1055 prava
2822 984 3034 1040 actione
3059 982 3282 1037 confusa
3317 981 3476 1035 verba
3510 994 3705 1035 corre-

442 1082 660 1153 quisque
689 1090 919 1135 tentatur
945 1097 976 1134 a
1003 1080 1419 1149 concupiscentia
1442 1095 1536 1132 sua
1565 1077 1855 1131 abstractus
1879 1085 1928 1129 et
1957 1074 2021 1127 il-
2120 1079 2320 1149 ptionis
2351 1078 2530 1142 audit,
2569 1076 2776 1149 ﬂagella
2804 1075 3157 1131 correctionis
3170 1074 3418 1145 percipit,
3438 1083 3492 1129 et
3513 1084 3704 1129 tamen

443 1172 770 1244 lectus(1ac.
812 1175 873 1243 ι),
907 1173 1113 1228 scilicet
1145 1187 1176 1225 a
1218 1181 1364 1225 recto
1391 1171 1602 1235 itinere,
1634 1179 1690 1224 et
1719 1167 1930 1222 illectus
1966 1167 2020 1221 in
2120 1171 2187 1224 ad
2255 1180 2399 1224 recta
2454 1169 2644 1224 salutis
2709 1169 2901 1222 itinera
2965 1167 3140 1220 redire
3195 1165 3508 1219 contemnit.
3563 1163 3706 1217 Hinc

443 1264 663 1320 malum.
699 1263 764 1318 Et
791 1262 920 1318 item
953 1262 1150 1318 Paulus
1185 1261 1251 1317 ad
1286 1262 1560 1316 Romanos
1589 1259 1655 1314 de
1697 1258 2019 1329 quibusdam
2120 1261 2331 1330 captivo
2361 1261 2661 1316 Israelitico
2689 1259 2910 1330 populo,
2947 1272 3049 1312 nec
3080 1266 3259 1310 tamen
3301 1256 3370 1311 ab
3409 1255 3705 1324 iniquitate

442 1353 667 1409 scribit:
694 1353 799 1420 Qui
819 1369 936 1406 cum
963 1352 1314 1423 cognovissent
1349 1349 1529 1414 Deum,
1562 1365 1664 1402 non
1689 1349 1824 1402 sicut
1851 1348 2019 1402 Deum
2120 1366 2385 1407 converso
2412 1351 2669 1405 Dominus
2697 1352 2989 1418 exprobrat
3012 1350 3198 1403 dicens
3225 1365 3240 1399 :
3285 1345 3442 1401 Versa
3465 1357 3540 1400 est
3569 1348 3703 1398 mihi
3779 1368 3783 1371 -

440 1443 888 1514 gloriﬁcaverunt,
928 1453 1016 1496 aut
1041 1443 1238 1512 gratias
1268 1452 1492 1511 egerunt
1522 1440 1576 1492 in
1615 1438 2017 1508 cogitationibus
2121 1443 2306 1498 domus
2344 1441 2513 1497 Israel
2541 1445 2594 1498 in
2621 1444 2890 1496 scoriam.:
2919 1459 3094 1496 omnes
3122 1443 3208 1495 isti
3229 1457 3324 1505 tes,
3357 1453 3402 1495 et
3425 1451 3704 1502 staunum,

441 1535 572 1598 suis,
597 1543 645 1586 et
676 1533 1008 1587 obscuratum
1041 1543 1114 1587 est
1144 1531 1390 1601 insipiens
1425 1546 1516 1583 cor
1548 1545 1759 1594 eorum;
1787 1528 2016 1581 dicentes
2119 1543 2163 1585 et
2182 1533 2461 1600 ferrum,et
2483 1532 2750 1601 plumbum
2771 1533 2825 1584 in
2845 1533 3013 1585 medio
3034 1530 3266 1600 fornacis
3287 1529 3496 1600 (Bacch.
3525 1538 3704 1598 uti);

441 1625 578 1678 enim
610 1642 663 1679 se
698 1641 807 1678 esse
840 1627 1095 1695 sapientes
1139 1623 1285 1678 stulti
1329 1622 1454 1692 facti
1500 1631 1620 1674 sunt
1651 1618 1823 1689 (Rom.
1861 1618 2019 1689 ι).Ἐι
2126 1640 2189 1678 ac
2211 1623 2255 1679 si
2277 1632 2461 1693 aperte
2488 1623 2631 1677 dicat
2656 1639 2669 1675 :
2693 1622 2930 1693 Purgare
2955 1636 3046 1676 eos
3071 1637 3166 1690 per
3193 1622 3368 1691 ignem
3397 1621 3708 1675 tribulatio-

439 1720 601 1790 paulo
625 1728 748 1790 post
773 1737 786 1773 :
816 1718 1038 1790 Propter
1060 1719 1199 1791 quod
1225 1718 1444 1772 tradidit
1473 1716 1612 1770 illos.
1638 1714 1907 1779 Tradidit,
1936 1714 2017 1767 di-
2117 1717 2204 1771 nis
2228 1715 2392 1781 volui,
2423 1725 2478 1770 et
2497 1723 2778 1786 argentum
2804 1713 2944 1779 illos,
2973 1713 3056 1768 vel
3076 1729 3266 1767 aurum
3296 1713 3407 1766 ﬁeri
3432 1714 3702 1781 quaesivi;

440 1810 540 1877 xit,
569 1809 620 1863 id
651 1818 734 1865 est
766 1810 939 1880 gratia
981 1824 1084 1864 non
1122 1809 1371 1864 liberavit
1408 1807 1550 1862 sicut
1580 1820 1678 1861 cor
1717 1803 2016 1858 Pharaonis
2119 1810 2214 1864 sed
2247 1808 2302 1862 in
2322 1807 2541 1863 fornace
2567 1808 2699 1863 mihi
2730 1808 2783 1862 in
2813 1822 2905 1872 ass,
2931 1816 3204 1871 staunum,
3227 1806 3425 1862 ferrum
3449 1816 3500 1860 et
3524 1807 3708 1876 plum-

445 1900 736 1961 induravit,
775 1899 915 1968 quod
940 1899 1110 1970 gratia
1144 1913 1248 1952 non
1277 1896 1560 1952 cmollivit.
1586 1896 1653 1950 Et
1672 1895 1909 1965 psalmus
1939 1894 2019 1948 di-
2049 1897 2094 1957 B
2122 1899 2251 1955 bum
2285 1898 2426 1954 versi
2463 1906 2620 1964 sunt,
2648 1898 2774 1968 quia
2799 1913 2903 1953 non
2933 1899 3002 1953 ad
3029 1899 3318 1964 virtutem,
3349 1899 3441 1953 sed
3468 1899 3537 1952 ad
3567 1900 3703 1954 vitia

439 1989 515 2043 cit
548 2007 559 2041 :
591 1987 824 2041 Tradidit
839 1989 892 2041 in
905 1987 1497 2058 captivitatemvirtutem
1511 1983 2017 2054 eorum,etputchri-
2124 1989 2286 2044 etiam
2327 1989 2383 2044 in
2417 1989 2763 2044 tribulatione
2789 1998 3188 2060 proruperunt;
3222 1990 3471 2058 quoniam
3499 1999 3605 2044 aut
3630 1992 3701 2044 ad

439 2079 671 2132 tudinem
708 2094 888 2132 eorum
925 2079 979 2131 in
1014 2093 1198 2131 manus
1234 2077 1430 2130 inimici
1456 2073 1630 2148 (Psal.
1667 2075 1874 2147 uxvu)
1908 2095 1920 2130 :
1959 2077 2016 2130 in
2122 2080 2359 2135 sonitum
2389 2078 2833 2134 murmurationis
2856 2088 3187 2149 eruperunt,
3215 2087 3308 2132 aut
3335 2078 3703 2134 simulationis

440 2169 807 2237 captivitatem
833 2167 976 2222 enim
1003 2168 1177 2223 virtus
1209 2158 1262 2222 et
1286 2167 1631 2238 pulchritudo
1654 2169 2014 2238 quorumdam
2060 2193 2073 2208 ν
2120 2169 2253 2224 vitio
2277 2183 2387 2224 non
2408 2183 2594 2224 carere
2624 2169 3002 2234 decreverunt,
3034 2168 3204 2224 autin
3235 2170 3457 2223 nocendi
3484 2168 3701 2222 malitia

440 2260 494 2314 in
519 2276 708 2314 manus
735 2259 935 2314 inimici
963 2259 1212 2324 traditur,
1243 2275 1364 2314 cum
1400 2260 1639 2329 deceptae
1669 2260 1835 2313 menti
1871 2259 2014 2312 anti-
2119 2262 2381 2332 proximis
2409 2271 2919 2331 perseveraverunt,
2950 2268 3042 2315 aut
3082 2277 3114 2314 a
3153 2260 3432 2316 desideriis
3459 2261 3701 2334 terrenis

439 2368 577 2423 quus
596 2353 785 2432 .hostis
820 2368 887 2406 ex
931 2351 1054 2406 boni
1090 2351 1269 2423 operis
1313 2350 1545 2406 elatione
1581 2351 1908 2406 dominatur.
1948 2349 2016 2403 Et
2119 2356 2290 2424 pressi
2327 2353 2382 2407 in
2421 2352 2766 2408 tribulatione
2786 2353 3004 2422 purgari
3031 2367 3137 2407 non
3159 2359 3464 2422 potuerunt.

437 2445 708 2514 apostolos
731 2444 967 2515 expetivit
995 2442 1221 2499 Satanas
1243 2454 1299 2498 ut
1326 2445 1576 2498 cribraret
1607 2461 1692 2498 eos
1723 2443 1855 2498 sicut
1880 2442 2015 2495 triti-
2195 2446 2335 2500 Hinc
2361 2460 2548 2499 rursus
2587 2445 2846 2514 scriptum
2873 2456 2957 2500 est
2985 2460 2999 2498 :
3034 2444 3202 2499 Multo
3235 2444 3408 2499 labore
3443 2443 3701 2498 sudatum

437 2553 554 2591 cum
586 2537 738 2609 (Luc.
775 2536 944 2606 xxii),
979 2535 1070 2604 qui
1092 2533 1232 2604 jussi
1270 2545 1397 2590 sunt
1426 2550 1584 2591 orare
1615 2544 1674 2590 ut
1709 2551 1814 2590 non
1844 2534 2014 2588 intra-
2115 2546 2224 2604 est,
2264 2546 2312 2592 et
2349 2553 2454 2591 non
2483 2538 2637 2591 exivit
2686 2536 2750 2590 de
2781 2537 2958 2590 anima
3013 2537 3193 2607 rubigo
3225 2537 3370 2605 ejus,
3404 2552 3568 2606 neque
3604 2551 3701 2605 per

438 2640 559 2685 rent
594 2631 648 2684 in
698 2631 1068 2686 tentationem.
1114 2628 1182 2683 Et
1221 2627 1420 2684 Paulus
1465 2629 1750 2698 quemdam
1792 2627 2013 2683 tradidit
2115 2632 2286 2702 ignem
2307 2626 2524 2702 (Bacch.
2547 2627 2719 2699 μιν),
2745 2627 3140 2698 ignem'quippe
3161 2628 3315 2684 nobis
3332 2626 3692 2682 tribulationis

437 2721 672 2788 Satanae,
708 2731 763 2775 ut
787 2721 1000 2792 spiritus
1041 2721 1152 2790 ejus
1195 2719 1370 2774 salvus
1401 2719 1547 2789 ﬁeret
1580 2719 1635 2772 in
1685 2720 1768 2773 die
1800 2719 2012 2773 Domini
2115 2725 2387 2786 admovet,
2416 2729 2476 2774 ut
2524 2721 2581 2774 in
2614 2721 2768 2776 nobis
2803 2721 3106 2792 rubiginem
3146 2721 3395 2775 vitiorum
3431 2719 3698 2774 Dominus

437 2811 486 2881 (I
504 2809 626 2866 Cor.
647 2812 721 2883 ν).
740 2813 805 2866 Et
824 2813 950 2868 item
971 2811 1268 2878 :Quosdam
1287 2811 1753 2877 tradiditSatanae,
1771 2811 2013 2866 utdisce-
2112 2820 2306 2882 purget
2333 2850 2348 2876 ,
2377 2811 2471 2864 sed
2497 2824 2601 2864 nec
2626 2824 2722 2878 per
2747 2809 2922 2880 ignem
2956 2809 3253 2865 amittimus
3276 2810 3487 2879 quando
3518 2818 3576 2863 et
3606 2824 3700 2861 ru-

434 2910 557 2955 rent
587 2917 694 2957 non
723 2902 1118 2972 blasphemare,
1149 2909 1204 2955 et
1231 2901 1394 2956 tiliam
1422 2902 1652 2956 Abrahae
1673 2893 2008 2956 incurvatam
2111 2900 2310 2971 biginis
2339 2900 2481 2957 inter
2502 2899 2732 2971 ﬂagella,
2767 2900 2846 2953 vel
2866 2915 2963 2970 per
2990 2899 3196 2972 ﬂagella
3221 2901 3352 2955 vitio
3385 2915 3492 2956 non
3527 2915 3695 2955 care-

433 2991 659 3064 legimus
706 3009 736 3047 a
786 2993 1009 3058 Satana,
1060 3001 1115 3049 et
1157 2993 1338 3064 plures
1382 3005 1602 3065 propter
1646 3003 1866 3066 peccata
1913 3011 2010 3065 pu-
2113 3006 2254 3046 mus.
2288 2989 2427 3046 Hinc
2455 2993 2716 3063 propheta
2746 2991 2942 3046 iterum
2975 2992 3105 3047 dicit
3137 3009 3150 3048 ;
3183 2989 3410 3046 Frustra
3439 2991 3697 3060 conﬂavit

431 3084 623 3139 nicnda
677 3099 796 3153 quae
839 3085 1070 3140 cruciari
1120 3096 1432 3142 meruerunt
1478 3087 1631 3156 quasi
1683 3087 2006 3157 quibusdam
2113 3083 2430 3149 consolator,
2447 3083 2664 3139 malitia:
2681 3099 2978 3138 eorumnon
2999 3092 3117 3138 sunt
3137 3081 3692 3155 consurupttz(Jercm.

431 3175 828 3244 quaestionariis
859 3183 1018 3244 atque
1041 3175 1336 3230 tortoribus
1361 3176 1585 3231 traditos
1613 3176 1838 3246 legimus
1862 3175 2006 3232 refu-
2111 3175 2211 3248 νι).
2229 3174 3424 3248 Poena,inquitGregorius,praesenssialﬂicti
3446 3176 3693 3231 animum

432 3264 513 3334 gis
543 3264 840 3332 spiritibus,
869 3265 994 3335 quia
1031 3280 1140 3319 non
1183 3267 1355 3320 solum
1396 3266 1642 3322 homines
1678 3267 1914 3322 ministri
1952 3276 2006 3323 et
2031 3250 2079 3315 C
2109 3268 2412 3334 convertit,
2443 3268 2566 3323 linis
2590 3277 2674 3323 est
2696 3267 2866 3338 culpae
2892 3268 3245 3337 praecedentis
3281 3284 3294 3320 τ
3329 3267 3371 3322 si
3405 3275 3589 3322 autem
3616 3269 3689 3320 ad

431 3355 636 3409 ultores
681 3364 805 3410 sunt
841 3355 934 3410 ira:
965 3355 1061 3412 Dei
1097 3357 1150 3411 in
1192 3357 1275 3412 his
1313 3358 1404 3427 qui
1448 3358 1650 3414 malum
1691 3354 2004 3430 operantur,
2109 3358 2358 3414 timorem
2374 3358 2586 3414 Domini
2614 3359 2835 3415 minime
2852 3358 3142 3425 convertit,
3163 3349 3374 3414 initium
3400 3367 3484 3414 est
3509 3373 3692 3429 pcenze

430 3445 630 3516 quique
661 3462 770 3502 non
813 3445 929 3503 sine
966 3463 1129 3503 causa
1154 3459 1370 3520 portant
1397 3451 1665 3521 gladium,
1703 3453 1797 3507 sed
1840 3453 2004 3508 etiam
2107 3453 2405 3521 sequentis.
2439 3451 2748 3508 Cavendum
2783 3467 2914 3524 ergo
2943 3452 3102 3508 nobis
3127 3460 3212 3507 est
3250 3460 3306 3506 et
3345 3466 3689 3520 summopere

430 3545 718 3598 contrariae
743 3544 1105 3612 fortitudines,
1137 3561 1257 3616 quae
1293 3545 1629 3616 appellantur
1650 3544 1802 3602 furor
1825 3555 1880 3603 et
1909 3547 2004 3602 ira:
2107 3545 2164 3600 in
2185 3543 2399 3600 ﬂetibus
2425 3553 2537 3600 tota
2564 3546 2761 3608 mentis
2781 3545 3134 3600 conversione
3153 3545 3488 3615 vigilandum,
3520 3558 3586 3595 ne
3608 3542 3686 3596 de

431 3636 524 3689 Dei
555 3634 733 3706 (Rom.
755 3637 896 3707 xui).
925 3637 1262 3708 Quapropter
1287 3639 1331 3694 si
1358 3638 1598 3694 moribus
1625 3648 1680 3692 et
1706 3638 1867 3694 factis
1898 3639 2006 3694 tuis
2109 3645 2379 3692 tormento
2408 3637 2477 3690 ad
2510 3644 2778 3692 tormenta
2820 3645 3180 3692 transeamus.
3213 3637 3318 3704 Qui
3341 3648 3459 3706 ergo
3485 3632 3674 3701 justus

429 3727 768 3798 exigentibus
794 3730 944 3799 justo
987 3731 1079 3784 Dei
1109 3728 1314 3798 judicio
1353 3730 1718 3801 permittente,
1754 3738 1846 3785 aut
1883 3745 1914 3786 a
1954 3739 2006 3786 te
2106 3727 2328 3797 patitur,
2352 3726 2399 3782 si
2417 3726 3115 3798 patientereaquaapatitur
3134 3728 3386 3791 sustinet,
3407 3725 3685 3780 Christum

428 3819 563 3888 ipso,
603 3822 687 3876 vel
714 3839 809 3892 per
834 3825 1081 3894 spiritum
1111 3823 1352 3897 refugam
1371 3826 1426 3879 in
1450 3833 1754 3895 peccatum,
1782 3823 1908 3894 quia
1935 3821 2007 3878 le-
2108 3817 2368 3872 imitatur.
2394 3815 2495 3885 Qui
2527 3817 2582 3872 in
2606 3815 2832 3887 ﬂagellis
2855 3817 3176 3888 corrigitur,
3203 3816 3469 3873 latronem
3493 3815 3586 3886 qui
3625 3815 3682 3868 in

369 3913 374 3917 '
430 3911 604 3981 giinus
629 3914 973 3968 immissiones
1005 3932 1096 3985 per
1130 3916 1339 3985 angelos
1371 3915 1536 3969 malos
1571 3913 1743 3985 (Psat.
1775 3914 2002 3986 Lxxvn),
2106 3925 2268 3965 cruce
2298 3909 2576 3966 Christum
2603 3912 2884 3981 cognovit,
2910 3920 2967 3966 et
2986 3920 3107 3981 post
3129 3925 3344 3965 crucem
3369 3909 3681 3979 paradisum

428 4003 512 4055 vel
554 4003 828 4056 hominem
869 4005 964 4057 Dei
1014 4006 1318 4059 ministrum
1359 4007 1423 4058 ad
1460 4019 1672 4072 prunam
1718 4006 1923 4074 peccati
1947 4020 2006 4060 es
2105 4018 2231 4058 cum
2250 4001 2468 4059 Christo
2496 4002 2753 4068 intravit;
2781 4004 2872 4072 qui
2899 4017 2998 4059 nec
3017 4004 3162 4058 inter
3188 4001 3396 4073 ﬂagella
3420 4002 3685 4056 desistita

427 4093 681 4158 traditus,
706 4095 750 4146 si
783 4101 834 4147 te
859 4107 965 4147 non
990 4096 1349 4166 recognoscis,
1369 4103 1426 4150 et
1451 4112 1557 4150 non
1580 4097 1896 4166 corrigendo
1922 4112 2006 4152 re-
2104 4095 2302 4165 culpis,
2349 4096 2628 4151 sinistrum
2678 4094 2956 4150 imitamur
2995 4094 3280 4159 latronem,
3323 4094 3416 4164 qui
3465 4102 3685 4164 propter

429 4182 660 4250 sipiscis,
697 4197 802 4237 non
828 4182 993 4238 habes
1021 4185 1162 4238 unde
1194 4185 1460 4255 queraris,
1485 4185 1578 4240 sed
1611 4186 1753 4240 unde
1781 4187 2003 4242 tribule-
2103 4197 2325 4258 peccata
2349 4187 2592 4243 ascendit
2623 4183 2678 4242 in
2707 4201 2948 4252 crucem,
2979 4197 3034 4241 et
3067 4196 3188 4256 post
3219 4201 3439 4241 crucem
3479 4187 3588 4241 ruit
3627 4187 3681 4238 in

431 4273 539 4336 ris;
565 4272 690 4341 quia
719 4288 825 4328 non
851 4275 981 4329 dicit
1004 4275 1262 4330 Dominus
1291 4274 1478 4329 :Beati
1498 4277 2006 4346 quipersecutionem
2108 4287 2390 4333 tartarum.
2427 4277 2484 4333 Si
2521 4293 2652 4350 ergo
2685 4287 2907 4350 propter
2935 4286 3216 4350 peccatum
3251 4279 3412 4334 modo
3443 4278 3684 4348 quolibet

428 4364 701 4432 patiuntur
739 4374 958 4436 propter
995 4365 1338 4435 iniustitiam,
1379 4366 1475 4422 sed
1510 4376 1718 4436 propter
1739 4368 2004 4437 justitiam
2103 4354 2242 4426 vela
2263 4386 2583 4441 quocunque
2608 4372 2838 4426 traditus
2857 4386 2935 4437 es,
2952 4379 3008 4426 et
3033 4385 3132 4442 per
3159 4370 3470 4425 traditionis
3495 4384 3677 4440 perse—

432 4449 647 4522 (ΜιιιιΙι.
706 4456 779 4524 ν).
821 4454 888 4508 El.
925 4454 1214 4525 Apostolus
1259 4456 1386 4510 dlClI.
1411 4454 1644 4510 :‘Beatus
1684 4457 1774 4526 qui
1820 4456 2004 4526 suffert
2105 4465 2373 4520 cntionem
2413 4473 2712 4531 correctus,
2752 4473 2811 4518 ιιι
2850 4465 3039 4520 audire
3072 4463 3333 4518 merearis
3360 4479 3392 4516 a
3435 4464 3678 4526 Domino,

429 4546 784 4612 tentationem,
809 4549 1056 4617 quoniam
1081 4563 1197 4600 cum
1221 4547 1468 4618 probatus
1495 4548 1651 4616 fuerit
1680 4549 1894 4616 accipiet
1916 4563 2005 4601 co-
2031 4602 2082 4625 “
2107 4564 2163 4610 et
2182 4555 2228 4610 si
2257 4572 2364 4610 υοιι
2384 4555 2605 4610 auribus
2627 4556 2894 4625 corporis,
2919 4559 3001 4611 vel
3023 4556 3245 4612 auribus
3271 4554 3376 4608 iuis
3401 4558 3466 4608 de
3488 4557 3680 4624 quibus

429 4650 612 4687 ranam
635 4635 750 4688 vitte
773 4635 993 4708 (δραι),
1029 4638 1174 4708 quia,
1199 4637 1339 4693 sicut
1365 4639 1555 4694 beatus
1576 4638 1877 4709 Cyprianus
1905 4639 2002 4704 ait,
2030 4602 2084 4663 Β
2109 4645 2395 4701 Psalmista
2425 4645 2556 4700 dicit
2585 4659 2599 4698 :
2626 4602 2855 4700 Audiam
2877 4602 3004 4716 'quid
3038 4645 3284 4716 loquatur
3317 4645 3370 4697 in
3401 4602 3682 4698 me‘bomi-

427 4731 722 4794 martyrem
756 4739 862 4779 non
905 4725 1032 4782 facit
1072 4743 1252 4797 pmna,
1295 4727 1389 4785 sed
1441 4744 1604 4785 causa
1650 4746 1664 4782 :
1709 4744 1834 4784 nam
1879 4745 2002 4784 cum
2107 4754 2205 4793 nus
2236 4737 2376 4792 Deus
2419 4733 2592 4807 (Pent.
2630 4738 2872 4809 txxxnv),
2916 4737 3059 4806 quod
3099 4736 3306 4792 audivit
3331 4737 3422 4806 qui
3462 4745 3680 4806 propter

426 4815 640 4872 Christo
677 4831 897 4872 crucem
930 4819 1090 4873 etiam
1121 4821 1390 4888 periturus
1424 4820 1564 4874 latro
1601 4821 1868 4890 suscepit,
1905 4823 2001 4876 sed
2101 4840 2382 4901 peccatum
2417 4828 2738 4900 ﬂagellatus,
2769 4840 2825 4886 et
2859 4845 2956 4901 per
2983 4829 3251 4901 ﬂagellum
3275 4839 3545 4901 purgatus
3577 4838 3675 4890 est,

426 4923 587 4978 quem
619 4919 804 4964 reatus
833 4909 1081 4979 proprius
1105 4911 1299 4975 tenuit,
1335 4927 1432 4980 par
1453 4911 1732 4966 cruciﬁxio
1762 4926 1868 4965 non
1897 4912 1997 4966 ab-

2101 4923 2314 4978 dicenle
2341 4923 2568 4978 Domino
2603 4940 2618 4978 :
2652 4922 2788 4978 Ecce
2817 4939 2975 4978 sanus
3003 4923 3174 4993 [actus
3195 4939 3279 4988 es,
3297 4923 3413 4993 jam
3439 4922 3548 4977 noli
3565 4937 3679 4990 pec-

425 4999 604 5055 solvit.
651 5000 718 5054 Et
752 4999 1077 5071 persecutio,
1103 4999 1188 5054 vel
1221 5001 1435 5056 traditio
1473 5003 1599 5057 dum
1631 5018 1737 5057 non
1765 5004 1996 5058 rationa-

2099 5029 2241 5078 care,
2256 5029 2319 5067 ne
2333 5013 2562 5068 deterius
2575 5013 2669 5067 tibi
2690 5013 2890 5084 aliquid
2906 5014 3174 5084 contingat
3197 5012 3376 5085 (Joan.
3402 5013 3476 5081 v).
3503 5009 3675 5064 Habes

423 5092 605 5148 biliter
629 5093 946 5160 sustinetur,
976 5103 1034 5148 ut
1056 5093 1247 5150 beatus
1267 5102 1531 5151 monstrat
1550 5095 1864 5168 Gregorius,
1894 5111 1995 5152 ne-
2099 5104 2241 5160 unde
2300 5104 2572 5175 gaudeas,
2637 5113 2692 5160 et
2751 5106 2894 5175 quod
2951 5106 3192 5160 cavendo
3259 5103 3556 5158 custodias.
3617 5099 3672 5153 Si

425 5201 695 5257 quaquam
731 5186 948 5256 prolicit
967 5187 1035 5242 ad
1062 5186 1308 5243 salutem.
1349 5187 1485 5245 Nam
1513 5188 1644 5244 nulli
1683 5189 1764 5246 fas
1799 5195 1883 5246 est
1910 5205 1999 5246 re-
2102 5207 2283 5254 autem
2325 5200 2454 5262 meo
2502 5198 2733 5255 traditus
2757 5240 2772 5266 ,
2811 5207 2868 5254 et
2918 5198 3207 5252 traditione
3249 5195 3552 5266 ﬂagellatus
3597 5209 3671 5256 es.

424 5275 768 5332 tributionem
784 5277 1126 5348 praemiorum
1146 5288 1462 5350 exspectare
1479 5294 1577 5350 per
1595 5281 1829 5352 culpam,
1852 5286 1996 5354 quod
2097 5303 2205 5344 non
2239 5290 2378 5359 quia
2416 5291 2680 5360 peccasti,
2724 5291 2819 5346 sed
2862 5304 2930 5345 ne
2977 5302 3257 5360 peccares,
3303 5287 3446 5342 sicut
3477 5284 3676 5339 Paulus

423 5366 688 5423 etbeatus
711 5367 905 5424 Petrus
937 5369 1211 5440 apostolus
1244 5371 1578 5428 demonstrat
1599 5373 1784 5430 dicens
1814 5392 1829 5428 :
1863 5375 1994 5442 Qua:
2097 5382 2190 5452 qui
2230 5381 2365 5437 dixit
2403 5399 2419 5436 :
2455 5379 2537 5436 Ne
2575 5381 2878 5452 magnitudo
2923 5379 3292 5434 revelationum
3337 5374 3556 5431 extollat
3595 5389 3673 5425 me

421 5466 497 5510 est
519 5459 661 5534 enim
699 5461 872 5530 gratia
907 5453 1260 5531 si'peccantes
1289 5475 1336 5518 et
1364 5464 1680 5535 colaphisati
1721 5465 1994 5534 suﬁ'ertis?
2097 5474 2254 5528 datus
2283 5483 2359 5529 est
2390 5475 2518 5528 mihi
2560 5472 2803 5529 stimulus
2844 5473 3018 5527 carnis
3055 5488 3204 5538 mete,
3244 5480 3300 5524 ut
3329 5486 3412 5524 me
3441 5466 3672 5536 colaphi-

425 5543 474 5612 (I
501 5542 646 5602 Petr.
669 5548 755 5620 ιι.)
776 5549 976 5606 Contra
999 5552 1098 5609 hos
1119 5553 1378 5625 propheta
1402 5557 1626 5613 Domino
1647 5559 1895 5628 queritur
1913 5557 1993 5613 di-
2094 5574 2174 5618 set
2202 5563 2287 5635 (ll
2318 5564 2440 5620 Cor.
2465 5565 2586 5636 xu).
2618 5563 2872 5620 Libenter
2901 5563 3134 5635 gloriare
3171 5564 3226 5618 in
3265 5560 3670 5636 inﬁrmitatibus

423 5649 554 5692 cens
585 5655 598 5691 :
629 5638 886 5696 Attrivisti
913 5658 1001 5696 eos
1029 5654 1076 5698 et
1095 5658 1376 5703 renuerunt
1398 5650 1631 5719 accipere
1660 5648 1994 5719 disciplinam
2097 5634 2235 5721 tuis,
2262 5664 2318 5709 ut
2347 5634 2598 5710 inhabitet
2627 5657 2682 5710 in
2716 5665 2763 5709 te
2804 5634 2965 5711 virtus
3002 5652 3216 5710 Christi.
3261 5651 3320 5710 Si
3373 5634 3670 5720 deuique'a

423 5727 640 5800 (Jerem.
674 5731 776 5802 ιιι).
805 5733 943 5788 Hinc
971 5743 1054 5790 est
1087 5739 1230 5807 quod
1268 5740 1527 5796 Dominus
1544 5741 1676 5796 dicit
1705 5761 1718 5794 :
1744 5740 1995 5809 Interfeci
2097 5760 2450 5817 quocunque,
2495 5746 2579 5801 vel
2619 5747 2780 5802 modo
2815 5760 3135 5814 quocunque
3176 5743 3410 5798 traditus
3457 5756 3548 5805 es,
3587 5736 3668 5791 vel

424 5831 472 5876 et
500 5821 703 5892 perdidi
715 5825 962 5892 populum
983 5828 1163 5897 istum,
1187 5841 1235 5886 et
1253 5841 1428 5887 tamen
1449 5851 1482 5912 ιι
1503 5834 1598 5889 viis
1619 5836 1730 5889 suis
1755 5853 1856 5890 non
1875 5845 1996 5890 sunt
2098 5853 2204 5892 non
2233 5848 2453 5907 propter
2476 5837 2790 5909 praecedens
2817 5845 3095 5907 peccatum
3114 5875 3129 5902 ,
3176 5833 3260 5889 vel
3300 5833 3422 5890 ideo
3461 5840 3523 5888 ut
3561 5844 3662 5884 non
