4002 6296
213 417 343 474 555

1025 424 1267 502 orusc.
1305 395 1394 485 ΕΤ
1431 395 1647 488 sua.
1686 393 1757 490 lN
1795 397 2022 522 causa
2060 393 2410 500 uiscum"
2432 399 2740 507 Libuos.

3401 437 3536 548 δεδι

214 532 549 588 incurreres
574 531 718 602 quod
743 540 957 606 poterat
986 527 1236 597 accidere
1264 540 1358 597 tibi
1389 531 1828 614 peccatum,sed
1856 557 1902 614 Α
1931 529 2035 626 loci
2090 557 2192 610 mei
2246 555 2420 614 olIicio
2473 533 3085 644 intelligeredebueras
3139 539 3510 656 ιἰἶοῃῖιρινβηκ
3555 555 3557 560 ’

218 633 293 656 us
325 625 503 656 ξηρὴ-ε
535 623 908 656 ξιιοιὲαηηιηη-ξ..
941 628 1113 656 mnu...
1205 632 1345 656 -ξ,..-ι
1377 632 1573 656 νυ,ι,ξ--
1650 645 1690 656 -.
1729 637 1804 656 L.
1968 654 1973 656 _
2027 653 2035 656 _

218 633 295 679 ut
317 625 506 695 justus
527 623 910 694 justiﬁcareris
939 628 1144 693 adhuc,
1205 632 1346 688 sicut
1377 632 1575 722 Tobias
1594 677 1607 702 ,
1641 637 1827 722 etJob

215 716 301 772 de
339 730 453 786 quo
481 713 746 770 Dominus
786 717 922 772 dixit
947 719 1016 774 ad
1045 719 1209 776 Satan
1240 740 1253 775 :
1288 721 1422 778 Ecce
1447 718 1521 779 in
1546 744 1707 781 manu
1735 719 1847 782 tua"

212 818 330 875 est,
359 818 565 863 tantum
593 810 826 864 animum
853 810 998 867 illius
1025 830 1172 869 serva
1198 815 1321 888 (Job
1353 820 1424 888 l),
1473 822 1748 879 custodire
1774 833 1826 879 te

212 909 454 972 oportet
477 909 535 956 ut
557 915 626 956 ne
656 902 722 957 de
749 900 960 974 ﬂagello
989 922 1313 973 murmures,
1339 913 1643 969 etanimam
1674 924 1820 998 tuam

216 1002 400 1063 quam
448 993 710 1048 Dominus
754 1009 976 1050 servare
1028 997 1082 1052 in
1129 997 1231 1055 Job
1265 1001 1540 1072 jusserat,
1576 993 1820 1063 murmu-

217 1081 409 1137 rando
439 1081 495 1136 in
525 1090 852 1152 potestatem
884 1085 1030 1142 illius
1057 1090 1254 1146 tradas.
1301 1093 1484 1164 Neque
1511 1087 1830 1172 murmura:

211 1174 410 1228 veritis
430 1214 446 1239 ,
478 1173 656 1244 inquit
684 1167 1003 1245 Apostolus,
1041 1181 1175 1235 sicut
1215 1183 1430 1253 quidam
1462 1202 1646 1242 eorum
1675 1205 1821 1260 mur-

215 1273 611 1329 muraverunt,
644 1274 694 1318 et
727 1282 760 1318 a
798 1268 1124 1337 serpentibus
1157 1273 1422 1341 perierunt
1461 1273 1532 1348 (Ι
1564 1273 1686 1332 Cor.
1719 1295 1752 1332 χ
1774 1279 1814 1349 ).

214 1353 438 1410 Cavere
465 1357 627 1411 etiam
659 1372 1004 1429 summopere
1033 1359 1198 1416 debes
1227 1371 1284 1416 ut
1315 1373 1472 1419 aucta
1503 1381 1598 1435 per
1629 1363 1814 1436 ﬂagel-

213 1446 338 1503 lum
372 1449 568 1504 merita
595 1449 661 1504 de
691 1459 887 1506 cetero
913 1455 1187 1522 peccando
1235 1471 1340 1512 non
1389 1459 1641 1536 inquines
1663 1501 1678 1526 ,
1722 1451 1817 1518 sed

206 1538 377 1608 juxta
409 1556 598 1598 vocem
627 1543 838 1599 Domini
878 1545 1035 1599 corde
1075 1547 1206 1601 bona
1250 1558 1298 1602 et
1335 1553 1531 1621 optimo
1573 1553 1812 1621 verbum,

214 1643 278 1688 et
303 1633 683 1704 purgationem
714 1633 834 1704 ejus
865 1638 1090 1692 retinens
1120 1638 1352 1709 fructum
1385 1644 1580 1714 aﬁ‘eras
1624 1647 1679 1700 in
1716 1665 1812 1718 pa-

215 1724 412 1777 tientia
455 1722 629 1795 (Luc.
677 1723 850 1795 vm),
895 1729 1155 1797 quoniam
1188 1732 1280 1801 qui
1329 1733 1605 1790 humiliter
1646 1739 1812 1794 etiam

213 1830 324 1887 pro
350 1816 596 1886 peccatis
619 1816 732 1870 suis
758 1814 964 1889 ﬂagella
992 1821 1329 1891 suscipiunt,
1359 1813 1482 1894 pest
1509 1824 1715 1898 ﬂagella
1744 1831 1811 1884 ad

213 1997 497 2064 tunditur,
525 2007 580 2054 et
605 1999 659 2054 in
686 2000 797 2055 vini
827 2018 1072 2074 saporem
1099 2005 1376 2078 liquatur;
1411 2011 1490 2068 sic
1515 2012 1652 2069 oliva
1683 2031 1812 2072 con-

211 2087 540 2145 tritionibus
606 2105 860 2161 expressa
915 2113 1197 2154 amurcam
1257 2117 1411 2158 suam
1469 2106 1706 2177 deserit,
1757 2119 1814 2166 et

210 2180 274 2237 in
303 2181 415 2238 olei
444 2182 710 2254 liquorem
737 2188 1081 2260 pinguescit,
1114 2193 1192 2249 sic
1235 2210 1333 2264 per
1378 2197 1629 2256 trituram
1668 2218 1810 2260 areae

211 2287 246 2327 a
281 2272 456 2344 paleis
484 2290 655 2347 grana
689 2267 1032 2349 separantur,
1075 2292 1129 2339 et
1173 2287 1241 2341 ad
1285 2289 1540 2347 horreum
1583 2306 1808 2366 purgata

208 2364 564 2433 perveniunt.
611 2365 868 2440 Quisquis
902 2387 1032 2442 ergo
1070 2378 1275 2448 appetit
1314 2380 1470 2450 plene
1513 2383 1644 2440 vitia
1687 2364 1807 2443 vin-

211 2469 378 2521 cere,
418 2455 634 2511 studeat
663 2458 942 2517 humiliter
970 2467 1309 2538 purgationis
1337 2486 1448 2528 suae
1483 2473 1692 2547 ﬂagella
1729 2489 1808 2536 to-

207 2544 427 2614 lerare,
472 2557 534 2602 ut
580 2559 730 2607 tanto
767 2562 890 2625 post
931 2557 997 2610 ad
1031 2557 1269 2626 judicem
1307 2544 1806 2638 mundiorvveniat,

211 2646 426 2707 quanto
455 2655 600 2695 nunc
629 2640 746 2711 ejus
777 2645 1077 2718 rubiginem
1112 2647 1252 2720 ignis
1284 2654 1649 2715 tribulationis
1676 2677 1807 2731 pur-

208 2739 320 2802 gat.
357 2729 516 2798 Quod
542 2731 861 2790 dicis-meis
899 2738 1144 2807 apicibus
1183 2752 1234 2798 te
1264 2744 1424 2802 solito
1461 2765 1613 2806 more
1653 2729 1801 2810 mor-

208 2823 366 2892 deri,
401 2824 496 2879 sed
526 2841 632 2880 non
669 2833 720 2882 te
748 2829 984 2886 sensisse
1014 2831 1164 2901 laedi,
1198 2837 1243 2891 si
1275 2837 1350 2894 ita
1383 2842 1524 2910 quod
1556 2845 1692 2900 dicis
1726 2847 1801 2902 ita

207 2923 269 2969 ut
297 2924 388 2969 est
421 2914 830 2989 intelligendum
863 2921 1152 2997 intelligis,
1193 2944 1300 2984 non
1343 2931 1629 3004 improbo,
1675 2940 1802 3010 quia

206 3011 262 3060 et
289 3010 415 3059 erat
443 3007 587 3061 unde
620 3011 886 3077 morderi,
921 3013 1016 3067 sed
1047 3015 1113 3069 ad
1142 3019 1431 3075 sanitatem
1461 3039 1477 3089 ;
1512 3033 1568 3079 et
1599 3007 1802 3083 idcirco

208 3105 393 3185 tenor:
418 3097 540 3153 laedi
565 3101 766 3156 sentire
787 3102 1022 3160 debebas
1048 3123 1061 3160 :
1087 3107 1159 3163 sit
1178 3109 1324 3165 enim
1349 3121 1408 3166 ut
1432 3113 1484 3167 in
1510 3114 1803 3185 Evangelia

205 3175 441 3260 legimus
465 3191 622 3263 plaga
649 3205 873 3250 sanatus
891 3239 906 3264 ,
939 3199 1150 3256 scilicet
1180 3218 1278 3272 per
1303 3221 1484 3260 acrem
1517 3210 1627 3263 vini
1655 3227 1802 3267 mor-

206 3295 359 3346 sum,
395 3293 450 3336 et
479 3297 578 3352 per
606 3283 710 3339 olei
741 3285 1041 3344 fomentum
1068 3309 1081 3344 :
1115 3307 1239 3347 cum
1270 3295 1416 3350 enim
1454 3297 1548 3352 tibi
1581 3302 1795 3357 ostendi

206 3365 359 3446 quod
381 3383 562 3428 actum
591 3375 690 3441 sit,
728 3377 833 3433 rite
864 3380 931 3434 ad
955 3398 1194 3439 morsum
1221 3385 1565 3454 intellexisti,
1594 3402 1648 3447 et
1673 3410 1798 3451 cum

203 3463 422 3524 ostendi
443 3465 573 3540 quid
598 3469 863 3539 agendum
888 3472 990 3537 sit,
1016 3473 1060 3528 si
1083 3485 1230 3531 recte
1253 3477 1406 3544 facis,
1431 3484 1706 3551 pertinere
1729 3487 1798 3544 ad

203 3559 308 3615 olei
339 3558 638 3617 fomentum
667 3560 939 3634 intelligis.
973 3563 1032 3620 Si
1062 3578 1244 3624 autem
1275 3572 1411 3627 adeo
1437 3575 1794 3634 intentionem

203 3664 359 3712 tuam
401 3659 562 3715 rebus
605 3657 936 3721 transitoriis
982 3661 1394 3722 immoderatius
1429 3671 1704 3741 implicas,
1739 3684 1799 3728 ut

201 3755 412 3823 quibus
438 3757 884 3830 negligentiarum
904 3762 1103 3833 jaculis
1131 3767 1510 3839 transﬁgaris,
1549 3772 1635 3826 vel
1675 3776 1795 3842 qni-

199 3843 312 3900 bus
343 3847 694 3914 monitionum
742 3855 1152 3914 medicamentis
1193 3860 1393 3917 debeas
1422 3863 1604 3918 curari
1637 3863 1790 3934 igno-

201 3949 310 3998 res,
339 3936 466 4006 quia
494 3953 592 3994 nec
614 3940 802 3996 laesum
821 3983 838 4009 ,
863 3960 964 4000 nec
991 3947 1290 4005 sanabilem
1323 3959 1374 4005 te
1397 3954 1565 4008 sentis
1593 3953 1791 4024 proba-

197 4023 386 4080 biliter
417 4029 682 4099 improbo.
718 4031 874 4090 Unde
901 4049 998 4105 per
1028 4036 1378 4096 Salomonem
1408 4058 1512 4098 vox
1545 4023 1788 4113 percussi

198 4124 251 4170 et
278 4117 603 4177 dormientis
626 4125 951 4195 exprimitur
975 4128 1068 4199 qui
1092 4129 1171 4184 ait
1196 4149 1208 4184 :
1245 4129 1658 4190 Verberaverunt
1684 4154 1786 4206 me,

196 4210 287 4262 sed
324 4225 432 4264 non
464 4212 646 4280 dolui;
673 4226 952 4282 traxerunt
974 4237 1074 4286 me,
1099 4231 1148 4276 el
1178 4241 1272 4296 ego
1302 4243 1406 4282 non
1433 4230 1572 4284 sensi
1598 4230 1784 4302 (Prou.

197 4304 414 4373 xxm):
450 4319 601 4381 mens
630 4307 829 4380 quippe
861 4327 890 4366 a
923 4327 1050 4367 cura
1091 4330 1203 4370 suae
1242 4318 1623 4378 sollicitudinis
1660 4324 1786 4379 dor-

193 4394 372 4448 miens
402 4397 741 4465 verberatur,
769 4410 823 4457 et
868 4419 975 4462 non
1016 4407 1207 4474 dolet;
1250 4412 1377 4482 quia
1419 4414 1563 4476 sicut
1604 4417 1784 4478 immi.-.

189 4486 377 4539 neutia
410 4487 552 4543 mala
592 4506 698 4547 non
731 4495 1028 4565 prospicit,
1061 4499 1141 4555 sic
1177 4516 1280 4557 nec
1317 4515 1630 4575 perpetrata
1658 4525 1784 4578 per-

191 4578 433 4635 timescit
459 4599 472 4635 :
507 4585 742 4640 trahitur
767 4599 822 4642 et
844 4604 1186 4662 nequaquam
1216 4597 1380 4670 sentit
1403 4600 1661 4668 quoniam
1685 4617 1783 4671 per

187 4672 484 4731 illecebras
517 4677 775 4752 vitiorum
803 4682 1040 4750 ducitur,
1073 4701 1174 4742 nec
1205 4695 1384 4744 tamen
1417 4707 1448 4745 a
1480 4693 1564 4747 sui
1598 4704 1782 4752 custo-

185 4761 273 4816 dia
306 4757 628 4832 suscitatur.
667 4768 820 4836 Quod
863 4773 1002 4831 dicis
1043 4791 1073 4829 a
1115 4793 1202 4834 me
1233 4776 1435 4848 iaculis
1473 4791 1525 4838 te
1562 4783 1778 4855 impeti-

185 4860 342 4919 tum,
389 4872 653 4929 naevoque
702 4869 983 4931 notatum,
1038 4867 1151 4924 noli
1193 4885 1356 4940 agere
1398 4881 1457 4925 ut
1507 4873 1610 4929 hoc
1647 4877 1780 4932 mihi

182 4962 414 5005 necesse
444 4951 518 5006 sit
546 4951 760 5022 facere,
808 4966 862 5012 et
912 4973 999 5016 me
1040 4961 1109 5015 ab
1150 4961 1236 5018 his
1276 4965 1478 5022 senties
1517 4971 1778 5038 conquie-

180 5055 359 5100 scere.
399 5041 552 5111 Quod
582 5046 719 5103 dicis
753 5057 804 5106 te
830 5050 1046 5121 integro
1081 5051 1322 5124 fugatum
1357 5073 1533 5125 anno,
1565 5071 1624 5118 .et
1660 5078 1766 5117 non

179 5131 324 5188 dicis
368 5149 399 5189 a
441 5150 550 5206 quo
595 5137 814 5210 fugatus
855 5142 1098 5211 existas,
1143 5148 1328 5202 nescio
1359 5149 1489 5218 quid
1519 5152 1646 5218 inde
1676 5153 1778 5210 tibi

177 5224 578 5294 respondeam,
611 5229 715 5285 nisi
742 5233 886 5302 quod
915 5234 1051 5290 dicit
1081 5234 1398 5306 Scriptura.
1427 5243 1570 5310 quod
1622 5245 1675 5298 in
1721 5253 1774 5299 te

175 5310 444 5371 Dominus
468 5318 665 5375 cadere
691 5336 796 5376 non
824 5323 1104 5394 permittat
1128 5342 1142 5378 :
1168 5324 1328 5398 Fugit
1350 5331 1541 5398 impius
1568 5337 1772 5390 nemine

173 5417 520 5476 persequente
561 5409 580 5480 (
613 5411 768 5465 l’ror.
804 5429 970 5482 xxvut
993 5415 1031 5486 ).
1063 5415 1218 5484 Quod
1249 5419 1467 5494 dicis'te
1493 5424 1560 5478 ad
1601 5425 1771 5482 instar

174 5495 365 5551 Abuer
409 5499 651 5571 fugatum
685 5503 791 5575 (11
821 5505 950 5577 Reg.
977 5523 1034 5562 tv
1059 5509 1081 5582 )
1104 5549 1122 5574 ,
1152 5518 1212 5564 et
1241 5513 1410 5568 serris
1445 5516 1670 5584 tritum,
1715 5529 1770 5574 et

175 5586 303 5644 ideo
332 5605 440 5646 non
473 5604 654 5650 tacere
683 5601 1006 5666 permissum
1035 5639 1052 5666 ,
1084 5616 1191 5656 non
1223 5606 1614 5664 convenienter
1645 5626 1768 5665 scn—

174 5683 404 5740 tentiam
455 5689 594 5743 beati
643 5688 887 5762 Gregorii
917 5694 1004 5760 lin
1043 5698 1424 5765 persecutione
1466 5700 1653 5759 Abner
1698 5707 1766 5760 ab

169 5771 376 5830 Asahel
401 5779 666 5847 posuisti,
694 5783 819 5852 quia
853 5799 960 5848 non
987 5785 1368 5862 mel‘urentem
1397 5799 1548 5862 tuum
1577 5811 1762 5866 perse-
1793 5843 1796 5850 .

171 5874 452 5931 cutorem,
496 5870 593 5926 sed
638 5872 706 5927 ad
757 5876 1134 5947 corrigendum
1183 5895 1440 5941 excessus
1491 5893 1614 5945 tuos
1661 5905 1760 5962 pro

417 5963 693 6027 PATROL.
743 5967 1027 6032 CXXVI.

1815 4643 1863 4704 Β

1849 4749 1852 4752 -
1895 4715 2089 4768 miama
2106 4730 2202 4786 per
2218 4717 2452 4789 Moysem
2469 4735 2499 4774 a
2525 4721 2750 4776 Domino
2756 4723 2968 4791 jussum
2983 4728 3098 4785 ﬁeri
3113 4730 3354 4800 quati'die
3380 4749 3478 4790 nos

1849 4833 1851 4836 -
1891 4805 2030 4858 sacri
2061 4806 2249 4863 altaris
2279 4809 2582 4866 ministerio
2610 4813 3098 4876 addicti'debemus
3123 4835 3471 4892 componere,

1927 654 1980 698 et
2023 653 2076 700 tu
2123 662 2227 702 non
2253 667 2360 732 .me
2400 669 2594 732 aversa
2626 659 2815 740 hasta,
2850 670 2908 715 ut
2937 663 3120 732 Abner
3145 653 3348 734 Asahel
3387 694 3534 747 per:

1870 805 1876 816 ἦ
1927 729 2430 822 εριιιιειιιςιιιιΐθιὶε,
2463 729 2516 818 et
2560 729 2850 822 tranquille
2898 771 2965 812 ex
3013 729 3343 834 quibusdam,

1923 833 2120 908 gis,_et
2149 838 2302 906 quasi
2321 843 2597 914 parcendo
2623 860 2884 916 superas,
2929 852 3020 906 sed
3070 854 3413 926 invehendo,
3460 877 3556 924 et.

1926 926 2225 996 resistendo
2272 930 2561 1002 in._l‘aciem
2607 946 2866 1010 quantum
2903 952 3056 1010 potes
3097 963 3196 1018 per
3235 961 3544 1018 contuma-.

1923 1031 2042 1082 cem
2085 1029 2453 1093 contemptum
2497 1025 2541 1080 si
2585 1021 2738 1097 potes
2767 1030 2838 1098 ad
2884 1030 3142 1098 furorem,
3168 1045 3513 1108 provocando

1843 1173 1846 1182 .
1921 1124 2249 1194 exaggerare
2305 1131 2408 1176 non
2457 1132 2678 1190 cessas;
2720 1131 2773 1178 et
2821 1124 2943 1180 ideo
2984 1134 3392 1200 reSponsionum
3427 1153 3513 1192 ra-

1924 1203 2150 1266 tionein
2181 1206 2390 1266 intimis
2409 1211 2510 1270 sub
2536 1215 2932 1284 tranquillitate
2959 1229 3133 1279 tactus
3162 1226 3230 1280 ab
3267 1241 3334 1282 eo
3367 1231 3520 1299 quod
3550 1289 3554 1296 ,

1875 1359 1880 1366 ι
1920 1311 2007 1352 me
2059 1312 2157 1368 pro
2207 1301 2529 1368 necessitate
2575 1304 2676 1360 loci
2734 1309 2837 1363 mei
2884 1325 3165 1370 erexeram
3206 1333 3312 1374 non
3353 1322 3506 1386 cado,

1920 1403 2096 1458 neque
2140 1393 2457 1461 succumbo,
2488 1396 2583 1450 sed
2634 1398 2863 1457 validius
2905 1419 3120 1476 semper
3156 1409 3352 1478 clamo,
3395 1415 3507 1470 cla-

1917 1485 2090 1549 mavi,
2143 1484 2390 1543 clamabo
2445 1475 2544 1559 ρᾌι*
2576 1508 2781 1561 navum,
2827 1507 2873 1551 et
2910 1475 3042 1555 sicut
3086 1505 3209 1560 tuba
3264 1509 3552 1570 πωπω,

1916 1590 2091 1630 vocem
2132 1593 2306 1632 meam
2331 1578 2466 1649 (Isa.
2501 1584 2676 1654 Lvnt),
2714 1595 2776 1644 et,
2811 1593 3144 1652 annuutiabo
3185 1597 3279 1658 tibi
3320 1615 3540 1658 exces-w

1875 1717 1877 1720 .
1916 1680 2008 1723 sus
2039 1675 2178 1734 tuos,
2209 1678 2264 1724 et
2291 1681 2532 1744 satagam
2578 1685 2628 1732 te
2669 1693 2925 1737 revocare
2953 1699 3050 1753 pro
3078 1687 3284 1744 viribus
3311 1707 3342 1746 a
3371 1708 3507 1754 con—
3553 1731 3556 1756 τ

1916 1761 2117 1814 tumaci
2157 1760 2390 1818 elatione
2430 1771 2538 1820 tua.
2571 1766 2724 1830 Quod
2773 1772 2908 1830 dicis
2967 1784 3019 1830 te
3068 1779 3235 1843 serris
3279 1783 3472 1846 tritum
3491 1763 3560 1848 ξεί

1865 1899 1884 1945 5
1915 1849 2214 1924 improprie
2250 1866 2510 1925 quantum
2554 1863 2729 1918 audeo
2763 1865 2945 1924 dicere
2988 1868 3209 1931 hoctua
3237 1891 3552 1945 gramarum.

215 1909 471 1977 requiem
514 1907 821 1965 sublimiter
858 1913 1247 1984 suscipiuntur.
1294 1917 1386 1975 Sic
1425 1936 1525 1976 uva
1568 1922 1810 1980 calcibus
1841 1907 1886 1974 Β

1915 1942 2020 1997 tica
2054 1946 2278 2014 protulit
2307 1965 2321 2002 :
2351 1965 2509 2006 nemo
2551 1953 2695 2008 enim
2746 1959 2912 2014 serris
2959 1962 3174 2028 teritur,
3203 1942 3303 2020 sed
3347 1979 3504 2024 seca-

1915 2048 2020 2106 tur,
2047 2043 2189 2112 quod
2220 2043 2354 2100 bene
2378 2045 2578 2103 Paulus
2603 2049 2868 2108 intellexit
2889 2057 3140 2115 scribens
3155 2061 3224 2115 ad
3247 2060 3559 2119 Hebraeos».

1913 2147 2035 2188 cum
2069 2136 2352 2204 passiones
2390 2150 2706 2200 sanctorum
2749 2146 3247 2218 descripsitdicens
3273 2169 3292 2207 :
3313 2153 3558 2210 Sancti»

1911 2225 2141 2282 ludibria
2179 2240 2230 2285 et
2267 2233 2479 2287 verbera
2503 2238 2725 2306 experti,
2748 2239 2968 2311 insuper
2995 2253 3042 2297 et
3071 2245 3284 2300 anicula
3312 2259 3555 2304 eccas-ﬁ»

1870 2361 1871 2364 η
1910 2333 2073 2384 ceres,
2098 2319 2322 2390 lapidati
2351 2337 2494 2388 sunt,
2523 2330 2649 2382 secti
2687 2341 2808 2385 sunt
2831 2332 3191 2407 (Helm-vn):
3223 2343 3505 2398 non-enim
3549 2365 3556 2374 π

1910 2411 2049 2466 dixit
2079 2414 2193 2468 triti
2235 2425 2364 2471 sunt
2397 2435 2408 2472 :
2445 2433 2598 2475 serra
2632 2423 2777 2477 enim
2805 2423 3023 2481 dentata
3065 2429 3180 2484 ﬁeri
3215 2430 3427 2501 legitur,
3451 2441 3509 2488 et
3537 2457 3540 2460 ·

1910 2513 2012 2571 ego
2053 2512 2314 2572 quantum
2356 2523 2577 2578 possum
2619 2514 2854 2570 dentatis
2888 2517 3057 2574 serris
3083 2527 3138 2575 te
3160 2521 3228 2576 ab
3258 2522 3512 2579 acciden-

1910 2589 2056 2647 tibus
2091 2609 2212 2663 quze
2249 2596 2504 2670 episeopo
2535 2616 2641 2657 non
2671 2613 2800 2659 sunt
2823 2609 3044 2679 propria
3077 2627 3266 2668 secare
3293 2614 3502 2681 laboro,
3548 2638 3552 2642 ·

1908 2690 1963 2734 et
2008 2681 2346 2752 spiritalibus
2384 2689 2638 2748 dentibus
2676 2697 2928 2754 mordere
2957 2715 3021 2755 ae
3045 2703 3284 2760 stimulis
3309 2707 3504 2762 verbo.
3555 2741 3557 2744 -

1907 2791 2030 2831 rum
2079 2783 2434 2848 monentium,
2465 2796 2524 2842 et
2557 2789 2722 2846 clavis
2757 2793 3189 2866 inerepationum
3231 2803 3504 2876 contigere

1908 2883 2016 2923 non
2076 2873 2352 2942 omittam;
2405 2881 2686 2949 quoniam,
2735 2894 2794 2939 ut
2837 2885 3118 2959 Scriptura
3161 2873 3503 2958 diciwverbu

1905 2965 2199 3034 sapientum
2227 2972 2378 3039 quasi
2415 2974 2637 3040 stimuli,
2665 2987 2715 3031 et
2747 2981 2912 3050 quasi
2945 2981 3090 3039 clavi
3110 2985 3165 3039 in
3195 2986 3502 3043 altum"de-
3533 3005 3538 3012 '

1904 3056 2002 3123 ﬁxi
2032 3057 2224 3128 (Eccli.
2264 3063 2389 3130 xu),
2433 3067 2560 3135 quia
2600 3068 2885 3137 videlicet,
2933 3083 2993 3128 ut
3042 3079 3265 3146 exponit
3311 3080 3502 3136 beatus
3551 3107 3556 3112 -

1906 3145 2222 3218 Gregorius,
2263 3155 2443 3210 verba
2480 3158 2790 3227 sapientum
2835 3145 3503 3240 culpas-delinqueminnr

1907 3239 2157 3294 nesciunt
2184 3241 2428 3313 palpare,
2457 3248 2550 3301 sed
2583 3265 2840 3322 pungere.
2876 3252 3014 3321 Quia
3051 3269 3181 3314 vero
3220 3239 3501 3334 incompoé
3545 3294 3550 3298 κ

1903 3331 2006 3386 site
2037 3337 2373 3402 prreteritum
2403 3340 2552 3395 verbi
2582 3351 2738 3397 teror'
2758 3347 2925 3403 serris
2951 3355 3324 3422 composuisti,
3359 3358 3496 3413 mul-
3551 3365 3556 3372 '

1901 3426 1970 3480 tis
1997 3427 2128 3482 locis
2160 3446 2266 3485 non
2295 3431 2469 3488 solum
2506 3435 2558 3490 in
2595 3447 2680 3491 tua
2707 3445 3081 3510 grammatica,
3115 3449 3208 3502 sed
3241 3450 3407 3506 etiam
3438 3452 3493 3507 in

1899 3517 2196 3590 Scripturis
2224 3526 2486 3593 prmvales
2518 3529 2784 3594 invenire,
2819 3535 2914 3589 sed
2943 3545 2999 3591 et
3027 3539 3086 3591 in
3121 3539 3212 3594 illo
3237 3540 3368 3599 loco
3395 3546 3492 3600 ubi

1897 3609 2158 3666 Dominus
2203 3613 2370 3686 Moysi
2402 3619 2636 3686 qualiter
2665 3623 2961 3694 thymiama
2991 3631 3136 3698 quod
3167 3641 3351 3687 nostra
3375 3633 3488 3689 lin-
3521 3637 3550 3658 "

1897 3717 1998 3770 gua
2028 3702 2312 3760 incensum
2359 3709 2560 3763 dicitur
2585 3710 2963 3784 facereijussit
2988 3719 3177 3776 dicens
3211 3740 3230 3774 τι
3255 3721 3491 3796 Cumque
3551 3743 3556 3750 '

1893 3795 1948 3848 in
1980 3797 2344 3852 tenuissimum
2379 3802 2642 3870 pulverem
2680 3808 2935 3863 uniuersa
2956 3813 3486 3886 contuderis'(Ea-.od.
3531 3821 3535 3828 ’

1893 3887 2046 3958 xxx).
2081 3887 2237 3944 Unde
2261 3900 2484 3949 sanctus
2519 3893 2844 3968 Gregorius:
2874 3901 2927 3956 in
2969 3905 3342 3962 tenuissimum
3371 3911 3490 3979 pul-

1891 3993 2072 4034 verem
2119 3991 2364 4037 aromata
2408 3985 2660 4043 universa
2691 3992 3041 4049 conterimus.
3066 3995 3144 4051 ‘Et
3174 3997 3334 4064 item,
3349 4005 3485 4055 aro:

1891 4083 2035 4129 mata
2077 4072 2134 4130 in
2162 4073 2439 4147 pulverem
2472 4078 2738 4151 redigere,
2767 4091 2854 4138 est
2877 4083 3112 4144 virtutes
3139 4089 3488 4162 re‘c0gitandd

1891 4173 2087 4223 terere.
2118 4165 2292 4236 Hujus
2319 4168 2482 4226 activi
2507 4172 2790 4242 passivum
2809 4177 3083 4240 est,'sicut'
3099 4180 3294 4240 melius
3317 4185 3480 4251 uasti,

1887 4268 2062 4324 teror,
2105 4261 2260 4332 cujus
2307 4272 2392 4319 est
2437 4266 2784 4335 praeteritum
2814 4272 3006 4338 sum,
3037 4275 3182 4345 quod
3225 4279 3494 4336 non"rite'

1887 4351 2077 4414 serris,
2107 4351 2203 4406 sed
2229 4352 2352 4422 pilae
2385 4369 2450 4410 ac
2478 4356 2589 4425 pilo
2621 4360 2801 4428 potius
2829 4362 3090 4432 applicari
3132 4367 3483 4433 debet,"“sicut
3516 4381 3532 4384 "
3559 4431 3572 4438 __

1888 4439 2144 4494 Salomon
2184 4443 2522 4499 demonstrat
2559 4446 2745 4503 dicens
2779 4465 2792 4503 ε
2822 4447 2882 4506 Si
2902 4453 3216 4511 'contuderis
3261 4460 3492 4514 stultum

1885 4532 1942 4606 in
1979 4530 2107 4601 pila,
2138 4533 2289 4602 quasi
2319 4535 2557 4604 ptisanae
2585 4537 2801 4605 feriente
2828 4541 3051 4612 desuper
3077 4545 3208 4614 pilo,
3239 4555 3481 4604 nonnu-

1889 4601 2232 4688 [ἐνετετναῦεο
2257 4601 2484 4679 stultitia
2503 4601 2616 4696 ejus
2635 4626 2816 4698 (Prov.
2840 4601 3039 4704 xxvii).
3071 4601 3338 4710 QuOdquc

1887 4905 1946 4951 ut
1974 4906 2120 4952 recte
2137 4900 2664 4968 possimus-Domino
2693 4905 2922 4962 dicere:
2964 4909 3240 4981 Dirigatur
3277 4915 3470 4992 “oratio

1887 5005 2002 5043 mea
2048 4992 2184 5045 sicut
2240 4993 2507 5048 incensum
2555 4996 2610 5051 in
2653 5011 2928 5070 conspectu
2967 5011 3065 5055 tua“
3097 5001 3271 5072 '(Psal.
3319 5007 3464 5078 exe).

1955 5080 2033 5135 De
2057 5095 2126 5137 eo
2147 5084 2298 5153 quod
2341 5085 2478 5140 dicis
2519 5093 2572 5142 te
2615 5089 2800 5143 mirari
2839 5095 2936 5146 cur
2963 5089 3251 5148 Hadull‘um
3285 5096 3470 5151 ta'udlu
3543 5107 3546 5112 '

1880 5182 2244 5228 remorantem
2277 5189 2382 5229 non
2411 5177 3040 5250 remiltam,praasertim
3062 5197 3188 5238 cum
3215 5200 3377 5254 super
3401 5201 3472 5242 eo
3544 5207 3545 5210 η

1879 5277 2034 5329 mem,
2079 5274 2136 5319 ut
2159 5263 2365 5334 justum
2393 5279 2533 5337 erat,
2588 5274 2826 5329 annuisti
2883 5276 3296 5343 interventloni,
3347 5279 3473 5336 ideo
3519 5289 3521 5294 '

1833 5387 1836 5392 -
1879 5353 2108 5422 pleniter
2135 5372 2240 5411 non
2277 5363 2600 5431 respondeo,
2629 5365 2754 5433 quia
2785 5369 3000 5422 sincera
3028 5383 3133 5424 non
3165 5369 3250 5426 est
3277 5371 3462 5430 solidi-
3528 5372 3547 5386 ⁸

1879 5451 1991 5498 tate
2016 5445 2264 5503 veritatis
2292 5458 2348 5504 et
2373 5451 2658 5509 charitatis
2681 5463 2844 5526 atque
2870 5459 3022 5528 pacis
3046 5467 3134 5516 tua
3163 5465 3460 5533 mandatlo,
3510 5541 3512 5544 ι

1879 5541 2088 5589 tantum
2130 5537 2232 5591 hoc
2267 5540 2531 5605 rescribo,
2559 5544 2686 5612 quia
2727 5547 3154 5618 quotiescunque
3182 5545 3250 5608 ad
3274 5569 3366 5609 me
3392 5553 3462 5609 il-
3510 5541 3520 5570 ³

1874 5623 1984 5680 lum
2022 5627 2248 5693 misisti,
2284 5644 2498 5700 semper
2529 5632 2626 5687 tibi
2658 5634 2808 5690 illum
2855 5638 3058 5704 remisi,
3092 5651 3147 5698 et
3176 5657 3284 5698 non
3323 5645 3465 5704 sicut

1873 5715 1996 5771 aliis
2030 5716 2227 5774 litteris
2257 5720 2321 5775 de
2347 5734 2414 5775 eo
2444 5721 2575 5776 mihi
2607 5723 2832 5782 directis
2858 5731 3216 5800 quantum‘ex
3245 5749 3332 5791 me
3357 5746 3459 5803 est,

1866 5819 2250 5868 contumacem
2289 5811 2438 5869 illum
2477 5831 2507 5869 a
2550 5823 2922 5894 me-receplstl
2965 5825 3122 5896 quasi
3168 5835 3458 5884 contumax

1873 5900 1967 5958 tibi
1995 5903 2265 5961 exstiterit
2299 5923 2312 5960 :
2345 5921 2452 5963 non
2476 5924 2594 5966 mea
2626 5914 2831 5987 suasio,
2867 5919 2984 5984 sed,
3016 5927 3075 5973 ut
3102 5919 3330 5985 aestimo,
3366 5927 3455 5973 tua

2943 6009 3018 6072 18
