4002 6296
489 475 594 536 553

1443 467 1775 526 HINCMARI
1817 461 2215 524 RHEMENSIS
2253 463 2777 522 ARCHlEPlSCOPl

3662 466 3768 520 556

490 590 656 645 factio
694 590 796 645 hoc
825 588 891 641 ab
918 585 1004 640 illo
1029 582 1224 654 exegit,
1251 581 1376 651 quia
1405 589 1464 635 ut
1488 589 1618 651 puto
1645 579 1813 636 calice
1843 578 2074 650 Babylo-
2102 581 2150 640 Α
2181 585 2278 646 per
2307 587 2466 632 veras
2517 575 2844 641 osu’e‘nditur,
2877 573 3127 629 videlicet
3175 573 3301 644 qum
3352 573 3493 628 sicut
3539 574 3642 628 tibi
3697 583 3765 628 ex

489 682 612 735 uico
646 694 753 750 quo
781 676 1020 732 vicissim
1071 691 1131 728 ac
1176 673 1488 744 singillatim
1530 681 1720 746 gentes
1763 672 2077 743 propinatas

488 786 660 840 usque
685 770 752 823 ad
779 764 948 838 Sesag
971 765 1062 840 [f.,
1096 763 1324 838 Sesach]
1370 766 1727 821 novissimum
1751 764 2010 836 legimus,
2045 778 2076 816 a

488 875 543 918 te
571 864 658 917 ille
685 862 846 917 etiam
893 869 978 915 est
1023 861 1362 930 propinatus,
1388 860 1529 914 sicut
1558 865 1613 912 et
1644 841 1827 928 plures
1862 856 1953 910 alii
1984 871 2078 910 ex-

489 959 759 1012 stiterunt.
793 955 948 1022 Nam,
982 962 1040 1008 ut
1066 954 1327 1024 scriptum
1359 963 1442 1008 est
1469 951 1684 1024 (Jcrem.
1721 949 1875 1021 xxv),
1901 963 1930 1003 a
1959 961 2077 1003 san-

490 1048 700 1102 ctuario
745 1059 866 1101 meo
907 1045 1150 1115 incipite,
1185 1055 1213 1098 a
1253 1057 1339 1099 me
1370 1043 1637 1098 nutritore
1673 1048 1785 1106 tuo,
1811 1047 1866 1094 et
1897 1039 1962 1093 ab
1992 1038 2081 1093 his

490 1141 580 1208 qui
634 1148 683 1192 te
732 1153 941 1192 mecum
995 1137 1324 1199 nutrierunt,
1359 1135 1441 1189 vel
1483 1135 1623 1188 inter
1663 1147 1799 1204 quos
1843 1133 2082 1186 nutritus

490 1213 656 1298 fiiis‘ti,
687 1233 837 1303 prius
869 1230 1140 1301 ineoepisti
1173 1231 1557 1300 derelinquens
1586 1245 1703 1293 nos,
1731 1229 1784 1283 et
1820 1229 1944 1284 odio
1983 1227 2080 1282 ha-

488 1325 618 1380 bere
654 1327 946 1389 inchoans,
988 1331 1151 1393 atque
1198 1325 1426 1378 aliorum
1473 1322 1874 1377 familiaritates
1917 1335 2080 1391 exped

491 1428 629 1484 lens,
655 1419 852 1474 deinde
879 1433 975 1488 per
1006 1417 1158 1481 alios,
1189 1418 1243 1471 et
1272 1416 1406 1469 alios
1464 1423 1571 1514 tam
1601 1416 1804 1468 amicos
1832 1429 1991 1482 quam
2025 1419 2079 1468 et

491 1509 748 1575 subditos,
796 1519 903 1564 tam
934 1509 1160 1563 clericos
1199 1521 1364 1579 quam
1403 1516 1457 1560 et
1495 1505 1662 1562 laicus
1693 1507 1951 1560 hactenus
1976 1505 2082 1561 dis—

491 1617 751 1667 currens,
796 1609 849 1655 et
896 1601 1097 1655 viritim
1151 1599 1523 1669 praecedentes
1559 1596 1868 1666 relinquens
1911 1605 2083 1666 usque

492 1696 558 1750 ad
596 1696 739 1750 hunc
781 1695 874 1749 tibi
921 1693 1402 1748 familiarissimum
1435 1705 1629 1745 cursus
1659 1699 1782 1745 tuus
1813 1689 2080 1758 pervenit,

490 1795 545 1840 et
578 1802 701 1840 cum
738 1785 830 1839 tali
865 1786 1034 1858 gratia
1078 1784 1146 1839 de
1183 1785 1326 1839 scala
1356 1783 1528 1838 vitrea
1560 1789 1666 1836 tua:
1693 1781 2081 1836 familiaritatis

490 1875 717 1942 decidit,
753 1878 896 1931 sicut
933 1885 988 1930 et
1025 1891 1124 1931 nos
1162 1878 1394 1946 priores,
1423 1885 1478 1930 et
1510 1874 1653 1928 illius
1696 1874 1762 1928 de
1805 1873 1910 1927 tuis
1954 1872 2080 1928 sub-

2179 667 2374 722 ordlue
2425 667 2640 738 scripsi,
2699 673 2942 736 tempore
2997 661 3217 735 Tilpin'i,
3275 671 3329 720 et
3379 666 3602 734 quando
3649 671 3768 734 post

2178 773 2302 816 eum
2331 763 2430 829 per
2458 767 2631 815 annos
2675 740 2896 814 circiter
2940 765 3134 811 novem
3167 757 3478 827 metropolis
3535 755 3772 815 liticine-

2180 865 2303 908 rum
2328 851 2542 907 vacavit
2567 847 2842 922 episeopo,
2875 853 2927 906 et
2961 853 3204 920 tempore
3241 849 3516 915 Wolfa'rii,
3551 851 3610 906 et
3638 860 3770 906 tem-

2178 959 2311 1019 pore
2337 945 2558 1011 Ebonis,
2593 943 2648 1001 et
2676 947 2892 1018 quando
2924 943 3107 1007 Folco.
3150 949 3204 1000 et
3243 951 3362 1013 pou
3399 951 3525 998 eum
3568 941 3769 1001 Nottho

2179 1041 2353 1109 ipsum
2396 1038 2728 1111 episcopium
2759 1041 3067 1102 tenuerunt,
3117 1035 3214 1091 sed
3265 1046 3320 1091 et
3353 1044 3599 1106 tempore
3631 1039 3766 1092 ibeo.

2179 1131 2284 1186 Per
2329 1133 2572 1202 te'm‘pdra
2626 1131 3004 1201 episcoporum
3073 1112 3450 1183 Lauduuensis
3527 1127 3772 1184 ecclesia

2181 1224 2496 1280 Gencbaudi
2525 1223 2772 1278 videlicet
2802 1222 3055 1291 junioris,
3089 1219 3438 1288 Berneemns,
3473 1219 3767 1288 Gairl‘rcdi,

2181 1309 2507 1380 Wanilonis,
2541 1305 2795 1381 Ostroldi,
2844 1326 2896 1370 et
2938 1313 3157 1385 quando
3185 1307 3536 1385 epiSCO‘patus
3560 1313 3772 1371 γπὺῆ

2183 1408 2236 1460 in
2261 1406 2551 1473 Ailcmaro,
2585 1413 2637 1461 et
2686 1416 2928 1477 tempore
2960 1405 3252 1473 Simeonis,
3284 1417 3347 1463 ac
3393 1403 3648 1472 Pardull,
3685 1408 3771 1463 sed

2181 1507 2236 1554 et
2267 1508 2358 1554 tuo
2385 1503 2625 1570 tempore
2654 1515 2748 1571 per
2801 1499 3040 1571 tempora
3072 1499 3284 1571 qdantio
3320 1491 3590 1557 R'odulfus
3641 1496 3768 1556 tem-

2182 1605 2313 1662 pore
2332 1586 2530 1662 Tilpiui
2553 1589 2740 1646 habuit
2769 1591 2952 1646 villain
2981 1583 3440 1665 Folla‘naebrayrim
3474 1587 3534 1647 in
3573 1591 3773 1649 beneﬂ-

2183 1684 2289 1748 cio,
2315 1683 2368 1736 et
2393 1693 2512 1752 post
2529 1695 2650 1738 cuin
2674 1681 3014 1748 Odelliarius,
3043 1679 3236 1740 deinde
3249 1679 3559 1757 Udalglsits,
3581 1680 3775 1743 deinde

2184 1774 2545 1832 Odelliarius:
2580 1775 2774 1831 deinde
2821 1776 3037 1845 quando
3078 1786 3198 1846 post
3225 1773 3347 1832 etim
3383 1777 3526 1833 idEm
3582 1779 3773 1835 beneﬂ-

2149 1911 2152 1915 .
2185 1868 2328 1922 cium
2380 1867 2726 1923 Commissum
2766 1867 2866 1923 fuit
2895 1861 3120 1933 Osvero,
3155 1865 3340 1925 habuit
3370 1869 3489 1939 ipsa
3546 1861 3774 1928 Ecclesia

496 1968 624 2022 ditis
669 1977 1041 2022 antecessores
1083 1968 1399 2034 cecidimus,
1443 1969 1484 2022 si
1531 1974 1713 2021 tamen
1759 1964 1880 2019 talis
1920 1979 2078 2020 casus
2107 1951 2153 2020 Β
2185 1962 2235 2014 in
2270 1959 2674 2031 Follanzebrayo
2700 1970 2911 2032 semper
2942 1959 3307 2034 presbyteros,
3337 1967 3406 2019 ex
3434 1977 3548 2035 quo
3569 1977 3773 2022 meina-

492 2074 601 2113 non
641 2060 821 2129 potius
859 2073 1116 2114 ascensus
1157 2071 1319 2128 quam
1359 2073 1519 2113 casus
1550 2058 1655 2111 dici
1697 2057 1907 2111 debeat.
1942 2055 2076 2110 Cum

490 2150 589 2204 tibi
615 2148 866 2206 Salomon
899 2151 1042 2206 dicat
1069 2169 1081 2206 :
1109 2151 1347 2204 Amicum
1375 2160 1543 2215 luunt,
1580 2159 1625 2202 et
1661 2149 1888 2203 amicum
1915 2147 2079 2218 patris

492 2243 570 2295 tui
602 2243 937 2296 nedimiseris
966 2241 1150 2313 (Prov.
1170 2243 1366 2313 xxv").
1389 2243 1456 2296 Et
1478 2250 1698 2296 sanctus
1723 2241 2081 2310 Hieronymus

491 2333 650 2387 dicit:
703 2334 1085 2401 Proverbium,
1121 2334 1399 2405 inquiens,
1447 2341 1529 2389 est
1569 2334 1710 2403 quod
1761 2331 1954 2387 Serviri
1994 2346 2077 2385 ne-

489 2435 658 2496 queat
685 2427 775 2496 qui
807 2427 940 2482 nulli
978 2428 1226 2493 servivit,
1257 2427 1397 2482 sicut
1421 2426 1517 2481 tibi
1550 2426 1739 2482 serviri
1773 2439 1878 2479 non
1907 2427 2083 2493 potest

492 2518 585 2588 qui
632 2518 764 2572 nulli
811 2520 1050 2585 servisti,
1081 2521 1280 2590 quique
1329 2517 1434 2574 n'0n
1484 2517 1800 2582 laborando,
1826 2517 1920 2570 sed
1953 2514 2082 2569 deli-

491 2609 710 2676 ciando,
757 2621 812 2666 et
862 2613 1181 2667 dormienda
1231 2612 1453 2666 alterius
1508 2611 1692 2665 labore
1732 2609 1876 2677 quod
1920 2607 2082 2662 habes

489 2702 720 2774 adeptus
752 2700 923 2757 fuisti.
959 2703 1022 2756 Et
1050 2703 1192 2773 quod
1225 2701 1534 2757 Simonides
1564 2717 1684 2756 cmn
1714 2700 2079 2769 interrogare—

490 2801 581 2847 tur
625 2794 768 2863 quod
814 2794 957 2850 inter
1003 2795 1248 2849 homines
1299 2794 1584 2848 celerrime
1636 2799 2079 2853 consenesceret,

488 2881 836 2950 beneﬁcium,
868 2885 1061 2954 inquit,
1105 2885 1392 2940 manifeste
1421 2885 1682 2940 ostendis.
1720 2884 1784 2937 Et
1827 2881 2080 2936 Salomon

490 2975 624 3030 dicit
649 2994 662 3029 :
688 2975 792 3042 Qui
826 2977 995 3031 reddit
1029 2980 1170 3031 mala
1194 2995 1288 3048 pro
1315 2979 1482 3043 bonis,
1512 2994 1615 3031 non
1654 2976 1854 3031 recedet
1885 2973 2082 3028 malum

489 3069 552 3121 de
597 3072 756 3124 doma
801 3070 951 3139 ejus,
1003 3081 1049 3124 et
1097 3072 1186 3141 qui
1228 3073 1416 3124 mentis
1453 3081 1528 3125 est
1567 3071 1739 3134 dum,
1783 3078 1986 3122 corruet
2028 3069 2084 3121 in

490 3162 688 3216 malum
716 3161 902 3233 (Prov.
937 3163 1151 3236 xxvi").

562 3253 639 3307 De
669 3254 774 3309 hoc
807 3255 950 3324 quod
985 3255 1122 3310 dicis
1155 3265 1208 3309 te
1237 3254 1452 3310 nescire
1483 3253 1625 3308 unde
1657 3252 1827 3308 sciam
1863 3263 1912 3306 te
1940 3265 2074 3306 con-

2183 2055 2290 2108 rari
2327 2055 2523 2124 potest,
2555 2048 2853 2109 Ferherum
2911 2049 3134 2119 scilieet,
3191 2062 3244 2111 et
3273 2061 3398 2128 post
3443 2063 3575 2114 eum
3605 2053 3774 2118 Dodo-

2182 2161 2325 2211 ncm,
2357 2147 2550 2201 deinde
2580 2141 2989 2214 llaimbraduin‘,
3009 2141 3207 2204 deinde
3227 2146 3560 2218 Ottericuin,
3583 2151 3641 2209 et
3662 2151 3774 2225 post

2183 2256 2303 2296 cum
2330 2247 2424 2309 per
2450 2241 2688 2311 quinque
2713 2257 2884 2296 annos
2910 2229 3270 2309 Bertl‘ridum;
3297 2252 3351 2299 e‘t
3376 2251 3662 2318 nunquam
3684 2248 3774 2304 fuit

2183 2333 2430 2389 ecclesiae
2469 2333 2519 2387 in
2554 2328 2837 2389 Codieiaco
2869 2329 3132 2405 subjecta.
3167 2335 3232 2390 Et
3260 2337 3477 2405 quando
3507 2337 3773 2398 Oitericus

2184 2427 2466 2496 presbyter
2487 2424 2770 2481 ordinatus
2794 2441 2824 2478 a
2845 2415 3131 2482 Wan’ilbne
3153 2421 3505 2484 Lauduuensi
3529 2431 3774 2502 episeopo

2185 2519 2238 2572 in
2269 2518 2492 2573 ecclesia
2527 2504 2931 2590 Follaumlirayd
2971 2513 3220 2588 degebat,
3250 2505 3347 2574 fuit
3379 2515 3677 2593 presbyter
3722 2525 3770 2578 in

2185 2612 2470 2666 Co;’.iciaco
2502 2610 2855 2665 Noeialbc‘rtus
2885 2617 2980 2681 per
3005 2627 3177 2667 anuos
3213 2608 3432 2667 circiter
3465 2607 3677 2686 viginti,
3720 2623 3772 2670 et

2185 2703 2304 2774 post
2358 2693 2744 2756 Nodalherltnn
2785 2697 2884 2756 fuit
2917 2703 2989 2757 ibi
3041 2703 3323 2774 presbyter
3348 2703 3658 2762 Gozmarus
3685 2719 3774 2778 per

2186 2812 2356 2852 annos
2377 2795 2596 2850 circiter
2625 2795 2874 2866 triginta.
2911 2792 2976 2848 Et
3007 2806 3127 2866 post
3155 2795 3510 2861 Gozmarum,
3545 2801 3686 2855 sient
3710 2791 3774 2855 ibi

2186 2887 2511 2960 prmsctripsi,
2540 2887 2660 2940 misi
2695 2885 2854 2942 lSllilll
2887 2883 3271 2943 Haimeradutu
3295 2885 3387 2960 qui
3417 2891 3468 2945 iu
3495 2885 3775 2950 Codiciam

2187 2996 2329 3033 nunc
2361 2979 2498 3050 degit
2535 2975 2774 3033 Simeoni
2825 2978 2890 3032 ad
2918 2979 3299 3045 ordinandum,
3329 2995 3490 3050 quem
3525 2982 3578 3036 in
3608 2985 3774 3039 eccle-

2188 3071 2290 3136 sia,
2313 3075 2432 3140 qua:
2463 3078 2546 3126 est
2573 3070 2625 3122 in
2657 3063 2967 3135 (Indiciaco,
3002 3071 3290 3125 ordinavit.
3321 3067 3390 3126 Et
3420 3076 3666 3145 letnpzire
3698 3077 3775 3130 Si-

2189 3166 2398 3221 meonis
2427 3155 2641 3233 semper
2670 3159 2720 3216 in
2754 3157 3157 3235 Follauazbrayo
3190 3161 3466 3220 Ottericus
3499 3169 3776 3240 presbyter

2190 3259 2328 3314 sicut
2358 3259 2408 3311 iu
2447 3272 2508 3311 ea
2540 3257 2822 3312 ordinatus
2853 3253 3069 3312 mansit.

491 3345 730 3400 sensisse
779 3346 1062 3401 ecclesiam
1115 3346 1323 3401 Sanato
1366 3346 1566 3402 clerico
1599 3353 1788 3400 nostro
1818 3344 1874 3399 in
1903 3341 2080 3398 Folla-
2108 3341 2153 3404 C
2257 3346 2364 3404 Sed
2393 3356 2447 3404 et
2473 3351 2714 3419 tempore
2743 3339 2959 3402 Parduli
2993 3347 3162 3419 usque
3208 3335 3349 3405 circa
3397 3351 3558 3406 linem
3590 3351 3772 3422 ipsius,

492 3440 765 3512 naebrayo,
801 3441 1060 3509 quoniam
1110 3457 1212 3495 nec
1241 3458 1328 3496 res
1361 3452 1486 3495 uota
1525 3451 1628 3505 est,
1662 3432 1766 3494 nec
1794 3453 1892 3509 per
1921 3451 2081 3492 casus

495 3541 589 3585 aut
619 3530 822 3588 formas
852 3533 1044 3589 saltem
1097 3533 1422 3588 verisimiles
1475 3533 1800 3597 inﬂectitur,
1857 3540 1913 3587 et
1961 3531 2082 3586 ideo

493 3640 594 3680 nec
626 3634 676 3680 te
710 3628 1050 3683 consensisse
1079 3627 1214 3693 scio,
1251 3642 1351 3682 nec
1384 3625 1515 3682 illud
1548 3627 1788 3696 probare
1834 3639 2080 3696 possum,

497 3713 594 3768 tibi
649 3717 914 3782 rescribo,
963 3718 1090 3788 quia
1149 3718 1431 3788 indignum
1489 3715 1584 3771 tibi
1634 3731 1760 3772 esse
1800 3716 2082 3781 debuerat,

494 3807 748 3876 quoniam
795 3820 880 3864 est
933 3811 1119 3880 utique
1174 3811 1488 3865 indecorum
1555 3819 1610 3864 ut
1673 3824 1774 3880 pro
1838 3809 2086 3864 illusione

495 3915 618 3954 mea
676 3902 961 3971 episcopus
1033 3901 1098 3955 ad
1157 3918 1327 3956 cunas
1396 3901 1660 3956 infantilis
1718 3899 2089 3970 grammatica!

494 3992 743 4046 redires:
776 3992 881 4044 hoc
934 3992 1078 4044 enim
1131 3993 1276 4060 quod
1331 3993 1464 4046 mihi
1510 3992 1706 4047 scribis
1758 3991 2090 4061 respondere

493 4083 707 4137 solebas
757 4083 811 4134 in
843 4081 1048 4148 schola,
1083 4083 1302 4150 quando
1359 4083 1577 4138 nomina
1606 4123 1620 4145 ,
1679 4083 1765 4137 vel
1819 4082 2090 4153 pronomi-

495 4189 591 4238 na,
620 4187 716 4227 seu
748 4172 910 4226 verba
943 4171 1237 4235 declinare,
1268 4188 1354 4227 me
1376 4173 1625 4242 jubente,
1670 4173 2034 4228 insinuabaris
2071 4191 2084 4227 :

496 4283 620 4322 cum
681 4266 826 4320 enim
899 4275 950 4320 te
1007 4266 1415 4322 conscliolarius
1471 4266 1729 4337 puerulus
1787 4265 2090 4335 interroga-

495 4359 591 4413 bat
637 4359 739 4415 hoc
770 4359 853 4414 vel
885 4359 1012 4415 illud
1054 4377 1174 4429 qua:
1202 4375 1327 4431 pars
1353 4360 1486 4414 est?
1539 4359 1890 4429 Respondere
1941 4359 2088 4414 sole-

504 4455 599 4507 bas
629 4454 768 4509 sicut
798 4455 894 4509 tibi
936 4454 1223 4509 videbatur
1253 4468 1373 4523 quze
1401 4469 1528 4523 pars
1573 4461 1725 4519 erat;
1759 4463 1815 4508 et
1846 4452 2086 4507 inferen-

499 4555 554 4601 te
585 4547 693 4613 illo,
726 4550 869 4604 unde
921 4550 1024 4604 hoc
1069 4549 1258 4614 scires,
1293 4548 1536 4613 dicebas,
1571 4548 1616 4602 si
1666 4547 1771 4601 rite
1801 4547 2086 4611 remetior,

498 4638 640 4708 quod
671 4638 799 4692 mihi
849 4640 1031 4694 multis
1077 4639 1192 4708 jam
1245 4641 1402 4695 annis
1432 4639 1727 4694 transactis
1775 4654 1882 4694 non
1940 4641 2090 4694 venit

2184 3445 2239 3500 et
2279 3447 2404 3497 tunc
2443 3429 2754 3512 Wlfegerus
2774 3439 3002 3497 clericus
3036 3442 3206 3512 ipsam
3231 3439 3514 3498 ecclesiam
3544 3460 3776 3500 consen-

2185 3535 2351 3589 tiente
2375 3531 2608 3588 Pardulo
2637 3535 2807 3588 tenuit
2841 3529 3015 3606 usqiie‘
3039 3534 3104 3589 ad
3128 3525 3334 3590 obitum
3359 3515 3570 3590 βίη·ῄηὶ
3602 3557 3617 3590 :
3652 3545 3783 3607 post

2185 3627 2391 3682 obitum
2440 3628 2620 3682 autem
2656 3613 2896 3693 Pardtili,
2945 3615 2999 3682 ei
3036 3625 3158 3698 post
3206 3623 3582 3683 ordinationem
3621 3630 3782 3685 tuam

2186 3718 2491 3776 Bertfridus
2507 3713 2788 3792 presbyter
2819 3719 2872 3774 in
2903 3725 2994 3774 tua
3015 3717 3243 3775 ecclesia
3277 3727 3428 3775 s‘ecus
3452 3719 3779 3787 Cadomum,

2189 3819 2242 3871 et
2273 3816 2324 3869 in
2356 3814 2583 3869 ecclesia
2615 3822 2800 3869 nostra
2865 3815 2915 3867 ἰή
2971 3807 3375 3886 Follanmlira‘yo
3405 3821 3499 3884 per
3543 3811 3780 3886 Quinqizc

2189 3909 2409 3965 circiter
2447 3911 2617 3962 annos
2642 3898 2876 3961 officium
2911 3903 3247 3961 sacerdotale
3265 3898 3556 3961 exhibuit:
3604 3913 3777 3961 utrum

2193 4010 2248 4056 tu
2280 4001 2385 4055 hoc
2421 4000 2788 4064 consenserls,
2825 4005 2881 4053 tit
2906 4006 3050 4053 tuam
3077 3997 3384 4061 ccclb‘Siam,
3409 3993 3564 4068 juxta
3625 4011 3777 4068 quam

2192 4094 2308 4151 ibas
2351 4101 2405 4149 et
2451 4093 2668 4149 redibas
2693 4091 2909 4164 qnando
2933 4092 2996 4146 ad
3023 4093 3282 4162 palatium
3316 4092 3455 4158 ibas,
3489 4089 3574 4145 vel
3625 4093 3689 4145 dc
3719 4106 3778 4145 eo

2194 4185 2430 4252 redibas,
2467 4199 2588 4239 cum
2620 4183 2850 4239 ecclesia
2906 4184 2957 4236 iii
2995 4171 3405 4251 Follamebrayo
3436 4174 3696 4244 tenuerit,
3727 4191 3777 4234 tu

2194 4275 2414 4333 videris.
2446 4274 2784 4330 Ab3cedente
2824 4280 3005 4328 autem
3048 4270 3111 4328 de
3136 4267 3396 4342 parochia
3429 4277 3521 4327 tua
3555 4270 3776 4326 Bertl'ri-

2194 4370 2284 4434 do,
2313 4377 2412 4438 pro‘
2460 4367 2600 4422 fama
2631 4361 2697 4422 de
2725 4381 2789 4422 eo
2821 4367 3056 4437 vulgata,
3109 4355 3357 4422 Concessi
3391 4371 3543 4420 more
3583 4365 3782 4434 praede-

2195 4474 2468 4515 cessurum
2500 4459 2741 4513 ineorum
2797 4453 3099 4529 Sigeberto,
3153 4459 3237 4511 cui
3291 4451 3420 4511 illud
3461 4451 3780 4513 beneficium

2196 4549 2338 4617 dedi,
2367 4559 2423 4604 ut
2454 4550 2713 4606 clericum
2741 4551 2984 4607 nostr‘itm
3017 4551 3278 4605 Satiatum
3310 4549 3361 4604 in
3392 4551 3585 4606 eadem
3617 4552 3780 4608 eccle-

2198 4647 2276 4701 sia
2301 4641 2660 4702 ordina‘mlui’n
2697 4641 2793 4699 tibi
2823 4644 3072 4709 olferret;
3122 4653 3172 4697 et
3199 4643 3242 4698 si
3274 4639 3326 4697 tu
3354 4633 3505 4697 illum
3536 4643 3780 4714 probabi-

501 4731 552 4782 iﬂ
582 4730 922 4795 memorial".
954 4731 1078 4800 (Illia
1118 4745 1204 4785 res
1242 4740 1367 4786 ηοιίι
1409 4739 1513 4795 es"
1550 4740 1604 4785 el
1658 4745 1757 4800 Per
1788 4745 1969 4796 casus,
2003 4731 2090 4786 vel
2119 4726 2171 4785 D
2197 4736 2300 4791 lem
2324 4735 2622 4808 iudicares,
2649 4749 2748 4807 ego
2798 4735 2872 4790 illi
2897 4731 3204 4791 libertatem
3234 4721 3782 4790 eeclesiasticam'da-

499 4823 708 4888 modos,
741 4836 835 4877 seu
868 4822 1071 4877 formas
1100 4822 1406 4878 inﬂectitur.
1461 4823 1528 4877 Et
1579 4822 1701 4876 talia
1735 4822 1908 4878 frater
1935 4832 1990 4878 et
2026 4825 2091 4877 li-

500 4913 605 4969 lius
629 4928 786 4968 meus
813 4913 880 4966 ad
911 4913 1234 4967 derisioncm
1265 4917 1418 4983 quasi
1470 4915 1688 4984 pituita,
1749 4915 1960 4970 scilicet
1996 4914 2091 4970 ﬂe-

499 5021 623 5080 gma
653 5005 998 5078 coagulatum
1027 5015 1080 5059 et
1131 5015 1400 5062 vetustum
1435 5025 1500 5062 ac
1542 5009 1817 5063 mucidmn
1851 5011 1980 5064 mihi
2034 5013 2088 5065 in

501 5097 707 5152 vultum
739 5112 987 5161 exerens,
1040 5105 1096 5150 et
1142 5111 1245 5150 non
1299 5099 1532 5153 attendis
1573 5108 1834 5169 quantum
1893 5103 2085 5167 Deum,

504 5188 896 5259 qualiscunque
925 5202 1026 5259 ego
1058 5188 1159 5242 sim
1191 5189 1242 5242 in
1273 5198 1581 5260 contemptu
1616 5191 1907 5247 ministerii
1946 5195 2090 5249 sacri

502 5281 624 5336 sine
656 5281 961 5337 reverentia
993 5280 1098 5335 ulla
1128 5278 1387 5336 offendas.
1423 5281 1544 5337 Jam
1594 5292 1654 5338 ut
1707 5285 1930 5354 antiquo
1961 5302 2092 5356 pro-

502 5377 693 5432 verbio
723 5377 942 5443 dicitur,
973 5377 1072 5432 bos
1120 5376 1296 5430 lassus
1327 5376 1520 5431 fortius
1549 5377 1665 5448 figit
1706 5379 1930 5447 pedem;
1961 5381 2090 5449 quia

505 5467 804 5540 intelligere
854 5468 909 5522 in
957 5466 1388 5539 praecedentibus
1438 5467 1635 5522 litteris
1690 5467 1952 5536 noluisti,
2005 5470 2092 5526 vel

505 5563 686 5629 potius
720 5562 1040 5634 dedignatus
1096 5554 1262 5624 fuisti,
1298 5568 1392 5614 aut
1439 5561 1484 5615 si
1543 5561 1853 5615 intellexisti
1909 5560 2090 5618 dicere

505 5656 998 5726 refugis,mihinon‘
1013 5658 1246 5727 pigrum,
1281 5655 1406 5713 licet
1435 5675 1538 5713 non
1571 5657 1664 5712 tibi
1697 5659 2087 5726 necessarium,

504 5757 587 5802 est
616 5749 812 5805 iterare
844 5751 984 5804 unde
1014 5751 1117 5805 hoc
1147 5751 1281 5816 seio,
1313 5747 1440 5822 quia
1470 5764 1523 5806 et
1557 5765 1645 5805 res
1675 5757 1801 5805 nota
1833 5759 1937 5816 est,
1973 5757 2027 5805 et
2060 5767 2089 5806 a

505 5839 666 5907 longo
694 5843 938 5906 tempore
985 5856 1081 5908 per
1128 5840 1440 5894 humaniter
1471 5840 1781 5896 accidentes
1812 5855 1974 5896 casus
2006 5843 2088 5897 in-

507 5937 663 6002 llexa,
695 5943 748 5989 et
774 5947 872 6004 per
908 5934 1110 5989 formas
1144 5949 1246 5990 non
1281 5935 1456 5991 dicam
1493 5935 1836 6003 vcrisituiles,
1892 5940 1982 5993 sed
2035 5950 2087 5995 et

2198 4845 2333 4885 rem.
2375 4829 2440 4884 Et
2469 4830 2545 4885 sic
2595 4827 2812 4885 domum
2845 4835 2898 4883 tu
2929 4828 3076 4882 illuni
3116 4825 3440 4897 regulariter
3480 4825 3777 4881 ordinares.

2198 4919 2298 4987 Qui
2327 4920 2556 4990 clericus
2578 4935 2674 4990 per
2711 4927 2943 4988 qualiter
2975 4919 3146 4971 annos
3174 4918 3344 4987 ipsam
3373 4907 3662 4972 ecclesiam
3707 4925 3783 4972 te-

2201 5015 2338 5075 nuit,
2369 5022 2422 5067 et
2462 5010 2759 5068 secundum"
2808 5013 3181 5082 paupertatem
3229 5013 3402 5073 suain,
3455 5008 3596 5064 sicut
3629 5003 3784 5065 simul

2198 5127 2340 5181 stupe
2364 5110 2614 5172 vidimus,
2646 5113 2701 5162 et
2727 5101 2905 5160 adhuc
2933 5101 3106 5175 par-et,
3139 5104 3274 5158 bene.
3302 5104 3353 5156 iit
3386 5111 3448 5157 ea
3481 5099 3780 5168 laboravit;

2195 5211 2248 5257 et
2279 5197 2494 5272 quando
2525 5199 2686 5256 simul
2707 5197 3082 5270 equitabamus
3104 5193 3256 5266 quta
3299 5195 3473 5266 ipsam
3499 5194 3783 5250 ecclesiam

2195 5296 2251 5349 in
2277 5311 2382 5364 qua
2412 5294 2552 5348 idem
2580 5277 2814 5348 ciet-iens
2843 5287 3147 5357 laberahat,
3176 5281 3367 5345 euntes
3411 5287 3480 5343 ad
3512 5289 3696 5360 regem
3739 5293 3786 5340 te

2195 5387 2447 5442 audiente
2482 5391 2540 5440 se
2582 5379 3014 5439 reclamavcruut
3049 5379 3114 5437 ad
3143 5397 3228 5435 me
3273 5379 3377 5452 ipsi
3422 5379 3671 5436 homines
3690 5391 3786 5450 pro

2195 5473 2538 5538 ordinatione
2566 5473 2728 5535 dilata
2772 5459 3013 5546 ejustlcin
3057 5459 3260 5550 clerici,
3301 5475 3432 5549 quia
3484 5489 3590 5527 non
3619 5468 3785 5526 habe-

2195 5575 2328 5629 bant
2375 5571 2782 5642 presbyterum;
2809 5577 2862 5624 et
2893 5553 2946 5623 tu
2971 5563 3058 5622 me’
3102 5551 3374 5630 audiente,
3405 5555 3501 5619 sed
3521 5559 3575 5618 et
3606 5558 3789 5616 multis

2196 5663 2317 5721 aliis
2339 5669 2393 5719 et
2420 5662 2554 5717 meis
2583 5659 2636 5717 et
2669 5657 2775 5716 luis
2804 5651 3154 5715 audientibus
3180 5643 3506 5728 respondisti
3530 5651 3672 5725 quod
3697 5669 3787 5706 ve-

2196 5776 2313 5814 rum
2349 5745 2453 5812 noli
2478 5743 2738 5819 dice‘i'eiii,
2799 5741 2926 5825 (iuta
2958 5747 3159 5806 niilla'iu
3205 5743 3556 5821 indigentiam
3589 5745 3655 5802 de
3682 5743 3786 5798 iui-

2197 5852 2418 5909 nisterio
2445 5827 2764 5906 sacerdotali
2806 5841 3121 5902 habebant:
3154 5839 3207 5899 et
3267 5845 3334 5899 ad
3369 5845 3457 5899 tua
3511 5840 3670 5896 verba
3736 5847 3789 5891 te

2199 5964 2263 6000 au
2289 5946 2471 6008 lientc,
2501 5960 2600 6014 ego
2627 5940 2831 5996 eisdem
2864 5937 3176 5997 hominibus
3225 5936 3338 5995 dixi
3370 5935 3512 6008 quod
3543 5945 3596 5990 tu
3621 5929 3786 5988 babe-
