4002 6296
150 427 291 486 557
324 390 325 393 Ἴ
978 424 1221 484 OPUSC.
1262 426 1350 481 ET
1388 423 1604 481 EPIST.
1656 423 1723 479 1N
1762 423 1989 481 CAUSA
2033 423 2364 479 HINCHARI
2403 425 2709 482 LAUDUN.
3218 460 3221 461 ν
3362 425 3469 483 55ῧ

148 540 281 596 bas
308 534 636 608 dispositum
663 542 727 592 ut
747 535 955 592 nullam
1000 537 1348 608 indigentiam
1378 537 1446 593 de
1472 535 1774 593 ministerio
1799 558 1856 618 Α
1878 536 2148 591 introrsus
2169 536 2333 606 pedes
2360 537 2588 611 colligit,
2614 539 2742 610 quia
2784 549 2984 596 cuneta
3011 538 3316 612 iniquitatis
3355 557 3469 599 sua:

152 628 511 688 sacerdotali
556 629 841 697 haberent,
882 630 1055 687 donec
1091 630 1204 700 ipse
1243 631 1474 687 clericus
1495 631 1776 689 ordinare-
1883 627 2108 701 Vestigia
2138 629 2440 687 abscondit.
2471 629 2645 702 Caput
2674 633 2971 701 subtrahit,
3012 633 3140 705 quia
3184 634 3337 690 miris
3381 635 3474 691 dc-

154 735 289 779 tur.
348 724 417 779 Et
471 721 606 778 nihil
634 723 1034 780 contradixieti.
1063 723 1133 780 Et
1152 739 1249 795 per
1285 739 1490 780 annum
1525 732 1584 779 et
1619 724 1780 781 dimi-

157 820 337 875 dium
363 820 481 889 ipso
504 817 705 874 clerico
728 817 978 874 eamdem
1007 818 1295 875 ecclesiam
1328 827 1568 884 tenente,
1596 817 1783 875 Grim-

160 926 273 966 mo
298 908 581 981 parochize
616 917 720 964 tuae
745 909 1029 981 presbyter
1041 908 1114 966 ibi
1141 908 1400 965 cantavit.
1423 907 1493 962 Et
1522 923 1621 979 per
1646 908 1782 963 duos

161 1018 363 1058 annos
389 1009 447 1056 et
471 1000 754 1055 dimidium
804 999 1003 1056 ibidem
1025 999 1368 1055 Halmerieus
1396 998 1681 1069 presbyter
1705 995 1784 1053 of-

166 1094 375 1151 ﬁcium
404 1090 748 1149 sacerdotale
773 1091 1025 1148 exhibuit
1047 1107 1220 1163 usque
1244 1090 1420 1161 pridie
1464 1104 1638 1148 nonas
1658 1105 1781 1160 pro-

162 1185 337 1241 xime
364 1180 1051 1255 praecedentis'Februarii.

259 1297 332 1351 Et
359 1295 487 1365 quia
511 1293 713 1365 quaeris
737 1294 893 1347 unde
910 1292 1015 1348 hoc
1040 1293 1175 1359 scio,
1225 1292 1305 1348 sic
1358 1292 1492 1347 mihi
1521 1300 1785 1362 quantum

168 1404 246 1442 ex
277 1386 613 1455 antiquitate
638 1392 739 1455 per
769 1396 991 1439 veraces
1020 1383 1271 1439 homines
1299 1380 1485 1445 didici,
1511 1390 1565 1437 et
1605 1388 1700 1451 per
1722 1393 1789 1438 os

172 1479 409 1535 Pal-dull
437 1476 640 1541 audivi,
677 1484 735 1531 et
760 1484 882 1547 post
899 1490 1025 1531 eum
1048 1488 1146 1546 per
1173 1486 1236 1530 os
1272 1483 1447 1539 tuum,
1476 1474 1616 1529 sicut
1647 1474 1784 1540 dixi,

172 1570 393 1635 audivi,
426 1578 481 1625 et
503 1567 675 1625 oculis
702 1567 833 1634 vidi,
867 1578 955 1624 res
981 1566 1117 1622 mihi
1140 1575 1266 1623 nota
1292 1574 1409 1633 est;
1441 1572 1496 1621 et
1543 1578 1641 1636 per
1687 1566 1788 1620 has

174 1670 351 1719 veras
379 1663 588 1718 formas
616 1664 743 1717 nuta
773 1659 909 1715 mihi
923 1658 1248 1716 ostenditur.
1283 1658 1341 1714 Si
1366 1668 1551 1714 autem
1580 1657 1671 1713 illa
1693 1670 1790 1712 ne-

178 1775 289 1831 gas
312 1770 439 1829 qua
457 1766 556 1828 per
585 1755 816 1827 teipsum
840 1768 967 1812 eum
988 1754 1178 1810 auditu
1207 1752 1502 1809 multorum
1525 1752 1659 1817 seio,
1687 1750 1789 1806 mi-

181 1867 297 1908 nus
327 1851 429 1908 tibi
453 1850 682 1906 credere
703 1856 918 1920 potero,
944 1849 993 1905 si
1014 1854 1070 1904 te
1090 1847 1437 1903 excusaveris
1466 1861 1535 1901 ex
1561 1846 1647 1901 bis
1689 1845 1785 1916 qui

1881 716 2224 778 fensionibus
2250 737 2353 779 nec
2380 723 2667 781 inchoasse
2703 740 2764 782 se
2805 726 3008 782 malum
3050 725 3266 797 aliquod
3293 737 3475 784 osten-

1882 811 1985 879 dit,
2011 825 2066 869 et
2091 816 2247 886 quasi
2276 817 2488 887 spliznra
2514 818 2570 875 in
2594 808 2756 874 manu
2781 821 3018 878 tenentis
3040 830 3312 887 remanet;
3344 820 3475 891 quia

1885 903 1932 959 is
1973 906 2065 975 qui
2112 908 2341 977 corripit
2384 921 2579 967 cuncta
2611 926 2730 981 qua:
2774 912 2886 984 jam
2934 921 3263 984 cognoverat
3292 914 3475 970 subito

1887 994 2177 1063 amittens,
2215 997 2517 1055 involutum
2542 1000 2688 1057 intra
2714 1003 3103 1058 conscientiam
3129 1011 3475 1073 peecatorem

1888 1092 2057 1143 tenet.
2106 1088 2302 1159 ELqui
2362 1098 2533 1147 totum
2579 1091 2694 1161 jam
2749 1093 3200 1163 deprehendendo
3240 1095 3475 1165 viderat,

1888 1181 2341 1251 tergiversatione
2390 1198 2572 1253 pravas
2624 1182 2960 1242 defensionis
3009 1186 3253 1243 inclusus
3301 1196 3476 1245 totum

1886 1274 2094 1343 pariter
2128 1275 2362 1346 ignorat.
2393 1275 2629 1331 Foveam
2676 1292 2807 1348 ergo
2854 1279 3055 1336 ericius
3097 1279 3262 1336 habet
3298 1281 3353 1337 in
3391 1297 3479 1339 ne-

1887 1364 2094 1436 probis,
2119 1368 2246 1437 quia
2295 1367 2581 1425 malitiosai
2624 1371 2820 1429 mentis
2867 1367 3152 1441 duplicitas
3186 1388 3305 1430 sese
3338 1375 3482 1432 inter

1890 1474 1952 1518 se
1986 1460 2249 1533 colligens
2288 1462 2575 1520 abscondit
2613 1463 2671 1519 in
2714 1464 2955 1521 tenebris
2987 1464 3343 1525 defensionis.
3371 1468 3482 1525 Au.

1894 1554 2048 1611 diant
2076 1554 2274 1624 impuri
2304 1554 2449 1624 quod
2490 1556 2753 1626 scriptum
2780 1566 2866 1613 est
2897 1574 2911 1611 :
2936 1556 3042 1625 Qui
3083 1558 3319 1613 ambulat
3348 1560 3479 1617 eim-

1891 1643 2118 1715 pliciter,
2149 1643 2381 1699 ambulat
2413 1645 2735 1716 conﬁdenter
2761 1644 2937 1717 (Rom.
2966 1662 3005 1705 x
3031 1657 3081 1703 et
3105 1648 3268 1723 xxiii)
3298 1667 3313 1704 :
3344 1648 3483 1706 ﬁduo

1893 1743 1979 1798 eia
2004 1743 2203 1814 quippe
2239 1756 2451 1813 magna:
2484 1744 2795 1799 securitatis
2836 1753 2922 1800 est
2963 1744 3283 1816 simplicitas
3317 1746 3486 1803 actio-

1891 1837 2000 1892 nis.
2051 1836 2289 1891 Audiam
2336 1836 2481 1907 quod
2522 1836 2786 1908 sapientis
2826 1851 2926 1894 ore
2972 1838 3170 1894 dicitur
3200 1855 3215 1893 :
3248 1838 3484 1910 Spiritus

183 1947 260 2003 de
289 1954 343 2001 te
367 1959 470 2015 per
497 1942 632 1999 alios
653 1942 851 1999 audio:
886 1946 1064 1998 tamen
1101 1954 1190 1997 me
1212 1944 1266 1995 et
1290 1947 1342 1995 te
1364 1939 1533 1994 latere
1560 1952 1668 1994 non
1693 1950 1788 2008 po-
1816 1932 1866 1998 B
1899 1942 2113 1990 sanctas
2158 1932 2451 2004 disciplina:
2498 1932 2709 2005 mugiet
2748 1933 2932 2002 ﬁctam
2960 1931 3116 2007 (Sep.
3151 1932 3217 2005 ι).
3253 1932 3494 1988 Audiam

183 2044 306 2094 test
322 2036 473 2108 quod
505 2053 605 2092 nec
633 2022 751 2101 tibi,
780 2034 924 2092 sicut
953 2048 1055 2091 nec
1077 2033 1234 2101 mihi,
1260 2032 1503 2104 reputari
1534 2034 1692 2102 posse
1719 2044 1785 2087 ex

185 2129 432 2187 veritate
449 2127 613 2200 cupio
641 2127 786 2199 quod
816 2126 1079 2198 scriptum
1110 2132 1195 2183 est
1225 2142 1238 2179 :
1273 2122 1348 2180 οε
1377 2124 1518 2197 quod
1540 2123 1792 2179 mentitur

187 2221 392 2275 occidit
418 2219 652 2275 animum
682 2216 833 2291 (Saps
863 2216 927 2289 1).
969 2216 1073 2273 Et:
1113 2214 1267 2283 Quod
1304 2215 1367 2269 de
1422 2232 1512 2269 ore
1538 2214 1788 2286 procedit,

189 2306 413 2368 scilicet
431 2306 653 2387 veritati
691 2300 1049 2375 Contrarium,
1077 2308 1174 2362 hoc
1204 2304 1505 2378 coinquinat
1528 2303 1791 2359 hominem

193 2400 422 2473 (Hattlt.
445 2400 560 2473 xv).
597 2398 665 2457 Et
695 2394 950 2456 Salomon
979 2396 1145 2455 dicit:
1178 2395 1345 2453 Testis
1370 2396 1538 2467 falsus
1565 2410 1667 2452 non
1695 2397 1796 2452 erit

192 2492 496 2563 impunitus
526 2489 711 2563 (Prov.
739 2490 878 2563 xix).
910 2489 1131 2547 Duobus
1184 2490 1434 2561 inquith
1484 2486 1661 2546 modis
1699 2504 1796 2544 au-

196 2594 388 2641 ctores
425 2583 489 2639 lit
512 2581 681 2639 falsus
712 2584 885 2649 teatis,
918 2581 1125 2639 Scilicet
1146 2589 1242 2637 aut
1263 2579 1396 2637 falsa
1428 2578 1676 2644 dicendo,
1706 2587 1798 2635 aut

196 2691 332 2732 vera
366 2673 670 2733 reticendo.
698 2670 845 2731 Nihil
863 2678 968 2742 est,
1017 2672 1195 2745 inquit
1238 2672 1431 2730 beatus
1478 2671 1793 2745 Gregorius,

196 2771 269 2828 ad
293 2768 697 2829 defendendum
718 2769 959 2844 puritate
975 2766 1166 2835 tutius,
1192 2767 1269 2825 nil
1298 2760 1364 2825 ad
1392 2762 1680 2824 dicendum
1707 2779 1797 2821 ve-

197 2864 370 2923 ritate
393 2860 608 2921 facilius
636 2874 649 2919 :
676 2876 802 2920 nam
832 2860 959 2919 dum
986 2860 1261 2918 fallaciam
1305 2868 1457 2917 suam
1492 2860 1628 2917 tueri
1675 2857 1798 2931 quis

200 2956 443 3029 cogitur,
498 2950 636 3013 duro
677 2968 773 3011 cor
821 2948 1008 3010 labore
1056 2944 1338 3026 fatigatur.
1395 2952 1534 3007 illnc
1560 2960 1797 3021 namque

198 3048 473 3121 scriptum
502 3054 587 3105 est
612 3066 626 3103 ε
647 3046 822 3103 Labor
843 3045 1109 3103 labiorum
1142 3046 1385 3118 ipsorum
1428 3042 1636 3116 aperiet
1664 3054 1794 3100 eos:

202 3142 301 3214 qui
320 3141 472 3197 enim
492 3142 636 3197 hunc
650 3138 859 3211 implet,
876 3148 1007 3195 tunc
1020 3139 1215 3211 operit,
1239 3138 1364 3209 quia
1388 3130 1541 3207 cujus
1556 3134 1796 3191 animum

201 3244 306 3308 per
333 3234 594 3290 blandam
640 3232 1067 3305 inquietudinem
1104 3232 1303 3299 exerit,
1342 3236 1470 3287 tunc
1514 3226 1613 3303 per
1644 3242 1800 3300 aspe-

1899 2026 2044 2097 lIuod
2079 2023 2363 2096 Scriptura
2395 2039 2614 2080 rursum
2646 2031 2785 2080 teste
2812 2025 3133 2095 perhibetur
3159 2042 3175 2078 :
3206 2022 3341 2080 Cum
3361 2024 3491 2079 sim-

1896 2117 2120 2191 plicibus
2160 2117 2530 2174 semocinatio
2568 2116 2683 2187 ejus
2711 2114 2893 2189 (Prae.
2922 2116 3026 2188 in).
3058 2116 3170 2172 Deo
3195 2116 3344 2172 enim
3372 2127 3489 2171 ser-

1898 2211 2167 2269 mocinari
2197 2220 2277 2267 est
2311 2225 2410 2281 per
2437 2210 2856 2265 illustrationem
2900 2223 3013 2265 sua:
3055 2208 3358 2280 praemia:
3391 2205 3491 2262 hu-

1899 2303 2077 2360 manis
2120 2302 2393 2358 mentibus
2428 2310 2627 2358 arcana
2670 2300 2932 2356 revelare.
2970 2300 3105 2356 Cum
3150 2296 3489 2369 simplicibus

1898 2394 2067 2470 igitur
2095 2395 2451 2452 sermocinari
2477 2393 2708 2461 dicitur,
2739 2393 2867 2464 quia
2905 2393 2974 2450 de
3007 2392 3258 2463 supernis
3280 2398 3485 2464 myste-

1900 2486 2000 2546 riis
2030 2484 2247 2544 illorum
2272 2494 2482 2543 mentes
2521 2485 2674 2541 radio
2700 2500 2812 2542 sua:
2840 2482 3169 2542 visitationis
3195 2481 3490 2549 illuminat,

1900 2595 2038 2655 quos
2063 2579 2211 2638 nulla
2239 2578 2434 2636 umbra
2460 2577 2795 2651 duplicitatis
2818 2577 3094 2634 obseurat.

1973 2678 2071 2735 Est
2113 2678 2294 2732 autem
2331 2673 2565 2746 speciale
2602 2670 3170 2744 dupliciumirnalum;
3202 2668 3330 2741 quia
3361 2668 3491 2725 dum

1900 2768 2162 2845 perversa
2207 2770 2261 2827 et
2304 2764 2504 2841 duplici
2557 2770 2772 2827 actione
2818 2772 3046 2827 caeteros
3090 2756 3307 2835 fallunt,
3337 2765 3497 2839 quasi

1903 2866 2253 2940 praestantius
2279 2865 2492 2922 exteris
2516 2864 2900 2937 prudentes.se
2926 2876 3048 2921 esse
3075 2856 3398 2936 gloriantur.
3426 2858 3496 2920 Et

1903 2960 2035 3032 quia
2082 2956 2424 3016 districtione
2468 2956 2850 3015 retributionis
2872 2966 2996 3012 non
3042 2956 3388 3013 considerant
3427 2954 3496 3011 de

1904 3051 2121 3110 damnis
2141 3053 2255 3110 suis
2281 3048 2466 3107 miseri
2496 3050 2795 3117 exsultant,
2817 3050 3107 3109 et.e:etera
3146 3054 3269 3120 quae
3309 3044 3364 3102 in
3403 3062 3494 3104 re-

1906 3144 2032 3219 gula
2070 3144 2330 3218 pastorali
2375 3143 2519 3199 beati
2559 3142 2806 3216 Gregorii
2838 3158 2906 3201 ex
2946 3136 3136 3199 ordine
3165 3146 3319 3213 potes
3359 3136 3497 3195 rele-

1905 3250 2057 3311 gere,
2085 3248 2247 3309 quam
2289 3228 2385 3292 tibi
2425 3244 2530 3291 una
2569 3246 2694 3291 cum
2739 3232 2880 3290 libro
2914 3238 3194 3290 sacrorum
3225 3244 3495 3291 canonum

205 3332 329 3383 ram
361 3318 777 3382 retribmionen‘i
807 3325 1026 3396 premit.
1054 3322 1191 3379 Hinc
1212 3330 1310 3394 per
1330 3320 1621 3379 Jeremiam
1668 3318 1796 3378 dici-
1824 3322 1870 3389 (ζ
1901 3326 1957 3385 in
1986 3342 2148 3385 manu
2183 3332 2313 3385 ante
2342 3328 2513 3383 altare
2543 3330 2744 3383 sanctae
2778 3320 2963 3382 Mariae
2992 3320 3046 3380 in
3076 3323 3164 3381 die
3197 3321 3495 3381 ordinatio-

204 3414 329 3475 iur:
355 3412 655 3473 Docu‘erunt
671 3417 905 3488 linguam
926 3416 1079 3471 suam
1095 3416 1235 3489 loqui
1260 3413 1608 3479 mendacium,
1633 3421 1689 3468 ut
1708 3412 1806 3467 ini-

206 3518 310 3584 que
332 3516 543 3581 agerent
569 3507 937 3564 laboraverunt
952 3508 969 3579 (
982 3505 1180 3562 Jerem.
1198 3507 1299 3579 1x);
1318 3523 1382 3561 ac
1395 3506 1440 3561 si
1459 3504 1645 3577 aperte
1660 3505 1806 3559 dice-

207 3610 402 3662 retur:
434 3603 537 3673 Qui
567 3603 728 3659 amici
754 3614 875 3661 esse
894 3602 1143 3659 veritatis
1170 3603 1286 3659 sine
1312 3600 1498 3658 labore
1527 3600 1803 3671 peierarit,

207 3704 274 3752 ut
331 3702 558 3767 peccent
604 3692 855 3751 laborant
898 3708 913 3749 :
965 3710 1199 3766 cumque
1247 3696 1430 3749 vivere
1488 3690 1808 3764 simpliciter

210 3786 477 3856 renuunt,
506 3788 781 3847 laboribus
814 3788 1040 3862 exigunt
1069 3790 1129 3844 ut
1167 3788 1471 3844 moriantur
1496 3805 1509 3841 :
1539 3788 1665 3841 nam
1695 3778 1808 3857 pie-

209 3880 451 3953 rumque
495 3868 547 3939 iii
587 3874 744 3955 eiilpa
774 3880 1118 3954 deprehensi,
1161 3881 1289 3937 dum
1339 3872 1527 3951 quales
1570 3878 1679 3936 sint
1718 3892 1808 3933 co-

210 3974 403 4048 gnosci
436 3972 729 4046 refugiunt,
761 3989 883 4031 sese
921 3974 1022 4029 sub
1058 3970 1242 4028 fallaci
1273 3966 1543 4026 velamine
1571 3970 1808 4025 abscon-

210 4067 392 4123 dunt:
427 4073 481 4119 et
528 4063 633 4121 hoc
679 4060 822 4137 quod
860 4068 1121 4137 peccant,
1175 4062 1429 4133 quodque
1461 4060 1576 4131 jam
1622 4064 1809 4132 aperte

209 4160 457 4216 cernitur
481 4172 744 4214 excusare
769 4155 1099 4221 moliuntur;
1132 4155 1205 4209 ita
1251 4152 1312 4209 ut
1350 4166 1493 4225 sazpe
1521 4151 1567 4208 is
1594 4150 1690 4223 qui
1717 4166 1809 4207 eo-

211 4266 332 4306 rum
366 4242 558 4319 cuipas
588 4247 864 4320 corripere
901 4240 1097 4309 studet,
1134 4262 1370 4318 aspersa:
1412 4240 1671 4301 falsitatis
1711 4256 1806 4298 ne-

209 4342 355 4399 bulis
402 4332 661 4399 scductus
702 4354 840 4412 pene
888 4339 1138 4397 amisisse
1187 4338 1387 4405 videat,
1422 4338 1565 4409 quod
1615 4334 1681 4391 de
1729 4335 1809 4391 eis

203 4434 320 4507 jam
368 4445 577 4491 certum
631 4433 866 4491 tenebat.
898 4432 1053 4489 Unde
1096 4442 1241 4490 recte
1269 4433 1368 4488 sui)
1398 4424 1597 4486 Iudaeae
1627 4429 1810 4501 specie

207 4538 307 4600 per
336 4522 659 4597 prophetam
690 4530 877 4581 contra
910 4522 1225 4597 peccanlem
1256 4524 1515 4588 animam,
1548 4537 1810 4577 excusan-

210 4630 436 4691 temque
478 4638 537 4677 se
573 4610 772 4677 dicitur
803 4639 814 4675 :
849 4618 933 4673 lbi
972 4616 1153 4673 habuit
1195 4618 1402 4688 foveam
1437 4616 1628 4671 ericius
1670 4610 1805 4687 (lsa.

1911 3420 1999 3476 nis
2030 3426 2133 3475 tua!
2168 3416 2309 3482 inisi.
2343 3412 2621 3475 obtestans
2659 3432 2779 3488 quae
2817 3414 3071 3489 ignorare
3099 3424 3207 3472 non
3237 3420 3392 3487 potes
3444 3423 3502 3470 et

1908 3512 2156 3571 oblivisci
2200 3526 2307 3568 non
2343 3512 2527 3568 debes.
2566 3509 2947 3569 Verumtamen
2983 3508 3125 3565 hanc
3156 3506 3498 3580 negationem

1912 3610 2093 3669 tuam,
2139 3602 2301 3673 quain
2352 3600 2469 3658 sine
2516 3592 2623 3656 ulla
2671 3596 2999 3657 necessitate
3047 3596 3386 3669 assumpsisti
3428 3597 3499 3653 ad

1912 3692 2167 3763 iniuriam
2210 3700 2387 3747 meam
2428 3692 2703 3761 pertinere
2738 3698 2848 3747 non
2886 3690 3097 3751 ducam.
3131 3702 3230 3744 nec
3265 3698 3365 3758 pro
3393 3684 3502 3744 cri-

1909 3786 2058 3842 mine
2097 3784 2380 3855 reputabo,
2416 3786 2594 3854 neque
2638 3792 2738 3853 pro
2786 3776 2889 3839 hac
2931 3780 3046 3837 sola
3083 3781 3369 3853 negatione
3406 3784 3499 3837 tua

1910 3886 1998 3937 me
2015 3894 2058 3957 .a
2086 3874 2471 3936 communione
2497 3882 2589 3933 tua
2616 3876 2904 3951 separabo,
2941 3876 3173 3947 seduens
3201 3870 3503 3947 caplthlum

1909 3971 2150 4029 Africani
2198 3968 2452 4038 concilii,
2498 3970 2641 4041 quod
2688 3972 2741 4024 tu
2793 3964 3195 4036 detruncatuir,
3228 3976 3283 4024 et
3324 3978 3356 4023 a
3402 3981 3504 4026 suo

1911 4082 2074 4127 sensu
2116 4068 2426 4141 expositum
2466 4062 2600 4123 inihi
2646 4062 2939 4138 scripsisti,
2967 4063 3208 4121 ultimam
3239 4061 3359 4134 eius
3382 4072 3506 4134 par-

1912 4160 2132 4217 ticulam
2183 4160 2251 4216 ad
2300 4164 2451 4215 tuu‘m
2502 4154 2725 4215 sensum
2781 4150 3126 4222 inﬂectendo,
3159 4156 3362 4226 Scripto
3412 4161 3505 4210 tuo

1914 4254 2045 4310 mihi
2075 4248 2282 4310 direcio
2311 4248 2611 4324 imponere,
2635 4253 2761 4323 quia
2793 4266 2892 4307 nec
2922 4250 3020 4325 pio
3050 4244 3281 4306 crimine
3307 4240 3508 4306 ducen-

1914 4347 2040 4401 dum
2072 4356 2224 4416 puto,
2259 4342 2303 4401 si
2345 4334 2545 4401 clerico
2573 4334 2879 4401 ordinando
2905 4359 3074 4413 usque
3114 4345 3181 4399 ad
3213 4342 3507 4400 ordinatio-

1913 4452 2036 4493 nem
2066 4434 2389 4492 consensisti
2432 4432 2484 4491 in
2519 4436 2747 4493 ecclesia
2789 4434 2843 4491 in
2881 4444 2988 4506 qua
3026 4424 3360 4491 ordinandus
3388 4447 3506 4491 erat

1913 4528 2194 4594 laborare,
2243 4528 2416 4584 donec
2462 4528 2529 4583 ad
2574 4526 2936 4583 ordinandum
2984 4516 3318 4599 perveniret,
3361 4539 3414 4586 et
3461 4532 3504 4588 si

1915 4619 2107 4691 dignus
2163 4629 2325 4691 atque
2372 4619 2599 4675 idoneus
2651 4619 2901 4675 inventus
2949 4605 3089 4675 foret
3133 4614 3507 4686 ordinaretur,

210 4714 403 4784 xxxiv)
435 4732 446 4766 :
480 4713 633 4769 ericii
672 4712 869 4784 quippe
907 4712 1122 4767 nomine
1164 4710 1387 4781 impurae
1430 4707 1630 4763 mentis
1662 4722 1806 4763 sese-
1839 4701 1887 4762 Ι)
1913 4710 2039 4781 quia
2070 4725 2170 4766 nec
2218 4720 2439 4766 sanctus
2480 4696 2845 4776 innocentius,
2876 4698 3016 4767 sicut
3057 4694 3152 4768 tibi
3176 4702 3503 4784 praescripsi,

212 4824 322 4878 que
354 4802 550 4862 callide
581 4804 919 4862 defendentis
963 4798 1250 4874 duplicitas
1290 4800 1605 4872 designatur
1636 4819 1647 4854 :
1681 4799 1807 4870 quia

212 4900 473 4955 \idclicet
515 4894 711 4955 ericius
760 4910 882 4954 cum
936 4886 1377 4968 apprehenditur,
1403 4895 1520 4966 ejus
1559 4902 1615 4950 et
1648 4902 1812 4964 caput

213 4994 486 5058 cernitur,
515 5000 565 5051 ct
605 4991 770 5066 pedes
798 4988 1068 5057 videntur,
1098 4999 1154 5045 et
1186 5005 1383 5060 corpus
1410 5004 1573 5045 omne
1596 4989 1809 5059 conspi-

215 5084 363 5142 citur
395 5105 408 5139 :
436 5080 529 5140 sed
559 5078 683 5140 inox
710 5098 833 5140 cum
866 5074 1238 5165 apprehensus
1266 5080 1429 5137 fuerit
1457 5080 1809 5148 semetipsum

217 5176 273 5233 in
308 5172 578 5249 Spbmm
599 5168 826 5248 eolligii,
855 5174 1017 5247 pedes
1048 5170 1313 5230 introrsus
1334 5168 1624 5239 subtrahit,
1648 5180 1811 5242 caput

218 5258 542 5334 abscondit,
594 5276 649 5323 et
704 5264 847 5323 intra
903 5248 1135 5322 tenentis
1193 5280 1387 5322 manus
1437 5274 1606 5320 totum
1652 5258 1814 5319 simul

220 5354 518 5428 amittitur,
550 5352 693 5431 quod
748 5368 915 5417 totum
968 5350 1127 5416 simul
1172 5354 1333 5416 antea
1379 5356 1681 5415 videbatur.
1722 5356 1814 5413 Sic

221 5453 486 5510 nimirum
524 5450 602 5509 sic
651 5454 877 5525 impurae
921 5461 1130 5509 mentes
1166 5461 1293 5509 sunt
1329 5467 1451 5507 cum
1489 5450 1543 5505 in
1578 5450 1694 5506 suis
1722 5465 1816 5504 ex-

220 5545 472 5605 cessibus
499 5540 1037 5618 comprehenduntur
1080 5564 1092 5599 :
1126 5542 1289 5617 caput
1325 5544 1471 5601 enim
1511 5542 1662 5598 ericii
1698 5557 1816 5599 cer-

222 5636 400 5707 nilur,
421 5640 549 5712 quia
599 5656 708 5711 quo
748 5640 904 5696 initio
941 5639 1009 5694 ad
1046 5638 1263 5711 culpam
1292 5628 1542 5709 peccator
1573 5652 1819 5694 accesse-

222 5730 322 5799 rit,
352 5732 583 5789 videtur.
618 5726 791 5788 Pedes
819 5733 971 5789 ericii
998 5724 1437 5806 conspiciuntur,
1469 5730 1592 5800 quia
1621 5726 1819 5802 quibus

220 5826 475 5898 vestigiis
529 5824 774 5896 nequitia
837 5826 908 5880 sit
978 5834 1285 5897 perpetrata
1342 5825 1718 5894 cognoscitur;
1766 5832 1821 5879 et

224 5933 414 5979 tamen
437 5908 683 5976 adductis
712 5929 935 5990 repente
963 5920 1404 5975 cxcusatiouilius
1424 5919 1634 5989 impura
1665 5932 1818 5971 mens

1918 4819 2018 4875 pro
2066 4802 2297 4859 crimine
2357 4803 2629 4874 reputavit
2697 4804 2952 4876 episcopo
3027 4806 3118 4878 qui
3177 4796 3511 4878 presbyteris

1918 4897 2242 4966 quibusdam
2287 4898 2561 4953 consensit
2590 4898 2644 4954 in
2671 4914 2768 4954 sua
2806 4888 3068 4971 parocbia
3100 4894 3359 4957 ecclesias
3385 4894 3506 4956 diu-

1921 4984 2029 5045 tius
2064 4991 2318 5057 retinere,
2346 4992 2440 5062 qui
2472 4994 2907 5050 communionem
2948 4994 3094 5051 illius
3134 5003 3359 5050 eatenus
3399 5010 3507 5050 non

1918 5088 2174 5152 poterant
2222 5080 2546 5153 promereri,
2596 5089 2688 5144 sed
2719 5089 2913 5143 statuit
2959 5096 3016 5142 ut
3058 5076 3257 5161 quibus
3286 5087 3506 5144 easdem

1918 5175 2179 5232 ecclesias
2208 5178 2445 5233 retinere
2474 5162 2564 5234 diu
2596 5174 2650 5235 in
2700 5181 2958 5251 parochia
2995 5195 3091 5263 sua
3130 5188 3503 5247 consenserat,

1918 5285 2072 5327 suam
2122 5270 2201 5328 eis
2231 5274 2665 5329 communionem
2713 5260 3023 5330 nullatenus
3066 5274 3381 5343 denegaret.
3413 5273 3498 5328 in-

1917 5367 2145 5440 tegritas
2167 5375 2349 5425 autem
2371 5368 2543 5438 ipsius
2562 5370 2784 5439 capituli
2810 5369 3052 5425 Africani
3082 5360 3319 5433 concilii,
3345 5363 3497 5435 cujus

1916 5472 2128 5533 partem
2179 5460 2426 5518 ultimam
2481 5472 2571 5518 tuo
2624 5464 2827 5533 scripto
2878 5461 3180 5525 inseruisti,
3230 5461 3332 5516 ista
3380 5469 3503 5515 est:

1917 5551 2054 5608 Item
2077 5548 2277 5624 placuit
2302 5562 2362 5607 ut
2388 5552 2435 5608 si
2466 5554 2679 5625 quando
2707 5554 2974 5625 episcopus
3002 5552 3128 5606 dicit
3160 5550 3385 5623 aliquem
3408 5550 3509 5607 sibi

1921 5645 2023 5701 soli
2043 5646 2313 5716 proprium
2356 5646 2552 5699 crimen
2572 5625 2745 5712 fuisse
2774 5642 3088 5712 confessum,
3130 5652 3283 5715 atque
3304 5641 3392 5698 ille
3420 5658 3508 5697 ne-

1918 5744 2024 5807 get,
2059 5751 2162 5790 non
2188 5744 2330 5804 putet
2355 5734 2423 5789 ad
2452 5733 2705 5799 iniuriam
2749 5749 2902 5786 suam
2945 5733 3216 5806 episcopus
3248 5734 3510 5805 pertinere

1921 5827 2059 5898 quod
2100 5826 2181 5880 illi
2222 5825 2321 5882 soli
2353 5842 2456 5880 non
2496 5824 2745 5880 creditur.
2780 5822 2847 5879 Et
2906 5827 2953 5880 si
2998 5826 3245 5899 scrupulo
3282 5828 3508 5898 propria:

1924 5917 2253 5975 conscientia:
2316 5934 2368 5971 se
2441 5917 2566 5971 dicit
2649 5918 2859 5985 neganti
2920 5917 3057 5973 nolle
3125 5917 3509 5975 communicare
