4002 6296
529 451 634 508 559

1481 449 1813 506 HINCMARI
1849 450 2242 508 RHEMENSIS
2277 451 2793 510 ARCHIEPISCOPI

3693 456 3800 514 560

531 564 766 639 quandiu
820 563 1264 619 excommunicato
1325 580 1428 616 non
1493 565 1894 619 comunicaverit
1973 584 2099 620 suus
2128 573 2177 633 Α
2202 567 2509 637 prtcjudicio
2555 576 2781 622 servaret
2823 567 3129 622 mandatum
3161 565 3216 639 (Ι
3246 565 3378 622 Tim.
3405 565 3482 632 ν).
3513 566 3580 623 Et
3635 573 3799 650 scias,

529 662 820 732 episcopus,
850 658 1014 712 eidem
1051 659 1287 726 episcopo
1313 656 1376 710 ab
1409 655 1529 710 aliis
1560 675 1661 711 non
1700 661 2110 713 communicetur

529 751 780 819 episcopis
809 789 824 814 ,
875 759 931 800 ut
983 748 1148 816 magis
1199 757 1380 799 caveat
1434 747 1699 817 episcopus
1745 764 1809 801 ne
1856 749 1997 802 dicat
2052 749 2108 802 in

528 852 838 908 quemquam
901 836 1037 906 quod
1108 835 1226 888 aliis
1283 835 1607 889 documentis
1661 837 1962 890 convincere
2005 854 2105 890 non

527 939 716 999 potest.

601 1023 725 1078 Htec
751 1024 1068 1078 documenta
1105 1037 1224 1091 qua:
1247 1022 1342 1074 tibi
1385 1030 1440 1075 et
1467 1015 1638 1091 prius,
1666 1029 1721 1076 ct
1751 1037 1891 1075 nunc
1929 1021 2109 1074 scribo

528 1114 761 1184 qualiter
813 1113 974 1168 didici
1028 1121 1084 1166 et
1126 1112 1475 1182 praecedenti,
1525 1120 1580 1165 et
1611 1112 1713 1166 hac
1759 1111 2107 1180 subsequenti

529 1211 758 1266 lectione
785 1220 938 1280 potes
981 1225 1330 1279 cognoscere,
1377 1209 1444 1262 ad
1489 1223 1608 1278 quze
1637 1207 2029 1271 conﬁrmanda,
2057 1213 2111 1259 ct

527 1301 594 1356 ad
637 1311 688 1355 te
737 1301 1163 1356 convincendum
1200 1300 1377 1354 nullos
1408 1307 1570 1354 testes
1611 1297 1944 1367 producam,
1979 1297 2108 1365 quia

528 1407 634 1446 non
666 1391 860 1457 debeo,
911 1407 1014 1446 nec
1055 1393 1120 1445 de
1149 1392 1250 1446 hac
1294 1407 1350 1445 re
1393 1400 1654 1444 secretam
1711 1387 2109 1442 confessionem

529 1493 698 1550 tuam,
730 1499 891 1554 quam
938 1499 1044 1538 non
1083 1484 1290 1553 accepi,
1321 1497 1567 1552 promere
1603 1480 1744 1544 volo,
1802 1495 1922 1533 cum
1957 1479 2111 1533 Scri-

527 1585 684 1646 ptura
714 1576 860 1630 dicat
889 1576 937 1630 ei
963 1593 976 1627 :
1009 1574 1112 1640 Qui
1157 1574 1345 1628 revelat
1376 1589 1593 1635 arcana,
1630 1581 1676 1624 et
1708 1568 1944 1623 ambulat
1963 1569 2111 1638 frau-

526 1666 788 1730 dulenter,
817 1676 865 1720 et
896 1650 1084 1719 dilatat
1113 1664 1253 1718 labia
1279 1682 1396 1728 sua,
1431 1681 1492 1717 ne
1517 1662 1900 1716 commiscearis
1925 1657 2105 1730 (Prov.

529 1757 644 1827 xx).
681 1756 832 1823 Quod
871 1757 944 1811 ita
971 1765 1250 1826 exponunt
1273 1759 1520 1810 doctores
1545 1753 1829 1810 catholici:
1865 1752 1942 1806 Ne
1966 1768 2110 1806 corn-

527 1847 810 1901 miscearis
857 1844 973 1913 ejus
1020 1845 1272 1899 amicitiis
1301 1847 1394 1914 qui
1447 1845 1645 1914 prioris
1691 1843 1848 1896 amici
1903 1850 2108 1896 secreta

2215 659 2520 714 certissime
2570 660 2824 730 quoniam
2873 660 2916 713 si
2956 674 3111 714 secus
3157 661 3355 731 egeris,
3386 659 3498 716 Deo
3527 677 3800 719 annuente

2209 756 2268 803 et
2303 749 2411 803 vita
2447 750 2664 814 comite,
2698 759 2998 821 opportuno
3030 759 3269 820 tempore
3290 750 3393 806 hoc
3428 767 3536 806 non
3570 754 3694 809 sine
3719 773 3800 809 rc-

2211 840 2382 910 gulari
2415 841 2746 896 discussione
2801 842 3083 904 dimittam,
3121 857 3228 895 non
3276 842 3406 906 mei,
3442 843 3588 912 quod
3637 846 3796 912 absit,

2210 947 2395 997 causa,
2449 933 2540 987 sed
2575 948 2850 988 sacrarum
2891 933 3192 1002 regularum
3229 944 3561 1003 contemptu.
3619 937 3698 992 De
3735 953 3796 993 eo

2211 1023 2352 1092 quod
2379 1023 2434 1076 in
2449 1025 2635 1078 eodem
2653 1032 2744 1078 tuo
2759 1023 2960 1078 insulso
2983 1023 3184 1094 scripto
3205 1023 3499 1092 apposuisti
3519 1043 3530 1078 :
3549 1026 3690 1081 Item
3712 1045 3798 1082 ca-

2211 1128 2320 1166 non
2368 1114 2543 1167 dicit:
2594 1113 2698 1179 Qui
2739 1131 2899 1168 unum
2945 1115 3139 1168 crimen
3187 1113 3408 1183 probare
3454 1133 3556 1168 non
3607 1120 3795 1183 poterit

2213 1205 2280 1257 ad
2326 1204 2432 1258 alia
2473 1205 2680 1258 admitti
2706 1222 2810 1259 non
2829 1205 2996 1269 debet,
3035 1206 3129 1260 tibi
3158 1208 3416 1272 rescribo,
3444 1207 3644 1263 Nescis
3674 1213 3793 1279 quid

2211 1296 2376 1360 dicis;
2405 1297 2591 1366 plenus
2621 1298 2982 1368 indignatione
3013 1307 3068 1352 et
3109 1300 3448 1354 contumacia
3497 1319 3608 1357 non
3647 1315 3794 1372 potes

2212 1387 2381 1441 oculis
2411 1388 2609 1442 mentis
2634 1387 2816 1442 videre
2861 1390 3001 1458 quod
3052 1389 3230 1444 verbis
3273 1391 3471 1446 debeas
3524 1408 3792 1462 promere,

2212 1477 2295 1530 vel
2346 1480 2487 1547 quod
2531 1480 2728 1533 debeas
2775 1480 3038 1546 reticere;
3099 1483 3142 1535 si
3205 1485 3513 1552 sequereris
3582 1487 3792 1541 beatum

2216 1567 2400 1632 David,
2436 1569 2718 1623 Dominum
2758 1570 3127 1639 deprecareris
3167 1581 3225 1625 ut
3251 1585 3460 1642 poneret
3506 1579 3796 1632 custodias:

2213 1660 2292 1712 ori
2335 1668 2443 1721 tuo,
2492 1669 2544 1712 et
2585 1660 2774 1714 ostium
2819 1662 3226 1715 circumstantia:
3276 1663 3429 1718 labiis
3475 1667 3582 1719 tuis
3631 1664 3791 1736 (Psal.

2217 1749 2464 1821 xxxviii).
2494 1749 2679 1806 Canon
2725 1752 2854 1806 dicit
2880 1770 2894 1805 :
2926 1752 3362 1823 Quotiescunque
3393 1755 3612 1810 clericis
3639 1757 3792 1810 multa

2214 1841 2438 1896 crimina
2481 1843 2547 1897 ab
2603 1843 3005 1898 accusatoribus
3056 1844 3402 1915 objiciuntur,
3450 1857 3507 1900 et
3537 1864 3710 1901 unum
3733 1863 3789 1902 ex

527 1938 779 1999 denudat,
813 1937 908 1990 sed
936 1931 1086 1989 hunc
1132 1935 1280 1990 velut
1316 1934 1579 2004 perﬁdum
1628 1948 1780 1987 cave.
1815 1932 2112 1987 Ostendere
2141 1937 2186 1994 B
2217 1932 2346 2002 ipsis
2388 1934 2454 1987 de
2499 1949 2605 2002 quo
2652 1936 2802 2004 prius
2831 1937 3003 2005 egerit
3047 1936 3278 2005 probare
3307 1953 3412 1992 non
3443 1938 3704 2003 valuerit,
3735 1943 3793 1993 ad

525 2035 704 2086 autem
733 2036 788 2080 et
826 2041 1044 2081 monere
1100 2034 1152 2079 te
1199 2025 1386 2086 debeo,
1442 2032 1498 2076 ut
1528 2023 1821 2077 secundum
1867 2021 2013 2092 leges
2053 2029 2108 2074 et

527 2117 737 2185 regulas
768 2117 895 2172 inde
920 2116 1062 2186 quod
1083 2116 1288 2186 justum
1314 2124 1397 2169 est
1419 2113 1754 2182 exsequaris.
1787 2113 1861 2166 De
1884 2126 1948 2165 eo
1976 2125 2106 2164 vero

525 2210 668 2277 quod
720 2225 883 2281 negas
930 2223 1030 2279 per
1072 2208 1272 2263 multas
1319 2209 1576 2275 ambages
1609 2221 1712 2259 non
1758 2203 2102 2267 verisimiles,

522 2299 717 2368 quibus
739 2299 869 2354 mihi
890 2309 945 2354 et
971 2299 1189 2370 longum
1219 2308 1273 2352 et
1293 2297 1481 2351 inutile
1507 2296 1833 2364 respondere
1867 2293 2102 2356 videtur,

522 2400 574 2444 te
612 2404 717 2445 non
759 2393 1116 2455 consensisse,
1147 2399 1206 2444 ut
1234 2391 1348 2460 ipse
1367 2389 1596 2443 clericus
1624 2389 1869 2442 eamdem
1898 2396 2104 2441 teneret

526 2479 810 2534 ecclesiam
850 2481 894 2535 si
926 2481 977 2534 in
1020 2481 1358 2535 contumacia
1383 2487 1437 2532 et
1486 2479 1769 2548 negatione
1799 2486 1886 2530 tua
1916 2490 2101 2547 perse-

519 2562 710 2626 verare
743 2570 1071 2636 decreveris,
1101 2571 1302 2625 habeas
1353 2570 1504 2624 illum
1535 2568 1882 2623 conscientia:
1907 2578 1962 2622 et
2003 2583 2101 2623 ne-

519 2661 750 2732 gationis
800 2670 904 2716 tua!
933 2660 1190 2729 judicem,
1239 2675 1400 2730 quem
1441 2659 1664 2714 habebis
1695 2668 1750 2713 et
1783 2668 1996 2713 testem.
2037 2657 2105 2711 Et

519 2754 771 2824 quoniam
817 2754 946 2807 mibi
996 2753 1264 2823 scripsisti
1314 2753 1456 2821 quod
1503 2753 1625 2806 inde
1671 2767 1889 2807 causam
1937 2767 2100 2821 quam

518 2847 697 2900 nescis
728 2847 1052 2916 investigare
1087 2855 1138 2899 et
1164 2845 1291 2898 mihi
1327 2845 1648 2898 remandare
1685 2843 1905 2907 debeas,
1935 2844 2098 2897 timeo

517 2952 616 3006 pro
651 2946 700 2990 te
731 2953 796 2991 ne
827 2938 966 2991 sicut
995 2936 1107 3002 jam
1151 2936 1324 2991 fecisti
1356 2944 1414 2989 ut
1452 2935 1626 2989 victor
1671 2935 1724 2987 in
1750 2934 2099 2988 contentione

519 3031 784 3085 videreris
833 3031 1048 3098 quando
1098 3040 1285 3086 contra
1325 3045 1532 3084 sacram
1577 3029 1956 3105 auctoritatem
1987 3028 2099 3082 cui-

519 3123 643 3176 dam
688 3124 913 3177 decreto
941 3124 1271 3193 pernicioso,
1329 3131 1386 3176 ut
1433 3123 1665 3186 dicitur,
1703 3121 2096 3190 subscripsisti,

517 3224 571 3268 et
609 3215 837 3268 clericos
865 3230 927 3268 ac
957 3214 1297 3286 presbyteros
1319 3214 1590 3283 parochias
1626 3222 1729 3268 tua:
1752 3211 2098 3267 subscribere

2209 2033 2402 2078 caetera
2425 2026 2536 2094 jam
2569 2043 2674 2081 non
2727 2027 3072 2090 admittatur;
3121 2027 3206 2082 dic
3234 2029 3357 2098 quis
3383 2040 3468 2083 est
3515 2029 3603 2084 ille
3644 2046 3790 2084 accu-

2207 2123 2387 2181 sator;
2423 2116 2509 2170 dic
2534 2118 2673 2186 apud
2700 2133 2860 2186 quem
2904 2127 2953 2171 te
2993 2128 3278 2172 accusator
3307 2129 3562 2184 accusat;
3626 2121 3712 2175 dic
3746 2122 3790 2176 in

2206 2219 2312 2272 quo
2352 2204 2801 2275 regularijudicio
2833 2216 2884 2261 te
2934 2218 3185 2274 accusat;
3235 2208 3320 2262 dic
3364 2210 3428 2264 de
3461 2212 3669 2279 quibus
3694 2212 3789 2265 cri-

2206 2294 2440 2349 minibus
2481 2304 2532 2348 te
2559 2305 2840 2350 accusator
2868 2307 3118 2363 accusat;
3177 2298 3261 2352 die
3298 2299 3365 2353 de
3410 2314 3522 2368 quo
3564 2301 3788 2355 crimine

2147 2385 2152 2389 ’
2209 2393 2492 2440 accusator
2524 2386 2650 2467 egit,
2692 2387 2834 2455 quod
2863 2388 3093 2456 probare
3137 2404 3244 2442 non
3291 2389 3477 2452 valuit,
3512 2401 3574 2445 ut
3602 2392 3674 2446 ad
3704 2407 3788 2446 cte-

2211 2487 2326 2532 tera
2369 2477 2505 2548 jam'
2539 2493 2643 2531 non
2699 2478 3053 2534 admittatur:
3102 2482 3533 2554 quotiescunque
3561 2485 3712 2540 enim
3746 2496 3791 2539 te

2205 2570 2617 2638 metropolitana
2647 2571 2974 2627 auctoritate
3011 2588 3292 2638 monuere,
3318 2575 3406 2630 cui
3459 2591 3559 2647 per
3615 2592 3789 2632 sacros

2204 2675 2442 2715 canones
2467 2661 2757 2716 commissa
2805 2670 2890 2716 est
2940 2662 3246 2718 sollicitudo
3289 2665 3456 2719 totius
3498 2668 3788 2736 provincia:

2204 2754 2271 2808 de
2305 2753 2388 2806 his
2417 2769 2513 2822 pro
2542 2754 2737 2823 quibus
2761 2754 2827 2808 ad
2854 2769 2940 2808 me
2961 2755 3026 2809 de
3048 2763 3139 2810 tua
3164 2753 3416 2824 parochia
3447 2759 3540 2826 qui
3575 2759 3786 2827 negotia

2203 2843 2454 2897 videntur
2480 2844 2678 2899 habere
2709 2833 3061 2910 concurrunt,
3104 2862 3318 2917 semper
3353 2858 3647 2904 accusator
3676 2859 3787 2905 tuus

2201 2933 2450 2988 cristam.
2506 2934 2738 2990 Etcum
2799 2935 3008 3005 longius
3051 2953 3080 2990 a
3138 2949 3188 2992 te
3235 2949 3517 3010 separatus
3570 2957 3790 3012 corpore

2205 3019 2374 3087 fuero,
2405 3031 2460 3077 et
2479 3025 2657 3078 verbis
2678 3024 2759 3078 vel
2782 3024 2976 3079 litteris
2993 3035 3042 3081 te
3060 3042 3338 3093 monuere,
3364 3046 3462 3100 pro
3479 3043 3790 3086 accusatore

2203 3122 2295 3167 tuo
2316 3114 2382 3168 de
2396 3115 2710 3170 criminibus
2747 3117 3009 3187 injudicio
3036 3120 3265 3190 regulari
3295 3123 3537 3176 tenebor.
3581 3123 3790 3192 Regulze

2203 3220 2436 3275 namque
2474 3206 2659 3261 dicunt
2705 3209 2842 3276 apud
2891 3224 3050 3279 quem
3099 3219 3155 3265 et
3191 3212 3428 3282 qualiter
3460 3216 3790 3270 accusandus

518 3307 716 3370 fecisti,
765 3315 815 3360 te
846 3307 911 3359 de
953 3321 1116 3360 causa
1147 3307 1306 3375 hujus
1346 3304 1586 3359 ecclesia:
1628 3305 1682 3357 in
1729 3302 1910 3372 aliquo
1958 3317 2092 3356 nan-
2125 3289 2168 3350 C
2201 3298 2482 3367 episcopus
2527 3299 2718 3354 debeat
2771 3303 3038 3369 accusari,
3090 3315 3144 3358 et
3179 3306 3290 3369 ubi,
3332 3315 3386 3360 et
3425 3307 3689 3376 qualiter,
3716 3309 3790 3363 vel

519 3400 720 3469 frages,
741 3406 796 3453 et
815 3398 950 3452 alios
975 3407 1150 3453 tecum
1178 3398 1548 3467 irregulariter
1577 3396 1837 3467 colligans
1869 3403 1930 3449 ut
1950 3395 2102 3449 evin-

518 3502 628 3550 cas,
664 3489 714 3542 in
746 3489 1086 3559 naufragium
1132 3489 1317 3542 ducas.
1354 3486 1507 3542 Unde
1533 3488 1787 3542 obtestor
1824 3494 1878 3540 et
1909 3501 2102 3540 moneo

520 3586 571 3632 te
612 3593 707 3649 per
747 3589 993 3634 sanctam
1038 3588 1092 3634 et
1123 3579 1537 3648 inseparabilem
1593 3579 1754 3633 unius
1801 3578 2103 3634 divinitatis

519 3671 859 3740 Trinitatem,
888 3683 944 3728 et
985 3688 1084 3744 per
1127 3674 1402 3727 Christum
1449 3672 1631 3727 Jesum
1678 3671 2100 3742 Redemptorem

518 3772 786 3830 nostrum,
815 3777 869 3820 et
890 3781 988 3836 per
1006 3766 1235 3837 gratiam
1260 3763 1494 3835 Spiritus
1519 3765 1712 3831 sancti,
1743 3765 1835 3835 qui
1866 3765 2101 3820 maxime

517 3858 570 3912 in
594 3859 1030 3913 ordinationibus
1062 3868 1338 3928 operatur,
1375 3874 1535 3927 quem
1564 3874 1660 3929 per
1697 3858 2099 3928 impositionem

521 3967 778 4006 manuum
816 3965 1058 4004 mearum
1101 3951 1393 4020 accepisti;
1425 3960 1479 4005 et
1509 3967 1605 4019 per
1631 3951 1859 4022 gloriam
1900 3960 2102 4005 sancta

521 4040 615 4094 Dei
674 4039 952 4109 genitricis
1005 4041 1330 4108 et'lsemper
1377 4040 1600 4108 virginis
1653 4039 1856 4105 Mariae,
1904 4056 1968 4093 ac
2006 4055 2103 4109 per

521 4131 724 4184 electos
755 4129 847 4182 Dci
890 4128 1129 4198 angelos,
1163 4138 1217 4182 et
1269 4144 1366 4199 per
1395 4130 1542 4184 beati
1594 4129 1824 4201 Remigii
1879 4129 2098 4198 merita,

521 4230 576 4275 et
604 4219 1073 4288 metropolitanam
1103 4222 1482 4277 auctoritatem
1511 4222 1685 4277 eidem
1714 4224 2098 4293 praedecessori

516 4325 660 4375 meo,
685 4311 741 4364 et
765 4310 818 4364 in
849 4311 964 4381 ejus
993 4313 1336 4366 successione
1373 4311 1632 4367 divinitus
1661 4314 1791 4367 mihi
1821 4314 2096 4380 collatam,

516 4409 576 4454 ut
603 4410 792 4455 contra
831 4400 974 4470 leges
995 4417 1132 4472 quas
1157 4402 1422 4456 catholica
1458 4411 1514 4457 et
1541 4403 1832 4473 apostolica
1859 4403 2096 4457 Ecclesia

516 4505 586 4547 ex
641 4493 863 4562 antiquo
892 4493 1188 4547 servandas
1230 4494 1499 4562 suscepit,
1563 4502 1856 4564 contraque
1911 4509 2097 4548 sacros

513 4590 826 4638 sanctorum
878 4582 1230 4638 conciliorum
1280 4599 1516 4639 canones
1570 4594 1623 4638 et
1677 4585 1897 4639 decreta
1954 4584 2097 4639 sedis

514 4669 773 4730 Romanae
794 4672 1110 4741 pontiﬁcum
1141 4674 1206 4727 de
1231 4673 1404 4728 sacris
1427 4673 1725 4740 ordinibus,
1749 4685 1802 4729 et
1823 4689 2091 4729 canonum

513 4761 857 4836 promulgata
920 4761 1216 4832 disciplinis
1262 4763 1329 4817 de
1402 4779 1563 4818 causa
1626 4764 1880 4819 Ecclesiae
1923 4766 2092 4834 ipsius

509 4870 620 4910 non
675 4854 883 4920 facias,
934 4855 1027 4910 sed
1070 4856 1186 4910 sine
1250 4854 1358 4909 ullo
1417 4857 1768 4924 praeiudicio,
1826 4867 2089 4926 quantum

509 4946 655 5002 Deus
709 4947 802 5002 tibi
856 4946 996 5002 scire
1047 4956 1104 5000 et
1147 4962 1304 5017 posse
1353 4948 1593 5015 dederit,
1646 4950 1786 5020 quod
1841 4951 1986 5020 jnste
2038 4959 2092 5004 et

511 5041 911 5097 rationabiliter
965 5040 1165 5096 videris
1219 5043 1552 5112 exsequaris,
1595 5053 1650 5097 et
1689 5059 1794 5097 non
1852 5044 2089 5114 negligas

507 5132 593 5186 vel
650 5132 1009 5204 parvipendas
1067 5148 1195 5203 rogo
1271 5135 1414 5190 hanc
1473 5135 1886 5190 obtestationem
1929 5133 2089 5202 justi-

508 5224 582 5278 tia
632 5232 687 5278 et
739 5225 948 5279 ratione
975 5233 1155 5296 «atque
1201 5227 1524 5282 auctoritate
1580 5227 1814 5297 plenam,
1861 5227 1989 5296 quia
2040 5225 2086 5280 si

505 5315 654 5386 potui
701 5325 923 5387 propter
970 5317 1329 5372 ministerium
1390 5318 1520 5372 mihi
1579 5319 1830 5373 collatum
1861 5331 2088 5372 exorare

507 5407 675 5463 Deum
738 5422 835 5478 per
887 5408 1248 5463 humilitatem
1306 5419 1365 5462 ut
1420 5418 1477 5462 tu
1538 5425 1635 5479 per
1689 5410 2086 5481 impositionem

507 5513 767 5553 manuum
789 5513 1030 5553 mearum
1055 5501 1212 5554 ﬁeres
1230 5500 1513 5554 ordinatus
1539 5501 1841 5571 episc0pus,
1868 5517 2085 5576 possum

508 5596 562 5641 ct
601 5586 770 5642 debeo
805 5588 994 5643 eodem
1026 5589 1329 5643 ministerio
1374 5599 1426 5644 te
1451 5592 1712 5645 obtestari
1761 5606 1858 5660 per
1903 5601 2091 5648 aucto-

509 5677 725 5732 ritatem
751 5687 811 5731 ut
835 5677 1001 5734 facias
1021 5679 1162 5750 quod
1187 5680 1364 5736 facere
1400 5681 1556 5736 debet
1613 5683 1914 5752 episcopus,
1947 5683 2090 5738 sicut

507 5777 564 5823 et
585 5767 787 5822 Paulus
815 5771 1117 5826 obtestatus
1137 5781 1221 5827 est
1251 5770 1608 5828 Timotbaeum
1637 5790 1667 5828 a
1697 5790 1756 5830 se
1781 5775 2088 5830 ordinatum

509 5861 842 5929 episcopum,
871 5872 923 5913 ut
954 5877 1054 5915 non
1082 5863 1348 5917 declinans
1404 5866 1454 5918 in
1503 5865 1663 5920 aliam
1715 5878 1936 5936 partem,
1981 5869 2091 5922 sine

2204 3405 2232 3441 a
2263 3390 2456 3458 quibus
2481 3390 2673 3445 debeat
2699 3390 2966 3460 judicari;
3009 3405 3063 3448 ct
3095 3397 3308 3464 quoties
3356 3399 3449 3452 tibi
3497 3402 3791 3464 ostendero

2203 3495 2300 3551 per
2331 3490 2640 3536 sanctarum
2667 3482 3068 3553 Scripturarum
3105 3489 3395 3554 tramitem,
3425 3499 3476 3544 et
3507 3507 3791 3546 sacrarum

2205 3571 2508 3640 regularum
2523 3575 2896 3630 auctoritatem
2916 3577 2967 3630 in
2984 3579 3181 3647 quibus
3199 3582 3423 3645 excedis,
3440 3597 3662 3651 semper
3679 3594 3734 3638 te
3762 3603 3792 3638 a

2204 3679 2290 3718 me
2309 3664 2538 3734 irregula
2548 3665 2698 3732 riter,
2716 3667 2922 3723 scilicet
2938 3670 3141 3739 absque
3159 3673 3643 3743 regularividelicet
3662 3691 3724 3746 sy
3735 3693 3795 3728 n-

2203 3754 2342 3809 odali
2365 3754 2588 3822 judicio,
2629 3756 2929 3825 judicalum
2975 3765 3288 3818 causaberis
3318 3783 3330 3818 :
3359 3759 3628 3820 Dominus"
3647 3768 3788 3821 enim

2206 3845 2333 3898 dicit
2362 3845 2413 3899 in
2437 3846 2729 3918 Evangelio
2756 3865 2769 3903 :
2802 3851 3038 3906 Audistis
3061 3855 3185 3923 quia
3205 3855 3402 3909 dictum
3434 3870 3507 3910 est
3529 3860 3784 3930 antiquis,

2209 3936 2328 3990 Non
2355 3940 2588 4005 occides;
2630 3943 2719 4010 qui
2747 3953 2918 3998 autem
2955 3947 3201 4000 occiderit
3244 3965 3361 4002 reus
3396 3951 3490 4002 erit
3525 3951 3783 4019 judicio:

2203 4045 2293 4098 ego
2344 4041 2514 4084 autem
2561 4033 2676 4086 dico
2716 4035 2852 4088 vobis
2879 4037 3001 4106 quia
3030 4041 3195 4092 omnis
3234 4042 3322 4110 qui
3347 4042 3601 4094 irascitur
3638 4044 3784 4112 fratri

2201 4136 2296 4174 suo
2325 4122 2437 4176 sine
2457 4139 2639 4189 causa,
2670 4142 2786 4178 reus
2817 4129 2915 4180 erit
2928 4129 3133 4197 judicio
3157 4129 3370 4201 (Matth.
3397 4133 3470 4204 v),
3512 4144 3621 4188 etc.

2273 4210 2340 4264 Et
2363 4214 2502 4267 sacri
2526 4230 2758 4271 canones
2776 4233 3142 4288 saepenumero
3167 4222 3352 4278 dicunt
3377 4242 3388 4277 :
3417 4224 3474 4279 Si
3505 4228 3635 4296 quis
3659 4243 3782 4297 pra“:-

2202 4311 2287 4356 tcr
2317 4305 2428 4358 haec
2464 4306 2674 4373 fecerit,
2707 4311 2860 4378 quasi
2892 4321 3078 4366 contra
3108 4331 3355 4385 magnum
3405 4319 3699 4375 concilium
3732 4337 3784 4376 se

2202 4394 2449 4462 efferens,
2484 4397 2596 4466 ipse
2641 4399 2706 4453 de
2733 4400 3020 4458 clericatus
3047 4405 3249 4462 honore
3280 4408 3701 4477 periclitabitur.
3727 4412 3785 4466 Et

2203 4490 2416 4543 decreta
2464 4502 2664 4547 sancta:
2694 4494 2837 4548 sedis
2862 4494 3126 4553 Romanae
3153 4500 3462 4567 pontiﬁcum
3489 4501 3597 4557 hoc
3629 4518 3783 4560 sensu

2204 4579 2415 4634 dicunt:
2447 4580 2502 4635 Si
2527 4584 2649 4651 quis
2670 4583 2895 4640 fratrum
2918 4599 3107 4643 contra
3140 4590 3252 4645 hzec
3284 4594 3574 4649 constituta
3603 4597 3784 4652 venire

2204 4675 2511 4737 tentaverit,
2559 4684 2613 4729 et
2658 4679 2932 4747 prohibita
2993 4681 3156 4736 fuerit
3204 4699 3368 4741 ausus
3402 4687 3724 4757 admittere,
3754 4706 3779 4742 a

2199 4779 2296 4817 suo
2331 4779 2389 4819 se
2413 4767 2623 4822 noverit
2648 4767 2820 4825 ollicio
2851 4771 3292 4831 submovendum.
3311 4777 3376 4832 Et
3400 4787 3458 4832 ut
3483 4779 3582 4834 tibi
3606 4792 3784 4837 osten-

2198 4855 2357 4910 datur
2386 4858 2438 4912 in
2467 4861 2661 4928 quibus
2701 4874 2889 4917 contra
2920 4865 3035 4921 haec
3057 4869 3192 4937 agis,
3239 4870 3506 4927 sustinere
3533 4890 3652 4930 non
3690 4891 3779 4946 po-

2198 4956 2293 5012 tes,
2319 4949 2412 5003 sed
2433 4965 2646 5021 semper
2678 4962 2727 5008 te
2757 4955 3126 5027 irregulariter
3159 4961 3460 5031 judicatum
3506 4969 3777 5034 quereris,

2193 5051 2246 5096 et
2264 5041 2475 5098 laboras
2489 5048 2778 5114 quaerendo
2803 5052 2997 5104 nodum
3017 5051 3069 5104 in
3084 5054 3281 5124 scirpo,
3299 5063 3354 5110 et
3375 5055 3514 5112 unde
3529 5065 3686 5113 tuam
3705 5075 3782 5114 sa-

2193 5134 2448 5204 pientiam
2467 5135 2704 5204 jactitas,
2725 5140 2848 5195 inde
2865 5143 3033 5212 magis
3047 5143 3328 5200 stultitiam
3345 5156 3644 5214 monstras,
3663 5165 3782 5206 cum

2191 5224 2336 5278 dicat
2348 5229 2663 5296 Apostolus:
2690 5229 2750 5284 Si
2762 5232 2879 5300 quis
2892 5232 2999 5284 vult
3021 5234 3157 5287 inter
3173 5252 3258 5289 vos
3272 5238 3478 5306 sapiens
3494 5238 3641 5306 ﬁeri,
3659 5240 3784 5294 stul-

2192 5327 2276 5370 tus
2290 5319 2381 5386 ﬁat
2403 5330 2456 5372 ut
2473 5320 2537 5373 sit
2553 5322 2761 5391 sapiens
2777 5321 2829 5395 (Ι
2841 5320 2964 5379 Cor.
2982 5328 3087 5395 ut).
3103 5327 3168 5381 Et
3195 5327 3452 5385 Salomon
3475 5331 3610 5388 dicit
3636 5353 3650 5388 :
3681 5334 3778 5400 Qui

2193 5410 2466 5478 impatiens
2483 5421 2557 5464 est
2586 5413 2784 5466 exultat
2804 5416 3080 5471 stultitiam
3104 5436 3274 5483 suam,
3290 5432 3337 5475 et
3353 5424 3443 5492 qui
3464 5425 3778 5494 increpatio;

2194 5517 2281 5555 nes
2311 5502 2418 5555 odit
2445 5503 2694 5557 morietur
2717 5502 2897 5574 (Prov.
2923 5507 3066 5579 xw);
3093 5518 3181 5564 et:
3215 5508 3336 5563 Non
3364 5523 3504 5566 amat
3521 5517 3773 5584 pestilens

2193 5606 2309 5644 eum
2321 5592 2410 5661 qui
2422 5607 2476 5643 se
2489 5593 2726 5662 corripit,
2741 5610 2833 5649 nec
2847 5611 2963 5650 cum
2978 5598 3297 5668 sapientibus
3320 5603 3562 5671 graditur
3593 5605 3612 5672 (
3621 5602 3778 5658 Pror.

2194 5679 2316 5752 xv);
2367 5689 2462 5735 et:
2495 5679 2671 5736 Filius
2705 5687 2911 5754 sapiens
2953 5689 3193 5743 doctrina
3232 5693 3435 5760 patris;
3471 5693 3559 5764 qui
3605 5705 3777 5749 autem

2191 5772 2380 5827 illusor
2397 5783 2494 5838 est,
2519 5790 2624 5830 non
2666 5777 2814 5830 audit
2856 5795 2972 5832 cum
2995 5782 3240 5851 arguitur
3279 5781 3463 5854 (Prov.
3497 5785 3652 5854 xm);
3682 5795 3775 5838 et:

2195 5863 2353 5920 Auris
2391 5883 2509 5937 qutr
2536 5870 2682 5922 audit
2707 5871 3084 5942 increpatione:
3117 5875 3255 5943 ritw,
3288 5877 3341 5929 in
3374 5877 3542 5932 medio
3566 5879 3775 5948 sapisti-
