4002 6296
216 391 344 442 δυι

1026 385 1266 441 OPUSC.
1312 385 1397 441 ET
1437 384 1651 440 EPIST.
1696 374 1759 438 IN
1799 384 2021 439 CAUSi
2065 384 2395 441 lllNCMARI
2429 384 2730 442 LAUDUN.
3380 386 3488 441 562
3555 345 3560 349 ε

213 515 354 554 tum
399 499 827 554 commorabitur.
862 499 963 565 Qui
996 500 1182 570 abjecit
1218 501 1569 571 disciplinam,
1599 500 1814 570 despicit
1843 505 1894 564 Α
1920 500 2175 570 Epitraim
2205 505 2366 560 vitula
2390 506 2544 560 docta
2593 503 2806 574 diligere
2847 504 3090 555 trituram
3141 501 3284 571 (Ose.
3320 503 3396 568 κ).
3427 504 3492 557 Et

216 594 480 646 animam
506 608 655 645 suum
677 608 695 656 ;
736 591 825 661 qui
852 601 1026 645 autem
1049 593 1325 662 acquiescit
1357 594 1816 664 increpationibus,

211 700 509 751 possessor
530 693 601 736 est
623 685 795 738 cordis
817 681 996 756 (Prov.
1019 685 1142 755 xv);
1167 693 1220 740 et
1249 701 1262 738 :
1295 685 1396 750 Qui
1421 687 1820 741 meditaturdis-

216 773 475 835 cordias,
523 770 694 842 diligit
751 773 914 837 rixas,
949 783 995 827 et
1023 775 1111 844 qui
1143 785 1386 844 provocat
1425 779 1552 841 iras,
1576 776 1818 847 producit

217 861 536 915 discordias
579 859 762 933 (Prov.
812 862 976 935 xxx);
1018 873 1073 918 et
1107 864 1252 930 τρυε
1311 866 1505 920 exultat
1539 884 1594 920 os
1642 883 1818 931 suum,

218 953 431 1021 quierit
462 953 668 1005 ruinam
709 951 888 1020 (Prov.
916 953 1082 1024 xvn);
1110 965 1165 1008 et
1204 971 1216 1005 :
1253 954 1376 1008 Non
1400 957 1577 1024 recipit
1628 955 1819 1009 stultus

221 1043 395 1097 verba
438 1043 748 1113 prudentite,
796 1044 898 1096 nisi
944 1061 1004 1096 ea
1056 1044 1251 1098 dixeris
1299 1062 1416 1115 qua:
1462 1055 1736 1099 versantur
1766 1047 1820 1098 in

224 1137 398 1190 corde
451 1136 563 1205 ejus
606 1133 784 1207 (Prov.
824 1136 1013 1207 xvul);
1058 1148 1154 1192 et:
1192 1137 1378 1192 Vidisti
1423 1137 1682 1191 hominem
1729 1155 1819 1190 sa-

222 1229 464 1297 pientem
499 1228 596 1280 sibi
638 1229 818 1291 videri,
873 1229 1035 1298 magis
1085 1229 1174 1282 illo
1202 1247 1340 1298 spem
1373 1230 1578 1284 habebit
1627 1228 1821 1283 stultus

225 1315 428 1384 (Prov.
491 1317 678 1387 XXVI);
719 1325 773 1370 et
822 1335 834 1369 :
891 1317 1111 1387 Expedit
1154 1319 1317 1388 magis
1357 1335 1495 1373 ursa:
1546 1335 1822 1372 occurrere

227 1408 406 1475 raptis
431 1407 656 1476 ﬂetibus,
679 1425 835 1478 quam
867 1408 1013 1476 fatuo
1059 1408 1156 1462 sibi
1197 1407 1477 1476 confidenti
1499 1408 1553 1461 in
1598 1407 1821 1461 stultitia

224 1520 331 1555 sna
361 1501 550 1571 (Prov.
582 1501 715 1572 xvu)
742 1519 756 1567 ;
802 1511 857 1556 et
884 1519 896 1554 :
926 1501 1130 1557 Stultus
1159 1501 1338 1554 irridet
1365 1501 1694 1569 disciplinam
1721 1516 1819 1565 pa-

226 1597 328 1649 tris
359 1596 494 1650 sui:
531 1597 622 1665 qui
679 1605 849 1646 autem
907 1593 1129 1647 custodit
1182 1593 1558 1661 increputiones
1598 1591 1821 1664 astutior

226 1685 324 1753 ﬁet
354 1683 544 1754 (Prov.
589 1686 701 1755 xv).
753 1683 954 1737 Deinde
1010 1691 1129 1753 post
1173 1682 1482 1752 plurimum,
1513 1697 1617 1735 non
1645 1681 1818 1735 solum

231 1778 477 1843 inutilia,
527 1779 618 1833 sed
647 1787 701 1833 et
731 1776 876 1831 fatua
917 1778 1092 1831 adhuc
1141 1776 1429 1846 pervenisti
1471 1785 1528 1829 ut
1573 1775 1811 1839 diceres;

1920 595 2047 648 item
2079 613 2090 646 :
2121 594 2375 664 Ephraim
2427 597 2579 666 panis
2638 593 3011 650 subcinericius
3076 593 3164 661 qui
3227 609 3490 662 nunquam

1920 695 2215 740 reversatur
2235 686 2379 756 (Ose.
2399 689 2516 752 vn).
2544 686 2749 742 Deinde
2768 685 2904 741 dicis
2931 704 2943 739 :
2980 705 2996 736 ι
3028 683 3170 756 Ergo
3197 683 3488 752 capitulum

1917 778 2062 848 quod
2110 793 2175 832 ex
2205 778 2566 848 Augustorum
2599 787 2906 834 nostrorum
2952 777 3093 831 libro
3115 778 3269 844 quasi
3303 786 3491 832 contra

1917 882 2005 922 me
2020 868 2162 936 quod
2185 869 2294 938 agit
2320 885 2414 938 pro
2435 883 2519 922 me
2532 868 2906 923 detruncatum
2928 869 3202 940 posuistis,
3229 869 3496 938 integrum

1918 959 2195 1023 resumite,
2233 979 2251 1011 ι
2284 974 2390 1013 non
2418 967 2501 1013 est
2536 973 2755 1024 verum;
2809 959 3190 1014 detruncatum
3241 958 3369 1012 illud
3409 973 3500 1012 ca-

1921 1055 2149 1124 pitulum
2202 1054 2406 1123 regium
2439 1052 2532 1107 tibi
2577 1068 2682 1108 non
2718 1053 2841 1108 misi
2876 1068 3021 1108 :non
3046 1053 3190 1106 enim
3214 1051 3301 1106 ille
3343 1049 3504 1105 cleri-

1922 1161 2019 1199 cus
2048 1159 2218 1208 meus,
2252 1151 2346 1197 aut
2391 1153 2536 1207 tuus,
2563 1141 2650 1196 vel
2700 1141 2926 1210 alicujus
2964 1153 3048 1198 est
3077 1142 3231 1194 liberi
3265 1139 3501 1195 hominis

1922 1253 2142 1297 servus;
2206 1245 2263 1290 et
2316 1237 2436 1290 ideo
2485 1238 2627 1305 quod
2689 1237 2979 1305 capitulum
3029 1236 3155 1290 illud
3206 1238 3271 1290 de
3325 1235 3500 1290 servis

1920 1328 2285 1398 quorumlibet
2313 1327 2468 1392 dicit,
2520 1343 2626 1382 non
2655 1330 2830 1397 posui,
2882 1330 3006 1398 quia
3038 1330 3101 1384 ad
3136 1331 3296 1384 istum
3343 1328 3505 1383 cleri-

1921 1435 2043 1474 cum
2085 1436 2188 1474 non
2215 1420 2536 1488 pertinebat.
2566 1417 2699 1486 Quia
2727 1436 2854 1474 vero
2879 1422 3009 1475 mihi
3043 1432 3095 1475 et
3121 1437 3224 1474 non
3249 1419 3339 1473 tibi
3358 1433 3506 1472 com-

1923 1512 2102 1566 missae
2165 1510 2406 1564 ecclesia!
2476 1525 2665 1565 servus
2721 1520 2820 1572 est,
2868 1513 3008 1578 quod
3059 1513 3122 1565 de
3169 1509 3504 1565 ecclesiasti-

1921 1602 2000 1656 cis
2050 1602 2222 1656 servis
2286 1601 2415 1656 illud
2466 1601 2760 1672 capitulum
2833 1603 2979 1665 dicit,
3053 1605 3153 1658 hoc
3211 1604 3306 1658 tibi
3357 1601 3506 1658 scri—

1920 1695 2023 1764 psi,
2081 1695 2205 1762 quia
2265 1703 2319 1749 et
2354 1693 2455 1748 hoc
2489 1694 2556 1746 ad
2595 1708 2810 1747 causam
2845 1693 2999 1747 istius
3028 1694 3210 1748 clerici
3235 1697 3507 1764 pertinere

1923 1789 2168 1859 cognovi.
2221 1788 2286 1842 Et
2332 1795 2453 1856 post
2509 1786 2612 1840 ista
2662 1788 3039 1856 persequeris:
3073 1806 3090 1836 ‹
3131 1786 3299 1857 Hujus
3325 1800 3505 1844 autem

230 1872 362 1940 (Ιιιίδ
419 1871 708 1940 σερίιιιιιιηι
774 1871 914 1939 (μιοά
965 1878 1151 1924 contra
1186 1877 1238 1922 ιθ
1283 1868 1472 1938 επίρεί
1523 1869 1588 1923 de
1642 1870 1815 1938 Primo
1847 1880 1890 1939 Β
1918 1877 2136 1947 capituli
2163 1886 2350 1932 tenore
2375 1884 2676 1945 perspecto,
2709 1889 3026 1944 responsum
3069 1874 3135 1928 de
3160 1876 3503 1930 ordinatione

229 1962 379 2016 libro
401 1961 754 2031 capitulorum
786 1961 1121 2031 synodalium
1153 1975 1249 2030 pro
1280 1968 1331 2014 te
1357 1958 1582 2022 faceret,
1613 1969 1669 2012 ut
1701 1960 1820 2016 sine

230 2054 583 2117 auctoritate,
607 2052 690 2106 vel
721 2067 987 2108 consensu
1014 2052 1389 2121 episcoporum
1433 2051 1733 2122 presbyteri
1765 2053 1818 2106 in

231 2145 574 2214 quibuslibet
594 2144 841 2200 ecclesiis
893 2161 997 2198 non
1048 2144 1471 2207 constituantur,
1505 2159 1606 2199 nec
1644 2145 1822 2214 expel-

232 2244 443 2292 antur.
475 2235 540 2291 Et
565 2237 705 2306 quod
731 2233 1054 2304 coniunctim
1084 2235 1138 2289 in
1160 2235 1347 2290 eodem
1395 2235 1628 2289 habetur
1677 2235 1824 2304 capi-

230 2329 377 2393 tulo,
409 2338 465 2384 et
489 2329 587 2384 tibi
627 2329 841 2398 scripsi,
885 2337 1106 2398 propter
1144 2328 1287 2398 quod
1329 2338 1384 2383 et
1436 2329 1822 2398 prazcedentia,

232 2429 301 2478 ut
328 2422 600 2492 integrum
628 2421 757 2476 illud
809 2430 1172 2476 monstrarent
1198 2422 1492 2492 capitulum
1531 2423 1825 2477 memorari

237 2512 508 2578 noluisti;
540 2511 749 2568 scilicet
772 2512 817 2566 si
847 2511 970 2566 laici
1009 2512 1236 2568 clericos
1275 2512 1569 2582 probabilis
1610 2512 1734 2568 vita:
1774 2521 1829 2568 et

235 2603 507 2659 doctrinae
527 2603 791 2673 episcopis
830 2604 1248 2667 consecrandos,
1291 2603 1511 2672 suisque
1556 2602 1610 2656 in
1649 2603 1825 2658 eccle-

235 2693 340 2749 siis
365 2693 772 2748 constituendos
813 2693 1127 2758 obtulerint,
1160 2692 1304 2747 nulla
1354 2693 1590 2762 qualibet
1621 2695 1829 2749 ratione

235 2800 336 2841 eos
359 2783 623 2854 rejiciant.
665 2782 761 2837 Dic
788 2784 909 2853 quis
940 2783 1060 2838 sine
1081 2784 1423 2848 auctoritate,
1460 2784 1541 2838 vel
1577 2792 1666 2839 tuo
1694 2801 1826 2838 con-

209 2863 213 2865 .
239 2889 412 2929 sensu
446 2874 502 2928 in
524 2872 933 2945 Follanaebrayo
958 2873 1272 2928 constituit?
1315 2873 1445 2946 Ego,
1487 2883 1546 2928 ut
1576 2874 1824 2944 przcdixi,

209 2995 212 2998 ~
243 2964 533 3036 Sigeberto
559 2965 812 3020 clericum
846 2974 1088 3020 nostrum
1135 2967 1400 3029 concessi,
1449 2975 1508 3020 ut
1549 2965 1644 3021 tibi
1676 2966 1825 3020 illum

238 3058 309 3112 ad
345 3043 702 3112 ordinandum
742 3054 985 3122 oﬂerret,
1021 3065 1077 3111 et
1127 3057 1174 3111 si
1224 3057 1371 3111 illum
1415 3057 1669 3112 ordinare
1722 3055 1830 3111 vel-

239 3151 345 3216 les,
398 3166 499 3220 ego
525 3150 599 3204 illi
624 3149 926 3205 libertatem
959 3149 1377 3206 ecclesiasticam
1406 3149 1660 3206 facerem.
1686 3149 1828 3218 Quo-

1924 1969 2106 2024 clerici
2153 1968 2319 2023 vestri
2368 1983 2571 2032 meum,
2605 1967 2649 2022 si
2689 1983 2717 2020 a
2745 1981 2832 2021 me
2863 1965 3004 2021 facta
3050 1978 3134 2020 est
3165 1976 3407 2035 tempore
3457 1977 3513 2022 et

1923 2061 2041 2114 loco
2101 2075 2222 2113 cum
2274 2072 2513 2127 congruo
2571 2067 2699 2112 tunc
2747 2059 3010 2112 canonico
3060 2067 3396 2127 exspectate,
3450 2066 3505 2112 et

1926 2153 2134 2205 interea
2166 2151 2231 2204 de
2277 2164 2396 2203 mea
2439 2147 2725 2218 irregulari
2764 2148 3106 2203 ordinatione
3143 2146 3392 2215 judicare
3420 2148 3516 2202 de-

1929 2241 2121 2304 sistite,
2153 2239 2411 2310 quoniam
2444 2247 2736 2294 accusator
2760 2239 2916 2293 simul
2945 2247 2999 2292 et
3018 2238 3181 2306 judex
3211 2256 3314 2293 non
3337 2240 3509 2294 eritis.

1930 2335 1996 2388 Et
2022 2343 2144 2404 post
2168 2332 2462 2403 capitulum
2490 2348 2756 2388 canonum
2785 2333 2850 2387 de
2883 2333 3108 2387 scientia
3139 2332 3298 2401 hujus
3325 2332 3512 2387 clerici

1931 2424 2282 2489 conditionis,
2331 2431 2386 2478 et
2417 2425 2483 2479 de
2524 2421 2956 2494 transgressione
2987 2437 3084 2491 per
3111 2421 3512 2475 ordinationem

1932 2516 2216 2570 inhibitam
2268 2523 2416 2584 patet
2468 2515 2597 2586 quid
2651 2514 3054 2578 decerneretur,
3098 2528 3217 2582 qua:
3261 2513 3413 2582 prius
3469 2512 3515 2568 si

1933 2607 2110 2676 placet
2145 2606 2465 2676 opponenda
2496 2613 2604 2669 est,
2636 2616 2691 2659 et
2718 2612 2811 2658 aut
2839 2602 3111 2667 confesso,
3148 2611 3243 2658 aut
3269 2603 3519 2658 convicto
3609 2665 3612 2668 ,

1935 2697 2311 2752 inculcandum
2357 2697 2464 2751 erit
2493 2697 2778 2767 judicium.
2832 2695 2984 2762 Quod
3010 2695 3124 2766 jam
3175 2695 3305 2750 licet
3331 2695 3397 2750 de
3430 2709 3516 2750 me

1935 2804 2041 2842 non
2065 2789 2330 2854 convicto,
2359 2803 2460 2842 nec
2488 2788 2736 2844 confesso
2759 2788 2963 2856 absque
2998 2785 3105 2840 ulla
3133 2785 3362 2858 synodo,
3395 2785 3514 2841 sine

1934 2881 2040 2934 ulla
2073 2881 2378 2948 hujusmodi
2412 2881 2856 2951 interrogatione,
2887 2888 2979 2934 aut
3007 2863 3377 2948 requisitione,
3424 2887 3521 2933 aut

1935 2972 2185 3041 praesenti
2235 2971 2674 3041 interpellatione
2701 2969 2937 3026 cilicium
2969 2970 3307 3026 accusatoris
3356 2969 3515 3024 simul

1934 3070 1990 3118 et
2011 3063 2230 3131 judicis,
2290 3073 2399 3117 tam
2440 3063 2506 3118 de
2555 3065 2800 3126 absente,
2835 3078 2998 3133 quam
3055 3062 3268 3118 absenti
3315 3063 3520 3132 scripto

1937 3157 2090 3212 vobis
2134 3157 2442 3226 judicantes
2493 3156 2888 3221 exercueritis,
2956 3155 3027 3209 ita
3090 3153 3508 3224 pronuntiando.

238 3245 406 3299 modo
433 3258 560 3314 ergo
589 3244 704 3298 sine
732 3252 820 3297 tua
863 3243 1182 3298 auctoritate
1212 3242 1529 3314 Sigebertus
1579 3244 1650 3298 ibi
1695 3258 1821 3313 pre-
1853 3243 1897 3304 C
1932 3247 2070 3316 Quia
2100 3263 2230 3303 vero
2263 3248 2436 3316 ipsum
2475 3247 2730 3302 clericum
2762 3256 2948 3300 contra
2986 3246 3198 3318 regulas
3227 3246 3515 3309 ordinast‘i,

189 3369 192 3372 ~
242 3339 525 3407 sbyterum
577 3337 895 3393 constituit?
939 3345 992 3391 et
1027 3335 1116 3390 ubi
1150 3345 1229 3390 est
1261 3330 1349 3389 ille
1397 3335 1716 3406 presbyter?
1761 3334 1828 3390 Et

245 3429 362 3482 Deo
393 3428 596 3498 gratias
629 3427 752 3496 quia
779 3426 920 3481 sicut
948 3426 1002 3480 in
1029 3427 1376 3496 subsequenti
1415 3425 1650 3497 capitulo
1681 3426 1829 3494 regio

248 3528 342 3572 tuo
370 3519 571 3588 scripto
600 3517 804 3574 inserto
832 3517 1036 3582 dixisti,
1087 3534 1191 3572 non
1239 3518 1414 3572 adhuc
1463 3518 1631 3572 habes
1683 3517 1828 3572 illam

245 3618 570 3679 potestatem
602 3610 668 3663 de
702 3608 1002 3678 Sigeberto,
1035 3618 1094 3663 ut
1140 3610 1376 3663 hannum
1430 3610 1635 3679 regium
1679 3609 1828 3662 illum

247 3705 546 3759 rewadiare
584 3719 766 3774 cogas,
818 3714 876 3757 ut
929 3719 1025 3774 per
1069 3702 1410 3772 lidejnssores
1463 3702 1526 3756 ad
1572 3701 1828 3770 palatium

252 3796 465 3866 regium
494 3797 673 3850 venire
696 3795 893 3856 facias;
918 3795 1042 3865 quia
1068 3811 1168 3850 nec
1187 3803 1310 3849 tuus
1339 3802 1421 3848 est
1442 3793 1826 3864 parochianus,

250 3901 358 3940 nec
386 3885 453 3939 de
489 3893 575 3941 tuo
633 3887 908 3941 missatico
948 3886 1146 3948 divino,
1196 3884 1279 3939 vel
1321 3885 1574 3944 humano,
1623 3897 1720 3936 nec
1776 3881 1830 3934 in

251 3979 371 4045 ipsa
395 3975 621 4030 ecclesia
654 3977 1024 4047 presbyterum
1057 3984 1245 4029 contra
1288 3973 1663 4028 auctoritatem
1720 3970 1831 4040 epi-

251 4067 526 4136 scopalem
562 4067 866 4130 constituit;
901 4067 994 4121 sed
1022 4066 1161 4121 forte
1193 4065 1441 4134 impletur
1485 4064 1536 4116 in
1589 4072 1639 4116 te
1686 4060 1828 4130 quod

252 4161 519 4230 SCriptum
550 4169 633 4214 est
674 4159 1046 4213 :Abominatio
1093 4158 1305 4212 Domini
1352 4168 1426 4210 est
1472 4155 1638 4209 omnis
1683 4170 1827 4207 arro~

251 4269 410 4323 gans,
441 4250 646 4305 etiamsi
666 4267 826 4303 manu
847 4249 915 4302 ad
959 4266 1172 4304 manum
1201 4248 1374 4316 fuerit,
1402 4264 1506 4301 non
1543 4245 1639 4299 erit
1682 4246 1833 4298 inno-

253 4360 373 4397 cens
404 4339 584 4412 (Prov.
617 4343 752 4411 xvr),
785 4341 910 4412 quia
943 4342 985 4395 si
1015 4348 1191 4396 cessat
1226 4356 1253 4392 a
1286 4337 1640 4408 perversitate
1667 4351 1830 4406 quam

252 4433 477 4504 explere
499 4447 600 4487 non
617 4442 786 4503 potest
807 4435 857 4485 in
881 4433 1212 4504 operatione,
1232 4440 1546 4485 nonvacata
1569 4429 1834 4482 malitiosa

250 4526 536 4582 voluntate
562 4541 722 4597 quam
750 4526 1020 4581 desiderat
1051 4525 1095 4580 si
1125 4533 1307 4594 posset
1337 4523 1552 4594 explere
1573 4521 1624 4575 in
1649 4535 1830 4590 opere.

327 4639 533 4695 Deinde
561 4639 628 4694 ad
653 4654 738 4693 me
764 4638 910 4694 redis
933 4637 1248 4699 rodendum,
1279 4636 1465 4690 dicens
1489 4652 1501 4686 :
1538 4653 1556 4684 ι
1580 4633 1838 4701 Perquiro

253 4750 357 4791 cur
389 4749 420 4788 a
465 4741 612 4788 tanto
662 4742 903 4802 tempore
946 4732 1012 4785 de
1040 4746 1159 4793 sua,
1202 4729 1333 4799 quin
1359 4728 1464 4784 mei
1491 4725 1671 4782 clerici
1705 4725 1839 4778 irre-

253 4822 433 4895 gulari
457 4822 795 4877 ordinatione
819 4837 924 4876 non
955 4820 1280 4890 requisistis.
1322 4838 1340 4871 ι
1375 4818 1509 4881 Huc,
1543 4815 1840 4886 reSpondeo

257 4912 378 4974 tibi,
424 4920 569 4966 certe
599 4913 723 4981 quia
754 4922 914 4965 antea
945 4911 1091 4964 illum
1122 4926 1152 4964 a
1181 4919 1232 4965 te
1261 4910 1566 4964 ordinatum
1613 4923 1717 4961 non
1746 4921 1840 4960 au-

255 5001 391 5066 divi,
420 5002 523 5057 nisi
554 5011 836 5072 postquam
865 5002 965 5072 ipsi
1000 5001 1244 5056 homines
1269 5001 1334 5054 de
1359 4999 1582 5070 praefata
1619 4996 1741 5051 villa
1782 5010 1841 5050 se

256 5092 328 5147 ad
354 5107 442 5147 me
464 5091 893 5150 reclamaverunt
916 5107 931 5144 :
958 5106 1057 5146 nec
1089 5090 1143 5144 in
1164 5089 1438 5146 voluntate
1461 5102 1693 5158 unquam
1736 5086 1834 5140 lia-

256 5187 352 5241 bni
402 5195 462 5241 ut
489 5186 555 5240 de
580 5186 764 5241 illicita
811 5184 1203 5239 ordinationea
1233 5191 1285 5237 te
1330 5181 1472 5237 facta
1513 5189 1563 5234 te
1601 5193 1838 5248 unquam

257 5281 348 5335 vel
389 5295 616 5350 usquam
675 5281 1012 5350 impeterem.
1068 5277 1307 5349 Denique
1361 5275 1493 5329 dicis
1543 5290 1556 5324 :
1606 5291 1626 5322 ι
1685 5271 1840 5326 Prius

261 5377 386 5424 erat
436 5371 630 5426 modus
673 5368 1033 5426 ordinationis
1076 5365 1513 5438 cognoscendus;
1559 5371 1614 5417 et
1645 5361 1723 5416 sic
1748 5369 1842 5414 aut

260 5463 544 5521 ordinator
573 5474 664 5519 aut
686 5463 1104 5533 ordinatusjnre
1137 5461 1482 5534 iudicandus,
1512 5467 1608 5513 aut
1624 5458 1840 5527 utrique

260 5557 527 5615 canonico
552 5557 1164 5629 percellendicauterio.
1205 5576 1224 5609 ι
1257 5554 1376 5619 Dic,
1398 5552 1564 5607 frater
1596 5549 1766 5615 :Quis
1789 5556 1844 5603 te

256 5647 561 5719 judicavit?
588 5659 644 5704 et
683 5650 734 5704 in
764 5664 872 5719 quo
903 5647 1138 5719 regulari
1166 5645 1372 5716 judicio
1398 5642 1523 5699 inde
1557 5657 1618 5697 es
1634 5639 1845 5710 judica-

264 5747 378 5806 tus,
423 5739 508 5794 vel
539 5740 896 5811 compellatus
920 5755 936 5793 :
960 5739 1054 5794 sed
1079 5754 1192 5792 non
1222 5736 1418 5792 mirum
1441 5741 1524 5789 est
1549 5731 1688 5802 quod
1711 5729 1846 5800 agis,

250 5828 408 5890 facis
434 5830 582 5888 enim
618 5839 681 5886 ut
725 5831 867 5890 soles
912 5829 1054 5900 quod
1086 5827 1286 5899 diligis.
1339 5825 1482 5882 Dicit
1522 5821 1800 5896 Scriptura
1832 5835 1848 5875 :

1933 3357 2104 3397 sacrae
2172 3341 2370 3412 regulae
2432 3341 2807 3396 demonstrant
2879 3341 3141 3395 dicentes.
3199 3359 3218 3392 ι
3267 3339 3335 3394 Et
3389 3351 3518 3396 tunc

1931 3435 2089 3503 ponis
2123 3432 2419 3503 capitulum
2463 3432 2606 3488 beati
2648 3430 2846 3486 Leonis
2883 3433 3025 3500 quod
3057 3430 3151 3486 tibi
3197 3432 3427 3502 scripsi;
3460 3431 3517 3485 in

1933 3527 2085 3596 cujus
2115 3525 2219 3579 line
2236 3526 2395 3580 solito
2413 3539 2560 3578 more
2576 3533 2722 3578 tuam
2739 3532 2979 3578 ostentas
2999 3521 3305 3586 scientiam,
3326 3523 3391 3575 de
3410 3538 3513 3590 qua

1932 3623 2203 3669 ostentata
2242 3615 2466 3669 scientia
2503 3622 2612 3678 tua,
2646 3612 2770 3682 quia
2817 3627 2922 3665 non
2951 3621 3032 3665 est
3057 3611 3202 3665 utilis
3228 3612 3310 3663 vel
3338 3625 3524 3664 neces-

1934 3708 2080 3762 saria
2112 3705 2260 3776 loqui
2294 3706 2367 3759 nil
2391 3721 2521 3760 curo
2549 3722 2562 3768 ;
2595 3705 2719 3772 quia
2755 3703 2899 3757 sicut
2926 3703 2992 3756 de
3035 3701 3424 3756 chamaeleonte
3448 3700 3524 3752 le-

1933 3798 2128 3867 gimus,
2181 3797 2272 3866 qui
2323 3809 2704 3864 quemcunque
2753 3792 2988 3848 colorem
3049 3792 3278 3856 viderit,
3315 3791 3368 3844 in
3400 3805 3523 3844 eum

1933 3888 2286 3951 convertitur,
2321 3887 2394 3941 ita
2451 3894 2506 3940 tu
2559 3884 2804 3940 saliendo
2835 3899 3050 3954 semper
3100 3883 3207 3938 tuis
3258 3883 3389 3954 ipsis
3443 3881 3524 3936 di-

1934 3981 2035 4036 ctis
2097 3980 2370 4035 contraria
2447 3978 2620 4033 vadis.
2691 3976 3137 4046 Quandoquidem
3201 3990 3330 4030 vero
3395 3976 3524 4045 quia

1934 4078 2219 4125 accusator
2239 4069 2399 4125 simul
2431 4077 2485 4123 et
2510 4067 2675 4139 judex
2707 4081 2828 4122 esse
2876 4082 2981 4121 non
3039 4081 3256 4136 possum
3276 4107 3290 4131 ,
3350 4081 3522 4136 quan-

1935 4161 2222 4231 doquidem
2281 4161 2406 4229 quia
2451 4165 2510 4214 te
2557 4158 2835 4214 absentem
2886 4155 3093 4225 judico,
3132 4155 3403 4210 interdum
3459 4163 3519 4208 ut

1935 4268 2224 4324 personam
2270 4251 2604 4308 accusatoris
2656 4234 2911 4313 induam,
2955 4256 3010 4302 et
3061 4256 3189 4302 tunc
3260 4256 3311 4302 te
3360 4262 3522 4300 accu-

1935 4355 2075 4396 sem.
2123 4333 2426 4410 Aliquando
2491 4339 2633 4410 quod
2700 4340 2814 4394 sine
2858 4339 3063 4408 synodo
3109 4346 3162 4392 te
3203 4335 3422 4406 judico,
3472 4345 3527 4390 et

1939 4433 2227 4503 aliquando
2270 4433 2410 4502 quod
2457 4432 2575 4486 sine
2621 4431 2826 4502 synodo
2866 4439 2918 4483 te
2954 4428 3200 4499 judicare
3239 4443 3343 4483 non
3393 4443 3518 4497 pos-

1945 4543 2102 4594 sum;
2133 4537 2187 4582 et
2226 4527 2352 4597 quia
2391 4540 2492 4580 nec
2526 4524 2786 4592 intelligis
2833 4537 2933 4576 nec
2966 4520 3278 4575 intellexisti
3329 4520 3526 4576 admit-

1872 4594 1921 4651 Β
1950 4621 2138 4677 tendos
2194 4620 2259 4673 ad
2313 4619 2530 4673 ordines
2589 4631 2774 4671 sacros
2836 4615 3085 4670 servituti
3127 4614 3408 4669 obnoxios.
3461 4614 3530 4668 Et

1948 4712 2132 4768 multis
2153 4711 2326 4766 modis
2356 4712 2455 4765 hac
2487 4709 2610 4764 illac
2634 4707 2787 4762 vadis
2813 4706 3126 4762 ﬂuctuando
3155 4707 3294 4762 sicut
3317 4706 3528 4761 arundo

1949 4822 1978 4860 a
2009 4813 2170 4858 vento
2220 4804 2444 4872 agitata,
2497 4800 2752 4855 videlicet
2808 4799 2991 4853 animo
3043 4796 3352 4861 ﬂuctuante,
3401 4795 3529 4865 quia

1950 4895 2148 4951 nullius
2174 4893 2455 4965 gravitatis
2483 4892 2725 4963 pondere
2752 4903 2811 4944 es
2844 4889 3135 4945 stabilitus.

2019 4986 2163 5041 Dicis
2194 4985 2360 5039 etiam
2391 4997 2477 5038 me
2505 4996 2775 5052 exponere
2823 4979 3116 5050 capitulum
3153 4977 3349 5033 Leonis
3388 4978 3533 5034 sicut

1951 5079 2092 5144 volo,
2114 5078 2208 5133 sed
2249 5092 2351 5130 non
2377 5076 2515 5130 sicut
2547 5083 2625 5140 tu,
2673 5074 2778 5128 hoc
2802 5073 3027 5144 promis,
3070 5071 3163 5126 sed
3191 5069 3334 5126 sicut
3353 5083 3413 5124 se
3440 5083 3529 5125 res

1949 5172 2111 5225 habet
2135 5184 2320 5224 verum
2351 5167 2486 5223 dicis
2511 5186 2524 5222 :
2555 5167 2634 5222 sic
2662 5166 2808 5221 enim
2851 5163 3000 5219 illum
3025 5176 3236 5232 expono
3274 5169 3336 5215 ut
3377 5159 3520 5227 volo,

1947 5262 2073 5331 quia
2101 5260 2180 5314 sic
2209 5259 2359 5312 illum
2407 5271 2620 5326 expono
2652 5264 2713 5310 ut
2739 5255 2942 5318 debeo,
2973 5252 3098 5322 quia
3135 5252 3214 5307 sic
3253 5251 3402 5306 illum
3447 5252 3531 5306 in-

1949 5352 2127 5422 telligo
2150 5351 2291 5405 sicut
2326 5348 2401 5404 illi
2446 5363 2570 5403 eum
2617 5345 3001 5400 intellexerunt
3050 5341 3142 5412 qui
3174 5341 3230 5395 in
3270 5341 3529 5412 capitulis

1949 5441 2298 5515 synodalibus
2326 5440 2393 5495 de
2441 5437 2795 5494 ecclesiarum
2843 5432 3034 5499 servis,
3073 5441 3132 5486 ut
3174 5430 3271 5485 tibi
3309 5431 3528 5500 scripsi,

1944 5547 1998 5593 et
2047 5536 2180 5592 mihi
2232 5532 2583 5602 rescripsisti,
2613 5531 3010 5593 decreverunt;
3053 5539 3109 5583 et
3137 5527 3277 5582 sicut
3315 5526 3368 5580 in
3415 5525 3530 5596 ipsa

1947 5630 2370 5690 manumissione
2440 5625 2584 5682 servi
2655 5621 3012 5679 ecclesiastici
3082 5622 3526 5686 demonstratur;

1950 5739 2057 5779 non
2081 5722 2224 5778 enim
2257 5718 2399 5776 sacri
2438 5729 2679 5772 canones
2707 5712 3188 5769 manumissionem
3215 5710 3332 5767 ﬁeri
3361 5711 3414 5765 in
3440 5723 3532 5764 ec-

1953 5814 2119 5872 clesia
2151 5812 2217 5868 de
2245 5818 2440 5867 natura
2467 5805 2654 5863 liberis
2692 5805 2761 5862 ab
2787 5803 3203 5876 imperatoribus
3232 5801 3526 5876 petierunt.
