4002 6296
519 324 623 380 565

1489 325 1818 384 HINCMARI
1859 320 2250 377 RHEMENSIS
2291 322 2804 382 ARCHIEPISCOPI

3699 331 3804 386 564

525 455 620 491 nec
652 439 1095 508 quilibet‘nalura
1127 441 1278 494 liberi
1324 457 1421 514 per
1447 441 1923 498 manumissionem
1966 438 2098 492 ﬁunt
2127 439 2174 496 Α
2204 450 2469 491 οοιίςρηειι
2517 449 2676 510 atque
2717 439 2919 510 judicio
2964 439 3329 496 invenerimus
3368 444 3512 494 salva
3542 456 3673 512 pact
3702 485 3716 508 ,
3754 455 3805 499 et

524 532 670 589 cives
699 532 956 599 Romani,
983 535 1074 589 sed
1121 536 1262 588 servi
1298 535 1375 590 vel
1423 534 1804 598 ecclesiastici,
1837 534 1916 588 vel
1949 534 2103 606 regii,

527 626 609 678 vel
638 627 1005 696 quorumlibet
1049 628 1342 686 liberorum
1373 630 1674 684 hominum.
1706 629 1772 684 Et
1824 630 1945 700 ideo
1984 645 2108 684 san-

528 725 648 771 ctus
674 717 781 770 Leo
813 719 862 770 in
893 719 1134 788 capitulo
1165 721 1244 774 sui
1279 721 1480 775 decreti
1533 737 1600 776 ex
1649 721 1949 778 eauonibus
1979 736 2108 791 pro-

527 807 766 881 mulgato
788 813 1091 881 constituit,
1118 823 1174 878 ut
1198 814 1355 882 alicui
1383 815 1679 870 conditioni
1709 813 1980 884 obligatus
2004 828 2107 866 non

525 901 824 966 ordinetur,
857 905 962 958 nisi
997 905 1133 968 forte
1161 922 1348 962 eorum
1395 907 1587 976 petitio
1614 913 1707 960 aut
1734 904 1982 960 voluntas
2016 920 2108 958 ac—

525 992 772 1060 cesserit,
805 996 897 1062 qui
933 996 1137 1068 aliquid
1174 997 1275 1056 sibi
1301 999 1354 1052 in
1379 1013 1474 1055 eos
1503 998 1784 1053 vindicant
1807 996 2104 1068 potestatis.

527 1085 773 1153 Quamliu
802 1087 948 1142 enim
985 1088 1135 1143 fuero
1158 1089 1490 1146 Rhemorum
1519 1090 1825 1161 episcopus,
1860 1090 1910 1142 in
1940 1086 2112 1142 servis

527 1180 685 1248 hujus
711 1181 956 1238 ecclesiae
1000 1183 1130 1246 mihi
1163 1193 1486 1254 potestatem
1519 1185 1755 1248 debitam
1801 1183 2110 1248 vindicabo,

525 1283 578 1328 et
610 1273 727 1328 sine
750 1274 998 1329 libertate
1032 1275 1398 1333 ecclesiastica
1439 1292 1535 1346 per
1566 1291 1652 1332 me
1681 1277 1785 1336 sibi
1816 1277 1939 1331 data
1965 1277 2114 1346 quis-

524 1381 685 1434 quam
713 1380 901 1421 eorum
951 1369 1188 1428 ordinari
1220 1385 1325 1424 non
1360 1370 1536 1424 debet.
1570 1368 1725 1424 Unde
1753 1369 1991 1424 breviter
2017 1369 2112 1422 tibi

525 1460 645 1514 dico
673 1461 816 1530 quod
865 1461 1125 1518 Dominus
1177 1465 1244 1520 ad
1270 1461 1486 1518 Iudaeos
1512 1462 1687 1518 dixit:
1741 1462 1863 1518 Non
1893 1479 1983 1532 ego
2026 1480 2114 1516 ac-

524 1566 650 1605 cuso
664 1567 776 1616 vos,
804 1551 895 1605 sed
928 1551 1159 1622 Moyses,
1190 1555 1243 1607 in
1269 1571 1422 1624 quem
1441 1556 1685 1624 speratis,
1722 1555 1830 1623 ipse
1857 1572 1941 1609 vos
1957 1572 2113 1608 accu-

523 1651 603 1694 sat
628 1640 810 1711 (Joan.
843 1644 923 1713 v),
973 1644 1185 1704 scilicet
1230 1644 1316 1710 lex
1365 1653 1554 1700 contra
1613 1661 1773 1716 quam
1831 1647 2011 1717 agitis.
2049 1645 2115 1700 Et

521 1732 653 1790 item
679 1735 940 1790 Dominus
970 1736 1098 1790 dicit
1129 1755 1141 1790 :
1171 1736 1281 1804 Ego
1341 1753 1443 1791 non
1457 1737 1645 1807 judico
1672 1753 2006 1808 quemquam,
2037 1745 2113 1792 est

522 1826 611 1895 qui
653 1834 854 1893 quierat
885 1833 932 1879 et
973 1824 1178 1896 judicet
1207 1801 1390 1906 (Joan.
1423 1801 1566 1898 vin).
1604 1801 1867 1892 Videlicet
1910 1801 2034 1900 quia
2067 1829 2111 1886 si
2143 1801 2189 1858 Β

525 1920 790 1978 ordinasti
813 1929 1002 1976 contra
1024 1920 1238 1986 decreta
1268 1920 1467 1977 Leonis
1494 1923 1667 1994 ipsum
1697 1923 1977 1988 clericum,
2003 1938 2110 1984 non

528 2020 905 2082 egO'peccator
940 2012 992 2066 in
1035 2022 1197 2076 terra,
1251 2014 1346 2068 sed
1377 2013 1464 2068 ille
1517 2022 1738 2070 sanctus
1786 2014 1850 2070 de
1892 2014 2031 2068 coelo
2060 2023 2113 2069 te

525 2105 653 2163 inde
676 2121 774 2178 per
799 2122 955 2164 suum
987 2107 1264 2164 decretum
1313 2105 1521 2176 iudicat
1551 2125 1565 2174 ;
1597 2116 1652 2164 et
1681 2107 1726 2163 si
1760 2108 2004 2164 confiteri
2030 2108 2112 2162 vis

529 2214 557 2254 a
611 2209 664 2254 te
706 2199 854 2256 illum
911 2198 1290 2269 irregulariter
1325 2201 1655 2267 ordinatum,
1697 2202 1838 2256 sicut
1893 2216 1994 2257 nec
2046 2202 2112 2256 de

524 2289 668 2358 aliis,
703 2291 774 2358 ita
804 2308 901 2350 nec
926 2293 995 2350 de
1017 2291 1121 2352 isto
1151 2302 1294 2348 tuam
1339 2309 1544 2364 qumro,
1573 2293 1658 2348 vel
1690 2294 1938 2350 desidero
1962 2295 2112 2349 dam-

526 2383 820 2450 nationem,
874 2384 969 2460 vel.
1017 2399 1397 2456 quemcunque
1445 2394 1573 2444 ante
1617 2386 1803 2442 oculos
1847 2387 2112 2444 humanos

530 2478 801 2535 ruborem.
829 2475 888 2533 Si
919 2486 1100 2534 autem
1134 2493 1302 2549 negas
1343 2477 1494 2542 illum
1547 2487 1600 2534 te
1642 2480 1926 2536 ordinasse
1971 2479 2114 2536 sicut

517 2567 907 2641 jampraemisi,
948 2569 1149 2626 habeas
1175 2569 1323 2624 illum
1346 2571 1692 2626 conscientim
1726 2585 1788 2626 ac
1812 2571 2113 2642 negationis

525 2670 629 2718 tua:
645 2659 905 2730 judicent,
929 2675 1086 2730 quem
1111 2661 1337 2718 habebis
1355 2671 1410 2718 et
1431 2670 1648 2717 testem.
1674 2662 1940 2718 Craterum
1969 2663 2110 2716 sacri

524 2768 761 2812 canones
791 2752 976 2809 dicunt
1001 2761 1061 2807 ut
1084 2753 1369 2823 episcopus
1394 2754 1509 2810 sine
1535 2755 1762 2814 concilio
1793 2754 2113 2812 clericorum

525 2858 746 2900 suorum
775 2843 1005 2899 clericos
1033 2861 1138 2900 non
1170 2845 1411 2906 ordinet,
1455 2845 1531 2900 ita
1578 2854 1636 2900 ut
1681 2847 1879 2904 civium
1919 2848 2112 2902 conhi~

523 2937 782 3004 bentiam,
799 2945 854 2998 et
875 2939 1240 2994 testimonium
1261 2947 1500 3007 qua-rat:
1524 2948 1581 2992 et
1607 2941 1899 2994 scentulum
1927 2955 2113 2996 saeros

523 3043 762 3086 canones
803 3039 858 3085 et
889 3030 1105 3088 decreta
1151 3029 1294 3084 sedis
1336 3027 1593 3086 Romanae
1636 3030 1949 3100 pontiﬁcum
1993 3047 2112 3086 mea

529 3121 790 3186 interest,
820 3130 878 3176 ut
900 3122 944 3178 si
978 3123 1118 3176 ratio
1151 3121 1502 3190 postulaverit
1542 3137 1625 3180 me
1657 3123 2013 3194 eompellente
2049 3125 2114 3178 ad

523 3211 852 3270 delectorum
885 3213 950 3268 de
979 3213 1320 3269 ordinatione
1347 3215 1515 3284 ipsius
1551 3214 1733 3268 clerici
1761 3230 1920 3282 quam
1950 3216 2112 3278 dene-

523 3322 643 3376 gas,
673 3309 902 3362 accedas
921 3307 1209 3377 judicium,
1239 3317 1294 3362 et
1317 3308 1576 3377 quidquid
1605 3309 1834 3373 veritate
1870 3310 2111 3378 cognita,

528 3399 892 3456 mediantibus
921 3402 1280 3458 sacrosanctis
1308 3400 1614 3471 Evangeliis
1636 3417 1733 3470 per
1759 3416 1852 3458 eos
1877 3414 1984 3462 tam
2007 3403 2116 3457 cle-

529 3491 672 3548 ricos
698 3506 858 3562 quam
891 3493 1066 3558 cives,
1099 3508 1329 3562 quorum
1369 3507 1637 3547 consensu
1687 3501 1741 3551 et
1789 3491 1840 3545 in
1887 3507 2116 3560 quorum

531 3585 819 3656 praesentia
848 3584 1216 3642 ordinationes
1238 3585 1446 3655 juberis
1474 3583 1672 3649 facere,
1699 3585 1972 3642 inventum
2005 3584 2118 3642 fuc-

525 3677 615 3741 rit,
633 3677 736 3732 hoc
761 3684 1052 3732 statuatur.
1073 3674 1181 3733 Sed
1204 3677 1248 3731 si
1275 3677 1644 3746 aaquissimum
1665 3675 1898 3745 iudicem
1927 3675 2115 3741 Deum,

527 3771 614 3826 cui
645 3772 712 3826 de
737 3772 987 3826 omnibus
1042 3770 1198 3826 lactis
1223 3780 1277 3826 et
1300 3771 1518 3841 judiciis
1544 3771 1744 3826 nostris
1775 3787 1963 3825 sumus
2000 3771 2118 3825 red-

529 3862 691 3918 dituri
721 3862 998 3918 rationem'
1017 3862 1264 3918 timueris
1291 3862 1391 3918 hoc
1420 3878 1600 3930 agere,
1629 3860 1771 3916 nulla
1799 3862 1905 3916 erit
1931 3875 2118 3916 neces-

529 3955 680 4010 sitas.
720 3952 905 4022 Neque
931 3967 1032 4022 ego
1060 3953 1230 4017 hanc,
1273 3954 1353 4008 vel
1393 3953 1552 4008 aliam
1584 3968 1962 4022 quamcunque
1989 3969 2116 4008 cau-

527 4063 644 4101 sam
670 4047 793 4100 volo
817 4059 1169 4114 exaggerare,
1191 4045 1316 4114 quia
1354 4047 1419 4100 de
1453 4046 1864 4114 quibuscunque
1892 4049 2116 4101 scanda-

529 4137 637 4192 lum
667 4138 784 4193 sine
813 4146 1037 4206 peccato
1063 4137 1296 4206 propriae
1321 4139 1666 4192 conscientia:
1693 4139 1865 4193 vitare
1906 4150 2111 4208 potero,

533 4231 735 4287 nemini
767 4228 1082 4286 scandalum
1110 4229 1310 4285 inferre
1341 4231 1479 4287 volo.
1516 4231 1571 4286 Si
1601 4241 1780 4286 autem
1819 4233 1932 4302 ipse
1959 4233 2116 4288 cleri-

527 4340 644 4388 cus,
671 4323 812 4394 quod
843 4338 947 4378 non
974 4335 1104 4394 Opto
1138 4339 1239 4379 nec
1278 4340 1482 4394 quaero,
1511 4341 1569 4380 se
1593 4327 1645 4380 in
1673 4327 2115 4396 comprovinciali

524 4415 733 4488 synodo
761 4416 1156 4480 reclamaverit,
1188 4426 1278 4469 aut
1305 4418 1370 4472 de
1399 4417 1738 4474 ordinatione
1770 4435 1798 4472 a
1835 4427 1884 4472 te
1906 4418 1959 4471 in
1990 4436 2110 4473 tum

523 4507 794 4571 exhibita,
835 4517 925 4562 aut
971 4509 1039 4563 de
1077 4523 1401 4578 quocunque
1433 4509 1772 4578 prtejudicio,
1820 4511 1942 4579 quia
1972 4511 2111 4565 sacri
2144 4536 2191 4595 υ

525 4614 760 4655 canones
792 4599 998 4663 dicunt,
1042 4601 1319 4669 praemissa
1361 4602 1628 4655 sententia
1675 4604 1740 4655 (le
1775 4605 2107 4672 presbyteris

522 4703 576 4749 et
602 4693 937 4757 diaconihus,
962 4703 1022 4747 ut
1043 4693 1373 4763 reliquorum
1395 4695 1713 4749 clericorum
1737 4712 1927 4750 causas
1945 4697 2105 4751 etiam

522 4782 670 4839 solus
691 4783 980 4853 episc0pus
1009 4783 1111 4837 loci
1147 4793 1404 4854 agnoscat
1428 4793 1482 4838 et
1512 4785 1682 4839 ﬁniat.
1715 4785 1782 4839 Et
1805 4787 1846 4839 si
1879 4787 2106 4859 presby-

523 4875 648 4940 teri,
680 4874 913 4939 diaconi,
957 4875 1040 4928 vel
1083 4875 1261 4928 cteteri
1309 4873 1580 4930 inferioris
1613 4877 1814 4946 gradus
1843 4878 2023 4932 clerici
2052 4880 2106 4933 in

521 4967 702 5023 causis
731 4983 868 5037 quas
904 4967 1211 5027 habuerint,
1242 4968 1307 5021 de
1329 4967 1546 5036 judiciis
1577 4971 1950 5040 episcoporum
1983 4987 2106 5026 suo-

523 5075 642 5115 rum
684 5061 863 5129 questi
893 5058 1128 5122 fuerint,
1159 5058 1319 5112 vicini
1364 5061 1598 5130 episcopi
1644 5077 1769 5122 eos,
1810 5078 1930 5116 cum
1973 5079 2107 5118 con—

521 5167 684 5208 sensu
711 5153 794 5207 sui
837 5153 1073 5222 episcopi
1127 5152 1383 5217 audiant,
1431 5164 1486 5209 et
1535 5155 1677 5210 inter
1713 5158 1818 5210 ‘eos
1847 5157 2112 5212 dilliuiant

507 5243 746 5300 adhibiti
778 5242 847 5298 ah
882 5245 964 5299 eis
1004 5245 1260 5314 episcopi.
1296 5244 1452 5312 Quod
1475 5249 1575 5301 etsi
1602 5249 1671 5301 ab
1699 5250 1779 5302 eis
1809 5263 2110 5318 provocan-

525 5338 652 5390 dum
684 5338 992 5407 putaverint
1027 5338 1092 5391 ad
1137 5339 1398 5408 primates
1427 5355 1646 5393 suarmn
1673 5343 2072 5410 provinciarum
2095 5387 2107 5408 ,

523 5427 664 5482 sicut
690 5437 745 5482 et
783 5429 850 5483 de
887 5429 1154 5498 episcopis
1197 5445 1338 5498 Step9
1383 5431 1738 5484 constitutqu
1787 5443 1869 5488 est
1917 5449 2105 5504 provo-

523 5527 684 5573 cent:
711 5528 765 5572 et
783 5535 974 5574 omnes
1004 5521 1096 5587 qui
1118 5536 1175 5575 se
1203 5521 1358 5576 Imsos
1385 5522 1698 5578 existimant
1728 5525 1908 5580 adsint
1929 5528 2107 5582 conci-

528 5609 630 5672 liis,
663 5621 716 5664 et
753 5611 943 5681 synodi
990 5612 1342 5681 experiantur
1387 5627 1655 5679 examen;
1697 5626 1752 5669 et
1799 5616 1950 5684 plura
1989 5632 2108 5686 quae

525 5697 654 5752 hinc
685 5713 920 5754 canones
951 5699 1164 5765 dicunt,
1219 5711 1275 5756 et
1303 5704 1435 5758 mihi
1463 5705 1682 5776 longum
1722 5717 1807 5762 est
1844 5709 2102 5765 scribere.

525 5789 793 5864 Quidquid
841 5791 1171 5850 eonfratrut'n
1217 5806 1270 5851 et
1312 5799 1751 5874 coepiscoporum
1800 5811 2103 5868 nostrorum

2213 531 2477 585 cbaritate
2518 532 2639 586 inde
2669 532 2963 587 secundum
3000 547 3207 587 sacram
3240 535 3625 588 auctoritatem
3647 546 3810 593 exse-

2213 624 2302 693 qui
2333 625 2767 696 procurabimus.
2793 624 2870 681 De
2895 641 2959 681 eo
2985 627 3130 697 quod
3151 625 3305 692 dicis,
3324 643 3446 682 cum
3472 643 3570 698 per
3593 627 3807 700 singula

2215 717 2280 771 de
2311 717 2521 771 caeteris
2555 719 2844 786 omnibus;
2883 728 3006 774 tunc
3055 721 3121 773 de
3159 719 3470 789 receptione
3497 719 3808 778 Gallicano-

2217 825 2333 862 rum
2383 825 2644 864 cauonum
2697 812 2926 882 pleniter
2971 814 3349 883 respondebis,
3397 815 3494 870 tibi
3539 817 3803 882 rescribo,

2215 903 2340 973 quia
2374 905 2628 960 Dominus
2652 908 2743 977 qui
2775 907 2826 962 in
2864 923 2920 964 se
2951 908 3294 966 credentibus
3322 911 3579 980 promisit
3605 929 3620 966 :
3655 912 3806 982 Aperi

2217 1013 2274 1050 os
2307 1008 2474 1064 tuum,
2499 1009 2548 1054 et
2571 1016 2663 1069 ego
2686 1000 2976 1071 adimplebo
2999 1001 3166 1070 illud;
3207 1011 3298 1059 et:
3333 1003 3445 1077 Ego
3488 1004 3633 1064 dabo
3670 1004 3807 1066 nobis

2216 1088 2525 1157 sapientiam
2547 1131 2560 1153 ,
2592 1091 2676 1143 cui
2717 1108 2818 1146 non
2844 1102 3083 1160 poterunt
3113 1095 3350 1150 resistere
3372 1104 3420 1150 et
3446 1096 3806 1152 contradicere

2219 1195 2394 1238 omnes
2417 1179 2702 1238 adversarii
2726 1182 2895 1248 vestri,
2923 1191 2974 1237 et
2998 1183 3159 1240 etiam
3187 1184 3375 1246 brutos
3398 1186 3566 1244 asinae
3601 1187 3806 1244 ruditus

2217 1271 2273 1334 in
2305 1275 2571 1340 humanas
2602 1275 2851 1334 formavit
2878 1275 3136 1348 loquelas,
3168 1286 3221 1332 et
3248 1279 3446 1336 siccam
3477 1295 3672 1348 rupem
3700 1279 3804 1336 iun-

2219 1363 2526 1434 derejussit
2558 1381 2764 1436 aquas:
2797 1377 2848 1422 et
2889 1368 3018 1428 mihi
3058 1369 3187 1423 dare
3213 1371 3417 1442 poterit
3443 1386 3567 1440 quae
3600 1371 3696 1426 tibi
3725 1387 3804 1428 re-

2218 1457 2530 1528 spondeam.
2561 1457 2816 1518 Plurimis
2846 1476 2974 1516 vcro
3001 1476 3029 1516 a
3055 1470 3105 1516 te
3133 1463 3459 1535 praemissis,
3493 1476 3546 1518 et
3576 1480 3610 1517 a
3642 1479 3728 1520 me
3752 1475 3804 1522 ut

2218 1551 2498 1607 inutilibus
2528 1553 2930 1624 prietermissis,
2955 1555 3007 1610 in
3040 1554 3235 1626 quibus
3257 1557 3704 1626 quandoquidem
3732 1569 3802 1614 est

2219 1643 2453 1712 negatio,
2469 1643 2900 1714 quandoquidem
2924 1646 3067 1714 quod
3096 1661 3395 1718 negaveras
3413 1648 3800 1715 demonstratio

2223 1733 2550 1798 continetur,
2576 1733 2639 1787 ad
2665 1733 2767 1792 hoc
2790 1735 3088 1805 pervenisti
3116 1745 3175 1792 ut
3212 1737 3422 1796 diceres
3447 1753 3542 1796 me
3570 1737 3800 1810 obligare

2219 1827 2405 1880 volens
2431 1826 2497 1882 de
2527 1828 2808 1886 sententiis
2832 1829 3141 1902 apostoiicae
3163 1831 3306 1892 sedis
3335 1831 3428 1896 tibi
3452 1848 3484 1885 a
3506 1848 3596 1894 me
3619 1832 3801 1892 litteris

2217 1918 2650 1986 praecedentibus
2682 1920 2916 1990 scriptis.
2949 1920 3085 1976 Ecce
3125 1922 3180 1978 in
3225 1921 3366 1982 mala
3403 1923 3658 1980 suasione
3685 1923 3800 1984 deli—

2217 2020 2379 2075 clum,
2406 2021 2453 2065 et
2482 2011 2537 2065 in
2564 2011 2706 2072 mala
2747 2014 3083 2072 consensione
3127 2023 3398 2084 peccatum
3442 2015 3798 2088 depromitur;

2216 2112 2262 2156 et
2288 2103 2421 2156 sicut
2445 2118 2530 2156 vos
2558 2102 2828 2158 sententiis
2847 2103 2990 2174 quod
3026 2104 3154 2166 mihi
3173 2104 3310 2158 male
3333 2121 3556 2168 suasum
3577 2117 3680 2172 est,
3705 2116 3748 2164 et
3769 2124 3797 2160 α

2216 2207 2296 2246 me
2322 2191 2456 2245 male
2476 2202 2551 2248 est
2579 2209 2787 2248 sensum
2816 2195 3014 2260 pariter
3042 2212 3126 2256 uos
3157 2196 3446 2263 consentire
3487 2197 3769 2268 dignemini
3779 2235 3795 2263 ,

2217 2285 2444 2340 dicentes
2481 2301 2598 2356 qua:
2619 2285 2738 2356 jam
2774 2287 3036 2356 prwmisi,
3080 2297 3135 2344 ut
3167 2289 3392 2352 scribam
3431 2290 3578 2346 vobis
3621 2291 3668 2342 si
3695 2307 3795 2358 eaut

2216 2379 2461 2434 ordinare
2490 2379 2605 2436 colo
2642 2382 2927 2436 secundum
2967 2399 3197 2452 morem,
3230 2393 3276 2436 et
3307 2401 3391 2438 vos
3416 2383 3498 2436 illi
3519 2384 3795 2444 libertatein

2215 2473 2619 2534 ecclesiasticam
2641 2475 2872 2543 dabatis,
2897 2493 3050 2544 quem
3083 2476 3261 2532 taliter
3299 2478 3368 2534 ad
3409 2478 3615 2549 gradus
3653 2477 3797 2532 certe

2214 2567 2453 2622 siasticos
2492 2569 2778 2637 peruenisse
2805 2569 3108 2639 divulgatis.
3161 2569 3312 2625 Unde
3348 2568 3442 2626 tibi
3476 2569 3624 2639 quod
3659 2569 3796 2632 Salo-

2215 2677 2340 2718 mon
2372 2662 2504 2716 dicit
2533 2663 2742 2717 scribo:
2771 2663 2877 2729 Qui
2899 2663 3069 2716 erudit
3087 2663 3398 2728 derisorern,
3425 2661 3537 2731 ipse
3555 2662 3653 2720 sibi
3681 2661 3796 2729 facit

2215 2753 2468 2822 injuriam
2502 2752 2689 2823 (Prov.
2727 2753 2825 2822 ix).
2858 2753 2972 2808 Non
3014 2755 3151 2809 bene
3197 2753 3486 2822 intelligis,
3533 2753 3661 2822 quia
3701 2767 3794 2806 non

2217 2843 2354 2900 bene
2379 2844 2461 2897 vis
2485 2843 2630 2912 quod
2661 2843 2756 2908 tibi
2783 2843 2919 2907 bene
2947 2854 3002 2898 et
3029 2852 3175 2898 recte
3197 2843 3414 2911 scripsi,
3443 2843 3658 2907 scilicet
3679 2852 3730 2896 ut
3757 2843 3796 2896 si

2217 2934 2586 3005 cujuscunque
2613 2936 2884 3001 suasione,
2918 2936 3001 2994 vel
3029 2951 3355 3006 quacunque
3380 2935 3732 3006 subreptione
3750 2935 3795 2988 in

2221 3027 2322 3082 hoc
2351 3027 2652 3089 excessisti,
2685 3035 2740 3081 et
2767 3027 2902 3082 alias
2929 3026 3104 3095 ipsum
3129 3027 3387 3091 clericum
3417 3027 3610 3082 utilem
3641 3029 3692 3082 in
3719 3041 3796 3082 ec-

2221 3118 2525 3174 clesiastico
2557 3118 2857 3176 miniSterio
2880 3118 3319 3188 comprobaveris
3337 3157 3352 3182 ,
3385 3118 3532 3187 quod
3559 3117 3728 3174 defuit
3750 3125 3797 3170 et

2226 3210 2338 3272 tibi,
2370 3219 2424 3264 et
2449 3209 2525 3264 illi
2559 3210 2610 3263 in
2640 3210 2983 3275 ordinatione
3013 3223 3133 3273 sua,
3170 3217 3224 3268 et
3251 3207 3318 3264 ad
3352 3223 3441 3270 me
3467 3206 3792 3279 pertinebat,

2222 3317 2321 3370 ego
2355 3302 2681 3372 supplerem.
2724 3301 2866 3370 Lege
2897 3303 3112 3358 decreta
3141 3301 3286 3356 satis
3313 3300 3570 3364 Romanae
3593 3298 3796 3372 pontiﬂa

2221 3410 2343 3448 cuin
2374 3412 2404 3446 a
2441 3393 2602 3448 beato
2629 3392 2846 3459 Siricio,
2874 3404 2932 3448 ct
2972 3394 3255 3463 deinceps,
3299 3404 3352 3458 et
3401 3395 3638 3448 invenies
3669 3408 3794 3462 quo—

2223 3487 2382 3544 modo
2423 3486 2604 3554 plures
2643 3487 3016 3556 irrcgulariter
3057 3489 3290 3546 ordinati
3345 3503 3438 3558 per
3475 3488 3798 3548 medicinam

2219 3578 2647 3636 ecclesiasticam
2681 3579 2829 3636 fuere
2861 3580 3055 3644 sanati,
3091 3580 3370 3649 supplente
3396 3579 3710 3640 auctoritate
3741 3578 3796 3632 in

2225 3687 2476 3742 processu
2521 3672 2664 3739 quod
2707 3670 2954 3726 defuerat
2996 3671 3048 3724 in
3094 3670 3446 3725 ordinationis
3477 3669 3651 3723 initio.
3693 3669 3794 3723 Co-

2221 3774 2376 3833 gunt,
2409 3764 2580 3833 inquit
2607 3765 2796 3820 beatus
2825 3763 3172 3834 Augustinus,
3203 3763 3400 3818 multas
3427 3761 3668 3818 invenire
3692 3774 3794 3815 mc-

2221 3859 2429 3913 dicinas
2467 3857 2756 3914 multorum
2793 3857 3166 3926 experimenta
3193 3857 3529 3919 morborum.
3573 3855 3789 3917 Deinde,

2222 3952 2408 4006 volens
2435 3950 2723 4006 ostendere
2752 3948 2893 4020 quod
2931 3949 3007 4004 tui
3033 3949 3189 4013 odio,
3219 3958 3273 4004 et
3299 3947 3574 4019 Sigeberti
3611 3948 3787 4018 gratia,

2223 4049 2334 4102 itare
2362 4047 2426 4099 de
2447 4044 2671 4115 praefato
2693 4047 2894 4100 clerico
2919 4045 3251 4115 scripserim,
3277 4060 3448 4115 nugas
3475 4044 3570 4100 tibi
3595 4044 3784 4104 noxias,

2217 4151 2271 4195 et
2302 4142 2504 4195 naenias
2547 4143 2683 4195 bene
2709 4140 2906 4194 volenti
2934 4149 2988 4194 et
3012 4140 3203 4194 scienti
3245 4156 3349 4194 non
3395 4139 3668 4200 ridendas,
3706 4135 3788 4190 sed

2216 4233 2474 4287 dolendas
2504 4233 2801 4300 componis.
2826 4231 2959 4286 Cum
2983 4229 3290 4301 Sigeberto,
3315 4239 3583 4300 quantum
3606 4247 3667 4284 ea
3689 4230 3788 4297 ipso

2215 4332 2273 4377 et
2302 4338 2399 4391 pro
2430 4323 2544 4389 ipso
2578 4332 2680 4386 est,
2709 4338 2838 4375 cura
2871 4337 2977 4375 non
3010 4331 3093 4375 est
3121 4331 3180 4376 ut
3205 4337 3485 4390 nunquam
3525 4323 3578 4376 in
3610 4320 3690 4377 illa
3711 4334 3787 4373 ec-

2219 4415 2382 4469 clesia
2415 4415 2485 4468 sit
2510 4417 2792 4484 presbyter
2819 4414 3136 4478 ordinatus;
3176 4415 3302 4483 quia
3333 4413 3542 4468 nullam
3569 4414 3690 4468 inde
3711 4427 3786 4466 ne-

2217 4508 2522 4564 cessitatem
2547 4507 2736 4572 habet:
2761 4516 2818 4562 et
2842 4507 2886 4561 si
2912 4505 3072 4560 fuerit
3093 4505 3165 4560 ibi
3195 4507 3482 4576 presbyter
3502 4507 3784 4562 ordinatus.

2219 4603 2424 4656 nullum
2456 4602 2662 4657 lucrum
2701 4602 2824 4655 inde
2853 4611 3125 4656 terrenum
3157 4600 3397 4656 habebit.
3430 4599 3496 4658 Et.
3527 4600 3570 4654 si
3608 4600 3658 4656 in
3689 4599 3784 4668 ipsa

2216 4698 2443 4752 ecclesia
2487 4696 2768 4766 presbyter
2795 4711 2900 4749 non
2944 4693 3108 4748 fuerit
3133 4693 3438 4757 ordinatus,
3471 4693 3673 4756 nullum
3701 4692 3782 4746 de-

2220 4790 2470 4844 trimentu
2481 4806 2529 4842 ιιι
2544 4789 2626 4843 vel
2654 4786 3052 4844 incommodum
3082 4785 3485 4856 spiritualcaut
3511 4783 3782 4856 temporale

2216 4882 2341 4938 inde
2373 4882 2610 4936 habebit.
2664 4880 2768 4934 Sed
2798 4889 2852 4934 et
2881 4878 3011 4934 mihi
3060 4877 3204 4932 nulla
3236 4877 3338 4932 alia
3371 4877 3498 4932 inde
3527 4889 3609 4933 est
3637 4891 3780 4934 cura.

2217 4977 2406 5032 nisiut
2447 4976 2591 5045 leges
2639 4973 3019 5031 ecclesiastica:
3063 4987 3164 5041 pro
3207 4981 3298 5026 tua.
3346 4970 3631 5030 insolentia
3676 4967 3782 5026 inde

2214 5083 2370 5121 suum
2397 5067 2635 5136 vigorem
2665 5082 2769 5120 non
2801 5065 3055 5134 perdant;
3078 5073 3130 5118 et
3159 5063 3408 5120 homines
3432 5063 3627 5124 exinde
3653 5076 3781 5116 ωηι-

2215 5161 2562 5226 moditatem,
2605 5171 2769 5228 quam
2813 5158 2913 5227 ipsi
2940 5166 2998 5212 et
3041 5156 3124 5212 sui
3173 5168 3552 5218 antecessores
3578 5170 3607 5208 a
3642 5153 3780 5220 longo

2215 5259 2455 5320 tempore
2501 5250 2832 5314 habuerunt,
2863 5250 3149 5313 amittant,
3193 5257 3249 5310 et
3291 5259 3348 5306 tu
3394 5249 3447 5306 in
3477 5249 3582 5308 hoc
3629 5246 3776 5299 Deum

2213 5343 2474 5399 oll'endas.
2511 5344 2713 5400 Deinde
2741 5343 2917 5399 minas
2947 5342 3172 5413 praefato
3197 5341 3436 5400 intentas
3461 5341 3674 5404 clerico,
3701 5335 3776 5390 (lli

2213 5437 2254 5489 si
2285 5435 2654 5506 prmjudicium
2686 5436 2955 5499 intuleris,
2978 5445 3062 5490 est
3080 5435 3260 5505 justus
3275 5434 3442 5504 iudex
3469 5435 3557 5504 qui
3581 5435 3712 5494 inter
3733 5439 3776 5484 te

2211 5537 2265 5582 et
2306 5529 2453 5583 illum
2475 5527 2738 5596 judicabit
2764 5543 2778 5581 :
2810 5537 2864 5582 et
2892 5529 2935 5582 si
2976 5527 3043 5583 ad
3088 5529 3351 5596 synodum
3383 5528 3622 5591 venerit,
3648 5522 3776 5594 quod

2209 5634 2455 5679 nostrum
2499 5625 2624 5689 erit,
2675 5632 2734 5680 ut
2775 5623 3040 5693 praedixi,
3089 5624 3310 5692 exsequi
3358 5622 3773 5692 procul-abimus.

2209 5716 2362 5784 Quod
2388 5726 2566 5770 autem
2599 5717 2665 5770 de
2692 5715 2871 5770 missis
2902 5716 3034 5770 meis
3077 5715 3144 5768 ad
3191 5714 3455 5785 synodum
3488 5722 3628 5768 tuam
3668 5710 3774 5764 mit-

2213 5809 2385 5866 tendis
2407 5807 2704 5886 subjungis,
2723 5823 2828 5866 non
2851 5809 3136 5867 missorum
3163 5822 3409 5866 meorum
3434 5806 3500 5864 ad
3526 5804 3771 5882 synodum
