4002 6296
251 297 364 354 565

1034 305 1278 366 OPUSC.
1319 305 1407 364 ET
1437 303 1648 362 EPIST.
1687 304 1757 362 IN
1789 304 2017 364 CAUSA
2057 308 2386 368 lllNCMAlll
2427 311 2730 368 LAUDUN.

3393 309 3496 364 566

258 420 407 465 luam
450 413 711 480 describis
739 414 989 474 oilicium.
1038 418 1149 491 Ego
1175 419 1317 496 enim
1347 434 1443 490 per
1468 435 1583 486 me,
1622 419 1705 474 vel
1741 431 1833 487 per
1858 419 1913 486 Α
1937 417 2259 494 inordinata,
2293 431 2455 493 atque
2500 423 2777 494 responsio
2816 422 2957 476 nulla
3003 422 3376 478 convenientia
3406 422 3503 476 sibi

253 500 494 556 vicarios
522 519 669 568 meos
696 507 862 566 debeo
890 517 1184 578 retractare
1206 511 1499 578 secundum
1531 526 1716 571 sacros
1745 526 1835 566 ca—

255 607 434 650 nones
459 602 579 649 acta
614 605 714 651 tua:
744 601 952 668 synodi,
971 601 1016 658 si
1040 617 1194 660 secus
1222 603 1343 662 inde
1365 604 1431 662 ad
1455 620 1541 661 me
1566 604 1835 674 quoddam

252 686 604 753 pervenerit,
654 697 710 742 et
754 703 861 748 non
911 690 1032 746 ideo
1073 692 1139 752 ad
1188 702 1332 760 tuam
1383 693 1644 768 synodum
1690 710 1838 752 meos

255 773 458 830 missos
490 776 722 858 dirigere
759 789 816 834 ut
859 796 1073 849 servum
1115 785 1356 848 ecclesia:
1382 798 1584 852 nostra:
1611 789 1663 844 in
1694 789 1838 844 nulla

255 865 558 922 rebellione
602 877 830 924 stantem
863 873 1106 932 servituti
1134 873 1425 936 obnoxium
1464 879 1836 950 comprobent.

258 959 418 1032 Licet
450 963 591 1016 enim
626 965 760 1020 satis
789 965 1073 1036 insipiens,
1109 969 1222 1038 scio
1250 970 1500 1044 qualiter,
1531 979 1587 1030 et
1612 970 1699 1036 ubi
1728 986 1839 1032 ser-

257 1068 363 1108 vus
388 1054 798 1120 ecclesiasticus
826 1058 1094 1122 rebellans
1122 1060 1281 1124 debet
1308 1062 1582 1135 conquiri,
1617 1073 1670 1118 et
1714 1062 1839 1122 alibi

256 1155 479 1222 oportet
528 1163 613 1216 me
649 1149 715 1206 de
745 1149 1079 1224 professione
1103 1170 1217 1214 suae
1247 1155 1522 1222 servitutis
1565 1157 1840 1226 requirere

255 1251 427 1312 quam
469 1237 522 1292 in
556 1249 642 1292 tua
674 1241 1022 1310 provincialis
1065 1245 1298 1323 episcopi
1343 1246 1566 1319 synodo.
1603 1247 1839 1312 Tandem

255 1325 406 1396 quod
430 1326 715 1407 scripsisti,
743 1336 820 1395 ut,
853 1345 884 1386 ο
914 1331 1116 1396 utinam
1142 1333 1234 1390 tibi
1263 1349 1535 1400 servarem
1565 1337 1839 1408 episcopo,

257 1417 526 1471 carcerali
565 1419 704 1474 sicut
750 1422 864 1477 scio
905 1425 1162 1492 custodia:
1210 1428 1443 1496 tradito,
1490 1445 1556 1484 ne
1586 1428 1839 1492 inferrem

261 1509 361 1563 tibi
397 1519 452 1565 et
476 1514 748 1582 parochiae
779 1524 902 1584 tua},
938 1526 1127 1588 contra
1155 1520 1572 1591 apostolicprum
1601 1523 1840 1584 omnium

261 1601 521 1672 decreta,
554 1605 715 1676 etiam
765 1607 833 1663 ab
875 1610 1169 1680 apostolica
1211 1613 1340 1672 sede
1379 1624 1592 1680 vocato,
1630 1622 1684 1668 et
1722 1629 1840 1674 eam

260 1696 580 1768 appellanti,
609 1699 1010 1780 prmjudicium,
1043 1713 1094 1760 et
1134 1720 1238 1761 non
1274 1706 1543 1784 exigerem
1591 1723 1618 1760 a
1666 1717 1717 1770 te
1757 1723 1841 1766 re-

259 1805 524 1862 sponsum
557 1809 725 1864 usque
749 1794 816 1868 ad
845 1797 1159 1866 synodalem
1196 1798 1373 1866 saltim
1399 1808 1754 1868 conventum;
1786 1808 1842 1858 et

263 1885 332 1940 de
375 1888 660 1956 sententiis
688 1891 997 1962 apostolicae
1025 1893 1168 1949 sedis
1195 1892 1508 1963 pontiﬁcum
1553 1895 1604 1948 in
1650 1895 1840 1958 eodem

261 1981 362 2032 tuo
393 1977 594 2047 scripto
624 1981 913 2052 congestis,
935 1982 1164 2048 alterius
1195 1984 1484 2056 temporis,
1510 1992 1563 2039 et
1591 1985 1842 2057 prolixio-

263 2078 388 2119 rem
419 2079 579 2136 quam
623 2068 737 2126 haec
765 2071 1030 2140 sustineat
1057 2073 1278 2142 epistola
1321 2075 1494 2143 poscit
1536 2077 1842 2144 responsio-

267 2174 417 2214 nem.
450 2160 508 2216 ln
556 2161 814 2222 clausula,
841 2181 968 2230 vero
1010 2167 1163 2224 istius
1206 2170 1446 2240 epistolae
1486 2173 1650 2227 verba
1699 2172 1844 2232 beati

270 2250 518 2321 Gregorii
553 2255 619 2312 ad
656 2259 939 2328 quemdam
965 2259 1267 2330 subjectum
1297 2263 1610 2333 episcopum
1640 2266 1842 2322 directa

267 2360 472 2414 ponere
494 2346 708 2418 dignum
734 2350 862 2415 duxi
886 2369 900 2418 ;
943 2353 1065 2422 quia
1103 2353 1157 2408 in
1193 2356 1298 2416 tuis
1327 2357 1543 2427 scriptis
1566 2358 1631 2412 ad
1659 2373 1744 2414 me
1769 2359 1847 2413 di-

270 2436 441 2491 rectis
469 2439 741 2502 contraria
772 2441 856 2500 bis
881 2443 996 2498 suis
1032 2445 1418 2523 monitionibus
1453 2461 1598 2516 stupe
1629 2448 1842 2512 inveni,

273 2537 335 2582 ut
367 2529 430 2583 de
457 2539 651 2587 czetero
677 2533 910 2604 ttionitus
935 2550 1032 2607 per
1059 2551 1234 2598 meam
1262 2538 1614 2608 exiguitatem
1636 2554 1665 2592 a
1685 2539 1847 2596 beato

269 2620 537 2693 Gregorio
567 2624 692 2686 talia
725 2625 779 2684 in
808 2626 918 2692 tuis
948 2628 1162 2698 scriptis
1201 2630 1268 2684 ad
1315 2646 1430 2696 me,
1480 2630 1563 2694 vel
1604 2630 1669 2683 ad
1714 2629 1849 2696 alios

265 2714 560 2784 scientiam
582 2725 637 2772 et
655 2719 1032 2775 auctoritatem
1059 2721 1315 2782 habentes
1339 2722 1630 2792 dirigendis
1649 2737 1850 2792 ponere

270 2820 493 2861 caveas.
525 2806 796 2874 Primum,
843 2810 1049 2880 inquit,
1100 2813 1203 2876 hoc
1234 2827 1318 2870 me
1365 2814 1680 2879 contristat,
1723 2814 1847 2884 quia

273 2897 411 2950 mihi
452 2896 760 2954 fraternitas
801 2907 888 2960 tua
938 2901 1134 2970 duplici
1177 2905 1340 2958 corde
1381 2903 1600 2966 scribit,
1649 2913 1699 2957 et
1749 2903 1849 2960 alia

272 2987 643 3044 blandimenta
676 2991 726 3045 in
755 2993 998 3062 epistolis
1035 2995 1152 3050 suis
1180 2993 1418 3059 exhibet,
1461 2995 1563 3050 alia
1592 2997 1641 3050 in
1676 2995 1850 3065 lingua

273 3096 374 3133 sna
433 3082 762 3140 srecnlariter
805 3093 1059 3148 ostentat.
1117 3086 1318 3142 Deinde
1363 3102 1526 3157 grave
1559 3087 1690 3142 mihi
1737 3096 1848 3153 est,

273 3172 424 3240 quod
453 3173 728 3228 irrisiones
753 3174 884 3233 illas.
903 3190 1037 3244 quas
1058 3175 1256 3231 habere
1283 3179 1476 3232 notarii
1505 3179 1678 3233 adhuc
1703 3179 1849 3248 pueri

277 3263 486 3327 solent,
533 3282 701 3335 usque
730 3267 889 3324 hodie
914 3267 1084 3326 frater
1112 3283 1263 3327 meus
1299 3271 1353 3324 in
1393 3270 1570 3343 lingua
1603 3287 1697 3327 sua
1733 3271 1854 3327 reti-

280 3365 394 3420 net,
422 3358 730 3411 mordenter
757 3358 1014 3428 loquitur,
1050 3371 1104 3414 et
1135 3361 1288 3430 quasi
1333 3364 1397 3416 de
1443 3363 1533 3418 tali
1564 3365 1740 3419 studio
1766 3363 1851 3418 Ire-

282 3457 456 3510 tatur,
491 3451 681 3504 amicis
717 3454 1074 3520 praesentibus
1112 3454 1414 3518 blanditur,
1448 3457 1513 3511 de
1542 3459 1857 3515 absentibus

281 3540 612 3606 obloquitur.
669 3542 738 3597 Et
781 3544 970 3600 vitium
1019 3547 1326 3604 describens
1376 3551 1639 3620 superbire
1686 3551 1852 3606 dicit:

283 3629 562 3699 Quisquis,
593 3633 874 3709 inquiens,
906 3636 1021 3708 ejus
1055 3639 1114 3706 .in
1159 3655 1218 3696 se
1267 3642 1601 3712 tyrannidem
1649 3644 1859 3712 captiva

285 3730 470 3776 mente
516 3727 844 3796 susceperit,
894 3730 998 3794 hoc
1046 3732 1277 3801 primum
1325 3734 1580 3792 thronum
1622 3736 1856 3805 patitur,

294 3816 440 3885 quod
475 3817 650 3882 clauso
687 3821 866 3878 cordis
909 3825 1066 3890 oculo
1103 3825 1290 3896 iudicii
1321 3828 1631 3896 aequitatem
1660 3830 1855 3898 perdit.

286 3905 428 3962 Nam
456 3919 643 3970 cuncta
676 3927 796 3982 quae
831 3914 898 3974 ab
927 3914 1047 3976 aliis
1076 3915 1159 3971 vel
1201 3915 1339 3975 bene
1381 3928 1639 3989 geruntur
1677 3920 1862 3991 displi-

286 4005 432 4063 cent,
467 4008 523 4062 et
550 4000 662 4058 sola
693 4004 743 4066 ei
783 4018 904 4075 quae
948 4006 1061 4076 ipse
1091 4007 1172 4064 rei
1211 4023 1377 4078 prave
1402 4011 1592 4081 egerit,
1627 4011 1858 4082 placent,

287 4104 508 4160 semper
547 4091 716 4152 aliena
742 4109 903 4166 opera
931 4097 1182 4168 despicit,
1211 4114 1430 4170 semper
1458 4101 1688 4169 miratur
1719 4102 1861 4172 quod

287 4179 422 4236 facit
446 4223 461 4248 ,
502 4183 627 4258 quia
655 4193 708 4238 et
739 4187 997 4258 quidquid
1023 4191 1213 4260 egerit,
1243 4191 1417 4263 egisse
1436 4207 1495 4256 se
1519 4193 1866 4264 singulariter

289 4274 488 4340 credit,
519 4286 681 4352 atque
711 4279 764 4334 in
795 4295 860 4336 eo
889 4283 1030 4354 quod
1057 4283 1277 4340 exhibet
1315 4301 1412 4356 per
1449 4287 1634 4359 gloriae
1663 4289 1866 4360 cupidi—

292 4379 484 4442 tatem,
514 4373 732 4429 sibimet
753 4375 854 4445 ipsi
881 4392 977 4446 per
1003 4379 1380 4448 cogitationem
1406 4379 1587 4448 favet;
1621 4398 1721 4438 nec
1745 4399 1866 4438 con-

1940 515 2262 576 convenicns
2287 525 2421 574 erat.
2456 515 2585 571 Post
2611 516 2724 570 haec
2754 523 2930 578 autem
2958 515 3133 568 omnia
3161 523 3216 569 et
3247 530 3351 579 me,
3377 523 3431 567 et
3458 522 3508 570 te

1939 601 1992 656 in
2039 614 2223 676 mente
2267 607 2519 664 continue
2565 605 2765 662 habere
2808 620 3004 670 moneo
3058 603 3198 676 quod
3251 603 3509 672 Dominus

1941 695 2098 752 dicit:
2127 694 2299 766 Super
2322 713 2473 766 quem
2496 698 2763 768 requiescit
2793 695 3024 770 Spiritus
3046 712 3210 762 meus,
3239 695 3337 750 nisi
3357 710 3512 768 super

1940 788 2222 855 humilem,
2247 799 2296 844 et
2345 791 2592 862 quietum,
2639 799 2686 846 et
2724 800 3024 854 trementem
3049 804 3306 854 sermones
3323 785 3514 850 meos?

1941 881 2075 951 (Ιδᾳ.
2093 881 2263 951 LXVI.)
2285 881 2420 950 Quia
2451 882 2593 938 sicut
2621 882 2878 954 scriptum
2903 891 2986 936 est
3010 897 3023 932 :
3051 878 3278 948 Spiritus
3303 885 3512 940 sanctus

1941 973 2228 1044 disciplina:
2257 973 2466 1044 eﬂ’ugiet
2493 971 2698 1042 ﬁctum,
2733 980 2778 1028 et
2807 970 3006 1038 auferet
3037 985 3089 1023 se
3117 985 3146 1022 a
3186 965 3513 1044 cogitationi-

1941 1068 2036 1128 bus
2059 1070 2172 1128 sine
2199 1067 2482 1138 intellectu,
2505 1077 2553 1126 et
2579 1084 2685 1128 non
2713 1052 2963 1122 habitabit
2989 1064 3040 1116 in
3070 1078 3282 1130 corpore
3309 1059 3512 1128 subdito

1940 1161 2164 1229 peccatis
2184 1159 2340 1230 ,(Sap.
2371 1158 2444 1230 I);
2475 1166 2566 1216 et:
2604 1157 2770 1212 Juxta
2797 1165 2870 1210 est
2902 1154 3154 1208 Dominus
3185 1153 3262 1208 Itis
3295 1150 3380 1220 qui
3419 1145 3514 1200 tri—

1944 1251 2120 1304 bulato
2152 1261 2271 1304 sunt
2300 1251 2476 1315 corde,
2501 1259 2548 1303 et
2578 1249 2798 1303 humiles
2823 1247 3008 1316 spiritu
3050 1244 3302 1308 salrabit;
3346 1239 3516 1294 vultus

1943 1353 2117 1400 autem
2156 1343 2364 1398 Domini
2390 1361 2548 1414 super
2574 1342 2820 1410 facientes
2848 1347 3258 1411 perseveranter
3277 1334 3438 1398 mala,
3458 1341 3516 1386 ut

1944 1436 2127 1504 perdat
2156 1437 2222 1492 de
2251 1445 2389 1489 terra
2427 1435 2734 1494 memoriam
2775 1449 2975 1496 eorum.
3017 1431 3149 1494 Data
3177 1445 3210 1485 γ
3242 1427 3366 1488 ldus
3392 1423 3518 1482 Maii

1945 1528 2228 1598 praesentis
2247 1543 2308 1588 tu
2345 1527 2676 1584 indictionis.

2465 1701 2994 1790 SCHEDULA

2671 1855 2797 1898 εῑυε

2154 1962 2530 2025 LlBELLUS
2573 1955 3314 2023 EXPOSTULATIONIS

2563 2080 2870 2140 HINCMAR

2359 2206 2788 2247 IBTBOPOLITANI
2826 2203 3119 2248 REEIENSIB

1950 2308 2276 2370 Adversus
2305 2307 2704 2367 Hmcmnum
2751 2303 3239 2364 Laudunensem
3273 2298 3524 2377 episco-

2651 2402 2796 2462 pum

2268 2507 2333 2562 In
2357 2507 2553 2578 synodo
2594 2505 2906 2561 Duziacensi
2947 2504 3209 2556 recitatur.

2262 2620 2354 2678 (Ex
2384 2618 2698 2670 conciliorum
2716 2617 2896 2666 Labbei
2918 2623 3045 2666 tomo
3066 2610 3218 2674 Vill.)

2546 2711 2931 2776 ΡΒᾹΞἘΑΤΙΟ.

2022 2813 2256 2867 Sanctus
2302 2809 2627 2866 lecstinus
2661 2807 2872 2879 synodo
2917 2805 3054 2883 apud
3089 2803 3358 2882 Ephesnm
3394 2797 3533 2863 scri-

1953 2903 2062 2974 psit
2094 2920 2104 2953 :
2140 2923 2156 2954 ε
2194 2900 2429 2972 Spiritus
2465 2897 2635 2970 sancti
2662 2895 3002 2970 prmsentiam
3035 2891 3285 2950 testiﬁcat
3308 2904 3530 2962 congre-

1954 2996 2098 3066 gatio
2129 2993 2485 3054 sacerdotum.
2518 2989 2738 3056 Certum
2785 2995 2866 3054 est
2915 2987 3057 3042 enim
3104 2984 3243 3062 quod
3283 2983 3527 3056 legimus,

1955 3088 2078 3156 quia
2125 3100 2230 3142 non
2269 3091 2448 3155 potest
2490 3080 2702 3144 Veritas
2747 3088 2929 3149 nostra
2976 3076 3224 3141 mentiri,
3277 3075 3428 3150 cuius
3474 3072 3531 3132 in

1955 3177 2247 3249 Evangelio
2293 3175 2561 3242 sententia
2592 3173 2693 3229 ista
2729 3180 2852 3242 est:
2887 3169 2985 3230 Ubi
3019 3171 3124 3226 duo
3169 3168 3242 3228 vel
3274 3178 3376 3226 tres
3405 3183 3530 3230 ροη-

1955 3274 2152 3345 gregati
2183 3271 2375 3340 fuerint
2404 3270 2458 3324 in
2479 3268 2686 3328 nomine
2707 3282 2840 3334 meo,
2865 3265 2938 3324 ibi
2961 3276 3008 3320 et
3034 3281 3126 3334 ego
3151 3279 3264 3325 sum
3289 3263 3342 3316 in
3364 3259 3534 3326 medio

1955 3380 2134 3420 eorum
2162 3361 2377 3432 (Matth.
2420 3359 2596 3427 xvtn).
2632 3375 2648 3407 ι
2679 3355 2831 3424 Qum]
2867 3354 3224 3414 certissimum
3261 3351 3532 3420 retinens,

1956 3465 2150 3513 vestrze
2183 3463 2383 3511 sanctm
2414 3449 2812 3522 congregationi
2837 3446 3140 3515 consilium,
3171 3453 3226 3500 et
3247 3441 3530 3508 auxilium,

1953 3551 2096 3606 sicut
2125 3555 2178 3603 et
2198 3545 2310 3616 jam
2340 3545 2446 3610 ieci
2477 3543 2619 3615 apud
2652 3555 2744 3598 eos
2777 3540 2868 3612 qui
2895 3536 3249 3614 conventibus
3278 3531 3536 3595 interfue-

1954 3651 2104 3708 runt,
2139 3640 2346 3696 scilicet
2376 3639 2428 3696 in
2463 3635 2758 3700 Vermeria,
2793 3633 2984 3704 deinde
3023 3631 3076 3690 in
3107 3627 3355 3696 Gundnlii
3385 3625 3533 3690 villa,

1959 3744 2013 3791 et
2048 3743 2236 3804 postea
2273 3733 2327 3794 in
2358 3730 2663 3794 Attiniaco,
2693 3733 2944 3798 porrecta
2976 3724 3030 3786 in
3057 3721 3261 3793 synodo
3283 3714 3535 3780 schedula

1961 3829 2027 3884 de
2053 3825 2222 3882 fratre
2249 3834 2305 3880 et
2331 3823 2650 3894 coepiscopo
2673 3827 2856 3874 nostro
2894 3817 3183 3886 Hincmaro
3207 3808 3486 3886 expostulo
3517 3823 3534 3866 :

1962 3933 2119 3990 quem
2144 3916 2327 3974 multis
2356 3913 2620 3986 epistolis,
2654 3925 2878 3981 quarum
2907 3909 3079 3970 habeo
3101 3902 3450 3978 exemplaria,
3479 3909 3538 3962 ut

1962 4027 1992 4067 a
2036 4009 2303 4082 pertinaci
2351 4004 2688 4066 contumacia
2740 4017 2835 4066 sua
2881 4015 3010 4073 erga
3059 3995 3370 4066 metropolis
3425 4005 3538 4054 sum

1962 4100 2300 4172 privilegium
2330 4097 2690 4168 resipisceret,
2725 4091 2988 4164 corripui;
3022 4089 3113 4145 sed
3137 4086 3411 4160 corrigere
3433 4099 3540 4140 non

1964 4194 2238 4266 prteralui.
2287 4192 2421 4252 Nam
2469 4197 2589 4261 post
2633 4187 2830 4246 multas
2854 4183 3320 4254 commonitiones,
3345 4179 3541 4254 quibus

1965 4287 2033 4342 ad
2078 4301 2200 4342 eum
2249 4283 2383 4340 nihil
2425 4280 2662 4353 proieci,
2703 4295 2878 4350 nuper
2908 4291 2962 4336 iv
3009 4275 3131 4331 ldus
3175 4271 3362 4334 Junias
3398 4285 3540 4341 prte-

1963 4377 2546 4440 sentistvindictionis,
2574 4376 2640 4430 de
2661 4374 2745 4436 bis
2769 4387 2889 4443 quae
2918 4371 2972 4430 in
3001 4370 3104 4426 hac
3133 4365 3386 4422 schedula
3417 4365 3540 4420 bre-

292 4465 499 4519 siderat
520 4469 661 4536 quod
683 4467 822 4526 alter
850 4468 972 4532 boni
1007 4472 1236 4540 amplius
1257 4487 1418 4542 quam
1452 4475 1586 4543 ipse,
1611 4477 1702 4530 sed
1723 4477 1866 4545 quod
1899 4507 1943 4565 Β
1969 4470 2107 4530 viter
2144 4468 2370 4528 collecta
2412 4473 2748 4535 sequuntur:
2778 4462 2870 4526 sed
2913 4459 3075 4565 et.
3117 4455 3375 4565 petitione
3415 4451 3544 4516 Ber-

291 4555 425 4614 b0ni
471 4555 586 4628 ipse
620 4559 852 4629 amplius
876 4575 1040 4631 quam
1069 4563 1209 4626 alter
1237 4564 1472 4620 habeat:
1511 4581 1685 4636 neque
1725 4567 1865 4624 enim

293 4657 491 4716 pensat
531 4654 652 4718 qua:
693 4650 834 4710 bona
879 4653 1102 4723 spiritus
1145 4654 1282 4712 alter
1336 4656 1622 4725 acceperit,
1663 4665 1724 4716 ut
1771 4657 1868 4726 ipsi

296 4740 500 4811 desint,
520 4742 618 4808 sed
647 4758 765 4813 quae
796 4744 937 4800 bona
968 4746 1106 4816 ipsi,
1147 4756 1204 4802 et
1238 4762 1358 4817 quin
1389 4747 1528 4806 mala
1557 4749 1666 4808 sint
1691 4749 1867 4806 alteri.

295 4831 367 4888 Et
391 4845 514 4900 cum
553 4846 613 4892 se
639 4834 694 4897 in
713 4835 927 4892 cunctis
949 4839 1335 4900 transcendere
1363 4849 1586 4896 caeteros
1619 4841 1868 4906 aestimat,

295 4937 400 4994 per
415 4923 527 4980 lata
551 4927 938 4995 cogitationum
967 4931 1143 4998 spatia
1167 4944 1346 4993 secum
1371 4931 1740 4999 deambulans,
1764 4933 1873 4988 lau-

296 5017 399 5084 des
423 5033 550 5084 suas
579 5019 776 5076 tacitus
811 5019 1044 5087 clamat;
1087 5037 1469 5092 nonnunquam
1501 5039 1624 5079 vero
1656 5024 1722 5080 ad
1762 5034 1870 5080 tan-

299 5118 414 5166 tam
442 5109 732 5176 elationem
769 5127 921 5170 mens
952 5114 1184 5180 ducitur,
1215 5124 1270 5168 ut
1303 5115 1354 5174 in
1400 5130 1465 5170 co
1498 5117 1638 5185 quod
1671 5126 1868 5182 tranet,

297 5202 467 5258 etiam
518 5218 617 5272 per
656 5205 1070 5264 ostentationem
1113 5206 1397 5270 locutionis
1442 5205 1769 5268 cti‘renetnr:
1819 5217 1874 5268 et

303 5301 456 5347 tanto
484 5292 693 5348 facilius
715 5296 869 5348 ruina
893 5296 1156 5366 sequitur,
1185 5305 1386 5364 quanto
1407 5298 1546 5366 apud
1569 5311 1626 5352 se
1649 5298 1874 5367 quisque

301 5383 668 5455 impudentius
707 5386 1030 5473 exaltaturi
1061 5387 1190 5443 hinc
1245 5387 1386 5450 enim
1433 5389 1696 5458 scriptum
1745 5399 1871 5444 est:

299 5475 438 5530 Ante
463 5476 670 5537 ruinam
697 5477 1012 5538 excitabitur
1041 5495 1130 5532 cor
1153 5474 1334 5548 (Prov.
1365 5480 1541 5548 xvm).
1573 5480 1636 5534 Et
1659 5489 1879 5536 sanctus

301 5564 598 5637 Gregorius
623 5565 996 5622 Nazianzenus
1020 5567 1214 5624 Juliani
1245 5585 1468 5636 morem,
1501 5586 1658 5639 quem
1692 5573 1744 5630 in
1773 5575 1878 5628 tuis

303 5661 504 5720 litteris
524 5661 760 5727 invenio,
798 5661 1107 5719 describens
1123 5663 1280 5718 dicit:
1306 5663 1614 5720 Cunsensus
1633 5673 1685 5718 et
1715 5679 1871 5734 nega.

309 5756 386 5810 tio
405 5755 585 5822 simul,
604 5757 740 5814 ratio
768 5755 911 5816 nulla
939 5757 1150 5818 ratione
1173 5757 1506 5822 subsistens;
1529 5757 1878 5828 interrogatio

1973 4559 2128 4622 tbarii
2200 4557 2410 4614 diaconi
2456 4553 2866 4616 Laudnnensis,
2923 4549 3052 4608 mihi
3110 4547 3368 4614 adversus
3419 4557 3542 4600 eum

1973 4655 2200 4716 directa,
2230 4652 2383 4723 cujus
2423 4649 2703 4719 exemplar
2747 4647 2835 4712 hic
2877 4644 3097 4708 habeo:
3146 4654 3245 4713 pro
3290 4639 3392 4695 loci
3441 4635 3543 4691 mei

1970 4743 2167 4810 cilicio,
2198 4742 2344 4798 illum
2375 4741 2442 4798 ad
2463 4740 2708 4810 proxime
2731 4736 2967 4800 futuram
2999 4733 3260 4806 synodum
3286 4728 3539 4790 invitans,

1973 4838 2175 4906 scripto
2205 4850 2531 4899 commoniti,
2561 4832 2744 4894 volens
2773 4830 2921 4898 illum
2964 4837 3200 4896 statuere
3231 4833 3418 4886 contra
3464 4820 3544 4876 ta-

1971 4931 2110 4986 ciem
2140 4943 2290 4990 suam
2320 4945 2333 4984 :
2363 4933 2427 4984 ut
2453 4926 2538 4992 illa
2565 4940 2686 4995 qua:
2707 4938 2890 4982 coram
2922 4922 3032 4978 Deo
3072 4927 3208 4976 tecta
3226 4957 3242 4986 ,
3276 4923 3331 4972 et
3359 4927 3542 4978 coram

1978 5019 2282 5080 hominibus
2315 5016 2478 5072 oblita
2507 5016 2717 5086 penitus
2745 5012 3023 5084 cupiebam
3042 5049 3058 5080 ,
3085 5007 3298 5078 alligata
3331 5001 3546 5063 litteris,

1977 5118 2030 5164 et
2060 5109 2126 5164 ad
2161 5108 2474 5172 memoriam
2511 5106 2627 5176 ejus
2657 5104 2874 5168 reducta
2916 5101 3137 5172 legeret,
3167 5110 3230 5152 ac
3266 5108 3324 5150 se
3353 5088 3548 5154 intelli-

1976 5212 2147 5276 geret,
2189 5216 2258 5256 ne
2303 5200 2515 5270 quando
2561 5213 2680 5258 cum
2727 5195 2974 5267 regulare
3005 5188 3276 5276 judicium
3307 5189 3546 5276 raperet,

1979 5270 2120 5362 quod
2161 5291 2396 5362 eii'ugere
2437 5305 2542 5345 non
2589 5287 2806 5344 valeret.
2840 5285 2906 5344 Et
2951 5283 3004 5342 in
3053 5275 3288 5334 indiculo
3334 5287 3442 5346 quo
3484 5270 3550 5326 ad

1981 5388 2123 5444 hanc
2148 5384 2411 5455 synodum
2437 5398 2561 5440 eum
2585 5379 2792 5444 vocavi,
2821 5377 2963 5444 sicut
2997 5381 3052 5432 et
3078 5379 3300 5425 caeteros
3329 5363 3550 5434 provin-

1980 5478 2078 5538 ciae
2123 5476 2452 5543 ﬂuentorum
2495 5474 2794 5546 episcopos,
2825 5469 2900 5524 illi
2931 5461 3273 5536 superaddidi
3309 5476 3321 5512 :
3353 5478 3370 5510 ι
3407 5456 3556 5530 Sciat

1979 5571 2141 5626 etiam
2193 5576 2281 5624 tua
2326 5566 2674 5629 fraternitas,
2707 5577 2798 5618 eos
2845 5559 2936 5630 qui
2979 5556 3264 5624 adversum
3314 5559 3367 5610 te
3413 5562 3555 5616 anno

1977 5661 2252 5734 praeterito
2275 5659 2414 5729 apud
2447 5672 2534 5712 me
2559 5654 2805 5724 querelas
2833 5668 2961 5709 suas
2990 5650 3375 5720 deposuerunt,
3410 5641 3553 5708 etde

1980 5756 2174 5825 quibus
2217 5754 2271 5814 in
2315 5750 2518 5820 synodo
2549 5747 2693 5802 fuisti
2730 5745 2868 5816 apud
2897 5743 3228 5801 .Attiniacum
3260 5737 3555 5810 impetitus,
