4002 6296
478 305 580 362 561

1302 319 1318 344 ι’
1373 317 1425 338 η’
1458 303 1788 360 illNCMARl
1826 302 2220 360 RHEMENSIS
2259 304 2799 390 ARCl-llEPlSCOPl-

3623 305 3718 364 58$

479 422 739 494 quoniam
760 438 882 493 quae
909 430 1168 478 conventa
1211 419 1284 474 ibi
1333 419 1566 483 fuerant,
1612 432 1717 473 non
1757 431 1818 473 es
1851 416 2060 487 regula-
2089 421 2140 478 A
2166 434 2229 473 ex
2258 420 2479 488 antiquo
2501 419 2641 473 inter
2667 416 3022 488 provinciales
3047 415 3202 471 sedes
3226 412 3388 470 fuerit
3408 424 3729 484 computata,

483 513 616 578 riter
658 520 996 583 prosecutus,
1030 509 1395 564 nunciterum
1428 522 1554 562 suas
1601 506 1849 578 querelas
1894 507 2062 576 depo-

481 619 630 673 nere.
664 602 816 660 Unde
861 615 1057 657 moneo
1101 598 1502 654 fraternitatem
1535 607 1707 661 tuam,
1737 606 1796 651 ut
1834 597 1910 651 ita
1939 595 2063 651 inde

479 693 865 763 praecogitatus
910 700 964 743 et
1010 698 1349 759 praeparatus
1403 689 1469 742 ad
1519 687 1888 743 denuntiatam
1937 703 2064 758 syn-

479 783 642 840 odum
678 781 866 836 venias
887 821 903 846 ,
935 790 1203 850 quatenus
1234 778 1585 849 querimonia:
1615 778 1930 832 indecentes
1951 777 2065 846 epi-

479 886 642 944 scopo
667 872 946 941 sopiantur
978 885 991 923 :
1024 885 1092 925 ne
1127 884 1323 924 nomen
1357 870 1555 924 bonum
1583 867 1725 937 quod
1771 865 2064 936 apostolica

483 963 664 1035 regula
691 963 844 1033 jubet
871 962 1072 1017 habere
1096 961 1429 1030 episcopum,
1462 961 1518 1015 in
1562 968 1650 1014 tua
1691 959 1941 1026 opinione
1969 971 2065 1012 no-

482 1066 654 1121 tetur;
684 1065 760 1120 et,
777 1054 919 1110 sicut
946 1054 1086 1108 idem
1113 1051 1244 1107 dicit
1268 1051 1577 1121 Apostolus,
1601 1063 1706 1103 non
1730 1049 2067 1118 vituperetur

482 1147 842 1202 ministerium
872 1153 1136 1199 nostrum.
1182 1143 1302 1198 Dat.
1327 1141 1467 1212 prid.
1504 1140 1580 1195 id.
1611 1139 1734 1194 Maii
1778 1139 2065 1209 praesentis

477 1256 531 1295 Iv
561 1239 890 1294 indictionis.
927 1258 949 1292 ι

555 1337 705 1393 Unde
733 1335 1090 1390 exardescens
1111 1332 1250 1388 sicut
1275 1331 1412 1400 ignis
1436 1330 1489 1383 in
1531 1328 1720 1398 spinis,
1748 1326 1878 1380 mihi
1912 1341 2063 1380 more

481 1444 578 1484 suo
605 1425 1021 1498 prolixissimam
1051 1422 1278 1478 rotulam
1307 1436 1396 1474 xv:
1429 1417 1548 1473 Kal.
1581 1417 1750 1472 Julias
1782 1415 2063 1486 prmsentis

481 1538 535 1578 tv
565 1521 748 1575 indict.
785 1534 879 1589 per
908 1517 1179 1572 hominem
1210 1529 1362 1567 suum
1393 1513 1610 1565 nomine
1649 1508 2061 1572 Chunibertum,

478 1610 986 1681 cxprobrationihus
1015 1607 1274 1676 repletam
1299 1645 1313 1669 ,
1343 1614 1395 1659 ct
1426 1603 1710 1658 calumniis
1758 1615 2062 1672 respersam

475 1702 690 1756 direxit.
716 1700 812 1756 Cui
845 1701 947 1754 hoc
973 1697 1133 1752 modo
1158 1712 1252 1766 per
1286 1695 1790 1765 compresbyterum
1819 1701 2061 1746 nostrum

478 1795 794 1862 rescriptum
843 1790 1055 1845 direxi:
1090 1807 1108 1840 ι
1143 1789 1381 1842 Domnus
1429 1784 1758 1856 apostolicus
1787 1782 2058 1837 Adrianus

475 1887 621 1942 misit
668 1884 799 1940 mihi
845 1883 1101 1953 epistolas
1147 1881 1212 1935 de
1257 1878 1435 1934 causis
1483 1887 1679 1932 nostra:
1727 1877 2054 1940 dioeceseos,

476 1994 611 2048 quas
638 1985 849 2048 oportet
879 1976 932 2029 in
961 1973 1180 2045 synodo
1229 1972 1352 2043 legi.
1403 1971 1693 2040 Propterea
1736 1969 2058 2023 auctoritate

476 2071 645 2139 ipsius
668 2069 849 2123 domui
877 2065 1178 2138 apostolici,
1210 2073 1260 2120 te
1281 2064 1346 2118 ad
1372 2063 1614 2134 proxime
1639 2054 1875 2114 futurain
1899 2075 2059 2131 syno-

475 2162 602 2216 dum
638 2163 690 2216 in
726 2160 956 2215 Duziaco
992 2158 1311 2212 Rhemensis
1341 2156 1630 2227 parochias,
1663 2153 1800 2207 Non.
1830 2153 2057 2220 Augusti

474 2252 756 2325 praesentis
779 2268 832 2306 IV
860 2252 1044 2305 indict.
1083 2249 1267 2304 venire
1287 2262 1624 2304 commoneo.
1663 2247 1798 2299 Data
1831 2261 1887 2300 Ill
1920 2244 2054 2300 Non.

472 2345 643 2400 Julias
666 2330 948 2415 praesentis
976 2350 1183 2410 quartae
1210 2339 1396 2394 indict.
1434 2357 1452 2390 ι
1489 2337 1655 2409 igitur
1683 2337 1935 2406 quoniam
1964 2349 2059 2404 per

429 2453 437 2464 λ
474 2451 562 2491 me
611 2435 886 2506 corrigere
929 2448 1170 2504 nequeo,
1204 2440 1439 2487 vestram
1491 2429 1940 2484 consultationem
1994 2443 2058 2483 ac

475 2527 897 2604 consolationem
931 2527 1054 2581 inde
1076 2525 1325 2581 similiter
1359 2524 1513 2589 adeo,
1563 2523 1607 2578 si
1652 2522 1791 2576 forte
1823 2520 2059 2591 Spiritus

475 2630 727 2686 sanctus,
771 2618 863 2690 qui
909 2618 998 2674 ubi
1048 2618 1163 2673 vult
1211 2617 1412 2687 Spirat,
1441 2625 1497 2672 et
1529 2616 1683 2686 cujus
1712 2612 2056 2684 prtesentiam

475 2720 659 2766 saneta
690 2711 1035 2784 congregatio
1082 2718 1260 2764 vestra
1293 2707 1638 2773 testificatur,
1670 2707 1867 2761 vestris
1911 2705 2057 2760 salu-

476 2799 664 2855 bribus
695 2800 936 2867 monitis,
965 2785 1021 2856 et
1048 2799 1159 2854 Deo
1186 2801 1362 2872 dignis
1387 2798 1744 2864 orationibus,
1776 2812 1898 2849 eum
1945 2807 2059 2850 tau-

476 2891 598 2946 dem
647 2877 936 2964 aliquando
967 2892 1226 2964 corrigat,
1259 2899 1353 2945 aut
1397 2890 1628 2961 regulari
1668 2889 2058 2943 medicamento

477 2979 819 3039 insolentiam
858 2982 975 3052 ejus
1009 2991 1315 3053 compescat
1344 3001 1356 3036 :
1403 2981 1658 3051 quoniam
1703 2979 1903 3034 diutius
1933 2993 2056 3032 eum

477 3072 593 3126 sine
622 3057 985 3136 correctione,
1031 3081 1084 3125 et
1132 3081 1351 3141 propter
1379 3070 1568 3134 Deum,
1613 3079 1666 3123 et
1693 3077 1912 3138 propter
1941 3083 2057 3121 me-

478 3162 856 3234 tropolitanam
905 3161 1320 3218 sollicitudinem
1368 3162 1584 3231 indigno
1635 3162 1764 3216 mihi
1810 3159 2058 3214 commis-

477 3271 615 3322 sam,
652 3256 923 3312 sustinere
954 3271 1057 3310 non
1107 3257 1296 3310 audeo.
1329 3254 1637 3310 Praesertim
1668 3268 1790 3306 cmn
1827 3261 1880 3305 et
1907 3252 2058 3305 dom-

477 3363 580 3402 nus
608 3361 745 3416 papa
774 3346 1046 3400 Adrianus
1069 3360 1155 3400 me
1183 3359 1353 3414 nuper
1381 3342 1688 3413 apostolicis
1729 3342 1842 3397 suis
1866 3341 2060 3396 litteris

477 3437 606 3491 hinc
635 3433 1193 3502 commonuerit.Qua:
1222 3436 1292 3488 ita
1318 3449 1376 3488 se
1399 3434 1632 3487 habent:

555 3549 573 3581 ι
601 3528 870 3584 Adrianus
889 3528 1204 3599 episcopus,
1237 3542 1424 3582 servus
1455 3542 1730 3582 servorum
1761 3527 1878 3593 Dei,
1913 3543 2062 3584 reve-

478 3624 791 3680 rentissimo
810 3620 1072 3678 confratri
1106 3631 1289 3676 nostro
1321 3621 1612 3675 llincmaro
1633 3621 2058 3691 archiepiscopo.

478 3714 744 3770 Fidelium
793 3714 1053 3769 relatione
1101 3712 1493 3782 comperimus,
1545 3722 1649 3766 etc.
1684 3709 1898 3782 Reliqua
1949 3712 2062 3766 vide

475 3809 614 3862 inter
662 3807 908 3877 epistolas
955 3805 1180 3859 Adriani
1224 3803 1320 3868 II,
1370 3816 1508 3858 torno
1557 3802 1795 3869 CXXII,
1837 3803 1939 3858 col.
1971 3805 2058 3858 70.

479 3895 822 3967 Patrologiae.
854 3893 922 3950 Et
940 3897 1058 3949 haec
1079 3895 1318 3962 quidem,
1348 3896 1441 3948 sed
1473 3903 1526 3948 et
1548 3893 1651 3946 alia
1681 3909 1798 3962 qua:
1829 3909 2063 3963 sequun-

480 3998 587 4053 tur,
623 4005 730 4043 non
760 3989 827 4042 de
855 3987 1092 4055 propriis
1116 3995 1170 4039 et
1195 3986 1515 4054 specialibus
1543 3986 1677 4039 meis
1702 3985 1912 4052 injuriis
1947 3985 2064 4038 vice

479 4081 832 4142 accusatoris,
868 4079 960 4132 sed
992 4076 1354 4132 sollicitudine
1384 4077 1722 4147 privilegium
1755 4077 2066 4146 metropolis

481 4169 813 4224 Rhemorum
861 4167 1166 4238 provinciae,
1219 4181 1318 4235 per
1362 4181 1547 4221 sacros
1598 4180 1832 4220 canones
1861 4165 2065 4235 Spiritu

481 4259 575 4313 Dei
604 4257 870 4322 conditos,
901 4266 955 4312 et
978 4256 1140 4311 totius
1171 4251 1353 4310 mundi
1387 4256 1690 4310 reverentia
1719 4266 2066 4312 consecratos

483 4349 782 4414 decretum,
805 4356 862 4403 et
888 4348 1210 4402 anetoritate
1242 4347 1551 4417 apostolicae
1593 4348 1737 4402 sedis
1781 4352 2069 4404 conﬁrma-

485 4452 647 4509 tum,
681 4452 868 4498 contra
923 4442 1315 4498 convellentem
1379 4441 1544 4508 illud,
1605 4444 1960 4499 cvindicantis
2016 4455 2070 4500 et

480 4543 672 4591 contra
722 4533 1113 4604 professionem
1157 4542 1211 4589 ct
1255 4534 1703 4605 subscriptionem
1747 4551 1900 4590 suam
1943 4551 2068 4606 erga

487 4636 704 4682 sanctos
733 4613 1044 4682 sanctorum
1075 4627 1428 4682 Conciliorum
1471 4644 1727 4696 canones,
1774 4637 1830 4685 et
1854 4631 2070 4685 ὅροι-(δίει

485 4721 630 4778 sedis
675 4719 981 4791 apostolicae
1001 4760 1016 4785 ,
1044 4720 1340 4776 ex'eisdem
1373 4722 1669 4777 canonibus
1710 4723 2069 4793 promulgata,

483 4817 721 4882 erg’aque
765 4825 952 4866 sacras
997 4809 1161 4881 leges,
1211 4808 1405 4881 quibus
1453 4829 1560 4868 una
1607 4829 1728 4868 cunt
1776 4816 2074 4871 canonibus

485 4903 800 4959 moderatur
821 4902 1097 4967 Ecclesia,
1137 4901 1255 4970 ejus
1291 4915 1654 4974 contemptum
1694 4904 2072 4972 monstrantis,

484 5004 542 5053 et
562 4999 613 5054 ei
640 5003 738 5068 per
767 4995 1093 5067 scripturam
1115 4985 1262 5051 falso
1293 4986 1473 5053 illatas
1505 4990 1636 5052 ntihi
1666 4989 1964 5053 calumnias
1992 5013 2076 5052 re-

486 5085 1037 5156 fellenﬁs',"tncut'co.
1075 5085 1216 5162 Quia
1255 5097 1316 5142 ut
1362 5083 1554 5144 beatus
1573 5091 1580 5160 ς
1597 5085 1919 5144 Caelestinus
1944 5089 2077 5144 dicit

486 5180 670 5254 (epist.
687 5181 718 5233 ’1
749 5190 798 5233 et
825 5179 906 5250 5);
939 5179 960 5230 ὀ
985 5170 1182 5232 merito
1204 5163 1486 5234 nesgc’ausa
1513 5175 1753 5249 respicit,
1790 5177 1835 5234 Si
1860 5179 2074 5236 silentio

489 5265 766 5328 faveamus
796 5272 996 5327 errori.
1020 5269 1164 5342 'Q'u'aa‘
1181 5275 1324 5328 enim
1347 5275 1379 5325 a'
1407 5271 1562 5327 nobis
1593 5287 1681 5327 res
1705 5271 1864 5343 digna
1894 5285 2072 5328 ser‘va-
2113 5264 2115 5268 ’

490 5363 656 5429 bitur,
706 5363 750 5418 si
771 5369 774 5372 '
798 5359 1140 5418 decretorum
1174 5359 1361 5420 norma
1405 5364 1823 5419 c'onstitut'orim
1849 5379 1946 5435 pro
1977 5364 2073 5419 ali-

490 5463 719 5522 quorum
749 5453 904 5509 libitu
931 5453 1186 5510 "licentia
1218 5453 1427 5524 populis
1468 5454 1732 5524 permissa
1772 5453 2070 5526 frangatur.

491 5543 608 5622 Non
629 5555 714 5602 est
741 5549 1011 5617 agentium
1043 5563 1207 5603 causa
1234 5548 1472 5602 solorum
1499 5561 1514 5602 :
1543 5548 1866 5603 universalis
1891 5548 2073 5604 Eccle-

492 5637 572 5690 sia
601 5653 921 5708 quacunque
966 5643 1202 5696 novitate
1236 5641 1496 5710 pulsatur.
1530 5660 1549 5692 ι
1582 5640 1789 5695 Novum
1821 5650 1905 5695 est
1929 5641 2073 5696 enim

491 5729 636 5802 quod
663 5729 1008 5803 provincialis
1053 5734 1337 5808 episcopus
1365 5733 1455 5805 qui
1485 5748 1591 5790 non
1624 5733 1678 5788 in
1711 5733 1930 5788 civitate
1955 5748 2074 5804 qua:

2163 510 2257 565 sed
2288 510 2340 564 in
2368 509 2661 578 municipio
2694 507 2937 562 Lauduni
2968 523 2998 561 a
3025 506 3325 562 Marcobrio
3354 515 3583 578 praetore
3606 522 3734 563 con-

2163 600 2308 666 dito,
2358 609 2417 653 ut
2463 599 2700 668 produnt
2751 598 3032 661 historiae;
3071 597 3211 666 quod
3265 599 3333 651 ab
3377 596 3599 651 exordio
3649 596 3729 651 sui

2163 707 2437 760 nunquam
2485 692 2625 745 inter
2668 690 2825 745 sedes
2853 689 3212 760 provinciale;
3241 688 3575 743 Rhemomm
3614 702 3733 756 pro-

2164 782 2353 837 vinciae
2400 782 2455 835 in
2500 781 2840 852 paganismo,
2870 781 2954 835 vel
2996 781 3047 835 in
3089 779 3502 835 Christianismo
3546 794 3733 834 nomen

2164 873 2249 927 vel
2279 872 2455 927 locum
2483 872 2691 934 habuit,
2723 872 2891 942 donec
2922 869 2979 926 S.
3011 870 3287 941 Remigius
3331 870 3556 940 quintus
3593 870 3729 924 deci-

2165 978 2286 1018 mus
2313 961 2643 1018 Rhemorum
2670 962 3042 1030 archiscopus,
3067 961 3230 1016 certis
3251 961 3572 1030 quibusdam
3601 960 3733 1016 acci-

2167 1054 2419 1110 dentibus
2444 1055 2648 1117 causis,
2664 1053 2872 1124 primus
2894 1053 3090 1107 ibidem
3121 1051 3731 1121 ordinavitepiscopnm,

2166 1157 2222 1203 et
2251 1148 2428 1202 eidem
2467 1146 2762 1216 municipio
2788 1147 2854 1200 de
2885 1146 3047 1200 rebus
3072 1144 3394 1199 Rbemensis
3429 1144 3736 1214 metropolis

2165 1239 2301 1294 satis
2323 1251 2594 1307 superque
2620 1237 2806 1301 dilato,
2841 1235 3017 1304 ipsum
3044 1235 3355 1290 comitatum
3396 1235 3449 1288 in
3481 1250 3588 1302 quo
3621 1250 3737 1288 oon—

2166 1330 2329 1393 sistit,
2359 1335 2568 1398 partem
2612 1326 2820 1382 scilicet
2864 1341 2930 1380 ex
2979 1323 3268 1380 Rbemensi
3317 1326 3573 1395 parochia
3605 1326 3737 1381 dele-

2165 1425 2339 1494 gavit,
2369 1424 2461 1478 sed
2492 1438 2705 1493 semper
2728 1422 2829 1476 fuit
2860 1421 3181 1477 Rhemensis
3210 1421 3485 1491 parochize
3522 1422 3741 1475 munici-

2165 1517 2346 1586 pium;
2376 1517 2514 1570 sicut
2545 1515 2807 1584 hodieque
2833 1524 2888 1570 et
2919 1514 3022 1569 alia
3049 1513 3337 1584 municipia
3376 1514 3428 1568 in
3452 1511 3738 1568 Bhemensi

2166 1608 2446 1679 parochia,
2479 1623 2598 1677 quae
2638 1608 2690 1661 in
2741 1605 3091 1674 subjectionis
3122 1607 3242 1662 loco
3269 1621 3333 1660 ac
3382 1607 3606 1660 nomine
3633 1620 3742 1674 per-

2168 1709 2411 1763 manent,
2434 1698 2773 1768 privilegium
2805 1699 2904 1753 sibi
2938 1706 3174 1768 arrogat,
3212 1707 3268 1753 et
3295 1708 3484 1753 contra
3530 1696 3740 1767 privile-

2090 1769 2140 1828 B'
2163 1789 2309 1859 gium
2360 1788 2673 1858 metmpolis
2703 1804 2815 1842 sua:
2856 1788 3099 1844 rebellat.
3131 1787 3265 1842 Cum
3295 1785 3362 1843 S.
3391 1785 3504 1841 Leo
3528 1784 3744 1840 diﬂiniat

2165 1881 2409 1937 scribens
2485 1881 2551 1936 ad
2621 1880 2917 1934 Maximum
2983 1879 3374 1935 Antiochenum
3437 1877 3742 1948 episcopum

2162 1975 2333 2044 (epist.
2385 1971 2517 2044 66):
2553 1990 2571 2023 ι
2607 1971 2721 2027 Etsi
2766 1973 2908 2025 enim
2957 1972 3166 2026 diversa
3208 1984 3596 2039 nonnunquam
3629 1977 3744 2023 sunt

2161 2064 2355 2120 merita
2395 2063 2706 2138 praesulum,
2745 2061 2867 2130 jura
2914 2071 3092 2116 tamen
3141 2068 3461 2130 permanent
3505 2050 3739 2121 sedium;

2161 2155 2358 2224 quibus
2389 2165 2611 2224 possunt
2638 2153 2814 2208 aemuli
2859 2153 3318 2222 perturbationem
3369 2150 3612 2220 aliquam
3639 2148 3761 2203 for-.

2164 2247 2323 2302 tassis
2351 2247 2569 2305 inferre.
2600 2259 2710 2301 non
2757 2253 2935 2299 tamen
2981 2253 3204 2314 possunt
3244 2243 3493 2297 minuere
3516 2242 3740 2311 dignita-

2161 2344 2290 2391 tem.
2319 2356 2335 2388 ι
2356 2335 2694 2407 Quapropter
2715 2350 2820 2389 non
2849 2349 3047 2404 queror
3068 2334 3326 2388 adversas
3348 2334 3496 2388 hunc
3524 2331 3741 2385 fratrem

2161 2428 2377 2498 speciali
2409 2443 2572 2483 causa
2621 2441 2862 2482 mearum
2913 2427 3264 2495 iniuriarum,
3307 2424 3401 2480 sed
3451 2423 3740 2492 contempti

2160 2521 2427 2591 privilegii
2452 2521 2786 2576 Rhemorum
2809 2519 3144 2590 metropolis,
3169 2518 3310 2588 quod
3332 2517 3478 2572 sacri
3508 2531 3740 2570 canones

2111 2624 2115 2626 '
2163 2611 2374 2683 mystici
2414 2609 2617 2666 Νίσαξηί
2647 2610 2860 2666 concilii
2893 2610 3108 2664 sedibus
3157 2609 3493 2680 singularum
3536 2607 3738 2678 provin-

2162 2705 2364 2760 ciarum
2438 2702 2645 2758 servari
2721 2700 3167 2772 irrefragabiliter
3229 2701 3604 2754 decreverunt.
3671 2697 3742 2774 De

2161 2794 2355 2863 quibus
2383 2793 2509 2847 item
2533 2792 2642 2846 Leo
2668 2794 2735 2846 ad
2757 2785 3062 2846 Anatolium
3093 2789 3337 2845 diliinivit
3364 2790 3529 2859 (idem
3552 2806 3633 2857 ep.
3655 2787 3740 2852 53,

2161 2884 2229 2937 ad
2278 2882 2489 2936 Anatol.
2532 2881 2651 2936 Vid.
2691 2891 2739 2936 et
2780 2898 2860 2951 ep.
2910 2881 2980 2935 55
3022 2880 3090 2933 ad
3131 2877 3378 2933 Pulcher.
3413 2877 3599 2947 Aug.),
3633 2897 3650 2927 ι
3688 2888 3742 2930 ιιι

2161 2975 2306 3029 omni
2359 2973 2573 3044 penitus
2605 2972 2928 3026 auctoritate
2965 2971 3036 3025 sit
3082 2987 3332 3033 vacuum,
3385 2968 3647 3040 quidquid
3678 2972 3742 3022 ab

2163 3067 2372 3120 illorum
2406 3066 2567 3118 fuerit
2601 3065 2986 3120 constitutione
3015 3064 3307 3118 diversum.
3340 3083 3357 3114 ι

2086 3129 2132 3191 C

2680 3239 2908 3296 CAPUT
2936 3239 3224 3328 PRIMUM.

2165 3398 2317 3465 Quod
2345 3396 2530 3467 palatii
2558 3397 2683 3467 regii
2707 3406 2754 3451 et
2779 3397 3002 3451 abbatia:
3031 3397 3537 3452 administrationem
3564 3405 3746 3449 contra

2697 3484 2920 3522 canones
2975 3469 3215 3523 obtinuit.
3354 3475 3360 3484 '

2241 3622 2502 3692 (Hirtam,
2526 3621 2618 3675 lib.
2650 3637 2717 3676 ιν
2745 3619 2895 3691 Cap.,
2930 3637 2980 3675 c.
3013 3619 3079 3685 2;
3123 3637 3268 3674 conc.
3297 3617 3529 3673 Antioch.
3561 3632 3612 3672 c.
3659 3619 3746 3690 9.)

2165 3714 2302 3770 Cum
2335 3713 2476 3768 sacri
2507 3712 2831 3768 Antimheni
2863 3727 3099 3767 canones
3136 3709 3470 3780 prtet-ipiant,
3512 3717 3571 3762 ut
3607 3724 3751 3779 prae-

2167 3817 2250 3863 ter
2280 3805 2756 3875 metropolitanum
2790 3804 2924 3858 nihil
2973 3818 3130 3874 agere
3185 3803 3408 3868 debeat,
3456 3805 3749 3857 secundum

2169 3898 2446 3968 antiquam
2476 3912 2505 3950 ιι
2551 3895 2804 3950 Patrihus
2851 3897 3048 3950 nostris
3091 3895 3329 3966 regulam
3376 3895 3751 3959 constitutam,

2170 3992 2272 4045 nisi
2297 4007 2358 4046 ea
2391 4000 2599 4044 tantttm
2637 4005 2756 4060 qua:
2790 3988 2857 4042 ad
2906 3972 3058 4044 suam
3100 3986 3412 4057 parOt-hiam
3457 3989 3752 4056 pertinent,

2171 4084 2646 4153 possessionesque
2670 4080 2941 4150 subjectus
2967 4098 2980 4134 :
3013 4080 3131 4136 sine
3157 4095 3275 4134 mea
3302 4078 3387 4133 vel
3415 4079 3757 4148 coepiscopo-

2173 4189 2290 4228 rnm
2328 4173 2662 4228 conscientia
2691 4171 3210 4226 administrationem
3244 4171 3298 4225 in
3349 4153 3553 4239 palatio
3575 4168 3756 4222 domui

2173 4267 2316 4336 regis
2365 4267 2619 4321 obtinuit.
2674 4265 2845 4333 Quam
2894 4265 3419 4321 administrationem
3454 4265 3531 4320 illi
3571 4280 3756 4320 coram

2172 4355 2360 4410 eodem
2389 4356 2585 4411 domno
2620 4371 2764 4428 rege,
2793 4365 2849 4410 et
2877 4356 2993 4410 aliis
3025 4357 3114 4426 qui
3142 4355 3450 4419 adfuerunt,
3480 4371 3546 4409 ex
3588 4355 3759 4408 sacris

2177 4448 2376 4519 regulis
2402 4449 2676 4503 interdixi.
2707 4447 2904 4503 Postea
2930 4448 3126 4502 iterum
3154 4461 3252 4517 per
3275 4455 3494 4500 exteras
3524 4454 3760 4516 potesta-

2173 4543 2280 4607 tes,
2311 4542 2363 4597 id
2388 4551 2473 4597 est
2500 4542 2840 4597 saecularium
2872 4541 3288 4605 interventione,
3323 4550 3515 4596 contra
3566 4537 3758 4594 Sardi-

2173 4649 2362 4689 censes
2386 4649 2641 4700 canones,
2659 4635 2902 4688 eamdem
2932 4633 3453 4688 administrationem
3479 4633 3532 4686 in
3558 4631 3761 4701 palatio

2174 4740 2293 4777 cum
2328 4723 2541 4777 abbatia
2570 4724 2623 4776 in
2666 4724 2821 4776 tertia
2854 4723 3151 4793 provincia,
3208 4722 3345 4776 ultra
3396 4719 3757 4774 Rhemensem

2175 4812 2533 4882 provinciam,
2558 4811 2675 4868 sine
2706 4826 2823 4866 mea
2849 4813 3180 4868 conscientia
3212 4811 3554 4882 impetravit,
3582 4819 3640 4864 et
3667 4824 3762 4878 per

2129 4903 2132 4906 Α
2177 4899 2380 4978 aliquOt
2422 4921 2592 4962 annos
2621 4907 2796 4962 tenuit
2827 4925 2840 4960 :
2875 4906 3047 4961 donec
3069 4915 3258 4961 contra
3291 4907 3546 4961 domuum
3575 4919 3760 4973 regem

2179 4999 2231 5053 in
2268 5007 2476 5054 tantum
2509 5014 2590 5064 se,
2621 4999 2739 5054 sine
2768 4999 3010 5063 ratione,
3037 4997 3432 5052 contumaciter
3477 4995 3673 5056 erexit,
3699 5004 3763 5048 nt

2176 5083 2782 5146 ctadministrationem
2825 5090 3141 5160 palatinam,
3169 5097 3224 5145 et
3268 5087 3438 5160 ipsam
3488 5088 3763 5142 abbatiam

2178 5181 2252 5235 illi
2295 5181 2550 5237 auferret.
2591 5179 2792 5238 Contra
2827 5197 2948 5253 quae
2994 5182 3346 5238 Sardicenses
3403 5193 3642 5237 canones
3682 5177 3767 5232 di-

2176 5281 2332 5329 cunt:
2618 5265 2623 5270 ’

2255 5383 2272 5416 t
2298 5364 2511 5422 Scimus
2532 5366 2676 5421 enim
2705 5375 2758 5422 et
2776 5367 2875 5436 ipsi
2902 5357 3212 5436 sepissime
3227 5375 3448 5436 propter
3466 5378 3763 5435 paucorum

2183 5455 2573 5525 impudentiam
2610 5455 2923 5528 religiosum
2973 5455 3306 5512 sacerdotale
3353 5471 3548 5511 nomen
3595 5454 3766 5511 fuisse

2181 5537 2593 5620 reprehensum.
2633 5570 2651 5603 ι
3157 5543 3160 5550 ’

2250 5640 2317 5695 Ει
2354 5650 2474 5712 post
2499 5642 2772 5712 aliquanta
2800 5642 2853 5696 in
2903 5640 3204 5711 bujusmodi
3248 5641 3446 5698 litteris
3471 5639 3766 5708 subscribi,

2181 5745 2237 5791 et
2268 5735 2428 5791 talem
2475 5736 2527 5792 in
2565 5737 2947 5793 communione
2987 5725 3155 5808 recipi
3201 5745 3383 5794 vetant
