  <div class='ocr_page' id='page_1' title='image "/cluster/home/n/w/nwhite01/storage/ocr_20150623/126/hvd.32044015471675/290.png"; bbox 0 0 3958 5398; ppageno 0'>
   <div class='ocr_carea' id='block_1_1' title="bbox 162 369 279 426">
    <p class='ocr_par' dir='ltr' id='par_1_1' title="bbox 162 369 279 426">
     <span class='ocr_line' id='line_1_1' title="bbox 162 369 279 426; baseline 0.017 -2"><span class='ocrx_word' id='word_1_1' title='bbox 162 369 279 426; x_wconf 80' lang='lat'><strong>569</strong></span> 
     </span>
    </p>
   </div>
   <div class='ocr_carea' id='block_1_2' title="bbox 794 476 1124 535">
    <p class='ocr_par' dir='ltr' id='par_1_2' title="bbox 794 476 1124 535">
     <span class='ocr_line' id='line_1_2' title="bbox 794 476 1124 535; baseline 0 -2"><span class='ocrx_word' id='word_1_2' title='bbox 794 476 1023 535; x_wconf 78' lang='lat' dir='ltr'><strong>CAPUT</strong></span> <span class='ocrx_word' id='word_1_3' title='bbox 1061 477 1124 533; x_wconf 87' lang='grc'><strong>11.</strong></span> 
     </span>
    </p>
   </div>
   <div class='ocr_carea' id='block_1_3' title="bbox 166 561 1759 650">
    <p class='ocr_par' dir='ltr' id='par_1_3' title="bbox 166 561 1759 650">
     <span class='ocr_line' id='line_1_3' title="bbox 166 561 1759 650; baseline -0.008 -19"><span class='ocrx_word' id='word_1_4' title='bbox 166 575 330 644; x_wconf 78' lang='lat' dir='ltr'><strong>Quod</strong></span> <span class='ocrx_word' id='word_1_5' title='bbox 355 574 424 628; x_wconf 82' lang='lat' dir='ltr'><strong>ad</strong></span> <span class='ocrx_word' id='word_1_6' title='bbox 443 573 679 629; x_wconf 79' lang='lat' dir='ltr'><strong>eamdem</strong></span> <span class='ocrx_word' id='word_1_7' title='bbox 708 571 974 626; x_wconf 82' lang='lat' dir='ltr'><strong>abbatiam</strong></span> <span class='ocrx_word' id='word_1_8' title='bbox 998 571 1110 624; x_wconf 82' lang='lat' dir='ltr'><strong>sine</strong></span> <span class='ocrx_word' id='word_1_9' title='bbox 1135 566 1346 650; x_wconf 78' lang='lat' dir='ltr'><strong>licentia</strong></span> <span class='ocrx_word' id='word_1_10' title='bbox 1369 561 1759 635; x_wconf 72' lang='lat' dir='ltr'><strong>metropolitani</strong></span> 
     </span>
    </p>
   </div>
   <div class='ocr_carea' id='block_1_4' title="bbox 603 646 1326 711">
    <p class='ocr_par' dir='ltr' id='par_1_4' title="bbox 603 646 1326 711">
     <span class='ocr_line' id='line_1_4' title="bbox 603 646 1326 711; baseline -0.011 -12"><span class='ocrx_word' id='word_1_11' title='bbox 603 656 785 699; x_wconf 85' lang='lat' dir='ltr'><strong>contra</strong></span> <span class='ocrx_word' id='word_1_12' title='bbox 822 657 1046 698; x_wconf 81' lang='lat' dir='ltr'><strong>canones</strong></span> <span class='ocrx_word' id='word_1_13' title='bbox 1081 646 1326 711; x_wconf 72' lang='lat' dir='ltr'><strong>perrexit.</strong></span> 
     </span>
    </p>
   </div>
   <div class='ocr_carea' id='block_1_5' title="bbox 241 749 1759 831">
    <p class='ocr_par' dir='ltr' id='par_1_5' title="bbox 241 749 1759 831">
     <span class='ocr_line' id='line_1_5' title="bbox 241 749 1759 831; baseline -0.006 -18"><span class='ocrx_word' id='word_1_14' title='bbox 241 757 384 831; x_wconf 76' lang='lat' dir='ltr'><strong>(Lib.</strong></span> <span class='ocrx_word' id='word_1_15' title='bbox 416 772 485 813; x_wconf 78' lang='grc' dir='ltr'>ιν</span> <span class='ocrx_word' id='word_1_16' title='bbox 506 755 661 827; x_wconf 85' lang='lat' dir='ltr'><strong>Cap.,</strong></span> <span class='ocrx_word' id='word_1_17' title='bbox 696 771 749 812; x_wconf 88' lang='lat' dir='ltr'><strong>c.</strong></span> <span class='ocrx_word' id='word_1_18' title='bbox 794 754 878 827; x_wconf 75' lang='grc'><strong>2.)</strong></span> <span class='ocrx_word' id='word_1_19' title='bbox 917 754 1001 810; x_wconf 82' lang='lat' dir='ltr'><strong>Ad</strong></span> <span class='ocrx_word' id='word_1_20' title='bbox 1037 767 1200 825; x_wconf 89' lang='lat' dir='ltr'><strong>quam</strong></span> <span class='ocrx_word' id='word_1_21' title='bbox 1230 751 1503 807; x_wconf 85' lang='lat' dir='ltr'><strong>abbatiam</strong></span> <span class='ocrx_word' id='word_1_22' title='bbox 1542 749 1759 821; x_wconf 88' lang='lat' dir='ltr'><strong>quoties</strong></span> 
     </span>
    </p>
   </div>
   <div class='ocr_carea' id='block_1_6' title="bbox 160 842 1756 922">
    <p class='ocr_par' dir='ltr' id='par_1_6' title="bbox 160 842 1756 922">
     <span class='ocr_line' id='line_1_6' title="bbox 160 842 1756 922; baseline -0.005 -16"><span class='ocrx_word' id='word_1_23' title='bbox 160 851 271 907; x_wconf 83' lang='lat' dir='ltr'><strong>sibi</strong></span> <span class='ocrx_word' id='word_1_24' title='bbox 307 849 528 922; x_wconf 97' lang='lat' dir='ltr'><strong>placuit,</strong></span> <span class='ocrx_word' id='word_1_25' title='bbox 555 849 674 905; x_wconf 83' lang='lat' dir='ltr'><strong>sine</strong></span> <span class='ocrx_word' id='word_1_26' title='bbox 700 848 917 903; x_wconf 89' lang='lat' dir='ltr'><strong>licentia</strong></span> <span class='ocrx_word' id='word_1_27' title='bbox 948 860 1066 902; x_wconf 89' lang='lat' dir='ltr'><strong>mea</strong></span> <span class='ocrx_word' id='word_1_28' title='bbox 1101 846 1382 917; x_wconf 89' lang='lat' dir='ltr'><strong>perrexit:</strong></span> <span class='ocrx_word' id='word_1_29' title='bbox 1416 852 1471 899; x_wconf 94' lang='lat' dir='ltr'><strong>et</strong></span> <span class='ocrx_word' id='word_1_30' title='bbox 1515 842 1756 913; x_wconf 88' lang='lat' dir='ltr'><strong>quandiu</strong></span> 
     </span>
    </p>
   </div>
   <div class='ocr_carea' id='block_1_7' title="bbox 162 934 1753 1012">
    <p class='ocr_par' dir='ltr' id='par_1_7' title="bbox 162 934 1753 1012">
     <span class='ocr_line' id='line_1_7' title="bbox 162 934 1753 1012; baseline -0.005 -15"><span class='ocrx_word' id='word_1_31' title='bbox 162 942 246 997; x_wconf 88' lang='lat' dir='ltr'><strong>illi</strong></span> <span class='ocrx_word' id='word_1_32' title='bbox 293 940 515 1012; x_wconf 89' lang='lat' dir='ltr'><strong>placuit,</strong></span> <span class='ocrx_word' id='word_1_33' title='bbox 544 939 745 994; x_wconf 93' lang='lat' dir='ltr'><strong>ibidem</strong></span> <span class='ocrx_word' id='word_1_34' title='bbox 786 946 1155 993; x_wconf 89' lang='lat' dir='ltr'><strong>commoratus</strong></span> <span class='ocrx_word' id='word_1_35' title='bbox 1178 936 1312 1002; x_wconf 87' lang='lat' dir='ltr'><strong>fuit;</strong></span> <span class='ocrx_word' id='word_1_36' title='bbox 1358 942 1548 989; x_wconf 90' lang='lat' dir='ltr'><strong>contra</strong></span> <span class='ocrx_word' id='word_1_37' title='bbox 1587 934 1753 989; x_wconf 85' lang='lat' dir='ltr'><strong>Hilari</strong></span> 
     </span>
    </p>
   </div>
   <div class='ocr_carea' id='block_1_8' title="bbox 160 1025 1755 1102">
    <p class='ocr_par' dir='ltr' id='par_1_8' title="bbox 160 1025 1755 1102">
     <span class='ocr_line' id='line_1_8' title="bbox 160 1025 1755 1102; baseline -0.006 -15"><span class='ocrx_word' id='word_1_38' title='bbox 160 1045 322 1102; x_wconf 65' lang='lat' dir='ltr'><strong>papa</strong></span> <span class='ocrx_word' id='word_1_39' title='bbox 340 1032 558 1086; x_wconf 86' lang='lat' dir='ltr'><strong>decreta</strong></span> <span class='ocrx_word' id='word_1_40' title='bbox 584 1028 814 1084; x_wconf 76' lang='lat' dir='ltr'><strong>dicentis</strong></span> <span class='ocrx_word' id='word_1_41' title='bbox 849 1028 1022 1100; x_wconf 85' lang='lat' dir='ltr'><strong>(epist.</strong></span> <span class='ocrx_word' id='word_1_42' title='bbox 1051 1028 1107 1091; x_wconf 89' lang='lat'><strong>8,</strong></span> <span class='ocrx_word' id='word_1_43' title='bbox 1137 1027 1205 1081; x_wconf 87' lang='lat' dir='ltr'><strong>ad</strong></span> <span class='ocrx_word' id='word_1_44' title='bbox 1229 1026 1459 1080; x_wconf 83' lang='lat' dir='ltr'><strong>diversos</strong></span> <span class='ocrx_word' id='word_1_45' title='bbox 1488 1025 1755 1095; x_wconf 76' lang='lat' dir='ltr'><strong>episcopos</strong></span> 
     </span>
    </p>
   </div>
   <div class='ocr_carea' id='block_1_9' title="bbox 163 1115 1756 1195">
    <p class='ocr_par' dir='ltr' id='par_1_9' title="bbox 163 1115 1756 1195">
     <span class='ocr_line' id='line_1_9' title="bbox 163 1115 1756 1195; baseline -0.004 -18"><span class='ocrx_word' id='word_1_46' title='bbox 163 1120 378 1195; x_wconf 75' lang='lat' dir='ltr'><strong>Gallia!)</strong></span> <span class='ocrx_word' id='word_1_47' title='bbox 407 1141 421 1177; x_wconf 91' lang='lat'><strong>:</strong></span> <span class='ocrx_word' id='word_1_48' title='bbox 460 1140 481 1174; x_wconf 76' lang='grc' dir='ltr'><strong>ι</strong></span> <span class='ocrx_word' id='word_1_49' title='bbox 518 1121 652 1177; x_wconf 90' lang='lat' dir='ltr'><strong>Illud</strong></span> <span class='ocrx_word' id='word_1_50' title='bbox 682 1137 787 1176; x_wconf 93' lang='lat' dir='ltr'><strong>non</strong></span> <span class='ocrx_word' id='word_1_51' title='bbox 820 1121 1093 1191; x_wconf 74' lang='lat' dir='ltr'><strong>potuimus</strong></span> <span class='ocrx_word' id='word_1_52' title='bbox 1120 1119 1424 1189; x_wconf 65' lang='lat' dir='ltr'><strong>praeterire,</strong></span> <span class='ocrx_word' id='word_1_53' title='bbox 1457 1116 1602 1188; x_wconf 86' lang='lat' dir='ltr'><strong>quod</strong></span> <span class='ocrx_word' id='word_1_54' title='bbox 1647 1115 1756 1173; x_wconf 87' lang='lat' dir='ltr'><strong>sol—</strong></span> 
     </span>
    </p>
   </div>
   <div class='ocr_carea' id='block_1_10' title="bbox 163 1212 1754 1285">
    <p class='ocr_par' dir='ltr' id='par_1_10' title="bbox 163 1212 1754 1285">
     <span class='ocr_line' id='line_1_10' title="bbox 163 1212 1754 1285; baseline -0.003 -17"><span class='ocrx_word' id='word_1_55' title='bbox 163 1215 446 1272; x_wconf 88' lang='lat' dir='ltr'><strong>licitudine</strong></span> <span class='ocrx_word' id='word_1_56' title='bbox 475 1214 821 1285; x_wconf 89' lang='lat' dir='ltr'><strong>diligentiore</strong></span> <span class='ocrx_word' id='word_1_57' title='bbox 850 1212 1151 1268; x_wconf 87' lang='lat' dir='ltr'><strong>curandum</strong></span> <span class='ocrx_word' id='word_1_58' title='bbox 1179 1220 1283 1276; x_wconf 90' lang='lat' dir='ltr'><strong>est,</strong></span> <span class='ocrx_word' id='word_1_59' title='bbox 1314 1225 1380 1265; x_wconf 92' lang='lat' dir='ltr'><strong>ne</strong></span> <span class='ocrx_word' id='word_1_60' title='bbox 1402 1218 1604 1281; x_wconf 77' lang='lat' dir='ltr'><strong>praeter</strong></span> <span class='ocrx_word' id='word_1_61' title='bbox 1641 1224 1754 1263; x_wconf 86' lang='lat' dir='ltr'><strong>me-</strong></span> 
     </span>
    </p>
   </div>
   <div class='ocr_carea' id='block_1_11' title="bbox 160 1302 1752 1379">
    <p class='ocr_par' dir='ltr' id='par_1_11' title="bbox 160 1302 1752 1379">
     <span class='ocr_line' id='line_1_11' title="bbox 160 1302 1752 1379; baseline -0.004 -16"><span class='ocrx_word' id='word_1_62' title='bbox 160 1308 611 1379; x_wconf 57' lang='lat' dir='ltr'><strong>tropolitanorum</strong></span> <span class='ocrx_word' id='word_1_63' title='bbox 642 1322 863 1364; x_wconf 89' lang='lat' dir='ltr'><strong>suorum</strong></span> <span class='ocrx_word' id='word_1_64' title='bbox 911 1306 1123 1362; x_wconf 81' lang='lat' dir='ltr'><strong>litteras</strong></span> <span class='ocrx_word' id='word_1_65' title='bbox 1174 1304 1339 1376; x_wconf 85' lang='lat' dir='ltr'><strong>aliqui</strong></span> <span class='ocrx_word' id='word_1_66' title='bbox 1390 1303 1627 1374; x_wconf 85' lang='lat' dir='ltr'><strong>episcopi</strong></span> <span class='ocrx_word' id='word_1_67' title='bbox 1684 1302 1752 1357; x_wconf 90' lang='lat' dir='ltr'><strong>ad</strong></span> 
     </span>
    </p>
   </div>
   <div class='ocr_carea' id='block_1_12' title="bbox 157 1396 1751 1471">
    <p class='ocr_par' dir='ltr' id='par_1_12' title="bbox 157 1396 1751 1471">
     <span class='ocr_line' id='line_1_12' title="bbox 157 1396 1751 1471; baseline -0.002 -16"><span class='ocrx_word' id='word_1_68' title='bbox 157 1400 460 1470; x_wconf 84' lang='lat' dir='ltr'><strong>quamlibet</strong></span> <span class='ocrx_word' id='word_1_69' title='bbox 483 1400 817 1471; x_wconf 80' lang='lat' dir='ltr'><strong>provinciam</strong></span> <span class='ocrx_word' id='word_1_70' title='bbox 849 1399 1081 1455; x_wconf 85' lang='lat' dir='ltr'><strong>audeant</strong></span> <span class='ocrx_word' id='word_1_71' title='bbox 1100 1397 1392 1469; x_wconf 83' lang='lat' dir='ltr'><strong>proﬁcisci.</strong></span> <span class='ocrx_word' id='word_1_72' title='bbox 1411 1396 1565 1465; x_wconf 83' lang='lat' dir='ltr'><strong>Quod</strong></span> <span class='ocrx_word' id='word_1_73' title='bbox 1586 1397 1751 1452; x_wconf 88' lang='lat' dir='ltr'><strong>etiam</strong></span> 
     </span>
    </p>
   </div>
   <div class='ocr_carea' id='block_1_13' title="bbox 159 1488 1752 1562">
    <p class='ocr_par' dir='ltr' id='par_1_13' title="bbox 159 1488 1752 1562">
     <span class='ocr_line' id='line_1_13' title="bbox 159 1488 1752 1562; baseline -0.001 -17"><span class='ocrx_word' id='word_1_74' title='bbox 159 1492 218 1545; x_wconf 89' lang='lat' dir='ltr'><strong>in</strong></span> <span class='ocrx_word' id='word_1_75' title='bbox 246 1491 390 1545; x_wconf 85' lang='lat' dir='ltr'><strong>omni</strong></span> <span class='ocrx_word' id='word_1_76' title='bbox 421 1505 620 1562; x_wconf 90' lang='lat' dir='ltr'><strong>genere</strong></span> <span class='ocrx_word' id='word_1_77' title='bbox 647 1489 809 1547; x_wconf 78' lang='lat' dir='ltr'><strong>olﬁcii</strong></span> <span class='ocrx_word' id='word_1_78' title='bbox 847 1490 1116 1547; x_wconf 87' lang='lat' dir='ltr'><strong>clericalis</strong></span> <span class='ocrx_word' id='word_1_79' title='bbox 1158 1504 1258 1561; x_wconf 88' lang='lat' dir='ltr'><strong>per</strong></span> <span class='ocrx_word' id='word_1_80' title='bbox 1306 1489 1547 1561; x_wconf 88' lang='lat' dir='ltr'><strong>singulas</strong></span> <span class='ocrx_word' id='word_1_81' title='bbox 1591 1488 1752 1544; x_wconf 85' lang='lat' dir='ltr'><strong>debet</strong></span> 
     </span>
    </p>
   </div>
   <div class='ocr_carea' id='block_1_14' title="bbox 153 1581 1747 1654">
    <p class='ocr_par' dir='ltr' id='par_1_14' title="bbox 153 1581 1747 1654">
     <span class='ocr_line' id='line_1_14' title="bbox 153 1581 1747 1654; baseline -0.001 -17"><span class='ocrx_word' id='word_1_82' title='bbox 153 1581 422 1637; x_wconf 83' lang='lat' dir='ltr'><strong>ecclesias</strong></span> <span class='ocrx_word' id='word_1_83' title='bbox 448 1582 731 1638; x_wconf 84' lang='lat' dir='ltr'><strong>custodiri.</strong></span> <span class='ocrx_word' id='word_1_84' title='bbox 763 1602 783 1635; x_wconf 76' lang='grc' dir='ltr'><strong>ι</strong></span> <span class='ocrx_word' id='word_1_85' title='bbox 825 1582 890 1638; x_wconf 87' lang='lat' dir='ltr'><strong>Et</strong></span> <span class='ocrx_word' id='word_1_86' title='bbox 917 1583 997 1638; x_wconf 91' lang='lat' dir='ltr'><strong>sic</strong></span> <span class='ocrx_word' id='word_1_87' title='bbox 1024 1593 1183 1638; x_wconf 86' lang='lat' dir='ltr'><strong>antea</strong></span> <span class='ocrx_word' id='word_1_88' title='bbox 1205 1582 1453 1638; x_wconf 86' lang='lat' dir='ltr'><strong>Zosimus</strong></span> <span class='ocrx_word' id='word_1_89' title='bbox 1474 1582 1645 1654; x_wconf 74' lang='lat' dir='ltr'><strong>(epist.</strong></span> <span class='ocrx_word' id='word_1_90' title='bbox 1688 1581 1747 1648; x_wconf 84' lang='lat'><strong>5,</strong></span> 
     </span>
    </p>
   </div>
   <div class='ocr_carea' id='block_1_15' title="bbox 151 1673 1745 1748">
    <p class='ocr_par' dir='ltr' id='par_1_15' title="bbox 151 1673 1745 1748">
     <span class='ocr_line' id='line_1_15' title="bbox 151 1673 1745 1748; baseline -0.003 -17"><span class='ocrx_word' id='word_1_91' title='bbox 151 1673 214 1740; x_wconf 79' lang='lat'><strong>9,</strong></span> <span class='ocrx_word' id='word_1_92' title='bbox 273 1677 382 1746; x_wconf 81' lang='lat' dir='ltr'><strong>ll),</strong></span> <span class='ocrx_word' id='word_1_93' title='bbox 434 1684 491 1732; x_wconf 92' lang='lat' dir='ltr'><strong>et</strong></span> <span class='ocrx_word' id='word_1_94' title='bbox 538 1687 724 1746; x_wconf 89' lang='lat' dir='ltr'><strong>postea</strong></span> <span class='ocrx_word' id='word_1_95' title='bbox 770 1676 828 1731; x_wconf 91' lang='lat' dir='ltr'><strong>S.</strong></span> <span class='ocrx_word' id='word_1_96' title='bbox 894 1676 1192 1748; x_wconf 78' lang='lat' dir='ltr'><strong>Gregorius</strong></span> <span class='ocrx_word' id='word_1_97' title='bbox 1242 1674 1483 1748; x_wconf 69' lang='lat' dir='ltr'><strong>(=‘ib.vn,</strong></span> <span class='ocrx_word' id='word_1_98' title='bbox 1535 1674 1649 1729; x_wconf 81' lang='lat' dir='ltr'><strong>ind.</strong></span> <span class='ocrx_word' id='word_1_99' title='bbox 1688 1674 1745 1739; x_wconf 77' lang='lat'><strong>2,</strong></span> 
     </span>
    </p>
   </div>
   <div class='ocr_carea' id='block_1_16' title="bbox 149 1767 1746 1841">
    <p class='ocr_par' dir='ltr' id='par_1_16' title="bbox 149 1767 1746 1841">
     <span class='ocr_line' id='line_1_16' title="bbox 149 1767 1746 1841; baseline 0.001 -20"><span class='ocrx_word' id='word_1_100' title='bbox 149 1783 242 1838; x_wconf 84' lang='lat' dir='ltr'><strong>ep.</strong></span> <span class='ocrx_word' id='word_1_101' title='bbox 269 1767 325 1839; x_wconf 87' lang='lat'><strong>8)</strong></span> <span class='ocrx_word' id='word_1_102' title='bbox 364 1769 638 1835; x_wconf 88' lang='lat' dir='ltr'><strong>decrevit,</strong></span> <span class='ocrx_word' id='word_1_103' title='bbox 688 1768 934 1826; x_wconf 89' lang='lat' dir='ltr'><strong>scribens</strong></span> <span class='ocrx_word' id='word_1_104' title='bbox 989 1771 1056 1825; x_wconf 91' lang='lat' dir='ltr'><strong>ad</strong></span> <span class='ocrx_word' id='word_1_105' title='bbox 1108 1770 1451 1826; x_wconf 78' lang='lat' dir='ltr'><strong>Vincentium</strong></span> <span class='ocrx_word' id='word_1_106' title='bbox 1493 1767 1616 1841; x_wconf 84' lang='lat' dir='ltr'><strong>[al.,</strong></span> <span class='ocrx_word' id='word_1_107' title='bbox 1655 1768 1746 1823; x_wconf 93' lang='lat' dir='ltr'><strong>In-</strong></span> 
     </span>
    </p>
   </div>
   <div class='ocr_carea' id='block_1_17' title="bbox 148 1835 1829 1933">
    <p class='ocr_par' dir='ltr' id='par_1_17' title="bbox 148 1835 1829 1933">
     <span class='ocr_line' id='line_1_17' title="bbox 148 1835 1829 1933; baseline -0.001 -17"><span class='ocrx_word' id='word_1_108' title='bbox 148 1835 497 1933; x_wconf 73' lang='lat' dir='ltr'><strong>nocentium]</strong></span> <span class='ocrx_word' id='word_1_109' title='bbox 533 1868 590 1916; x_wconf 93' lang='lat' dir='ltr'><strong>et</strong></span> <span class='ocrx_word' id='word_1_110' title='bbox 634 1869 864 1916; x_wconf 86' lang='lat' dir='ltr'><strong>caeteros</strong></span> <span class='ocrx_word' id='word_1_111' title='bbox 889 1860 1208 1931; x_wconf 85' lang='lat' dir='ltr'><strong>episcopos:</strong></span> <span class='ocrx_word' id='word_1_112' title='bbox 1252 1879 1272 1913; x_wconf 85' lang='grc'><strong><em>‹</em></strong></span> <span class='ocrx_word' id='word_1_113' title='bbox 1308 1835 1621 1926; x_wconf 78' lang='lat' dir='ltr'><strong>Hortamur,</strong></span> <span class='ocrx_word' id='word_1_114' title='bbox 1667 1859 1750 1915; x_wconf 89' lang='lat' dir='ltr'><strong>in-</strong></span> <span class='ocrx_word' id='word_1_115' title='bbox 1778 1835 1829 1898; x_wconf 70' lang='grc' dir='ltr'><strong>Β</strong></span> 
     </span>
    </p>
   </div>
   <div class='ocr_carea' id='block_1_18' title="bbox 114 1951 1749 2037">
    <p class='ocr_par' dir='ltr' id='par_1_18' title="bbox 114 1951 1749 2037">
     <span class='ocr_line' id='line_1_18' title="bbox 114 1951 1749 2037; baseline 0.001 -30"><span class='ocrx_word' id='word_1_116' title='bbox 114 1952 296 2037; x_wconf 36' lang='grc' dir='ltr'>ἡίιιιίι,</span> <span class='ocrx_word' id='word_1_117' title='bbox 336 1951 735 2009; x_wconf 76' lang='lat' dir='ltr'><strong>fraternitatem</strong></span> <span class='ocrx_word' id='word_1_118' title='bbox 783 1962 1043 2021; x_wconf 83' lang='lat' dir='ltr'><strong>vestram,</strong></span> <span class='ocrx_word' id='word_1_119' title='bbox 1082 1962 1144 2009; x_wconf 93' lang='lat' dir='ltr'><strong>ut</strong></span> <span class='ocrx_word' id='word_1_120' title='bbox 1183 1954 1229 2010; x_wconf 93' lang='lat' dir='ltr'><strong>si</strong></span> <span class='ocrx_word' id='word_1_121' title='bbox 1275 1968 1602 2024; x_wconf 86' lang='lat' dir='ltr'><strong>quemquam</strong></span> <span class='ocrx_word' id='word_1_122' title='bbox 1659 1968 1749 2009; x_wconf 85' lang='lat' dir='ltr'><strong>ve-</strong></span> 
     </span>
    </p>
   </div>
   <div class='ocr_carea' id='block_1_19' title="bbox 144 2044 1753 2117">
    <p class='ocr_par' dir='ltr' id='par_1_19' title="bbox 144 2044 1753 2117">
     <span class='ocr_line' id='line_1_19' title="bbox 144 2044 1753 2117; baseline 0.001 -19"><span class='ocrx_word' id='word_1_123' title='bbox 144 2050 330 2099; x_wconf 83' lang='lat' dir='ltr'><strong>strum</strong></span> <span class='ocrx_word' id='word_1_124' title='bbox 356 2058 454 2115; x_wconf 89' lang='lat' dir='ltr'><strong>pro</strong></span> <span class='ocrx_word' id='word_1_125' title='bbox 503 2046 682 2101; x_wconf 89' lang='lat' dir='ltr'><strong>causis</strong></span> <span class='ocrx_word' id='word_1_126' title='bbox 716 2046 949 2117; x_wconf 86' lang='lat' dir='ltr'><strong>propriis</strong></span> <span class='ocrx_word' id='word_1_127' title='bbox 997 2045 1304 2116; x_wconf 87' lang='lat' dir='ltr'><strong>ubicunque</strong></span> <span class='ocrx_word' id='word_1_128' title='bbox 1354 2044 1567 2116; x_wconf 86' lang='lat' dir='ltr'><strong>longius</strong></span> <span class='ocrx_word' id='word_1_129' title='bbox 1605 2059 1753 2100; x_wconf 83' lang='lat' dir='ltr'><strong>com-</strong></span> 
     </span>
    </p>
   </div>
   <div class='ocr_carea' id='block_1_20' title="bbox 134 2137 1744 2210">
    <p class='ocr_par' dir='ltr' id='par_1_20' title="bbox 134 2137 1744 2210">
     <span class='ocr_line' id='line_1_20' title="bbox 134 2137 1744 2210; baseline -0.002 -16"><span class='ocrx_word' id='word_1_130' title='bbox 134 2138 647 2210; x_wconf 83' lang='lat' dir='ltr'><strong>puleritamhulare</strong></span> <span class='ocrx_word' id='word_1_131' title='bbox 677 2141 995 2207; x_wconf 87' lang='lat' dir='ltr'><strong>necessitas,</strong></span> <span class='ocrx_word' id='word_1_132' title='bbox 1032 2155 1063 2195; x_wconf 89' lang='lat' dir='ltr'><strong>a</strong></span> <span class='ocrx_word' id='word_1_133' title='bbox 1097 2137 1514 2208; x_wconf 89' lang='lat' dir='ltr'><strong>metropolitano</strong></span> <span class='ocrx_word' id='word_1_134' title='bbox 1543 2145 1744 2202; x_wconf 90' lang='lat' dir='ltr'><strong>vestro,</strong></span> 
     </span>
    </p>
   </div>
   <div class='ocr_carea' id='block_1_21' title="bbox 146 2228 1749 2301">
    <p class='ocr_par' dir='ltr' id='par_1_21' title="bbox 146 2228 1749 2301">
     <span class='ocr_line' id='line_1_21' title="bbox 146 2228 1749 2301; baseline -0.002 -14"><span class='ocrx_word' id='word_1_135' title='bbox 146 2230 450 2287; x_wconf 75' lang='lat' dir='ltr'><strong>secundum</strong></span> <span class='ocrx_word' id='word_1_136' title='bbox 476 2232 700 2287; x_wconf 86' lang='lat' dir='ltr'><strong>inditam</strong></span> <span class='ocrx_word' id='word_1_137' title='bbox 730 2250 760 2287; x_wconf 88' lang='lat' dir='ltr'><strong>a</strong></span> <span class='ocrx_word' id='word_1_138' title='bbox 790 2232 996 2287; x_wconf 83' lang='lat' dir='ltr'><strong>sanctis</strong></span> <span class='ocrx_word' id='word_1_139' title='bbox 1039 2228 1290 2286; x_wconf 84' lang='lat' dir='ltr'><strong>Patribus</strong></span> <span class='ocrx_word' id='word_1_140' title='bbox 1330 2228 1602 2301; x_wconf 87' lang='lat' dir='ltr'><strong>regulam,</strong></span> <span class='ocrx_word' id='word_1_141' title='bbox 1653 2243 1749 2298; x_wconf 91' lang='lat' dir='ltr'><strong>pe-</strong></span> 
     </span>
    </p>
   </div>
   <div class='ocr_carea' id='block_1_22' title="bbox 168 2319 1747 2394">
    <p class='ocr_par' dir='ltr' id='par_1_22' title="bbox 168 2319 1747 2394">
     <span class='ocr_line' id='line_1_22' title="bbox 168 2319 1747 2394; baseline -0.002 -17"><span class='ocrx_word' id='word_1_142' title='bbox 168 2337 271 2378; x_wconf 89' lang='lat' dir='ltr'><strong>ere</strong></span> <span class='ocrx_word' id='word_1_143' title='bbox 335 2323 603 2380; x_wconf 88' lang='lat' dir='ltr'><strong>licentiam</strong></span> <span class='ocrx_word' id='word_1_144' title='bbox 650 2325 934 2389; x_wconf 85' lang='lat' dir='ltr'><strong>debeatis,</strong></span> <span class='ocrx_word' id='word_1_145' title='bbox 981 2340 1082 2381; x_wconf 89' lang='lat' dir='ltr'><strong>nec</strong></span> <span class='ocrx_word' id='word_1_146' title='bbox 1132 2337 1256 2379; x_wconf 89' lang='lat' dir='ltr'><strong>eum</strong></span> <span class='ocrx_word' id='word_1_147' title='bbox 1302 2329 1632 2394; x_wconf 86' lang='lat' dir='ltr'><strong>postponere</strong></span> <span class='ocrx_word' id='word_1_148' title='bbox 1692 2319 1747 2374; x_wconf 90' lang='lat' dir='ltr'><strong>in</strong></span> 
     </span>
    </p>
   </div>
   <div class='ocr_carea' id='block_1_23' title="bbox 162 2410 1035 2489">
    <p class='ocr_par' dir='ltr' id='par_1_23' title="bbox 162 2410 1035 2489">
     <span class='ocr_line' id='line_1_23' title="bbox 162 2410 1035 2489; baseline 0.003 -21"><span class='ocrx_word' id='word_1_149' title='bbox 162 2410 334 2487; x_wconf 78' lang='lat' dir='ltr'><strong>:liquo</strong></span> <span class='ocrx_word' id='word_1_150' title='bbox 363 2417 622 2475; x_wconf 83' lang='lat' dir='ltr'><strong>debeatis.</strong></span> <span class='ocrx_word' id='word_1_151' title='bbox 657 2438 676 2470; x_wconf 80' lang='grc' dir='ltr'><strong>ι</strong></span> <span class='ocrx_word' id='word_1_152' title='bbox 712 2418 782 2474; x_wconf 84' lang='lat' dir='ltr'><strong>Et</strong></span> <span class='ocrx_word' id='word_1_153' title='bbox 807 2417 1035 2489; x_wconf 89' lang='lat' dir='ltr'><strong>reliqua.</strong></span> 
     </span>
    </p>
   </div>
   <div class='ocr_carea' id='block_1_24' title="bbox 776 2530 1126 2609">
    <p class='ocr_par' dir='ltr' id='par_1_24' title="bbox 776 2530 1126 2609">
     <span class='ocr_line' id='line_1_24' title="bbox 776 2530 1126 2609; baseline 0 -22"><span class='ocrx_word' id='word_1_154' title='bbox 776 2531 1005 2609; x_wconf 80' lang='lat' dir='ltr'><strong>CAPUT</strong></span> <span class='ocrx_word' id='word_1_155' title='bbox 1040 2530 1126 2588; x_wconf 90' lang='grc' dir='ltr'>ιιι.</span> 
     </span>
    </p>
   </div>
   <div class='ocr_carea' id='block_1_25' title="bbox 166 2619 1745 2699">
    <p class='ocr_par' dir='ltr' id='par_1_25' title="bbox 166 2619 1745 2699">
     <span class='ocr_line' id='line_1_25' title="bbox 166 2619 1745 2699; baseline -0.001 -18"><span class='ocrx_word' id='word_1_156' title='bbox 166 2619 309 2689; x_wconf 65' lang='grc' dir='ltr'><strong>(βοά</strong></span> <span class='ocrx_word' id='word_1_157' title='bbox 336 2626 407 2682; x_wconf 81' lang='lat' dir='ltr'><strong>ad</strong></span> <span class='ocrx_word' id='word_1_158' title='bbox 441 2627 827 2683; x_wconf 81' lang='lat' dir='ltr'><strong>ordinationem</strong></span> <span class='ocrx_word' id='word_1_159' title='bbox 849 2628 1078 2699; x_wconf 82' lang='lat' dir='ltr'><strong>episcOpi</strong></span> <span class='ocrx_word' id='word_1_160' title='bbox 1101 2627 1493 2682; x_wconf 77' lang='lat' dir='ltr'><strong>Cameracensis</strong></span> <span class='ocrx_word' id='word_1_161' title='bbox 1515 2634 1745 2699; x_wconf 15' lang='lat' dir='ltr'><strong>ivocalus</strong></span> 
     </span>
    </p>
   </div>
   <div class='ocr_carea' id='block_1_26' title="bbox 331 2698 1568 2768">
    <p class='ocr_par' dir='ltr' id='par_1_26' title="bbox 331 2698 1568 2768">
     <span class='ocr_line' id='line_1_26' title="bbox 331 2698 1568 2768; baseline -0.003 -14"><span class='ocrx_word' id='word_1_162' title='bbox 331 2699 524 2763; x_wconf 72' lang='lat' dir='ltr'><strong>uenire,</strong></span> <span class='ocrx_word' id='word_1_163' title='bbox 575 2709 668 2753; x_wconf 88' lang='lat' dir='ltr'><strong>aut</strong></span> <span class='ocrx_word' id='word_1_164' title='bbox 694 2698 951 2754; x_wconf 79' lang='lat' dir='ltr'><strong>uicarium</strong></span> <span class='ocrx_word' id='word_1_165' title='bbox 984 2699 1217 2763; x_wconf 82' lang='lat' dir='ltr'><strong>mittere,</strong></span> <span class='ocrx_word' id='word_1_166' title='bbox 1241 2698 1568 2768; x_wconf 72' lang='lat' dir='ltr'><strong>contempsit.</strong></span> 
     </span>
    </p>
   </div>
   <div class='ocr_carea' id='block_1_27' title="bbox 219 2788 1744 2868">
    <p class='ocr_par' dir='ltr' id='par_1_27' title="bbox 219 2788 1744 2868">
     <span class='ocr_line' id='line_1_27' title="bbox 219 2788 1744 2868; baseline -0.003 -19"><span class='ocrx_word' id='word_1_167' title='bbox 219 2789 370 2868; x_wconf 82' lang='lat' dir='ltr'><strong>(Lib.</strong></span> <span class='ocrx_word' id='word_1_168' title='bbox 402 2808 472 2849; x_wconf 76' lang='lat' dir='ltr'><strong>LV</strong></span> <span class='ocrx_word' id='word_1_169' title='bbox 503 2789 659 2863; x_wconf 84' lang='lat' dir='ltr'><strong>Cap.,</strong></span> <span class='ocrx_word' id='word_1_170' title='bbox 683 2807 735 2849; x_wconf 92' lang='lat' dir='ltr'><strong>c.</strong></span> <span class='ocrx_word' id='word_1_171' title='bbox 762 2792 846 2864; x_wconf 74' lang='grc' dir='ltr'><strong>Ξ.)</strong></span> <span class='ocrx_word' id='word_1_172' title='bbox 882 2791 1153 2847; x_wconf 67' lang='lat' dir='ltr'><strong>Praeterea</strong></span> <span class='ocrx_word' id='word_1_173' title='bbox 1183 2805 1398 2862; x_wconf 89' lang='lat' dir='ltr'><strong>quoque</strong></span> <span class='ocrx_word' id='word_1_174' title='bbox 1425 2788 1624 2845; x_wconf 85' lang='lat' dir='ltr'><strong>litteris</strong></span> <span class='ocrx_word' id='word_1_175' title='bbox 1649 2804 1744 2845; x_wconf 86' lang='lat' dir='ltr'><strong>ca-</strong></span> 
     </span>
    </p>
   </div>
   <div class='ocr_carea' id='block_1_28' title="bbox 162 2882 1746 2955">
    <p class='ocr_par' dir='ltr' id='par_1_28' title="bbox 162 2882 1746 2955">
     <span class='ocr_line' id='line_1_28' title="bbox 162 2882 1746 2955; baseline -0.001 -16"><span class='ocrx_word' id='word_1_176' title='bbox 162 2883 366 2941; x_wconf 76' lang='lat' dir='ltr'><strong>naicis</strong></span> <span class='ocrx_word' id='word_1_177' title='bbox 390 2893 599 2941; x_wconf 82' lang='lat' dir='ltr'><strong>certum</strong></span> <span class='ocrx_word' id='word_1_178' title='bbox 625 2884 770 2941; x_wconf 89' lang='lat' dir='ltr'><strong>diem</strong></span> <span class='ocrx_word' id='word_1_179' title='bbox 793 2894 846 2940; x_wconf 90' lang='lat' dir='ltr'><strong>et</strong></span> <span class='ocrx_word' id='word_1_180' title='bbox 871 2884 1049 2940; x_wconf 86' lang='lat' dir='ltr'><strong>locum</strong></span> <span class='ocrx_word' id='word_1_181' title='bbox 1092 2883 1523 2955; x_wconf 88' lang='lat' dir='ltr'><strong>designantibus,</strong></span> <span class='ocrx_word' id='word_1_182' title='bbox 1575 2891 1633 2938; x_wconf 93' lang='lat' dir='ltr'><strong>et</strong></span> <span class='ocrx_word' id='word_1_183' title='bbox 1677 2882 1746 2938; x_wconf 88' lang='lat' dir='ltr'><strong>ad</strong></span> 
     </span>
    </p>
   </div>
   <div class='ocr_carea' id='block_1_29' title="bbox 140 2975 1747 3047">
    <p class='ocr_par' dir='ltr' id='par_1_29' title="bbox 140 2975 1747 3047">
     <span class='ocr_line' id='line_1_29' title="bbox 140 2975 1747 3047; baseline -0.001 -14"><span class='ocrx_word' id='word_1_184' title='bbox 140 2976 438 3034; x_wconf 77' lang='lat' dir='ltr'><strong>&#39;eelesiam</strong></span> <span class='ocrx_word' id='word_1_185' title='bbox 463 2993 617 3035; x_wconf 88' lang='lat' dir='ltr'><strong>suam</strong></span> <span class='ocrx_word' id='word_1_186' title='bbox 642 2993 709 3033; x_wconf 82' lang='lat' dir='ltr'><strong>ex</strong></span> <span class='ocrx_word' id='word_1_187' title='bbox 742 2991 894 3032; x_wconf 91' lang='lat' dir='ltr'><strong>more</strong></span> <span class='ocrx_word' id='word_1_188' title='bbox 923 2977 1166 3043; x_wconf 86' lang='lat' dir='ltr'><strong>directis,</strong></span> <span class='ocrx_word' id='word_1_189' title='bbox 1198 2991 1430 3047; x_wconf 89' lang='lat' dir='ltr'><strong>quarum</strong></span> <span class='ocrx_word' id='word_1_190' title='bbox 1465 2975 1747 3047; x_wconf 81' lang='lat' dir='ltr'><strong>exemplar</strong></span> 
     </span>
    </p>
   </div>
   <div class='ocr_carea' id='block_1_30' title="bbox 158 3064 1745 3142">
    <p class='ocr_par' dir='ltr' id='par_1_30' title="bbox 158 3064 1745 3142">
     <span class='ocr_line' id='line_1_30' title="bbox 158 3064 1745 3142; baseline 0.003 -20"><span class='ocrx_word' id='word_1_191' title='bbox 158 3064 348 3136; x_wconf 76' lang='lat' dir='ltr'><strong>habe,</strong></span> <span class='ocrx_word' id='word_1_192' title='bbox 377 3080 638 3127; x_wconf 89' lang='lat' dir='ltr'><strong>evocatus</strong></span> <span class='ocrx_word' id='word_1_193' title='bbox 664 3071 731 3126; x_wconf 90' lang='lat' dir='ltr'><strong>ad</strong></span> <span class='ocrx_word' id='word_1_194' title='bbox 765 3069 1165 3127; x_wconf 89' lang='lat' dir='ltr'><strong>ordinationem</strong></span> <span class='ocrx_word' id='word_1_195' title='bbox 1193 3071 1432 3142; x_wconf 90' lang='lat' dir='ltr'><strong>episcopi</strong></span> <span class='ocrx_word' id='word_1_196' title='bbox 1466 3072 1519 3126; x_wconf 93' lang='lat' dir='ltr'><strong>in</strong></span> <span class='ocrx_word' id='word_1_197' title='bbox 1570 3068 1745 3126; x_wconf 83' lang='lat' dir='ltr'><strong>eccle-</strong></span> 
     </span>
    </p>
   </div>
   <div class='ocr_carea' id='block_1_31' title="bbox 140 3162 1740 3236">
    <p class='ocr_par' dir='ltr' id='par_1_31' title="bbox 140 3162 1740 3236">
     <span class='ocr_line' id='line_1_31' title="bbox 140 3162 1740 3236; baseline -0.001 -18"><span class='ocrx_word' id='word_1_198' title='bbox 140 3162 251 3218; x_wconf 81' lang='lat' dir='ltr'><strong>sia</strong></span> <span class='ocrx_word' id='word_1_199' title='bbox 275 3162 639 3221; x_wconf 66' lang='lat' dir='ltr'><strong>iamaracensi</strong></span> <span class='ocrx_word' id='word_1_200' title='bbox 673 3164 970 3236; x_wconf 71' lang='lat' dir='ltr'><strong>provincim</strong></span> <span class='ocrx_word' id='word_1_201' title='bbox 1025 3171 1248 3230; x_wconf 81' lang='lat' dir='ltr'><strong>nostrae,</strong></span> <span class='ocrx_word' id='word_1_202' title='bbox 1297 3172 1519 3233; x_wconf 87' lang='lat' dir='ltr'><strong>pastore</strong></span> <span class='ocrx_word' id='word_1_203' title='bbox 1570 3163 1740 3218; x_wconf 87' lang='lat' dir='ltr'><strong>desti-</strong></span> 
     </span>
    </p>
   </div>
   <div class='ocr_carea' id='block_1_32' title="bbox 154 3256 1742 3329">
    <p class='ocr_par' dir='ltr' id='par_1_32' title="bbox 154 3256 1742 3329">
     <span class='ocr_line' id='line_1_32' title="bbox 154 3256 1742 3329; baseline -0.003 -17"><span class='ocrx_word' id='word_1_204' title='bbox 154 3264 303 3323; x_wconf 85' lang='lat' dir='ltr'><strong>tuta,</strong></span> <span class='ocrx_word' id='word_1_205' title='bbox 343 3260 487 3315; x_wconf 91' lang='lat' dir='ltr'><strong>unde</strong></span> <span class='ocrx_word' id='word_1_206' title='bbox 533 3257 827 3329; x_wconf 83' lang='lat' dir='ltr'><strong>apostolica</strong></span> <span class='ocrx_word' id='word_1_207' title='bbox 880 3256 1057 3322; x_wconf 87' lang='lat' dir='ltr'><strong>sedes,</strong></span> <span class='ocrx_word' id='word_1_208' title='bbox 1117 3269 1206 3310; x_wconf 90' lang='lat' dir='ltr'><strong>me</strong></span> <span class='ocrx_word' id='word_1_209' title='bbox 1257 3264 1580 3326; x_wconf 86' lang='lat' dir='ltr'><strong>suggerente</strong></span> <span class='ocrx_word' id='word_1_210' title='bbox 1635 3270 1742 3309; x_wconf 89' lang='lat' dir='ltr'><strong>non</strong></span> 
     </span>
    </p>
   </div>
   <div class='ocr_carea' id='block_1_33' title="bbox 152 3348 1743 3420">
    <p class='ocr_par' dir='ltr' id='par_1_33' title="bbox 152 3348 1743 3420">
     <span class='ocr_line' id='line_1_33' title="bbox 152 3348 1743 3420; baseline -0.002 -14"><span class='ocrx_word' id='word_1_211' title='bbox 152 3348 360 3409; x_wconf 71' lang='lat' dir='ltr'><strong>modte</strong></span> <span class='ocrx_word' id='word_1_212' title='bbox 380 3351 664 3417; x_wconf 81' lang='lat' dir='ltr'><strong>laboravit,</strong></span> <span class='ocrx_word' id='word_1_213' title='bbox 696 3367 799 3408; x_wconf 92' lang='lat' dir='ltr'><strong>nec</strong></span> <span class='ocrx_word' id='word_1_214' title='bbox 829 3351 945 3420; x_wconf 88' lang='lat' dir='ltr'><strong>ipse</strong></span> <span class='ocrx_word' id='word_1_215' title='bbox 968 3349 1153 3416; x_wconf 87' lang='lat' dir='ltr'><strong>venit,</strong></span> <span class='ocrx_word' id='word_1_216' title='bbox 1184 3364 1288 3405; x_wconf 88' lang='lat' dir='ltr'><strong>nec</strong></span> <span class='ocrx_word' id='word_1_217' title='bbox 1330 3364 1429 3420; x_wconf 87' lang='lat' dir='ltr'><strong>pro</strong></span> <span class='ocrx_word' id='word_1_218' title='bbox 1485 3364 1545 3405; x_wconf 91' lang='lat' dir='ltr'><strong>se</strong></span> <span class='ocrx_word' id='word_1_219' title='bbox 1590 3349 1743 3404; x_wconf 89' lang='lat' dir='ltr'><strong>vica-</strong></span> 
     </span>
    </p>
   </div>
   <div class='ocr_carea' id='block_1_34' title="bbox 152 3439 1737 3512">
    <p class='ocr_par' dir='ltr' id='par_1_34' title="bbox 152 3439 1737 3512">
     <span class='ocr_line' id='line_1_34' title="bbox 152 3439 1737 3512; baseline -0.003 -14"><span class='ocrx_word' id='word_1_220' title='bbox 152 3441 309 3498; x_wconf 82' lang='lat' dir='ltr'><strong>riam</strong></span> <span class='ocrx_word' id='word_1_221' title='bbox 328 3458 621 3512; x_wconf 58' lang='lat' dir='ltr'><strong>yersonam,</strong></span> <span class='ocrx_word' id='word_1_222' title='bbox 666 3441 752 3498; x_wconf 90' lang='lat' dir='ltr'><strong>vel</strong></span> <span class='ocrx_word' id='word_1_223' title='bbox 798 3441 1013 3498; x_wconf 82' lang='lat' dir='ltr'><strong>litteras</strong></span> <span class='ocrx_word' id='word_1_224' title='bbox 1055 3441 1139 3496; x_wconf 92' lang='lat' dir='ltr'><strong>sui</strong></span> <span class='ocrx_word' id='word_1_225' title='bbox 1188 3455 1492 3495; x_wconf 89' lang='lat' dir='ltr'><strong>consensus</strong></span> <span class='ocrx_word' id='word_1_226' title='bbox 1534 3439 1604 3494; x_wconf 88' lang='lat' dir='ltr'><strong>ad</strong></span> <span class='ocrx_word' id='word_1_227' title='bbox 1629 3455 1737 3506; x_wconf 92' lang='lat' dir='ltr'><strong>me,</strong></span> 
     </span>
    </p>
   </div>
   <div class='ocr_carea' id='block_1_35' title="bbox 149 3531 1739 3606">
    <p class='ocr_par' dir='ltr' id='par_1_35' title="bbox 149 3531 1739 3606">
     <span class='ocr_line' id='line_1_35' title="bbox 149 3531 1739 3606; baseline 0.001 -18"><span class='ocrx_word' id='word_1_228' title='bbox 149 3532 308 3588; x_wconf 89' lang='lat' dir='ltr'><strong>sicut</strong></span> <span class='ocrx_word' id='word_1_229' title='bbox 338 3534 635 3605; x_wconf 70' lang='lat' dir='ltr'><strong>raecipiunt</strong></span> <span class='ocrx_word' id='word_1_230' title='bbox 658 3533 859 3606; x_wconf 70' lang='lat' dir='ltr'><strong>regula:</strong></span> <span class='ocrx_word' id='word_1_231' title='bbox 889 3549 1091 3599; x_wconf 64' lang='lat' dir='ltr'><strong>sacrae,</strong></span> <span class='ocrx_word' id='word_1_232' title='bbox 1125 3532 1346 3588; x_wconf 81' lang='lat' dir='ltr'><strong>direxit.</strong></span> <span class='ocrx_word' id='word_1_233' title='bbox 1384 3531 1502 3600; x_wconf 84' lang='lat' dir='ltr'><strong>Qua</strong></span> <span class='ocrx_word' id='word_1_234' title='bbox 1549 3532 1616 3588; x_wconf 92' lang='lat' dir='ltr'><strong>de</strong></span> <span class='ocrx_word' id='word_1_235' title='bbox 1657 3546 1739 3601; x_wconf 90' lang='lat' dir='ltr'><strong>re,</strong></span> 
     </span>
    </p>
   </div>
   <div class='ocr_carea' id='block_1_36' title="bbox 147 3627 1742 3687">
    <p class='ocr_par' dir='ltr' id='par_1_36' title="bbox 147 3627 1742 3687">
     <span class='ocr_line' id='line_1_36' title="bbox 147 3627 1742 3687; baseline 0.001 -4"><span class='ocrx_word' id='word_1_236' title='bbox 147 3627 418 3687; x_wconf 85' lang='lat' dir='ltr'><strong>ordinaio</strong></span> <span class='ocrx_word' id='word_1_237' title='bbox 442 3630 602 3687; x_wconf 90' lang='lat' dir='ltr'><strong>electi</strong></span> <span class='ocrx_word' id='word_1_238' title='bbox 634 3630 737 3686; x_wconf 91' lang='lat' dir='ltr'><strong>fuit</strong></span> <span class='ocrx_word' id='word_1_239' title='bbox 766 3630 952 3686; x_wconf 88' lang='lat' dir='ltr'><strong>dilata.</strong></span> <span class='ocrx_word' id='word_1_240' title='bbox 988 3627 1145 3687; x_wconf 90' lang='lat' dir='ltr'><strong>Unde</strong></span> <span class='ocrx_word' id='word_1_241' title='bbox 1190 3630 1390 3686; x_wconf 89' lang='lat' dir='ltr'><strong>iterum</strong></span> <span class='ocrx_word' id='word_1_242' title='bbox 1438 3630 1742 3686; x_wconf 90' lang='lat' dir='ltr'><strong>istiusmodi</strong></span> 
     </span>
    </p>
   </div>
   <div class='ocr_carea' id='block_1_37' title="bbox 148 3718 1738 3777">
    <p class='ocr_par' dir='ltr' id='par_1_37' title="bbox 148 3718 1738 3777">
     <span class='ocr_line' id='line_1_37' title="bbox 148 3718 1738 3777; baseline 0 -3"><span class='ocrx_word' id='word_1_243' title='bbox 148 3718 451 3777; x_wconf 68' lang='lat' dir='ltr'><strong>litterasad</strong></span> <span class='ocrx_word' id='word_1_244' title='bbox 479 3720 764 3777; x_wconf 88' lang='lat' dir='ltr'><strong>ecclesiam</strong></span> <span class='ocrx_word' id='word_1_245' title='bbox 795 3735 950 3776; x_wconf 90' lang='lat' dir='ltr'><strong>suam</strong></span> <span class='ocrx_word' id='word_1_246' title='bbox 978 3736 1047 3776; x_wconf 88' lang='lat' dir='ltr'><strong>ex</strong></span> <span class='ocrx_word' id='word_1_247' title='bbox 1075 3735 1229 3777; x_wconf 90' lang='lat' dir='ltr'><strong>more</strong></span> <span class='ocrx_word' id='word_1_248' title='bbox 1256 3721 1433 3775; x_wconf 79' lang='lat' dir='ltr'><strong>direxi</strong></span> <span class='ocrx_word' id='word_1_249' title='bbox 1469 3738 1481 3773; x_wconf 92' lang='lat'><strong>:</strong></span> <span class='ocrx_word' id='word_1_250' title='bbox 1520 3738 1539 3772; x_wconf 77' lang='grc' dir='ltr'><strong>ι</strong></span> <span class='ocrx_word' id='word_1_251' title='bbox 1576 3719 1738 3774; x_wconf 84' lang='lat' dir='ltr'><strong>Ilinc-</strong></span> 
     </span>
    </p>
   </div>
   <div class='ocr_carea' id='block_1_38' title="bbox 143 3807 1743 3882">
    <p class='ocr_par' dir='ltr' id='par_1_38' title="bbox 143 3807 1743 3882">
     <span class='ocr_line' id='line_1_38' title="bbox 143 3807 1743 3882; baseline -0.001 -14"><span class='ocrx_word' id='word_1_252' title='bbox 143 3822 361 3868; x_wconf 75' lang='lat' dir='ltr'><strong>martis</strong></span> <span class='ocrx_word' id='word_1_253' title='bbox 392 3807 699 3866; x_wconf 86' lang='lat' dir='ltr'><strong>Ihemorum</strong></span> <span class='ocrx_word' id='word_1_254' title='bbox 729 3814 1018 3882; x_wconf 89' lang='lat' dir='ltr'><strong>episcopus</strong></span> <span class='ocrx_word' id='word_1_255' title='bbox 1044 3811 1242 3868; x_wconf 92' lang='lat' dir='ltr'><strong>dilecto</strong></span> <span class='ocrx_word' id='word_1_256' title='bbox 1271 3811 1427 3866; x_wconf 81' lang='lat' dir='ltr'><strong>fratri</strong></span> <span class='ocrx_word' id='word_1_257' title='bbox 1452 3810 1743 3867; x_wconf 84' lang='lat' dir='ltr'><strong>Hincmaro</strong></span> 
     </span>
    </p>
   </div>
   <div class='ocr_carea' id='block_1_39' title="bbox 143 3900 1743 3973">
    <p class='ocr_par' dir='ltr' id='par_1_39' title="bbox 143 3900 1743 3973">
     <span class='ocr_line' id='line_1_39' title="bbox 143 3900 1743 3973; baseline -0.001 -16"><span class='ocrx_word' id='word_1_258' title='bbox 143 3910 213 3957; x_wconf 84' lang='lat' dir='ltr'><strong>et</strong></span> <span class='ocrx_word' id='word_1_259' title='bbox 244 3900 527 3956; x_wconf 75' lang='lat' dir='ltr'><strong>venerbili</strong></span> <span class='ocrx_word' id='word_1_260' title='bbox 558 3903 881 3973; x_wconf 85' lang='lat' dir='ltr'><strong>coepiscopo</strong></span> <span class='ocrx_word' id='word_1_261' title='bbox 910 3910 1126 3971; x_wconf 91' lang='lat' dir='ltr'><strong>nostro,</strong></span> <span class='ocrx_word' id='word_1_262' title='bbox 1156 3902 1410 3958; x_wconf 89' lang='lat' dir='ltr'><strong>salutem.</strong></span> <span class='ocrx_word' id='word_1_263' title='bbox 1446 3900 1599 3958; x_wconf 90' lang='lat' dir='ltr'><strong>Sicut</strong></span> <span class='ocrx_word' id='word_1_264' title='bbox 1627 3901 1743 3971; x_wconf 87' lang='lat' dir='ltr'><strong>jam</strong></span> 
     </span>
    </p>
   </div>
   <div class='ocr_carea' id='block_1_40' title="bbox 150 3990 1742 4061">
    <p class='ocr_par' dir='ltr' id='par_1_40' title="bbox 150 3990 1742 4061">
     <span class='ocr_line' id='line_1_40' title="bbox 150 3990 1742 4061; baseline 0.001 -12"><span class='ocrx_word' id='word_1_265' title='bbox 150 3992 341 4049; x_wconf 86' lang='lat' dir='ltr'><strong>altera</strong></span> <span class='ocrx_word' id='word_1_266' title='bbox 371 3990 468 4050; x_wconf 79' lang='lat' dir='ltr'><strong>vie</strong></span> <span class='ocrx_word' id='word_1_267' title='bbox 489 3994 685 4052; x_wconf 89' lang='lat' dir='ltr'><strong>litteris</strong></span> <span class='ocrx_word' id='word_1_268' title='bbox 706 3995 983 4052; x_wconf 91' lang='lat' dir='ltr'><strong>dilectioni</strong></span> <span class='ocrx_word' id='word_1_269' title='bbox 1023 4004 1130 4052; x_wconf 88' lang='lat' dir='ltr'><strong>tuae</strong></span> <span class='ocrx_word' id='word_1_270' title='bbox 1160 3995 1432 4061; x_wconf 87' lang='lat' dir='ltr'><strong>mandavi,</strong></span> <span class='ocrx_word' id='word_1_271' title='bbox 1461 3995 1639 4052; x_wconf 91' lang='lat' dir='ltr'><strong>clerus</strong></span> <span class='ocrx_word' id='word_1_272' title='bbox 1678 4010 1742 4051; x_wconf 88' lang='lat' dir='ltr'><strong>ac</strong></span> 
     </span>
    </p>
   </div>
   <div class='ocr_carea' id='block_1_41' title="bbox 151 4079 1742 4155">
    <p class='ocr_par' dir='ltr' id='par_1_41' title="bbox 151 4079 1742 4155">
     <span class='ocr_line' id='line_1_41' title="bbox 151 4079 1742 4155; baseline 0.003 -17"><span class='ocrx_word' id='word_1_273' title='bbox 151 4081 325 4155; x_wconf 86' lang='lat' dir='ltr'><strong>plebs</strong></span> <span class='ocrx_word' id='word_1_274' title='bbox 348 4079 738 4143; x_wconf 83' lang='lat' dir='ltr'><strong>Caueracensis</strong></span> <span class='ocrx_word' id='word_1_275' title='bbox 763 4088 1010 4144; x_wconf 89' lang='lat' dir='ltr'><strong>ecclesiae</strong></span> <span class='ocrx_word' id='word_1_276' title='bbox 1035 4104 1161 4144; x_wconf 91' lang='lat' dir='ltr'><strong>cum</strong></span> <span class='ocrx_word' id='word_1_277' title='bbox 1209 4081 1439 4144; x_wconf 80' lang='lat' dir='ltr'><strong>decreto</strong></span> <span class='ocrx_word' id='word_1_278' title='bbox 1477 4087 1742 4144; x_wconf 89' lang='lat' dir='ltr'><strong>canonico</strong></span> 
     </span>
    </p>
   </div>
   <div class='ocr_carea' id='block_1_42' title="bbox 151 4176 1741 4253">
    <p class='ocr_par' dir='ltr' id='par_1_42' title="bbox 151 4176 1741 4253">
     <span class='ocr_line' id='line_1_42' title="bbox 151 4176 1741 4253; baseline 0.006 -27"><span class='ocrx_word' id='word_1_279' title='bbox 151 4176 443 4247; x_wconf 82' lang='lat' dir='ltr'><strong>petierunt</strong></span> <span class='ocrx_word' id='word_1_280' title='bbox 473 4178 553 4235; x_wconf 84' lang='lat' dir='ltr'><strong>ibi</strong></span> <span class='ocrx_word' id='word_1_281' title='bbox 584 4180 825 4236; x_wconf 88' lang='lat' dir='ltr'><strong>ordinari</strong></span> <span class='ocrx_word' id='word_1_282' title='bbox 854 4181 1168 4252; x_wconf 90' lang='lat' dir='ltr'><strong>episcopum</strong></span> <span class='ocrx_word' id='word_1_283' title='bbox 1204 4179 1468 4236; x_wconf 87' lang='lat' dir='ltr'><strong>Joannem</strong></span> <span class='ocrx_word' id='word_1_284' title='bbox 1515 4180 1741 4253; x_wconf 88' lang='lat' dir='ltr'><strong>presby-</strong></span> 
     </span>
    </p>
   </div>
   <div class='ocr_carea' id='block_1_43' title="bbox 152 4266 1741 4343">
    <p class='ocr_par' dir='ltr' id='par_1_43' title="bbox 152 4266 1741 4343">
     <span class='ocr_line' id='line_1_43' title="bbox 152 4266 1741 4343; baseline -0.002 -12"><span class='ocrx_word' id='word_1_285' title='bbox 152 4266 544 4332; x_wconf 64' lang='grc' dir='ltr'>ιενιιωννίιιιιη</span> <span class='ocrx_word' id='word_1_286' title='bbox 610 4273 738 4329; x_wconf 90' lang='lat' dir='ltr'><strong>boni</strong></span> <span class='ocrx_word' id='word_1_287' title='bbox 781 4274 1072 4330; x_wconf 83' lang='lat' dir='ltr'><strong>testimonii</strong></span> <span class='ocrx_word' id='word_1_288' title='bbox 1112 4288 1132 4327; x_wconf 89' lang='lat'><strong><em>:</em></strong></span> <span class='ocrx_word' id='word_1_289' title='bbox 1168 4274 1237 4329; x_wconf 90' lang='lat' dir='ltr'><strong>ad</strong></span> <span class='ocrx_word' id='word_1_290' title='bbox 1281 4271 1400 4343; x_wconf 89' lang='lat' dir='ltr'><strong>ejus</strong></span> <span class='ocrx_word' id='word_1_291' title='bbox 1444 4274 1741 4331; x_wconf 82' lang='lat' dir='ltr'><strong>ordinatio-</strong></span> 
     </span>
    </p>
   </div>
   <div class='ocr_carea' id='block_1_44' title="bbox 149 4359 1739 4422">
    <p class='ocr_par' dir='ltr' id='par_1_44' title="bbox 149 4359 1739 4422">
     <span class='ocr_line' id='line_1_44' title="bbox 149 4359 1739 4422; baseline 0.004 -7"><span class='ocrx_word' id='word_1_292' title='bbox 149 4369 293 4415; x_wconf 87' lang='lat' dir='ltr'><strong>nem</strong></span> <span class='ocrx_word' id='word_1_293' title='bbox 323 4359 484 4414; x_wconf 90' lang='lat' dir='ltr'><strong>nonis</strong></span> <span class='ocrx_word' id='word_1_294' title='bbox 511 4364 617 4420; x_wconf 80' lang='lat' dir='ltr'><strong>ulii</strong></span> <span class='ocrx_word' id='word_1_295' title='bbox 652 4365 1005 4422; x_wconf 89' lang='lat' dir='ltr'><strong>convenimus</strong></span> <span class='ocrx_word' id='word_1_296' title='bbox 1046 4379 1210 4422; x_wconf 89' lang='lat' dir='ltr'><strong>secus</strong></span> <span class='ocrx_word' id='word_1_297' title='bbox 1258 4363 1569 4421; x_wconf 88' lang='lat' dir='ltr'><strong>Belvacum.</strong></span> <span class='ocrx_word' id='word_1_298' title='bbox 1631 4363 1739 4421; x_wconf 87' lang='lat' dir='ltr'><strong>Sed</strong></span> 
     </span>
    </p>
   </div>
   <div class='ocr_carea' id='block_1_45' title="bbox 145 4449 1740 4529">
    <p class='ocr_par' dir='ltr' id='par_1_45' title="bbox 145 4449 1740 4529">
     <span class='ocr_line' id='line_1_45' title="bbox 145 4449 1740 4529; baseline 0.007 -26"><span class='ocrx_word' id='word_1_299' title='bbox 145 4450 293 4520; x_wconf 86' lang='lat' dir='ltr'><strong>quia</strong></span> <span class='ocrx_word' id='word_1_300' title='bbox 329 4458 416 4504; x_wconf 92' lang='lat' dir='ltr'><strong>tua</strong></span> <span class='ocrx_word' id='word_1_301' title='bbox 442 4449 738 4513; x_wconf 66' lang='lat' dir='ltr'><strong>fraternitas</strong></span> <span class='ocrx_word' id='word_1_302' title='bbox 769 4458 899 4514; x_wconf 91' lang='lat' dir='ltr'><strong>illuc</strong></span> <span class='ocrx_word' id='word_1_303' title='bbox 925 4474 1032 4514; x_wconf 89' lang='lat' dir='ltr'><strong>non</strong></span> <span class='ocrx_word' id='word_1_304' title='bbox 1066 4457 1336 4523; x_wconf 90' lang='lat' dir='ltr'><strong>convenit,</strong></span> <span class='ocrx_word' id='word_1_305' title='bbox 1390 4474 1493 4515; x_wconf 92' lang='lat' dir='ltr'><strong>nec</strong></span> <span class='ocrx_word' id='word_1_306' title='bbox 1537 4474 1637 4529; x_wconf 90' lang='lat' dir='ltr'><strong>pro</strong></span> <span class='ocrx_word' id='word_1_307' title='bbox 1681 4474 1740 4514; x_wconf 90' lang='lat' dir='ltr'><strong>se</strong></span> 
     </span>
    </p>
   </div>
   <div class='ocr_carea' id='block_1_46' title="bbox 963 354 2676 423">
    <p class='ocr_par' dir='ltr' id='par_1_46' title="bbox 963 354 2676 423">
     <span class='ocr_line' id='line_1_46' title="bbox 963 354 2676 423; baseline -0.005 0"><span class='ocrx_word' id='word_1_308' title='bbox 963 361 1205 423; x_wconf 84' lang='lat' dir='ltr'><strong>OPUSC.</strong></span> <span class='ocrx_word' id='word_1_309' title='bbox 1246 361 1336 418; x_wconf 80' lang='lat' dir='ltr'><strong>ET</strong></span> <span class='ocrx_word' id='word_1_310' title='bbox 1373 358 1591 417; x_wconf 84' lang='lat' dir='ltr'><strong>EPIST.</strong></span> <span class='ocrx_word' id='word_1_311' title='bbox 1630 355 1699 414; x_wconf 84' lang='lat' dir='ltr'><strong>IN</strong></span> <span class='ocrx_word' id='word_1_312' title='bbox 1735 355 1959 414; x_wconf 82' lang='lat' dir='ltr'><strong>CAUSA</strong></span> <span class='ocrx_word' id='word_1_313' title='bbox 2005 358 2334 417; x_wconf 82' lang='lat' dir='ltr'><strong>HINCMARI</strong></span> <span class='ocrx_word' id='word_1_314' title='bbox 2370 354 2676 416; x_wconf 79' lang='lat' dir='ltr'><strong>LAUDUN.</strong></span> 
     </span>
    </p>
   </div>
   <div class='ocr_carea' id='block_1_47' title="bbox 1784 470 3444 545">
    <p class='ocr_par' dir='ltr' id='par_1_47' title="bbox 1784 470 3444 545">
     <span class='ocr_line' id='line_1_47' title="bbox 1784 470 3444 545; baseline -0.002 -12"><span class='ocrx_word' id='word_1_315' title='bbox 1784 470 1839 533; x_wconf 81' lang='grc' dir='ltr'><strong>Δ</strong></span> <span class='ocrx_word' id='word_1_316' title='bbox 1863 472 2138 529; x_wconf 81' lang='lat' dir='ltr'><strong>tentiones</strong></span> <span class='ocrx_word' id='word_1_317' title='bbox 2165 473 2416 545; x_wconf 88' lang='lat' dir='ltr'><strong>proprias</strong></span> <span class='ocrx_word' id='word_1_318' title='bbox 2441 471 2820 530; x_wconf 85' lang='lat' dir='ltr'><strong>contradicant</strong></span> <span class='ocrx_word' id='word_1_319' title='bbox 2839 512 2852 537; x_wconf 93' lang='lat'><strong>,</strong></span> <span class='ocrx_word' id='word_1_320' title='bbox 2895 470 3139 527; x_wconf 84' lang='lat' dir='ltr'><strong>obtineat</strong></span> <span class='ocrx_word' id='word_1_321' title='bbox 3180 473 3444 530; x_wconf 80' lang='lat' dir='ltr'><strong>sententia</strong></span> 
     </span>
    </p>
   </div>
   <div class='ocr_carea' id='block_1_48' title="bbox 3343 356 3448 414">
    <p class='ocr_par' dir='ltr' id='par_1_48' title="bbox 3343 356 3448 414">
     <span class='ocr_line' id='line_1_48' title="bbox 3343 356 3448 414; baseline 0.029 -3"><span class='ocrx_word' id='word_1_322' title='bbox 3343 356 3448 414; x_wconf 79' lang='lat'><strong>570</strong></span> 
     </span>
    </p>
   </div>
   <div class='ocr_carea' id='block_1_49' title="bbox 1862 562 3445 634">
    <p class='ocr_par' dir='ltr' id='par_1_49' title="bbox 1862 562 3445 634">
     <span class='ocr_line' id='line_1_49' title="bbox 1862 562 3445 634; baseline 0.003 -16"><span class='ocrx_word' id='word_1_323' title='bbox 1862 562 2243 634; x_wconf 90' lang='lat' dir='ltr'><strong>plurimorum,</strong></span> <span class='ocrx_word' id='word_1_324' title='bbox 2267 565 2517 620; x_wconf 87' lang='lat' dir='ltr'><strong>eumdem</strong></span> <span class='ocrx_word' id='word_1_325' title='bbox 2544 563 2907 621; x_wconf 87' lang='lat' dir='ltr'><strong>venerabilem</strong></span> <span class='ocrx_word' id='word_1_326' title='bbox 2931 562 3153 620; x_wconf 84' lang='lat' dir='ltr'><strong>fratrem</strong></span> <span class='ocrx_word' id='word_1_327' title='bbox 3182 563 3445 622; x_wconf 80' lang='lat' dir='ltr'><strong>Joannem</strong></span> 
     </span>
    </p>
   </div>
   <div class='ocr_carea' id='block_1_50' title="bbox 1859 656 3445 728">
    <p class='ocr_par' dir='ltr' id='par_1_50' title="bbox 1859 656 3445 728">
     <span class='ocr_line' id='line_1_50' title="bbox 1859 656 3445 728; baseline 0.004 -16"><span class='ocrx_word' id='word_1_328' title='bbox 1859 656 2170 728; x_wconf 86' lang='lat' dir='ltr'><strong>episcopum</strong></span> <span class='ocrx_word' id='word_1_329' title='bbox 2199 658 2588 721; x_wconf 84' lang='lat' dir='ltr'><strong>ordinavimus.</strong></span> <span class='ocrx_word' id='word_1_330' title='bbox 2617 658 2694 714; x_wconf 90' lang='lat' dir='ltr'><strong>De</strong></span> <span class='ocrx_word' id='word_1_331' title='bbox 2718 665 3026 728; x_wconf 88' lang='lat' dir='ltr'><strong>contemptu</strong></span> <span class='ocrx_word' id='word_1_332' title='bbox 3050 667 3227 714; x_wconf 89' lang='lat' dir='ltr'><strong>autem</strong></span> <span class='ocrx_word' id='word_1_333' title='bbox 3260 657 3445 718; x_wconf 83' lang='lat' dir='ltr'><strong>fratris</strong></span> 
     </span>
    </p>
   </div>
   <div class='ocr_carea' id='block_1_51' title="bbox 1808 747 3444 833">
    <p class='ocr_par' dir='ltr' id='par_1_51' title="bbox 1808 747 3444 833">
     <span class='ocr_line' id='line_1_51' title="bbox 1808 747 3444 833; baseline 0.003 -31"><span class='ocrx_word' id='word_1_334' title='bbox 1808 780 1811 781; x_wconf 52' lang='grc' dir='ltr'><em>ν</em></span> <span class='ocrx_word' id='word_1_335' title='bbox 1859 747 2163 813; x_wconf 83' lang='lat' dir='ltr'><strong>Hincmari,</strong></span> <span class='ocrx_word' id='word_1_336' title='bbox 2192 757 2255 803; x_wconf 89' lang='lat' dir='ltr'><strong>ut</strong></span> <span class='ocrx_word' id='word_1_337' title='bbox 2283 750 2350 804; x_wconf 88' lang='lat' dir='ltr'><strong>ad</strong></span> <span class='ocrx_word' id='word_1_338' title='bbox 2380 750 2740 805; x_wconf 89' lang='lat' dir='ltr'><strong>ordinandum</strong></span> <span class='ocrx_word' id='word_1_339' title='bbox 2771 751 3150 822; x_wconf 89' lang='lat' dir='ltr'><strong>coepiscopum</strong></span> <span class='ocrx_word' id='word_1_340' title='bbox 3198 762 3444 833; x_wconf 76' lang='lat' dir='ltr'><strong>nostrum</strong></span> 
     </span>
    </p>
   </div>
   <div class='ocr_carea' id='block_1_52' title="bbox 1858 840 3444 907">
    <p class='ocr_par' dir='ltr' id='par_1_52' title="bbox 1858 840 3444 907">
     <span class='ocr_line' id='line_1_52' title="bbox 1858 840 3444 907; baseline 0.004 -11"><span class='ocrx_word' id='word_1_341' title='bbox 1858 840 2194 907; x_wconf 86' lang='lat' dir='ltr'><strong>conveniret,</strong></span> <span class='ocrx_word' id='word_1_342' title='bbox 2227 851 2283 896; x_wconf 92' lang='lat' dir='ltr'><strong>et</strong></span> <span class='ocrx_word' id='word_1_343' title='bbox 2316 842 2553 897; x_wconf 90' lang='lat' dir='ltr'><strong>secundo</strong></span> <span class='ocrx_word' id='word_1_344' title='bbox 2604 842 2802 899; x_wconf 89' lang='lat' dir='ltr'><strong>litteris</strong></span> <span class='ocrx_word' id='word_1_345' title='bbox 2849 844 3210 900; x_wconf 89' lang='lat' dir='ltr'><strong>commonitus</strong></span> <span class='ocrx_word' id='word_1_346' title='bbox 3254 845 3444 902; x_wconf 87' lang='lat' dir='ltr'><strong>venire</strong></span> 
     </span>
    </p>
   </div>
   <div class='ocr_carea' id='block_1_53' title="bbox 1857 936 3441 1011">
    <p class='ocr_par' dir='ltr' id='par_1_53' title="bbox 1857 936 3441 1011">
     <span class='ocr_line' id='line_1_53' title="bbox 1857 936 3441 1011; baseline 0.002 -18"><span class='ocrx_word' id='word_1_347' title='bbox 1857 938 2198 1009; x_wconf 88' lang='lat' dir='ltr'><strong>contempsit,</strong></span> <span class='ocrx_word' id='word_1_348' title='bbox 2228 936 2585 1010; x_wconf 83' lang='lat' dir='ltr'><strong>Symmachus</strong></span> <span class='ocrx_word' id='word_1_349' title='bbox 2624 956 2761 1011; x_wconf 86' lang='lat' dir='ltr'><strong>papa</strong></span> <span class='ocrx_word' id='word_1_350' title='bbox 2811 940 2879 995; x_wconf 92' lang='lat' dir='ltr'><strong>ad</strong></span> <span class='ocrx_word' id='word_1_351' title='bbox 2925 940 3183 996; x_wconf 66' lang='lat' dir='ltr'><strong>Eonium</strong></span> <span class='ocrx_word' id='word_1_352' title='bbox 3246 941 3321 997; x_wconf 88' lang='lat' dir='ltr'><strong>ita</strong></span> <span class='ocrx_word' id='word_1_353' title='bbox 3373 957 3441 996; x_wconf 81' lang='lat' dir='ltr'><strong>ex</strong></span> 
     </span>
    </p>
   </div>
   <div class='ocr_carea' id='block_1_54' title="bbox 1856 1028 3438 1104">
    <p class='ocr_par' dir='ltr' id='par_1_54' title="bbox 1856 1028 3438 1104">
     <span class='ocr_line' id='line_1_54' title="bbox 1856 1028 3438 1104; baseline 0.001 -18"><span class='ocrx_word' id='word_1_354' title='bbox 1856 1030 2028 1086; x_wconf 87' lang='lat' dir='ltr'><strong>sacris</strong></span> <span class='ocrx_word' id='word_1_355' title='bbox 2053 1028 2254 1101; x_wconf 82' lang='lat' dir='ltr'><strong>regulis</strong></span> <span class='ocrx_word' id='word_1_356' title='bbox 2282 1030 2641 1100; x_wconf 90' lang='lat' dir='ltr'><strong>promulgavit</strong></span> <span class='ocrx_word' id='word_1_357' title='bbox 2685 1033 2855 1104; x_wconf 86' lang='lat' dir='ltr'><strong>(epist.</strong></span> <span class='ocrx_word' id='word_1_358' title='bbox 2882 1033 2971 1100; x_wconf 88' lang='lat' dir='ltr'><strong>l0,</strong></span> <span class='ocrx_word' id='word_1_359' title='bbox 3013 1033 3082 1088; x_wconf 86' lang='lat' dir='ltr'><strong>ad</strong></span> <span class='ocrx_word' id='word_1_360' title='bbox 3123 1033 3438 1099; x_wconf 60' lang='lat' dir='ltr'><strong>Camurium,</strong></span> 
     </span>
    </p>
   </div>
   <div class='ocr_carea' id='block_1_55' title="bbox 1857 1108 3442 1199">
    <p class='ocr_par' dir='ltr' id='par_1_55' title="bbox 1857 1108 3442 1199">
     <span class='ocr_line' id='line_1_55' title="bbox 1857 1108 3442 1199; baseline 0.004 -20"><span class='ocrx_word' id='word_1_361' title='bbox 1857 1140 1963 1179; x_wconf 92' lang='lat' dir='ltr'><strong>non</strong></span> <span class='ocrx_word' id='word_1_362' title='bbox 1995 1125 2062 1179; x_wconf 90' lang='lat' dir='ltr'><strong>ad</strong></span> <span class='ocrx_word' id='word_1_363' title='bbox 2093 1123 2375 1196; x_wconf 68' lang='lat' dir='ltr'><strong>Aionium)</strong></span> <span class='ocrx_word' id='word_1_364' title='bbox 2409 1143 2421 1178; x_wconf 92' lang='lat'>:</span> <span class='ocrx_word' id='word_1_365' title='bbox 2458 1145 2478 1177; x_wconf 85' lang='grc'><strong><em>‹</em></strong></span> <span class='ocrx_word' id='word_1_366' title='bbox 2512 1124 2583 1181; x_wconf 88' lang='lat' dir='ltr'><strong>Ut</strong></span> <span class='ocrx_word' id='word_1_367' title='bbox 2613 1127 2658 1181; x_wconf 91' lang='lat' dir='ltr'><strong>si</strong></span> <span class='ocrx_word' id='word_1_368' title='bbox 2681 1126 2906 1196; x_wconf 88' lang='lat' dir='ltr'><strong>quilibet</strong></span> <span class='ocrx_word' id='word_1_369' title='bbox 2930 1108 3214 1199; x_wconf 88' lang='lat' dir='ltr'><strong>episc0pus</strong></span> <span class='ocrx_word' id='word_1_370' title='bbox 3240 1136 3442 1185; x_wconf 84' lang='lat' dir='ltr'><strong>metro-</strong></span> 
     </span>
    </p>
   </div>
   <div class='ocr_carea' id='block_1_56' title="bbox 1812 1217 3439 1289">
    <p class='ocr_par' dir='ltr' id='par_1_56' title="bbox 1812 1217 3439 1289">
     <span class='ocr_line' id='line_1_56' title="bbox 1812 1217 3439 1289; baseline 0.004 -18"><span class='ocrx_word' id='word_1_371' title='bbox 1812 1234 1815 1237; x_wconf 93' lang='grc'><strong>·</strong></span> <span class='ocrx_word' id='word_1_372' title='bbox 1855 1217 2095 1288; x_wconf 90' lang='lat' dir='ltr'><strong>politano</strong></span> <span class='ocrx_word' id='word_1_373' title='bbox 2121 1218 2362 1288; x_wconf 84' lang='lat' dir='ltr'><strong>pontifici</strong></span> <span class='ocrx_word' id='word_1_374' title='bbox 2392 1217 2548 1289; x_wconf 80' lang='lat' dir='ltr'><strong>juxta</strong></span> <span class='ocrx_word' id='word_1_375' title='bbox 2583 1221 2901 1277; x_wconf 84' lang='lat' dir='ltr'><strong>canonicam</strong></span> <span class='ocrx_word' id='word_1_376' title='bbox 2936 1220 3308 1277; x_wconf 78' lang='lat' dir='ltr'><strong>difiinitiouem</strong></span> <span class='ocrx_word' id='word_1_377' title='bbox 3338 1237 3439 1277; x_wconf 88' lang='lat' dir='ltr'><strong>vo-</strong></span> 
     </span>
    </p>
   </div>
   <div class='ocr_carea' id='block_1_57' title="bbox 1854 1311 3435 1381">
    <p class='ocr_par' dir='ltr' id='par_1_57' title="bbox 1854 1311 3435 1381">
     <span class='ocr_line' id='line_1_57' title="bbox 1854 1311 3435 1381; baseline 0.003 -14"><span class='ocrx_word' id='word_1_378' title='bbox 1854 1319 2010 1367; x_wconf 90' lang='lat' dir='ltr'><strong>catus</strong></span> <span class='ocrx_word' id='word_1_379' title='bbox 2034 1311 2413 1381; x_wconf 88' lang='lat' dir='ltr'><strong>obtemperare</strong></span> <span class='ocrx_word' id='word_1_380' title='bbox 2441 1311 2693 1376; x_wconf 90' lang='lat' dir='ltr'><strong>noluerit,</strong></span> <span class='ocrx_word' id='word_1_381' title='bbox 2713 1314 2925 1369; x_wconf 90' lang='lat' dir='ltr'><strong>noverit</strong></span> <span class='ocrx_word' id='word_1_382' title='bbox 2953 1315 3332 1370; x_wconf 88' lang='lat' dir='ltr'><strong>succidendum</strong></span> <span class='ocrx_word' id='word_1_383' title='bbox 3356 1328 3435 1381; x_wconf 89' lang='lat' dir='ltr'><strong>se,</strong></span> 
     </span>
    </p>
   </div>
   <div class='ocr_carea' id='block_1_58' title="bbox 1854 1405 3438 1479">
    <p class='ocr_par' dir='ltr' id='par_1_58' title="bbox 1854 1405 3438 1479">
     <span class='ocr_line' id='line_1_58' title="bbox 1854 1405 3438 1479; baseline 0.004 -21"><span class='ocrx_word' id='word_1_384' title='bbox 1854 1405 1998 1476; x_wconf 90' lang='lat' dir='ltr'><strong>quod</strong></span> <span class='ocrx_word' id='word_1_385' title='bbox 2028 1419 2137 1460; x_wconf 90' lang='lat' dir='ltr'><strong>non</strong></span> <span class='ocrx_word' id='word_1_386' title='bbox 2168 1413 2443 1475; x_wconf 89' lang='lat' dir='ltr'><strong>optamus,</strong></span> <span class='ocrx_word' id='word_1_387' title='bbox 2469 1407 2841 1464; x_wconf 85' lang='lat' dir='ltr'><strong>ecclesiastica</strong></span> <span class='ocrx_word' id='word_1_388' title='bbox 2896 1411 3199 1479; x_wconf 87' lang='lat' dir='ltr'><strong>disciplina.</strong></span> <span class='ocrx_word' id='word_1_389' title='bbox 3261 1431 3279 1463; x_wconf 72' lang='grc' dir='ltr'><strong>ι</strong></span> <span class='ocrx_word' id='word_1_390' title='bbox 3330 1408 3438 1465; x_wconf 89' lang='lat' dir='ltr'><strong>Sed</strong></span> 
     </span>
    </p>
   </div>
   <div class='ocr_carea' id='block_1_59' title="bbox 1855 1495 3440 1569">
    <p class='ocr_par' dir='ltr' id='par_1_59' title="bbox 1855 1495 3440 1569">
     <span class='ocr_line' id='line_1_59' title="bbox 1855 1495 3440 1569; baseline 0.006 -18"><span class='ocrx_word' id='word_1_391' title='bbox 1855 1495 2052 1552; x_wconf 89' lang='lat' dir='ltr'><strong>dehinc</strong></span> <span class='ocrx_word' id='word_1_392' title='bbox 2081 1512 2112 1552; x_wconf 88' lang='lat' dir='ltr'><strong>a</strong></span> <span class='ocrx_word' id='word_1_393' title='bbox 2145 1512 2232 1553; x_wconf 87' lang='lat' dir='ltr'><strong>me</strong></span> <span class='ocrx_word' id='word_1_394' title='bbox 2257 1508 2577 1566; x_wconf 87' lang='lat' dir='ltr'><strong>conventus,</strong></span> <span class='ocrx_word' id='word_1_395' title='bbox 2603 1501 2808 1557; x_wconf 90' lang='lat' dir='ltr'><strong>nullam</strong></span> <span class='ocrx_word' id='word_1_396' title='bbox 2852 1502 3312 1569; x_wconf 82' lang='lat' dir='ltr'><strong>satisfactionem,</strong></span> <span class='ocrx_word' id='word_1_397' title='bbox 3336 1517 3440 1561; x_wconf 86' lang='lat' dir='ltr'><strong>nec</strong></span> 
     </span>
    </p>
   </div>
   <div class='ocr_carea' id='block_1_60' title="bbox 1851 1589 3441 1667">
    <p class='ocr_par' dir='ltr' id='par_1_60' title="bbox 1851 1589 3441 1667">
     <span class='ocr_line' id='line_1_60' title="bbox 1851 1589 3441 1667; baseline 0.006 -24"><span class='ocrx_word' id='word_1_398' title='bbox 1851 1590 2015 1644; x_wconf 90' lang='lat' dir='ltr'><strong>etiam</strong></span> <span class='ocrx_word' id='word_1_399' title='bbox 2046 1589 2250 1645; x_wconf 90' lang='lat' dir='ltr'><strong>humile</strong></span> <span class='ocrx_word' id='word_1_400' title='bbox 2276 1605 2614 1660; x_wconf 86' lang='lat' dir='ltr'><strong>responsum,</strong></span> <span class='ocrx_word' id='word_1_401' title='bbox 2636 1594 2766 1649; x_wconf 90' lang='lat' dir='ltr'><strong>mihi</strong></span> <span class='ocrx_word' id='word_1_402' title='bbox 2794 1609 2858 1651; x_wconf 85' lang='lat' dir='ltr'><strong>ac</strong></span> <span class='ocrx_word' id='word_1_403' title='bbox 2884 1596 3214 1667; x_wconf 77' lang='lat' dir='ltr'><strong>coepiSCOpis</strong></span> <span class='ocrx_word' id='word_1_404' title='bbox 3238 1595 3441 1654; x_wconf 86' lang='lat' dir='ltr'><strong>nostris</strong></span> 
     </span>
    </p>
   </div>
   <div class='ocr_carea' id='block_1_61' title="bbox 1853 1681 2109 1737">
    <p class='ocr_par' dir='ltr' id='par_1_61' title="bbox 1853 1681 2109 1737">
     <span class='ocr_line' id='line_1_61' title="bbox 1853 1681 2109 1737; baseline 0 -1"><span class='ocrx_word' id='word_1_405' title='bbox 1853 1681 2109 1737; x_wconf 83' lang='lat' dir='ltr'><strong>reddidit.</strong></span> 
     </span>
    </p>
   </div>
   <div class='ocr_carea' id='block_1_62' title="bbox 2459 1799 2816 1857">
    <p class='ocr_par' dir='ltr' id='par_1_62' title="bbox 2459 1799 2816 1857">
     <span class='ocr_line' id='line_1_62' title="bbox 2459 1799 2816 1857; baseline 0 -1"><span class='ocrx_word' id='word_1_406' title='bbox 2459 1799 2687 1857; x_wconf 84' lang='lat' dir='ltr'><strong>CAPUT</strong></span> <span class='ocrx_word' id='word_1_407' title='bbox 2726 1800 2816 1857; x_wconf 83' lang='lat' dir='ltr'><strong>IV.</strong></span> 
     </span>
    </p>
   </div>
   <div class='ocr_carea' id='block_1_63' title="bbox 1857 1888 3436 1963">
    <p class='ocr_par' dir='ltr' id='par_1_63' title="bbox 1857 1888 3436 1963">
     <span class='ocr_line' id='line_1_63' title="bbox 1857 1888 3436 1963; baseline 0.003 -19"><span class='ocrx_word' id='word_1_408' title='bbox 1857 1888 2013 1956; x_wconf 80' lang='lat' dir='ltr'><strong>Quod</strong></span> <span class='ocrx_word' id='word_1_409' title='bbox 2046 1908 2224 1963; x_wconf 80' lang='lat' dir='ltr'><strong>regem</strong></span> <span class='ocrx_word' id='word_1_410' title='bbox 2281 1892 2392 1946; x_wconf 87' lang='lat' dir='ltr'><strong>sine</strong></span> <span class='ocrx_word' id='word_1_411' title='bbox 2455 1894 2660 1947; x_wconf 82' lang='lat' dir='ltr'><strong>ratione</strong></span> <span class='ocrx_word' id='word_1_412' title='bbox 2712 1892 2792 1947; x_wconf 81' lang='lat' dir='ltr'><strong>vel</strong></span> <span class='ocrx_word' id='word_1_413' title='bbox 2844 1894 3145 1947; x_wconf 82' lang='lat' dir='ltr'><strong>necessitate</strong></span> <span class='ocrx_word' id='word_1_414' title='bbox 3197 1892 3436 1963; x_wconf 75' lang='lat' dir='ltr'><strong>o/fendit,</strong></span> 
     </span>
    </p>
   </div>
   <div class='ocr_carea' id='block_1_64' title="bbox 1924 1962 3438 2036">
    <p class='ocr_par' dir='ltr' id='par_1_64' title="bbox 1924 1962 3438 2036">
     <span class='ocr_line' id='line_1_64' title="bbox 1924 1962 3438 2036; baseline 0.001 -19"><span class='ocrx_word' id='word_1_415' title='bbox 1924 1972 1975 2017; x_wconf 91' lang='lat' dir='ltr'><strong>et</strong></span> <span class='ocrx_word' id='word_1_416' title='bbox 2000 1962 2229 2036; x_wconf 75' lang='lat' dir='ltr'><strong>aliorum</strong></span> <span class='ocrx_word' id='word_1_417' title='bbox 2275 1964 2634 2036; x_wconf 84' lang='lat' dir='ltr'><strong>episcoporum</strong></span> <span class='ocrx_word' id='word_1_418' title='bbox 2683 1965 3030 2036; x_wconf 83' lang='lat' dir='ltr'><strong>parochianos</strong></span> <span class='ocrx_word' id='word_1_419' title='bbox 3082 1962 3438 2020; x_wconf 74' lang='lat' dir='ltr'><strong>excommuni-</strong></span> 
     </span>
    </p>
   </div>
   <div class='ocr_carea' id='block_1_65' title="bbox 1923 2035 2077 2089">
    <p class='ocr_par' dir='ltr' id='par_1_65' title="bbox 1923 2035 2077 2089">
     <span class='ocr_line' id='line_1_65' title="bbox 1923 2035 2077 2089; baseline -0.006 0"><span class='ocrx_word' id='word_1_420' title='bbox 1923 2035 2077 2089; x_wconf 74' lang='lat' dir='ltr'><strong>cavit.</strong></span> 
     </span>
    </p>
   </div>
   <div class='ocr_carea' id='block_1_66' title="bbox 1923 2147 3442 2208">
    <p class='ocr_par' dir='ltr' id='par_1_66' title="bbox 1923 2147 3442 2208">
     <span class='ocr_line' id='line_1_66' title="bbox 1923 2147 3442 2208; baseline 0.002 -6"><span class='ocrx_word' id='word_1_421' title='bbox 1923 2147 2120 2205; x_wconf 87' lang='lat' dir='ltr'><strong>Postea</strong></span> <span class='ocrx_word' id='word_1_422' title='bbox 2151 2150 2446 2206; x_wconf 86' lang='lat' dir='ltr'><strong>intervenit</strong></span> <span class='ocrx_word' id='word_1_423' title='bbox 2486 2151 2755 2207; x_wconf 88' lang='lat' dir='ltr'><strong>diutinum</strong></span> <span class='ocrx_word' id='word_1_424' title='bbox 2785 2151 3097 2208; x_wconf 87' lang='lat' dir='ltr'><strong>scandalum</strong></span> <span class='ocrx_word' id='word_1_425' title='bbox 3127 2151 3270 2206; x_wconf 89' lang='lat' dir='ltr'><strong>inter</strong></span> <span class='ocrx_word' id='word_1_426' title='bbox 3289 2150 3442 2206; x_wconf 86' lang='lat' dir='ltr'><strong>dom-</strong></span> 
     </span>
    </p>
   </div>
   <div class='ocr_carea' id='block_1_67' title="bbox 1852 2243 3441 2314">
    <p class='ocr_par' dir='ltr' id='par_1_67' title="bbox 1852 2243 3441 2314">
     <span class='ocr_line' id='line_1_67' title="bbox 1852 2243 3441 2314; baseline 0.002 -18"><span class='ocrx_word' id='word_1_427' title='bbox 1852 2258 1982 2297; x_wconf 89' lang='lat' dir='ltr'><strong>nnm</strong></span> <span class='ocrx_word' id='word_1_428' title='bbox 2013 2258 2195 2313; x_wconf 82' lang='lat' dir='ltr'><strong>regem</strong></span> <span class='ocrx_word' id='word_1_429' title='bbox 2227 2252 2282 2299; x_wconf 91' lang='lat' dir='ltr'><strong>et</strong></span> <span class='ocrx_word' id='word_1_430' title='bbox 2311 2243 2454 2299; x_wconf 91' lang='lat' dir='ltr'><strong>illius</strong></span> <span class='ocrx_word' id='word_1_431' title='bbox 2483 2244 2818 2314; x_wconf 90' lang='lat' dir='ltr'><strong>pertinacem</strong></span> <span class='ocrx_word' id='word_1_432' title='bbox 2858 2245 3259 2300; x_wconf 88' lang='lat' dir='ltr'><strong>contumaciam</strong></span> <span class='ocrx_word' id='word_1_433' title='bbox 3303 2261 3319 2301; x_wconf 85' lang='lat'><strong>:</strong></span> <span class='ocrx_word' id='word_1_434' title='bbox 3370 2256 3441 2300; x_wconf 90' lang='lat' dir='ltr'><strong>eo</strong></span> 
     </span>
    </p>
   </div>
   <div class='ocr_carea' id='block_1_68' title="bbox 1849 2333 3435 2408">
    <p class='ocr_par' dir='ltr' id='par_1_68' title="bbox 1849 2333 3435 2408">
     <span class='ocr_line' id='line_1_68' title="bbox 1849 2333 3435 2408; baseline 0.003 -20"><span class='ocrx_word' id='word_1_435' title='bbox 1849 2333 1995 2406; x_wconf 91' lang='lat' dir='ltr'><strong>quod</strong></span> <span class='ocrx_word' id='word_1_436' title='bbox 2026 2335 2272 2391; x_wconf 88' lang='lat' dir='ltr'><strong>homines</strong></span> <span class='ocrx_word' id='word_1_437' title='bbox 2296 2335 2378 2390; x_wconf 89' lang='lat' dir='ltr'><strong>sui</strong></span> <span class='ocrx_word' id='word_1_438' title='bbox 2411 2335 2477 2391; x_wconf 88' lang='lat' dir='ltr'><strong>ad</strong></span> <span class='ocrx_word' id='word_1_439' title='bbox 2508 2336 2763 2391; x_wconf 90' lang='lat' dir='ltr'><strong>domuum</strong></span> <span class='ocrx_word' id='word_1_440' title='bbox 2790 2351 2973 2408; x_wconf 90' lang='lat' dir='ltr'><strong>regem</strong></span> <span class='ocrx_word' id='word_1_441' title='bbox 3016 2352 3076 2393; x_wconf 91' lang='lat' dir='ltr'><strong>se</strong></span> <span class='ocrx_word' id='word_1_442' title='bbox 3104 2336 3435 2393; x_wconf 84' lang='lat' dir='ltr'><strong>reclamave-</strong></span> 
     </span>
    </p>
   </div>
   <div class='ocr_carea' id='block_1_69' title="bbox 1850 2426 3434 2501">
    <p class='ocr_par' dir='ltr' id='par_1_69' title="bbox 1850 2426 3434 2501">
     <span class='ocr_line' id='line_1_69' title="bbox 1850 2426 3434 2501; baseline 0.002 -19"><span class='ocrx_word' id='word_1_443' title='bbox 1850 2435 1993 2490; x_wconf 91' lang='lat' dir='ltr'><strong>runt,</strong></span> <span class='ocrx_word' id='word_1_444' title='bbox 2028 2428 2154 2497; x_wconf 88' lang='lat' dir='ltr'><strong>quia</strong></span> <span class='ocrx_word' id='word_1_445' title='bbox 2180 2426 2441 2483; x_wconf 82' lang='lat' dir='ltr'><strong>beneﬁcia</strong></span> <span class='ocrx_word' id='word_1_446' title='bbox 2471 2442 2659 2483; x_wconf 89' lang='lat' dir='ltr'><strong>eorum</strong></span> <span class='ocrx_word' id='word_1_447' title='bbox 2684 2427 2753 2483; x_wconf 91' lang='lat' dir='ltr'><strong>ab</strong></span> <span class='ocrx_word' id='word_1_448' title='bbox 2772 2430 2851 2484; x_wconf 89' lang='lat' dir='ltr'><strong>eis</strong></span> <span class='ocrx_word' id='word_1_449' title='bbox 2884 2428 3082 2501; x_wconf 88' lang='lat' dir='ltr'><strong>injuste</strong></span> <span class='ocrx_word' id='word_1_450' title='bbox 3126 2429 3434 2486; x_wconf 89' lang='lat' dir='ltr'><strong>abstulerit.</strong></span> 
     </span>
    </p>
   </div>
   <div class='ocr_carea' id='block_1_70' title="bbox 1849 2517 3438 2588">
    <p class='ocr_par' dir='ltr' id='par_1_70' title="bbox 1849 2517 3438 2588">
     <span class='ocr_line' id='line_1_70' title="bbox 1849 2517 3438 2588; baseline 0.002 -14"><span class='ocrx_word' id='word_1_451' title='bbox 1849 2517 2005 2575; x_wconf 89' lang='lat' dir='ltr'><strong>Unde</strong></span> <span class='ocrx_word' id='word_1_452' title='bbox 2027 2520 2257 2576; x_wconf 88' lang='lat' dir='ltr'><strong>domnus</strong></span> <span class='ocrx_word' id='word_1_453' title='bbox 2285 2534 2382 2575; x_wconf 86' lang='lat' dir='ltr'><strong>rex</strong></span> <span class='ocrx_word' id='word_1_454' title='bbox 2407 2520 2575 2576; x_wconf 86' lang='lat' dir='ltr'><strong>semel</strong></span> <span class='ocrx_word' id='word_1_455' title='bbox 2606 2535 2670 2576; x_wconf 90' lang='lat' dir='ltr'><strong>ac</strong></span> <span class='ocrx_word' id='word_1_456' title='bbox 2698 2520 2938 2577; x_wconf 89' lang='lat' dir='ltr'><strong>secundo</strong></span> <span class='ocrx_word' id='word_1_457' title='bbox 2982 2535 3101 2588; x_wconf 90' lang='lat' dir='ltr'><strong>me,</strong></span> <span class='ocrx_word' id='word_1_458' title='bbox 3152 2536 3260 2576; x_wconf 86' lang='lat' dir='ltr'><strong>una</strong></span> <span class='ocrx_word' id='word_1_459' title='bbox 3312 2534 3438 2577; x_wconf 92' lang='lat' dir='ltr'><strong>cum</strong></span> 
     </span>
    </p>
   </div>
   <div class='ocr_carea' id='block_1_71' title="bbox 1847 2608 3437 2679">
    <p class='ocr_par' dir='ltr' id='par_1_71' title="bbox 1847 2608 3437 2679">
     <span class='ocr_line' id='line_1_71' title="bbox 1847 2608 3437 2679; baseline 0.003 -16"><span class='ocrx_word' id='word_1_460' title='bbox 1847 2609 2186 2679; x_wconf 87' lang='lat' dir='ltr'><strong>coepiscopis</strong></span> <span class='ocrx_word' id='word_1_461' title='bbox 2215 2609 2438 2673; x_wconf 90' lang='lat' dir='ltr'><strong>nostris,</strong></span> <span class='ocrx_word' id='word_1_462' title='bbox 2470 2618 2527 2665; x_wconf 93' lang='lat' dir='ltr'><strong>et</strong></span> <span class='ocrx_word' id='word_1_463' title='bbox 2567 2608 2690 2666; x_wconf 89' lang='lat' dir='ltr'><strong>aliis</strong></span> <span class='ocrx_word' id='word_1_464' title='bbox 2737 2610 2921 2666; x_wconf 85' lang='lat' dir='ltr'><strong>missis</strong></span> <span class='ocrx_word' id='word_1_465' title='bbox 2974 2611 3106 2676; x_wconf 90' lang='lat' dir='ltr'><strong>suis,</strong></span> <span class='ocrx_word' id='word_1_466' title='bbox 3151 2612 3294 2667; x_wconf 88' lang='lat' dir='ltr'><strong>inter</strong></span> <span class='ocrx_word' id='word_1_467' title='bbox 3341 2625 3437 2668; x_wconf 89' lang='lat' dir='ltr'><strong>eos</strong></span> 
     </span>
    </p>
   </div>
   <div class='ocr_carea' id='block_1_72' title="bbox 1848 2700 3439 2772">
    <p class='ocr_par' dir='ltr' id='par_1_72' title="bbox 1848 2700 3439 2772">
     <span class='ocr_line' id='line_1_72' title="bbox 1848 2700 3439 2772; baseline 0.004 -17"><span class='ocrx_word' id='word_1_468' title='bbox 1848 2701 2052 2756; x_wconf 86' lang='lat' dir='ltr'><strong>habere</strong></span> <span class='ocrx_word' id='word_1_469' title='bbox 2082 2700 2414 2757; x_wconf 88' lang='lat' dir='ltr'><strong>audientiam</strong></span> <span class='ocrx_word' id='word_1_470' title='bbox 2433 2702 2628 2772; x_wconf 88' lang='lat' dir='ltr'><strong>jussit;</strong></span> <span class='ocrx_word' id='word_1_471' title='bbox 2660 2702 2755 2758; x_wconf 91' lang='lat' dir='ltr'><strong>sed</strong></span> <span class='ocrx_word' id='word_1_472' title='bbox 2782 2703 2935 2759; x_wconf 90' lang='lat' dir='ltr'><strong>illum</strong></span> <span class='ocrx_word' id='word_1_473' title='bbox 2967 2703 3034 2759; x_wconf 91' lang='lat' dir='ltr'><strong>ad</strong></span> <span class='ocrx_word' id='word_1_474' title='bbox 3074 2704 3340 2760; x_wconf 91' lang='lat' dir='ltr'><strong>rationem</strong></span> <span class='ocrx_word' id='word_1_475' title='bbox 3381 2713 3439 2761; x_wconf 86' lang='lat' dir='ltr'><strong>et</strong></span> 
     </span>
    </p>
   </div>
   <div class='ocr_carea' id='block_1_73' title="bbox 1846 2790 3435 2866">
    <p class='ocr_par' dir='ltr' id='par_1_73' title="bbox 1846 2790 3435 2866">
     <span class='ocr_line' id='line_1_73' title="bbox 1846 2790 3435 2866; baseline 0.002 -18"><span class='ocrx_word' id='word_1_476' title='bbox 1846 2792 2211 2849; x_wconf 88' lang='lat' dir='ltr'><strong>obedientiam</strong></span> <span class='ocrx_word' id='word_1_477' title='bbox 2235 2793 2474 2849; x_wconf 89' lang='lat' dir='ltr'><strong>debitam</strong></span> <span class='ocrx_word' id='word_1_478' title='bbox 2501 2790 2720 2850; x_wconf 87' lang='lat' dir='ltr'><strong>flectere</strong></span> <span class='ocrx_word' id='word_1_479' title='bbox 2773 2811 2882 2851; x_wconf 92' lang='lat' dir='ltr'><strong>non</strong></span> <span class='ocrx_word' id='word_1_480' title='bbox 2937 2792 3233 2866; x_wconf 84' lang='lat' dir='ltr'><strong>potuimus.</strong></span> <span class='ocrx_word' id='word_1_481' title='bbox 3286 2795 3435 2864; x_wconf 83' lang='lat' dir='ltr'><strong>Qua-</strong></span> 
     </span>
    </p>
   </div>
   <div class='ocr_carea' id='block_1_74' title="bbox 1846 2885 3436 2961">
    <p class='ocr_par' dir='ltr' id='par_1_74' title="bbox 1846 2885 3436 2961">
     <span class='ocr_line' id='line_1_74' title="bbox 1846 2885 3436 2961; baseline 0.002 -19"><span class='ocrx_word' id='word_1_482' title='bbox 1846 2885 2249 2959; x_wconf 89' lang='lat' dir='ltr'><strong>propterjussit</strong></span> <span class='ocrx_word' id='word_1_483' title='bbox 2279 2889 2513 2944; x_wconf 86' lang='lat' dir='ltr'><strong>domnus</strong></span> <span class='ocrx_word' id='word_1_484' title='bbox 2540 2905 2672 2955; x_wconf 86' lang='lat' dir='ltr'><strong>rex,</strong></span> <span class='ocrx_word' id='word_1_485' title='bbox 2698 2898 2755 2944; x_wconf 92' lang='lat' dir='ltr'><strong>ut</strong></span> <span class='ocrx_word' id='word_1_486' title='bbox 2781 2891 2849 2945; x_wconf 91' lang='lat' dir='ltr'><strong>ad</strong></span> <span class='ocrx_word' id='word_1_487' title='bbox 2891 2888 3248 2961; x_wconf 87' lang='lat' dir='ltr'><strong>Pontigoncm</strong></span> <span class='ocrx_word' id='word_1_488' title='bbox 3287 2887 3436 2960; x_wconf 85' lang='lat' dir='ltr'><strong>pala-</strong></span> 
     </span>
    </p>
   </div>
   <div class='ocr_carea' id='block_1_75' title="bbox 1848 2978 3436 3052">
    <p class='ocr_par' dir='ltr' id='par_1_75' title="bbox 1848 2978 3436 3052">
     <span class='ocr_line' id='line_1_75' title="bbox 1848 2978 3436 3052; baseline 0.002 -18"><span class='ocrx_word' id='word_1_489' title='bbox 1848 2978 1980 3034; x_wconf 88' lang='lat' dir='ltr'><strong>tium</strong></span> <span class='ocrx_word' id='word_1_490' title='bbox 2004 2994 2159 3035; x_wconf 92' lang='lat' dir='ltr'><strong>suum</strong></span> <span class='ocrx_word' id='word_1_491' title='bbox 2190 2979 2245 3035; x_wconf 90' lang='lat' dir='ltr'><strong>in</strong></span> <span class='ocrx_word' id='word_1_492' title='bbox 2272 2979 2568 3036; x_wconf 84' lang='lat' dir='ltr'><strong>Rhemensi</strong></span> <span class='ocrx_word' id='word_1_493' title='bbox 2598 2980 2908 3050; x_wconf 84' lang='lat' dir='ltr'><strong>provincia,</strong></span> <span class='ocrx_word' id='word_1_494' title='bbox 2937 2997 3047 3052; x_wconf 91' lang='lat' dir='ltr'><strong>quo</strong></span> <span class='ocrx_word' id='word_1_495' title='bbox 3093 2980 3278 3052; x_wconf 89' lang='lat' dir='ltr'><strong>plures</strong></span> <span class='ocrx_word' id='word_1_496' title='bbox 3318 2980 3436 3050; x_wconf 84' lang='lat' dir='ltr'><strong>epi—</strong></span> 
     </span>
    </p>
   </div>
   <div class='ocr_carea' id='block_1_76' title="bbox 1847 3072 3438 3145">
    <p class='ocr_par' dir='ltr' id='par_1_76' title="bbox 1847 3072 3438 3145">
     <span class='ocr_line' id='line_1_76' title="bbox 1847 3072 3438 3145; baseline 0.001 -17"><span class='ocrx_word' id='word_1_497' title='bbox 1847 3073 2016 3143; x_wconf 89' lang='lat' dir='ltr'><strong>scopi,</strong></span> <span class='ocrx_word' id='word_1_498' title='bbox 2044 3083 2101 3129; x_wconf 91' lang='lat' dir='ltr'><strong>et</strong></span> <span class='ocrx_word' id='word_1_499' title='bbox 2124 3073 2215 3128; x_wconf 90' lang='lat' dir='ltr'><strong>alii</strong></span> <span class='ocrx_word' id='word_1_500' title='bbox 2248 3072 2433 3129; x_wconf 87' lang='lat' dir='ltr'><strong>tideles</strong></span> <span class='ocrx_word' id='word_1_501' title='bbox 2464 3072 2583 3144; x_wconf 87' lang='lat' dir='ltr'><strong>ejus</strong></span> <span class='ocrx_word' id='word_1_502' title='bbox 2611 3074 2933 3131; x_wconf 88' lang='lat' dir='ltr'><strong>conventuri</strong></span> <span class='ocrx_word' id='word_1_503' title='bbox 2965 3083 3146 3142; x_wconf 90' lang='lat' dir='ltr'><strong>erant,</strong></span> <span class='ocrx_word' id='word_1_504' title='bbox 3179 3084 3272 3130; x_wconf 91' lang='lat' dir='ltr'><strong>aut</strong></span> <span class='ocrx_word' id='word_1_505' title='bbox 3322 3074 3438 3145; x_wconf 85' lang='lat' dir='ltr'><strong>ipse</strong></span> 
     </span>
    </p>
   </div>
   <div class='ocr_carea' id='block_1_77' title="bbox 1846 3165 3434 3238">
    <p class='ocr_par' dir='ltr' id='par_1_77' title="bbox 1846 3165 3434 3238">
     <span class='ocr_line' id='line_1_77' title="bbox 1846 3165 3434 3238; baseline 0.002 -19"><span class='ocrx_word' id='word_1_506' title='bbox 1846 3165 2081 3232; x_wconf 86' lang='lat' dir='ltr'><strong>veniret,</strong></span> <span class='ocrx_word' id='word_1_507' title='bbox 2107 3174 2201 3220; x_wconf 90' lang='lat' dir='ltr'><strong>aut</strong></span> <span class='ocrx_word' id='word_1_508' title='bbox 2233 3165 2306 3220; x_wconf 90' lang='lat' dir='ltr'><strong>ita</strong></span> <span class='ocrx_word' id='word_1_509' title='bbox 2332 3181 2599 3236; x_wconf 87' lang='lat' dir='ltr'><strong>personas</strong></span> <span class='ocrx_word' id='word_1_510' title='bbox 2623 3183 2723 3237; x_wconf 89' lang='lat' dir='ltr'><strong>pro</strong></span> <span class='ocrx_word' id='word_1_511' title='bbox 2746 3181 2804 3223; x_wconf 91' lang='lat' dir='ltr'><strong>se</strong></span> <span class='ocrx_word' id='word_1_512' title='bbox 2830 3167 3128 3222; x_wconf 87' lang='lat' dir='ltr'><strong>instructas</strong></span> <span class='ocrx_word' id='word_1_513' title='bbox 3154 3165 3434 3238; x_wconf 85' lang='lat' dir='ltr'><strong>dirigeret,</strong></span> 
     </span>
    </p>
   </div>
   <div class='ocr_carea' id='block_1_78' title="bbox 1847 3258 3434 3332">
    <p class='ocr_par' dir='ltr' id='par_1_78' title="bbox 1847 3258 3434 3332">
     <span class='ocr_line' id='line_1_78' title="bbox 1847 3258 3434 3332; baseline 0.003 -20"><span class='ocrx_word' id='word_1_514' title='bbox 1847 3266 1908 3312; x_wconf 92' lang='lat' dir='ltr'><strong>ut</strong></span> <span class='ocrx_word' id='word_1_515' title='bbox 1936 3258 2068 3327; x_wconf 70' lang='lat' dir='ltr'><strong>ipsze</strong></span> <span class='ocrx_word' id='word_1_516' title='bbox 2094 3258 2464 3327; x_wconf 70' lang='lat' dir='ltr'><strong>quaerimonite</strong></span> <span class='ocrx_word' id='word_1_517' title='bbox 2506 3259 2667 3313; x_wconf 88' lang='lat' dir='ltr'><strong>tinem</strong></span> <span class='ocrx_word' id='word_1_518' title='bbox 2723 3259 3052 3331; x_wconf 86' lang='lat' dir='ltr'><strong>acciperent.</strong></span> <span class='ocrx_word' id='word_1_519' title='bbox 3097 3260 3218 3332; x_wconf 90' lang='lat' dir='ltr'><strong>Ipse</strong></span> <span class='ocrx_word' id='word_1_520' title='bbox 3254 3269 3434 3316; x_wconf 88' lang='lat' dir='ltr'><strong>autem</strong></span> 
     </span>
    </p>
   </div>
   <div class='ocr_carea' id='block_1_79' title="bbox 1844 3347 3438 3424">
    <p class='ocr_par' dir='ltr' id='par_1_79' title="bbox 1844 3347 3438 3424">
     <span class='ocr_line' id='line_1_79' title="bbox 1844 3347 3438 3424; baseline 0.004 -21"><span class='ocrx_word' id='word_1_521' title='bbox 1844 3347 1975 3403; x_wconf 92' lang='lat' dir='ltr'><strong>illuc</strong></span> <span class='ocrx_word' id='word_1_522' title='bbox 2004 3361 2111 3403; x_wconf 88' lang='lat' dir='ltr'><strong>non</strong></span> <span class='ocrx_word' id='word_1_523' title='bbox 2138 3347 2312 3413; x_wconf 90' lang='lat' dir='ltr'><strong>venit,</strong></span> <span class='ocrx_word' id='word_1_524' title='bbox 2342 3363 2444 3404; x_wconf 91' lang='lat' dir='ltr'><strong>nec</strong></span> <span class='ocrx_word' id='word_1_525' title='bbox 2468 3349 2544 3404; x_wconf 89' lang='lat' dir='ltr'><strong>ita</strong></span> <span class='ocrx_word' id='word_1_526' title='bbox 2569 3348 2867 3405; x_wconf 87' lang='lat' dir='ltr'><strong>instructas</strong></span> <span class='ocrx_word' id='word_1_527' title='bbox 2915 3366 3015 3421; x_wconf 87' lang='lat' dir='ltr'><strong>pro</strong></span> <span class='ocrx_word' id='word_1_528' title='bbox 3066 3367 3125 3407; x_wconf 91' lang='lat' dir='ltr'><strong>se</strong></span> <span class='ocrx_word' id='word_1_529' title='bbox 3172 3368 3438 3424; x_wconf 87' lang='lat' dir='ltr'><strong>personas</strong></span> 
     </span>
    </p>
   </div>
   <div class='ocr_carea' id='block_1_80' title="bbox 1843 3438 3440 3515">
    <p class='ocr_par' dir='ltr' id='par_1_80' title="bbox 1843 3438 3440 3515">
     <span class='ocr_line' id='line_1_80' title="bbox 1843 3438 3440 3515; baseline 0.004 -22"><span class='ocrx_word' id='word_1_530' title='bbox 1843 3438 2063 3505; x_wconf 81' lang='lat' dir='ltr'><strong>direxit,</strong></span> <span class='ocrx_word' id='word_1_531' title='bbox 2087 3439 2179 3510; x_wconf 86' lang='lat' dir='ltr'><strong>qui</strong></span> <span class='ocrx_word' id='word_1_532' title='bbox 2205 3438 2435 3511; x_wconf 89' lang='lat' dir='ltr'><strong>legalem</strong></span> <span class='ocrx_word' id='word_1_533' title='bbox 2465 3439 2631 3495; x_wconf 88' lang='lat' dir='ltr'><strong>tinem</strong></span> <span class='ocrx_word' id='word_1_534' title='bbox 2651 3439 2856 3496; x_wconf 87' lang='lat' dir='ltr'><strong>eisdem</strong></span> <span class='ocrx_word' id='word_1_535' title='bbox 2883 3442 3241 3512; x_wconf 88' lang='lat' dir='ltr'><strong>querimoniis</strong></span> <span class='ocrx_word' id='word_1_536' title='bbox 3269 3445 3440 3515; x_wconf 89' lang='lat' dir='ltr'><strong>impo-</strong></span> 
     </span>
    </p>
   </div>
   <div class='ocr_carea' id='block_1_81' title="bbox 1840 3532 3440 3608">
    <p class='ocr_par' dir='ltr' id='par_1_81' title="bbox 1840 3532 3440 3608">
     <span class='ocr_line' id='line_1_81' title="bbox 1840 3532 3440 3608; baseline 0.004 -20"><span class='ocrx_word' id='word_1_537' title='bbox 1840 3541 2053 3588; x_wconf 87' lang='lat' dir='ltr'><strong>nerent.</strong></span> <span class='ocrx_word' id='word_1_538' title='bbox 2086 3532 2204 3601; x_wconf 88' lang='lat' dir='ltr'><strong>Qua</strong></span> <span class='ocrx_word' id='word_1_539' title='bbox 2227 3534 2293 3587; x_wconf 92' lang='lat' dir='ltr'><strong>de</strong></span> <span class='ocrx_word' id='word_1_540' title='bbox 2324 3550 2384 3589; x_wconf 93' lang='lat' dir='ltr'><strong>re</strong></span> <span class='ocrx_word' id='word_1_541' title='bbox 2418 3533 2652 3590; x_wconf 90' lang='lat' dir='ltr'><strong>domnus</strong></span> <span class='ocrx_word' id='word_1_542' title='bbox 2685 3549 2782 3589; x_wconf 88' lang='lat' dir='ltr'><strong>rex</strong></span> <span class='ocrx_word' id='word_1_543' title='bbox 2808 3535 2859 3590; x_wconf 91' lang='lat' dir='ltr'><strong>ei</strong></span> <span class='ocrx_word' id='word_1_544' title='bbox 2890 3534 3190 3604; x_wconf 88' lang='lat' dir='ltr'><strong>mandavit,</strong></span> <span class='ocrx_word' id='word_1_545' title='bbox 3220 3548 3281 3593; x_wconf 92' lang='lat' dir='ltr'><strong>ut</strong></span> <span class='ocrx_word' id='word_1_546' title='bbox 3305 3538 3440 3608; x_wconf 88' lang='lat' dir='ltr'><strong>ipsis</strong></span> 
     </span>
    </p>
   </div>
   <div class='ocr_carea' id='block_1_82' title="bbox 1842 3625 3438 3700">
    <p class='ocr_par' dir='ltr' id='par_1_82' title="bbox 1842 3625 3438 3700">
     <span class='ocr_line' id='line_1_82' title="bbox 1842 3625 3438 3700; baseline 0.004 -20"><span class='ocrx_word' id='word_1_547' title='bbox 1842 3625 2155 3680; x_wconf 85' lang='lat' dir='ltr'><strong>hominibus</strong></span> <span class='ocrx_word' id='word_1_548' title='bbox 2200 3641 2298 3681; x_wconf 86' lang='lat' dir='ltr'><strong>sua</strong></span> <span class='ocrx_word' id='word_1_549' title='bbox 2347 3625 2612 3681; x_wconf 84' lang='lat' dir='ltr'><strong>beneﬁcia</strong></span> <span class='ocrx_word' id='word_1_550' title='bbox 2658 3636 2842 3681; x_wconf 88' lang='lat' dir='ltr'><strong>tenere</strong></span> <span class='ocrx_word' id='word_1_551' title='bbox 2866 3627 3229 3696; x_wconf 89' lang='lat' dir='ltr'><strong>permitteret,</strong></span> <span class='ocrx_word' id='word_1_552' title='bbox 3265 3644 3438 3700; x_wconf 90' lang='lat' dir='ltr'><strong>usque</strong></span> 
     </span>
    </p>
   </div>
   <div class='ocr_carea' id='block_1_83' title="bbox 1842 3715 3436 3792">
    <p class='ocr_par' dir='ltr' id='par_1_83' title="bbox 1842 3715 3436 3792">
     <span class='ocr_line' id='line_1_83' title="bbox 1842 3715 3436 3792; baseline 0.003 -19"><span class='ocrx_word' id='word_1_553' title='bbox 1842 3717 1970 3773; x_wconf 91' lang='lat' dir='ltr'><strong>dum</strong></span> <span class='ocrx_word' id='word_1_554' title='bbox 1992 3716 2140 3786; x_wconf 88' lang='lat' dir='ltr'><strong>juste</strong></span> <span class='ocrx_word' id='word_1_555' title='bbox 2181 3724 2236 3771; x_wconf 89' lang='lat' dir='ltr'><strong>et</strong></span> <span class='ocrx_word' id='word_1_556' title='bbox 2270 3715 2665 3771; x_wconf 86' lang='lat' dir='ltr'><strong>rationabiliter</strong></span> <span class='ocrx_word' id='word_1_557' title='bbox 2711 3731 2889 3772; x_wconf 60' lang='lat' dir='ltr'><strong>causa:</strong></span> <span class='ocrx_word' id='word_1_558' title='bbox 2936 3717 3003 3774; x_wconf 91' lang='lat' dir='ltr'><strong>de</strong></span> <span class='ocrx_word' id='word_1_559' title='bbox 3050 3718 3246 3788; x_wconf 84' lang='lat' dir='ltr'><strong>quibus</strong></span> <span class='ocrx_word' id='word_1_560' title='bbox 3292 3720 3436 3792; x_wconf 80' lang='lat' dir='ltr'><strong>apud</strong></span> 
     </span>
    </p>
   </div>
   <div class='ocr_carea' id='block_1_84' title="bbox 1840 3807 2809 3866">
    <p class='ocr_par' dir='ltr' id='par_1_84' title="bbox 1840 3807 2809 3866">
     <span class='ocr_line' id='line_1_84' title="bbox 1840 3807 2809 3866; baseline 0.001 -3"><span class='ocrx_word' id='word_1_561' title='bbox 1840 3822 1965 3863; x_wconf 91' lang='lat' dir='ltr'><strong>eum</strong></span> <span class='ocrx_word' id='word_1_562' title='bbox 2001 3807 2398 3864; x_wconf 89' lang='lat' dir='ltr'><strong>reclamabatur</strong></span> <span class='ocrx_word' id='word_1_563' title='bbox 2426 3807 2809 3866; x_wconf 83' lang='lat' dir='ltr'><strong>ditlinirentur.</strong></span> 
     </span>
    </p>
   </div>
   <div class='ocr_carea' id='block_1_85' title="bbox 1911 3899 3436 3976">
    <p class='ocr_par' dir='ltr' id='par_1_85' title="bbox 1911 3899 3436 3976">
     <span class='ocr_line' id='line_1_85' title="bbox 1911 3899 3436 3976; baseline 0.005 -21"><span class='ocrx_word' id='word_1_564' title='bbox 1911 3899 2089 3956; x_wconf 90' lang='lat' dir='ltr'><strong>Isdem</strong></span> <span class='ocrx_word' id='word_1_565' title='bbox 2116 3909 2295 3956; x_wconf 91' lang='lat' dir='ltr'><strong>autem</strong></span> <span class='ocrx_word' id='word_1_566' title='bbox 2327 3902 2446 3958; x_wconf 90' lang='lat' dir='ltr'><strong>sine</strong></span> <span class='ocrx_word' id='word_1_567' title='bbox 2469 3901 2637 3957; x_wconf 89' lang='lat' dir='ltr'><strong>misso</strong></span> <span class='ocrx_word' id='word_1_568' title='bbox 2665 3902 2842 3974; x_wconf 87' lang='lat' dir='ltr'><strong>regis,</strong></span> <span class='ocrx_word' id='word_1_569' title='bbox 2872 3902 2958 3959; x_wconf 90' lang='lat' dir='ltr'><strong>vel</strong></span> <span class='ocrx_word' id='word_1_570' title='bbox 3006 3904 3436 3976; x_wconf 84' lang='lat' dir='ltr'><strong>metropolitani.</strong></span> 
     </span>
    </p>
   </div>
   <div class='ocr_carea' id='block_1_86' title="bbox 1844 3993 3436 4068">
    <p class='ocr_par' dir='ltr' id='par_1_86' title="bbox 1844 3993 3436 4068">
     <span class='ocr_line' id='line_1_86' title="bbox 1844 3993 3436 4068; baseline 0.003 -18"><span class='ocrx_word' id='word_1_571' title='bbox 1844 3994 2159 4051; x_wconf 87' lang='lat' dir='ltr'><strong>absentibus</strong></span> <span class='ocrx_word' id='word_1_572' title='bbox 2185 3993 2289 4050; x_wconf 91' lang='lat' dir='ltr'><strong>illis</strong></span> <span class='ocrx_word' id='word_1_573' title='bbox 2315 3994 2409 4066; x_wconf 91' lang='lat' dir='ltr'><strong>qui</strong></span> <span class='ocrx_word' id='word_1_574' title='bbox 2437 4003 2632 4050; x_wconf 87' lang='lat' dir='ltr'><strong>contra</strong></span> <span class='ocrx_word' id='word_1_575' title='bbox 2668 4009 2792 4049; x_wconf 90' lang='lat' dir='ltr'><strong>eum</strong></span> <span class='ocrx_word' id='word_1_576' title='bbox 2823 3997 3215 4068; x_wconf 86' lang='lat' dir='ltr'><strong>querebantur,</strong></span> <span class='ocrx_word' id='word_1_577' title='bbox 3244 4006 3436 4054; x_wconf 90' lang='lat' dir='ltr'><strong>contra</strong></span> 
     </span>
    </p>
   </div>
   <div class='ocr_carea' id='block_1_87' title="bbox 1842 4086 3439 4162">
    <p class='ocr_par' dir='ltr' id='par_1_87' title="bbox 1842 4086 3439 4162">
     <span class='ocr_line' id='line_1_87' title="bbox 1842 4086 3439 4162; baseline 0.003 -19"><span class='ocrx_word' id='word_1_578' title='bbox 1842 4088 1990 4161; x_wconf 85' lang='lat' dir='ltr'><strong>leges</strong></span> <span class='ocrx_word' id='word_1_579' title='bbox 2032 4088 2276 4159; x_wconf 89' lang='lat' dir='ltr'><strong>publicas</strong></span> <span class='ocrx_word' id='word_1_580' title='bbox 2325 4097 2382 4143; x_wconf 91' lang='lat' dir='ltr'><strong>et</strong></span> <span class='ocrx_word' id='word_1_581' title='bbox 2435 4086 2863 4156; x_wconf 89' lang='lat' dir='ltr'><strong>ecclesiasticas,</strong></span> <span class='ocrx_word' id='word_1_582' title='bbox 2927 4099 3135 4162; x_wconf 87' lang='lat' dir='ltr'><strong>septem</strong></span> <span class='ocrx_word' id='word_1_583' title='bbox 3189 4090 3439 4148; x_wconf 89' lang='lat' dir='ltr'><strong>homines</strong></span> 
     </span>
    </p>
   </div>
   <div class='ocr_carea' id='block_1_88' title="bbox 1842 4178 3442 4253">
    <p class='ocr_par' dir='ltr' id='par_1_88' title="bbox 1842 4178 3442 4253">
     <span class='ocr_line' id='line_1_88' title="bbox 1842 4178 3442 4253; baseline 0.002 -18"><span class='ocrx_word' id='word_1_584' title='bbox 1842 4181 1985 4252; x_wconf 89' lang='lat' dir='ltr'><strong>quod</strong></span> <span class='ocrx_word' id='word_1_585' title='bbox 2023 4180 2124 4236; x_wconf 90' lang='lat' dir='ltr'><strong>sibi</strong></span> <span class='ocrx_word' id='word_1_586' title='bbox 2158 4178 2560 4246; x_wconf 88' lang='lat' dir='ltr'><strong>fueratvisum,</strong></span> <span class='ocrx_word' id='word_1_587' title='bbox 2590 4179 2967 4253; x_wconf 79' lang='lat' dir='ltr'><strong>interrogavit,</strong></span> <span class='ocrx_word' id='word_1_588' title='bbox 2998 4190 3062 4237; x_wconf 89' lang='lat' dir='ltr'><strong>.et</strong></span> <span class='ocrx_word' id='word_1_589' title='bbox 3099 4182 3244 4251; x_wconf 90' lang='lat' dir='ltr'><strong>quod</strong></span> <span class='ocrx_word' id='word_1_590' title='bbox 3293 4182 3442 4238; x_wconf 69' lang='lat' dir='ltr'><strong>domo</strong></span> 
     </span>
    </p>
   </div>
   <div class='ocr_carea' id='block_1_89' title="bbox 1842 4271 3436 4337">
    <p class='ocr_par' dir='ltr' id='par_1_89' title="bbox 1842 4271 3436 4337">
     <span class='ocr_line' id='line_1_89' title="bbox 1842 4271 3436 4337; baseline 0.001 -9"><span class='ocrx_word' id='word_1_591' title='bbox 1842 4288 1944 4328; x_wconf 89' lang='lat' dir='ltr'><strong>nus</strong></span> <span class='ocrx_word' id='word_1_592' title='bbox 1970 4287 2068 4328; x_wconf 85' lang='lat' dir='ltr'><strong>rex</strong></span> <span class='ocrx_word' id='word_1_593' title='bbox 2112 4271 2164 4328; x_wconf 92' lang='lat' dir='ltr'><strong>ci</strong></span> <span class='ocrx_word' id='word_1_594' title='bbox 2200 4271 2576 4337; x_wconf 88' lang='lat' dir='ltr'><strong>mandaverat,</strong></span> <span class='ocrx_word' id='word_1_595' title='bbox 2608 4287 2718 4329; x_wconf 90' lang='lat' dir='ltr'><strong>non</strong></span> <span class='ocrx_word' id='word_1_596' title='bbox 2748 4274 3049 4330; x_wconf 90' lang='lat' dir='ltr'><strong>obaudivit.</strong></span> <span class='ocrx_word' id='word_1_597' title='bbox 3098 4273 3165 4328; x_wconf 87' lang='lat' dir='ltr'><strong>Et</strong></span> <span class='ocrx_word' id='word_1_598' title='bbox 3208 4275 3436 4330; x_wconf 89' lang='lat' dir='ltr'><strong>veniens</strong></span> 
     </span>
    </p>
   </div>
   <div class='ocr_carea' id='block_1_90' title="bbox 1841 4363 3435 4436">
    <p class='ocr_par' dir='ltr' id='par_1_90' title="bbox 1841 4363 3435 4436">
     <span class='ocr_line' id='line_1_90' title="bbox 1841 4363 3435 4436; baseline 0.003 -16"><span class='ocrx_word' id='word_1_599' title='bbox 1841 4365 2058 4420; x_wconf 88' lang='lat' dir='ltr'><strong>demum</strong></span> <span class='ocrx_word' id='word_1_600' title='bbox 2093 4363 2160 4417; x_wconf 90' lang='lat' dir='ltr'><strong>ad</strong></span> <span class='ocrx_word' id='word_1_601' title='bbox 2206 4363 2465 4419; x_wconf 86' lang='lat' dir='ltr'><strong>damnum</strong></span> <span class='ocrx_word' id='word_1_602' title='bbox 2511 4377 2693 4434; x_wconf 85' lang='lat' dir='ltr'><strong>regem</strong></span> <span class='ocrx_word' id='word_1_603' title='bbox 2737 4364 2872 4420; x_wconf 92' lang='lat' dir='ltr'><strong>adeo</strong></span> <span class='ocrx_word' id='word_1_604' title='bbox 2921 4364 3070 4419; x_wconf 92' lang='lat' dir='ltr'><strong>illum</strong></span> <span class='ocrx_word' id='word_1_605' title='bbox 3120 4367 3435 4436; x_wconf 88' lang='lat' dir='ltr'><strong>commovit,</strong></span> 
     </span>
    </p>
   </div>
   <div class='ocr_carea' id='block_1_91' title="bbox 1840 4452 3437 4524">
    <p class='ocr_par' dir='ltr' id='par_1_91' title="bbox 1840 4452 3437 4524">
     <span class='ocr_line' id='line_1_91' title="bbox 1840 4452 3437 4524; baseline 0.005 -13"><span class='ocrx_word' id='word_1_606' title='bbox 1840 4465 1901 4511; x_wconf 90' lang='lat' dir='ltr'><strong>ut</strong></span> <span class='ocrx_word' id='word_1_607' title='bbox 1944 4464 1998 4511; x_wconf 92' lang='lat' dir='ltr'><strong>et</strong></span> <span class='ocrx_word' id='word_1_608' title='bbox 2044 4453 2381 4524; x_wconf 75' lang='lat' dir='ltr'><strong>suprafatam</strong></span> <span class='ocrx_word' id='word_1_609' title='bbox 2447 4455 2745 4524; x_wconf 85' lang='lat' dir='ltr'><strong>abbatiam,</strong></span> <span class='ocrx_word' id='word_1_610' title='bbox 2797 4466 2854 4513; x_wconf 91' lang='lat' dir='ltr'><strong>et</strong></span> <span class='ocrx_word' id='word_1_611' title='bbox 2894 4452 3437 4519; x_wconf 69' lang='lat' dir='ltr'><strong>administrationem</strong></span> 
     </span>
    </p>
   </div>
   <div class='ocr_carea' id='block_1_92' title="bbox 142 4543 3439 4632">
    <p class='ocr_par' dir='ltr' id='par_1_92' title="bbox 142 4543 3439 4632">
     <span class='ocr_line' id='line_1_92' title="bbox 142 4543 3439 4632; baseline 0.004 -36"><span class='ocrx_word' id='word_1_612' title='bbox 142 4556 458 4614; x_wconf 88' lang='lat' dir='ltr'><strong>personam</strong></span> <span class='ocrx_word' id='word_1_613' title='bbox 487 4561 563 4600; x_wconf 7' lang='lat' dir='ltr'><strong>aut</strong></span> <span class='ocrx_word' id='word_1_614' title='bbox 590 4549 803 4606; x_wconf 90' lang='lat' dir='ltr'><strong>litteras</strong></span> <span class='ocrx_word' id='word_1_615' title='bbox 844 4549 928 4605; x_wconf 92' lang='lat' dir='ltr'><strong>sui</strong></span> <span class='ocrx_word' id='word_1_616' title='bbox 970 4564 1272 4605; x_wconf 89' lang='lat' dir='ltr'><strong>consensus</strong></span> <span class='ocrx_word' id='word_1_617' title='bbox 1327 4549 1558 4617; x_wconf 82' lang='lat' dir='ltr'><strong>direxit,</strong></span> <span class='ocrx_word' id='word_1_618' title='bbox 1589 4551 1735 4606; x_wconf 83' lang='lat' dir='ltr'><strong>ordi-</strong></span> <span class='ocrx_word' id='word_1_619' title='bbox 1764 4571 1814 4632; x_wconf 77' lang='grc' dir='ltr'><strong><em>υ</em></strong></span> <span class='ocrx_word' id='word_1_620' title='bbox 1838 4545 2135 4617; x_wconf 77' lang='lat' dir='ltr'><strong>palatinum</strong></span> <span class='ocrx_word' id='word_1_621' title='bbox 2161 4544 2229 4599; x_wconf 90' lang='lat' dir='ltr'><strong>ab</strong></span> <span class='ocrx_word' id='word_1_622' title='bbox 2256 4558 2323 4599; x_wconf 91' lang='lat' dir='ltr'><strong>eo</strong></span> <span class='ocrx_word' id='word_1_623' title='bbox 2350 4543 2611 4602; x_wconf 82' lang='lat' dir='ltr'><strong>auferret.</strong></span> <span class='ocrx_word' id='word_1_624' title='bbox 2644 4545 2712 4602; x_wconf 87' lang='lat' dir='ltr'><strong>Et</strong></span> <span class='ocrx_word' id='word_1_625' title='bbox 2740 4555 2863 4617; x_wconf 91' lang='lat' dir='ltr'><strong>post</strong></span> <span class='ocrx_word' id='word_1_626' title='bbox 2897 4548 3036 4627; x_wconf 54' lang='lat' dir='ltr'><strong>hac,</strong></span> <span class='ocrx_word' id='word_1_627' title='bbox 3067 4549 3193 4619; x_wconf 89' lang='lat' dir='ltr'><strong>quia</strong></span> <span class='ocrx_word' id='word_1_628' title='bbox 3222 4551 3362 4608; x_wconf 89' lang='lat' dir='ltr'><strong>sicut</strong></span> <span class='ocrx_word' id='word_1_629' title='bbox 3385 4553 3439 4610; x_wconf 89' lang='lat' dir='ltr'><strong>ei</strong></span> 
     </span>
    </p>
   </div>
   <div class='ocr_carea' id='block_1_93' title="bbox 138 4632 1738 4712">
    <p class='ocr_par' dir='ltr' id='par_1_93' title="bbox 138 4632 1738 4712">
     <span class='ocr_line' id='line_1_93' title="bbox 138 4632 1738 4712; baseline 0.007 -26"><span class='ocrx_word' id='word_1_630' title='bbox 138 4632 443 4689; x_wconf 84' lang='lat' dir='ltr'><strong>nationem</strong></span> <span class='ocrx_word' id='word_1_631' title='bbox 473 4635 596 4698; x_wconf 66' lang='lat' dir='ltr'><strong>illius</strong></span> <span class='ocrx_word' id='word_1_632' title='bbox 624 4640 955 4697; x_wconf 87' lang='lat' dir='ltr'><strong>distulimus.</strong></span> <span class='ocrx_word' id='word_1_633' title='bbox 978 4639 1291 4712; x_wconf 86' lang='lat' dir='ltr'><strong>Propterea,</strong></span> <span class='ocrx_word' id='word_1_634' title='bbox 1317 4642 1572 4711; x_wconf 88' lang='lat' dir='ltr'><strong>quoniam</strong></span> <span class='ocrx_word' id='word_1_635' title='bbox 1597 4643 1738 4697; x_wconf 91' lang='lat' dir='ltr'><strong>sicut</strong></span> 
     </span>
    </p>
   </div>
   <div class='ocr_carea' id='block_1_94' title="bbox 136 4724 1737 4807">
    <p class='ocr_par' dir='ltr' id='par_1_94' title="bbox 136 4724 1737 4807">
     <span class='ocr_line' id='line_1_94' title="bbox 136 4724 1737 4807; baseline 0.007 -27"><span class='ocrx_word' id='word_1_636' title='bbox 136 4727 279 4796; x_wconf 87' lang='lat' dir='ltr'><strong>ipse</strong></span> <span class='ocrx_word' id='word_1_637' title='bbox 311 4726 439 4794; x_wconf 87' lang='lat' dir='ltr'><strong>scis,</strong></span> <span class='ocrx_word' id='word_1_638' title='bbox 473 4731 643 4789; x_wconf 84' lang='lat' dir='ltr'><strong>eaden</strong></span> <span class='ocrx_word' id='word_1_639' title='bbox 676 4734 852 4796; x_wconf 90' lang='lat' dir='ltr'><strong>sedes,</strong></span> <span class='ocrx_word' id='word_1_640' title='bbox 885 4733 976 4788; x_wconf 92' lang='lat' dir='ltr'><strong>diu</strong></span> <span class='ocrx_word' id='word_1_641' title='bbox 1001 4734 1056 4788; x_wconf 91' lang='lat' dir='ltr'><strong>in</strong></span> <span class='ocrx_word' id='word_1_642' title='bbox 1099 4724 1393 4789; x_wconf 80' lang='lat' dir='ltr'><strong>multorum</strong></span> <span class='ocrx_word' id='word_1_643' title='bbox 1434 4734 1737 4807; x_wconf 84' lang='lat' dir='ltr'><strong>periculum</strong></span> 
     </span>
    </p>
   </div>
   <div class='ocr_carea' id='block_1_95' title="bbox 134 4822 1735 4893">
    <p class='ocr_par' dir='ltr' id='par_1_95' title="bbox 134 4822 1735 4893">
     <span class='ocr_line' id='line_1_95' title="bbox 134 4822 1735 4893; baseline 0.005 -22"><span class='ocrx_word' id='word_1_644' title='bbox 134 4827 331 4872; x_wconf 88' lang='lat' dir='ltr'><strong>vacat</strong></span> <span class='ocrx_word' id='word_1_645' title='bbox 358 4830 594 4889; x_wconf 84' lang='lat' dir='ltr'><strong>pastore,</strong></span> <span class='ocrx_word' id='word_1_646' title='bbox 626 4839 691 4877; x_wconf 70' lang='lat' dir='ltr'><strong>xu</strong></span> <span class='ocrx_word' id='word_1_647' title='bbox 728 4822 1001 4879; x_wconf 84' lang='lat' dir='ltr'><strong>Kalendas</strong></span> <span class='ocrx_word' id='word_1_648' title='bbox 1053 4822 1280 4893; x_wconf 86' lang='lat' dir='ltr'><strong>Augusti</strong></span> <span class='ocrx_word' id='word_1_649' title='bbox 1329 4822 1556 4879; x_wconf 89' lang='lat' dir='ltr'><strong>conveni</strong></span> <span class='ocrx_word' id='word_1_650' title='bbox 1611 4839 1735 4879; x_wconf 85' lang='lat' dir='ltr'><strong>cum</strong></span> 
     </span>
    </p>
   </div>
   <div class='ocr_carea' id='block_1_96' title="bbox 132 4908 1789 4993">
    <p class='ocr_par' dir='ltr' id='par_1_96' title="bbox 132 4908 1789 4993">
     <span class='ocr_line' id='line_1_96' title="bbox 132 4908 1789 4993; baseline 0.003 -29"><span class='ocrx_word' id='word_1_651' title='bbox 132 4908 378 4964; x_wconf 74' lang='lat' dir='ltr'><strong>caeteris</strong></span> <span class='ocrx_word' id='word_1_652' title='bbox 404 4909 725 4993; x_wconf 38' lang='lat' dir='ltr'><strong>fratribuslin</strong></span> <span class='ocrx_word' id='word_1_653' title='bbox 766 4914 1157 4970; x_wconf 89' lang='lat' dir='ltr'><strong>monasterium</strong></span> <span class='ocrx_word' id='word_1_654' title='bbox 1185 4914 1325 4983; x_wconf 91' lang='lat' dir='ltr'><strong>quod</strong></span> <span class='ocrx_word' id='word_1_655' title='bbox 1359 4913 1559 4969; x_wconf 90' lang='lat' dir='ltr'><strong>dicitur</strong></span> <span class='ocrx_word' id='word_1_656' title='bbox 1602 4913 1729 4981; x_wconf 90' lang='lat' dir='ltr'><strong>Isla,</strong></span> <span class='ocrx_word' id='word_1_657' title='bbox 1786 4992 1789 4993; x_wconf 14' lang='grc' dir='ltr'><em>ν</em></span> 
     </span>
    </p>
   </div>
   <div class='ocr_carea' id='block_1_97' title="bbox 132 4976 1761 5089">
    <p class='ocr_par' dir='ltr' id='par_1_97' title="bbox 132 4976 1761 5089">
     <span class='ocr_line' id='line_1_97' title="bbox 132 4976 1761 5089; baseline 0.003 -32"><span class='ocrx_word' id='word_1_658' title='bbox 132 5002 202 5057; x_wconf 90' lang='lat' dir='ltr'><strong>in</strong></span> <span class='ocrx_word' id='word_1_659' title='bbox 253 5002 517 5073; x_wconf 76' lang='lat' dir='ltr'><strong>parbcbia</strong></span> <span class='ocrx_word' id='word_1_660' title='bbox 542 4976 841 5075; x_wconf 55' lang='lat' dir='ltr'><strong>Bclvtcensi</strong></span> <span class='ocrx_word' id='word_1_661' title='bbox 866 5007 933 5061; x_wconf 91' lang='lat' dir='ltr'><strong>ad</strong></span> <span class='ocrx_word' id='word_1_662' title='bbox 959 5006 1210 5062; x_wconf 88' lang='lat' dir='ltr'><strong>eumdem</strong></span> <span class='ocrx_word' id='word_1_663' title='bbox 1239 5004 1464 5062; x_wconf 88' lang='lat' dir='ltr'><strong>fratrem</strong></span> <span class='ocrx_word' id='word_1_664' title='bbox 1487 5016 1732 5063; x_wconf 85' lang='lat' dir='ltr'><strong>nostrum</strong></span> <span class='ocrx_word' id='word_1_665' title='bbox 1760 5082 1761 5089; x_wconf 10' lang='grc' dir='ltr'>γ</span> 
     </span>
    </p>
   </div>
   <div class='ocr_carea' id='block_1_98' title="bbox 132 5099 1730 5173">
    <p class='ocr_par' dir='ltr' id='par_1_98' title="bbox 132 5099 1730 5173">
     <span class='ocr_line' id='line_1_98' title="bbox 132 5099 1730 5173; baseline 0.003 -23"><span class='ocrx_word' id='word_1_666' title='bbox 132 5112 217 5151; x_wconf 79' lang='lat' dir='ltr'><strong>ex</strong></span> <span class='ocrx_word' id='word_1_667' title='bbox 260 5112 412 5153; x_wconf 89' lang='lat' dir='ltr'><strong>more</strong></span> <span class='ocrx_word' id='word_1_668' title='bbox 436 5099 783 5156; x_wconf 86' lang='lat' dir='ltr'><strong>ordinandum</strong></span> <span class='ocrx_word' id='word_1_669' title='bbox 806 5102 1143 5173; x_wconf 89' lang='lat' dir='ltr'><strong>episc0pum.</strong></span> <span class='ocrx_word' id='word_1_670' title='bbox 1168 5100 1301 5158; x_wconf 87' lang='lat' dir='ltr'><strong>Data</strong></span> <span class='ocrx_word' id='word_1_671' title='bbox 1325 5118 1406 5159; x_wconf 92' lang='grc' dir='ltr'>ιιι.</span> <span class='ocrx_word' id='word_1_672' title='bbox 1429 5102 1510 5159; x_wconf 86' lang='lat' dir='ltr'><strong>Id.</strong></span> <span class='ocrx_word' id='word_1_673' title='bbox 1538 5102 1688 5158; x_wconf 85' lang='lat' dir='ltr'><strong>Julii.</strong></span> <span class='ocrx_word' id='word_1_674' title='bbox 1710 5122 1730 5155; x_wconf 76' lang='grc' dir='ltr'><strong>ι</strong></span> 
     </span>
    </p>
   </div>
   <div class='ocr_carea' id='block_1_99' title="bbox 133 5187 1737 5271">
    <p class='ocr_par' dir='ltr' id='par_1_99' title="bbox 133 5187 1737 5271">
     <span class='ocr_line' id='line_1_99' title="bbox 133 5187 1737 5271; baseline 0.003 -28"><span class='ocrx_word' id='word_1_675' title='bbox 133 5187 221 5243; x_wconf 85' lang='lat' dir='ltr'><strong>Et</strong></span> <span class='ocrx_word' id='word_1_676' title='bbox 247 5190 700 5247; x_wconf 87' lang='lat' dir='ltr'><strong>convenientibus</strong></span> <span class='ocrx_word' id='word_1_677' title='bbox 723 5193 869 5271; x_wconf 81' lang='lat' dir='ltr'><strong>nobis</strong></span> <span class='ocrx_word' id='word_1_678' title='bbox 890 5192 957 5247; x_wconf 90' lang='lat' dir='ltr'><strong>ad</strong></span> <span class='ocrx_word' id='word_1_679' title='bbox 987 5190 1299 5261; x_wconf 84' lang='lat' dir='ltr'><strong>praedictum</strong></span> <span class='ocrx_word' id='word_1_680' title='bbox 1326 5192 1503 5250; x_wconf 89' lang='lat' dir='ltr'><strong>locum</strong></span> <span class='ocrx_word' id='word_1_681' title='bbox 1542 5193 1737 5263; x_wconf 61' lang='lat' dir='ltr'><strong>praedi-</strong></span> 
     </span>
    </p>
   </div>
   <div class='ocr_carea' id='block_1_100' title="bbox 739 5276 743 5291">
    <p class='ocr_par' dir='ltr' id='par_1_100' title="bbox 739 5276 743 5291">
     <span class='ocr_line' id='line_1_100' title="bbox 739 5276 743 5291; baseline 0 0"><span class='ocrx_word' id='word_1_682' title='bbox 739 5276 743 5291; x_wconf 68' lang='grc' dir='ltr'><strong>ι</strong></span> 
     </span>
    </p>
   </div>
   <div class='ocr_carea' id='block_1_101' title="bbox 596 5292 1729 5312">
    <p class='ocr_par' dir='ltr' id='par_1_101' title="bbox 596 5292 1729 5312">
     <span class='ocr_line' id='line_1_101' title="bbox 596 5292 1729 5312; baseline 0 0"><span class='ocrx_word' id='word_1_683' title='bbox 596 5295 699 5312; x_wconf 74' lang='lat' dir='ltr'><strong>non</strong></span> <span class='ocrx_word' id='word_1_684' title='bbox 740 5299 841 5312; x_wconf 63' lang='grc' dir='ltr'>..ιι-ιιι</span> <span class='ocrx_word' id='word_1_685' title='bbox 870 5292 1016 5312; x_wconf 61' lang='grc' dir='ltr'><strong>ειη-δί.</strong></span> <span class='ocrx_word' id='word_1_686' title='bbox 1068 5296 1168 5312; x_wconf 61' lang='grc' dir='ltr'><strong>’.ΔΛ</strong></span> <span class='ocrx_word' id='word_1_687' title='bbox 1204 5297 1298 5312; x_wconf 57' lang='lat' dir='ltr'><strong>“DA</strong></span> <span class='ocrx_word' id='word_1_688' title='bbox 1356 5300 1414 5312; x_wconf 61' lang='lat' dir='ltr'><strong>an</strong></span> <span class='ocrx_word' id='word_1_689' title='bbox 1471 5292 1729 5312; x_wconf 62' lang='lat' dir='ltr'><strong>uvilln-Snm</strong></span> 
     </span>
    </p>
   </div>
   <div class='ocr_carea' id='block_1_102' title="bbox 135 5278 536 5312">
    <p class='ocr_par' dir='ltr' id='par_1_102' title="bbox 135 5278 536 5312">
     <span class='ocr_line' id='line_1_102' title="bbox 135 5278 536 5312; baseline 0 0"><span class='ocrx_word' id='word_1_690' title='bbox 135 5278 257 5312; x_wconf 62' lang='grc' dir='ltr'><strong>ηιῖο</strong></span> <span class='ocrx_word' id='word_1_691' title='bbox 286 5279 536 5312; x_wconf 60' lang='grc' dir='ltr'><strong>ῘίΛΙΛιηιΙῗδ</strong></span> 
     </span>
    </p>
   </div>
   <div class='ocr_carea' id='block_1_103' title="bbox 1843 4636 3441 4711">
    <p class='ocr_par' dir='ltr' id='par_1_103' title="bbox 1843 4636 3441 4711">
     <span class='ocr_line' id='line_1_103' title="bbox 1843 4636 3441 4711; baseline 0.004 -17"><span class='ocrx_word' id='word_1_692' title='bbox 1843 4637 2104 4711; x_wconf 65' lang='lat' dir='ltr'><strong>praecepit</strong></span> <span class='ocrx_word' id='word_1_693' title='bbox 2128 4636 2195 4692; x_wconf 89' lang='lat' dir='ltr'><strong>ad</strong></span> <span class='ocrx_word' id='word_1_694' title='bbox 2224 4636 2482 4691; x_wconf 88' lang='lat' dir='ltr'><strong>domuum</strong></span> <span class='ocrx_word' id='word_1_695' title='bbox 2511 4651 2697 4707; x_wconf 88' lang='lat' dir='ltr'><strong>regem</strong></span> <span class='ocrx_word' id='word_1_696' title='bbox 2722 4638 2933 4705; x_wconf 89' lang='lat' dir='ltr'><strong>venire,</strong></span> <span class='ocrx_word' id='word_1_697' title='bbox 2963 4654 3072 4695; x_wconf 92' lang='lat' dir='ltr'><strong>non</strong></span> <span class='ocrx_word' id='word_1_698' title='bbox 3117 4640 3305 4708; x_wconf 89' lang='lat' dir='ltr'><strong>voluit,</strong></span> <span class='ocrx_word' id='word_1_699' title='bbox 3336 4658 3441 4700; x_wconf 87' lang='lat' dir='ltr'><strong>nec</strong></span> 
     </span>
    </p>
   </div>
   <div class='ocr_carea' id='block_1_104' title="bbox 1842 4730 3440 4803">
    <p class='ocr_par' dir='ltr' id='par_1_104' title="bbox 1842 4730 3440 4803">
     <span class='ocr_line' id='line_1_104' title="bbox 1842 4730 3440 4803; baseline 0.002 -14"><span class='ocrx_word' id='word_1_700' title='bbox 1842 4734 2168 4789; x_wconf 87' lang='lat' dir='ltr'><strong>advocatum</strong></span> <span class='ocrx_word' id='word_1_701' title='bbox 2197 4745 2355 4786; x_wconf 90' lang='lat' dir='ltr'><strong>suum</strong></span> <span class='ocrx_word' id='word_1_702' title='bbox 2386 4730 2482 4801; x_wconf 89' lang='lat' dir='ltr'><strong>qui</strong></span> <span class='ocrx_word' id='word_1_703' title='bbox 2524 4730 2590 4785; x_wconf 92' lang='lat' dir='ltr'><strong>de</strong></span> <span class='ocrx_word' id='word_1_704' title='bbox 2638 4730 2802 4787; x_wconf 86' lang='lat' dir='ltr'><strong>rebus</strong></span> <span class='ocrx_word' id='word_1_705' title='bbox 2852 4733 3205 4803; x_wconf 90' lang='lat' dir='ltr'><strong>pecuniariis,</strong></span> <span class='ocrx_word' id='word_1_706' title='bbox 3249 4746 3440 4793; x_wconf 89' lang='lat' dir='ltr'><strong>contra</strong></span> 
     </span>
    </p>
   </div>
   <div class='ocr_carea' id='block_1_105' title="bbox 1842 4821 3444 4896">
    <p class='ocr_par' dir='ltr' id='par_1_105' title="bbox 1842 4821 3444 4896">
     <span class='ocr_line' id='line_1_105' title="bbox 1842 4821 3444 4896; baseline -0.001 -15"><span class='ocrx_word' id='word_1_707' title='bbox 1842 4822 2231 4896; x_wconf 89' lang='lat' dir='ltr'><strong>conquirentes</strong></span> <span class='ocrx_word' id='word_1_708' title='bbox 2253 4821 2515 4879; x_wconf 86' lang='lat' dir='ltr'><strong>adversus</strong></span> <span class='ocrx_word' id='word_1_709' title='bbox 2544 4836 2670 4877; x_wconf 87' lang='lat' dir='ltr'><strong>eum</strong></span> <span class='ocrx_word' id='word_1_710' title='bbox 2700 4824 2971 4882; x_wconf 85' lang='lat' dir='ltr'><strong>rationem</strong></span> <span class='ocrx_word' id='word_1_711' title='bbox 3010 4825 3301 4891; x_wconf 89' lang='lat' dir='ltr'><strong>redderet,</strong></span> <span class='ocrx_word' id='word_1_712' title='bbox 3339 4825 3444 4880; x_wconf 81' lang='lat' dir='ltr'><strong>mi-</strong></span> 
     </span>
    </p>
   </div>
   <div class='ocr_carea' id='block_1_106' title="bbox 1841 4915 3445 4989">
    <p class='ocr_par' dir='ltr' id='par_1_106' title="bbox 1841 4915 3445 4989">
     <span class='ocr_line' id='line_1_106' title="bbox 1841 4915 3445 4989; baseline -0.002 -14"><span class='ocrx_word' id='word_1_713' title='bbox 1841 4919 1933 4985; x_wconf 89' lang='lat' dir='ltr'><strong>sit,</strong></span> <span class='ocrx_word' id='word_1_714' title='bbox 1966 4929 2069 4972; x_wconf 90' lang='lat' dir='ltr'><strong>nec</strong></span> <span class='ocrx_word' id='word_1_715' title='bbox 2110 4915 2415 4973; x_wconf 89' lang='lat' dir='ltr'><strong>electorum</strong></span> <span class='ocrx_word' id='word_1_716' title='bbox 2449 4915 2715 4988; x_wconf 85' lang='lat' dir='ltr'><strong>judicium</strong></span> <span class='ocrx_word' id='word_1_717' title='bbox 2741 4915 2898 4988; x_wconf 78' lang='lat' dir='ltr'><strong>juxta</strong></span> <span class='ocrx_word' id='word_1_718' title='bbox 2928 4918 3081 4989; x_wconf 85' lang='lat' dir='ltr'><strong>leges</strong></span> <span class='ocrx_word' id='word_1_719' title='bbox 3127 4923 3183 4970; x_wconf 90' lang='lat' dir='ltr'><strong>et</strong></span> <span class='ocrx_word' id='word_1_720' title='bbox 3229 4915 3445 4986; x_wconf 89' lang='lat' dir='ltr'><strong>regulas</strong></span> 
     </span>
    </p>
   </div>
   <div class='ocr_carea' id='block_1_107' title="bbox 1843 5001 3445 5080">
    <p class='ocr_par' dir='ltr' id='par_1_107' title="bbox 1843 5001 3445 5080">
     <span class='ocr_line' id='line_1_107' title="bbox 1843 5001 3445 5080; baseline -0.003 -16"><span class='ocrx_word' id='word_1_721' title='bbox 1843 5015 2100 5079; x_wconf 80' lang='lat' dir='ltr'><strong>expetere</strong></span> <span class='ocrx_word' id='word_1_722' title='bbox 2134 5001 2328 5066; x_wconf 89' lang='lat' dir='ltr'><strong>voluit,</strong></span> <span class='ocrx_word' id='word_1_723' title='bbox 2356 5020 2460 5061; x_wconf 89' lang='lat' dir='ltr'><strong>nec</strong></span> <span class='ocrx_word' id='word_1_724' title='bbox 2486 5005 2621 5060; x_wconf 90' lang='lat' dir='ltr'><strong>mihi</strong></span> <span class='ocrx_word' id='word_1_725' title='bbox 2652 5021 2750 5062; x_wconf 89' lang='lat' dir='ltr'><strong>suo</strong></span> <span class='ocrx_word' id='word_1_726' title='bbox 2778 5006 3227 5080; x_wconf 81' lang='lat' dir='ltr'><strong>metrOpolitano,</strong></span> <span class='ocrx_word' id='word_1_727' title='bbox 3258 5013 3317 5060; x_wconf 91' lang='lat' dir='ltr'><strong>ut</strong></span> <span class='ocrx_word' id='word_1_728' title='bbox 3351 5019 3445 5059; x_wconf 88' lang='lat' dir='ltr'><strong>ec-</strong></span> 
     </span>
    </p>
   </div>
   <div class='ocr_carea' id='block_1_108' title="bbox 1847 5092 3453 5169">
    <p class='ocr_par' dir='ltr' id='par_1_108' title="bbox 1847 5092 3453 5169">
     <span class='ocr_line' id='line_1_108' title="bbox 1847 5092 3453 5169; baseline -0.002 -15"><span class='ocrx_word' id='word_1_729' title='bbox 1847 5095 2182 5156; x_wconf 90' lang='lat' dir='ltr'><strong>clesiasticos</strong></span> <span class='ocrx_word' id='word_1_730' title='bbox 2211 5092 2451 5166; x_wconf 89' lang='lat' dir='ltr'><strong>judiccs,</strong></span> <span class='ocrx_word' id='word_1_731' title='bbox 2467 5113 2696 5168; x_wconf 85' lang='lat' dir='ltr'><strong>quorum</strong></span> <span class='ocrx_word' id='word_1_732' title='bbox 2721 5097 2930 5169; x_wconf 81' lang='lat' dir='ltr'><strong>judicio</strong></span> <span class='ocrx_word' id='word_1_733' title='bbox 2956 5108 3138 5154; x_wconf 67' lang='lat' dir='ltr'><strong>causa</strong></span> <span class='ocrx_word' id='word_1_734' title='bbox 3162 5093 3453 5163; x_wconf 81' lang='lat' dir='ltr'><strong>ﬁniuntur,</strong></span> 
     </span>
    </p>
   </div>
   <div class='ocr_carea' id='block_1_109' title="bbox 1846 5184 3455 5262">
    <p class='ocr_par' dir='ltr' id='par_1_109' title="bbox 1846 5184 3455 5262">
     <span class='ocr_line' id='line_1_109' title="bbox 1846 5184 3455 5262; baseline -0.007 -12"><span class='ocrx_word' id='word_1_735' title='bbox 1846 5194 1989 5250; x_wconf 89' lang='lat' dir='ltr'><strong>sicut</strong></span> <span class='ocrx_word' id='word_1_736' title='bbox 2015 5189 2164 5261; x_wconf 89' lang='lat' dir='ltr'><strong>leges</strong></span> <span class='ocrx_word' id='word_1_737' title='bbox 2195 5195 2255 5241; x_wconf 93' lang='lat' dir='ltr'><strong>et</strong></span> <span class='ocrx_word' id='word_1_738' title='bbox 2283 5190 2488 5258; x_wconf 80' lang='lat' dir='ltr'><strong>regulae</strong></span> <span class='ocrx_word' id='word_1_739' title='bbox 2506 5190 2718 5262; x_wconf 85' lang='lat' dir='ltr'><strong>jubent,</strong></span> <span class='ocrx_word' id='word_1_740' title='bbox 2738 5190 2818 5248; x_wconf 88' lang='lat' dir='ltr'><strong>illi</strong></span> <span class='ocrx_word' id='word_1_741' title='bbox 2844 5190 3183 5260; x_wconf 80' lang='lat' dir='ltr'><strong>delegarent.</strong></span> <span class='ocrx_word' id='word_1_742' title='bbox 3198 5184 3455 5252; x_wconf 86' lang='lat' dir='ltr'><strong>quiddam</strong></span> 
     </span>
    </p>
   </div>
   <div class='ocr_carea' id='block_1_110' title="bbox 2189 5278 3457 5312">
    <p class='ocr_par' dir='ltr' id='par_1_110' title="bbox 2189 5278 3457 5312">
     <span class='ocr_line' id='line_1_110' title="bbox 2189 5278 3457 5312; baseline 0 0"><span class='ocrx_word' id='word_1_743' title='bbox 2189 5282 2378 5312; x_wconf 44' lang='lat' dir='ltr'><strong>Albin“:</strong></span> <span class='ocrx_word' id='word_1_744' title='bbox 2418 5288 2557 5312; x_wconf 55' lang='grc' dir='ltr'><strong>..ιι-ἔὴ</strong></span> <span class='ocrx_word' id='word_1_745' title='bbox 2588 5301 2709 5312; x_wconf 67' lang='grc' dir='ltr'><strong>Α-“Α</strong></span> <span class='ocrx_word' id='word_1_746' title='bbox 2738 5301 2795 5312; x_wconf 70' lang='grc' dir='ltr'><strong>..Α</strong></span> <span class='ocrx_word' id='word_1_747' title='bbox 2829 5290 3076 5312; x_wconf 57' lang='grc' dir='ltr'><strong>-..ἓ-...ιω</strong></span> <span class='ocrx_word' id='word_1_748' title='bbox 3118 5289 3221 5312; x_wconf 72' lang='lat' dir='ltr'><strong>nn“</strong></span> <span class='ocrx_word' id='word_1_749' title='bbox 3252 5278 3457 5312; x_wconf 67' lang='grc' dir='ltr'><strong>ηὶΔΑἶΛ-</strong></span> 
     </span>
    </p>
   </div>
   <div class='ocr_carea' id='block_1_111' title="bbox 1848 5287 2125 5312">
    <p class='ocr_par' dir='ltr' id='par_1_111' title="bbox 1848 5287 2125 5312">
     <span class='ocr_line' id='line_1_111' title="bbox 1848 5287 2125 5312; baseline 0 0"><span class='ocrx_word' id='word_1_750' title='bbox 1848 5287 2125 5312; x_wconf 61' lang='grc' dir='ltr'><strong>..--.1--.ξο</strong></span> 
     </span>
    </p>
   </div>
  </div>
