4002 6296
582 265 675 322 57l

1561 277 1884 342 lllNCMARl
1924 280 2317 339 RHEMENSIS
2350 283 2866 350 ARCHIEPISCOPI

3739 298 3829 352 ὁτὲ

581 404 636 452 et
667 399 782 454 sine
809 400 976 474 Ipsius
1017 402 1236 460 licentia
1277 405 1346 462 al)
1387 423 1454 470 eo
1504 408 1785 477 recedens,
1839 409 2158 475 Laudunum
2186 417 2241 476 Α
2268 408 2585 465 inconsultis
2623 411 2826 481 aliquid
2850 426 3014 482 agere
3052 424 3400 482 przesumant.
3447 415 3515 471 Et
3545 417 3630 472 lex
3658 422 3821 490 prohi-

583 503 680 561 per
715 500 923 548 noctem
952 492 1174 564 aufugit.
1225 495 1394 563 Quem
1451 499 1682 556 domnus
1728 518 1821 558 rex
1868 503 2069 563 litteris
2107 514 2160 559 ct

587 585 766 640 missis
799 597 906 642 tam
945 587 1322 656 ecclesiasticis
1351 607 1512 662 quam
1539 603 1596 656 et
1626 597 1980 656 saecularibus
2009 609 2066 660 ut
2089 600 2159 654 ad

586 692 707 736 cum
731 681 938 740 veniret
975 697 1117 753 saepe
1147 687 1359 741 vocavit
1397 705 1410 742 :
1443 689 1538 758 qui
1566 690 1634 748 ad
1663 706 1787 748 eum
1818 693 2002 750 venire
2024 710 2159 750 con-

588 775 819 842 tempsit.
853 776 920 840 Et
949 780 1202 848 quoniam
1243 783 1490 852 pervenit
1529 784 1598 842 ad
1647 787 1903 844 domuum
1953 804 2156 860 regem,

583 865 709 932 quia
741 880 860 920 cum
893 865 1151 928 Lothario
1196 871 1268 928 illi
1313 875 1647 942 conveniret,
1679 885 1738 934 ut
1785 879 2070 937 ecclesiam
2107 889 2162 936 et

582 957 790 1028 plebem
841 961 942 1024 sibi
991 964 1251 1021 creditam
1303 967 1598 1036 desereret,
1618 978 1676 1028 et
1707 971 1761 1029 in
1798 986 1963 1043 regno
1990 973 2161 1043 ipsius

584 1050 818 1108 honores
845 1055 1135 1128 acciperet.
1168 1057 1269 1126 Qui
1301 1069 1354 1118 et
1389 1062 1443 1118 in
1480 1062 1677 1126 litteris
1703 1064 1901 1122 domno
1931 1068 2043 1137 regi
2073 1068 2158 1123 di-

584 1143 747 1198 rectis
793 1145 1009 1217 scripsit
1055 1148 1285 1208 dicens:
1321 1171 1340 1210 α
1370 1152 1480 1210 Deo
1524 1163 1662 1212 teste
1701 1156 1856 1213 vobis
1907 1157 2098 1227 loquor
2143 1177 2157 1214 :

579 1235 758 1308 potius
786 1237 926 1310 eligo
954 1249 1108 1304 extra
1143 1252 1384 1304 vestrum
1405 1244 1603 1317 degere
1627 1263 1890 1318 regnum,
1913 1265 2074 1319 quam
2101 1251 2157 1307 in

578 1336 761 1384 vestro
811 1331 933 1390 talis
983 1349 1266 1405 apparere,
1299 1338 1561 1409 quosdam
1598 1357 1763 1402 nosco
1789 1358 2096 1402 susurrare.
2133 1364 2151 1399 ι

579 1420 730 1475 Tunc
767 1425 995 1484 domnus
1025 1443 1119 1495 rex
1153 1433 1476 1496 necessitate
1507 1437 1821 1506 compulsus
1857 1441 2154 1506 mandavit,

579 1520 633 1564 ut
662 1513 787 1583 quia
819 1514 932 1585 ipse
958 1519 1145 1578 venire
1174 1522 1422 1594 nolebat,
1454 1525 1611 1588 liberi
1641 1529 1889 1588 homines
1923 1530 1990 1587 de
2037 1531 2156 1601 epi-

575 1618 600 1656 s
636 1603 758 1672 opio
784 1602 1028 1661 Lauduni
1057 1611 1122 1664 ad
1148 1625 1270 1666 eum
1302 1617 1619 1684 compendio
1659 1617 1859 1686 palatio
1887 1621 2153 1678 venirent.

576 1693 691 1758 Quo
729 1694 892 1764 aliqui
924 1711 990 1750 ex
1015 1700 1094 1755 eis
1120 1712 1382 1759 venerunt
1417 1722 1429 1758 :
1463 1708 1782 1775 quibusdam
1820 1725 1968 1775 vero,
2000 1722 2060 1767 ut
2089 1713 2156 1767 ad

2259 501 2402 565 beat,
2433 511 2497 557 ut
2532 518 2629 572 per
2658 502 2888 560 alienam
2914 520 3148 562 messem
3174 509 3449 564 transiens
3494 507 3687 565 falcem
3729 529 3819 570 non

2261 594 2458 660 mittat,
2518 596 2614 650 sed
2682 611 2844 651 manu
2905 599 3082 669 spicas
3137 609 3387 655 conterat
3446 610 3504 656 et
3554 605 3820 662 manducet

2259 683 2440 755 (Deut.
2465 689 2646 759 unt).
2676 708 2694 740 α
2729 688 2964 760 Falcem,
2989 710 3009 744 ι
3039 691 3216 760 inquit
3235 693 3426 750 beatus
3447 692 3740 766 Gregorius
3766 702 3818 754 ad

2257 776 2614 847 Augusﬁnum
2635 779 2748 850 (lib.
2775 797 2876 847 xtl,
2913 781 3063 851 epist.
3091 782 3152 838 5t
3170 823 3185 847 ,
3211 785 3283 840 ad
3309 783 3618 857 Augustin.)
3651 805 3670 840 ι
3699 789 3820 859 indi.

2257 869 2329 925 cii
2361 869 2578 928 mittere
2596 871 2651 926 in
2673 887 2737 930 ea
2759 883 2945 943 segete
2967 889 3076 931 non
3102 883 3278 942 potes,
3305 891 3425 944 quae
3449 877 3611 938 alteri
3633 879 3819 934 videtur

2255 975 2378 1018 esse
2406 963 2696 1020 commissa
2731 983 2744 1017 :
2779 963 2873 1026 sed
2897 980 2998 1035 per
3037 965 3287 1022 eﬂ‘ectum
3330 968 3458 1024 boni
3503 970 3688 1038 operis
3724 970 3813 1028 [ηι-

2258 1063 2440 1115 menta
2478 1055 2762 1119 Dentiuica
2801 1058 3054 1116 vitiorum
3101 1074 3328 1114 suorum
3376 1059 3549 1128 paleis
3582 1062 3816 1130 exspolia,

2256 1153 2314 1202 et
2341 1146 2390 1206 in
2421 1146 2667 1204 ecclesiae
2689 1163 2885 1218 corpus
2907 1151 3175 1206 monendo
3199 1159 3252 1204 et
3271 1153 3676 1221 persuadendo.
3688 1156 3819 1222 quasi

2257 1239 2586 1304 mandendo,
2617 1250 2894 1300 converte.
2952 1261 2972 1295 ο
3027 1241 3094 1298 Ει
3143 1241 3273 1298 item
3319 1241 3381 1296 S.
3427 1241 3724 1314 Gregorius
3765 1246 3821 1299 ad

2255 1327 2574 1388 Januari‘um
2616 1332 3074 1402 episcopum,q,ui
3119 1332 3383 1394 [siderum
3435 1335 3495 1391 V.
3545 1334 3632 1390 Cl.
3683 1352 3820 1391 causa

2255 1437 2369 1480 ante
2427 1423 2640 1492 injuria:
2703 1426 3292 1492 excommunicavert,
3355 1428 3599 1498 scripsit,
3664 1429 3826 1483 ditus

2259 1513 2384 1584 (lib.
2425 1532 2488 1582 ιι,
2515 1516 2625 1574 ind.
2661 1516 2747 1581 l0,
2778 1534 2858 1586 ep.
2887 1517 2979 1592 δι)
3009 1535 3024 1574 :
3061 1536 3079 1570 ι
3114 1517 3284 1585 Quia,
3315 1519 3364 1576 si
3389 1521 3463 1574 ita
3495 1529 3605 1584 est,
3635 1520 3762 1574 nihil
3784 1529 3823 1572 te

2255 1605 2498 1670 ostendis
2551 1606 2620 1668 de
2661 1606 2970 1666 coelestibus
3007 1608 3284 1679 cogitare.
3331 1608 3426 1664 sed
3475 1618 3744 1672 terrenam
3779 1613 3822 1662 te

2260 1695 2463 1752 habere
2489 1699 2960 1763 conversationem
2987 1700 3292 1771 signiﬁcas,
3323 1702 3448 1760 dum
3477 1717 3578 1771 pro
3615 1701 3821 1758 vindicta

578 1799 754 1853 regem
784 1800 1098 1856 perventum
1122 1800 1224 1856 est,
1249 1793 1573 1854 l‘lincmarus
1609 1799 1792 1854 venire
1817 1817 1922 1856 non
1952 1804 2156 1874 permi-
2191 1786 2234 1844 Β
2264 1787 2492 1858 Ρτορΐίω
2511 1788 2740 1858 ίηὶυνίίε,
2765 1790 2910 1859 quo“
2940 1790 3117 1846 “0'33
3144 1790 3347 1862 ι’θῧυίίε
3371 1791 3816 1861 Ρτοίιίὺθωτιω·

575 1877 664 1930 sit.
699 1878 764 1930 Et
792 1879 912 1935 ideo
941 1882 1169 1939 domnus
1198 1900 1293 1946 rex
1325 1886 1459 1946 duos
1499 1891 1782 1964 episcopos
1823 1892 2158 1952 Rbemorum

575 1970 884 2040 provinciae,
921 1974 1158 2030 Odonem
1185 1977 1391 2034 scilicet
1422 1991 1474 2035 et
1516 1981 1910 2052 Willebertum,
1937 1989 2005 2042 ad
2031 2005 2157 2043 eum

577 2062 744 2126 misit,
776 2065 1038 2124 mandans
1067 2077 1124 2120 ut
1151 2067 1266 2144 jam
1297 2071 1510 2128 tandem
1553 2074 1618 2132 ad
1653 2091 1773 2132 enm
1803 2077 2034 2138 veniret.
2091 2080 2158 2135 Et

576 2155 723 2208 misit
750 2156 1058 2227 reipublicze
1096 2161 1394 2229 ministros,
1421 2173 1480 2230 ut
1510 2166 1709 2226 liberos
1753 2169 2020 2239 homines,
2065 2173 2157 2242 qni

572 2246 638 2298 ad
665 2260 808 2310 etin),
856 2249 998 2304 sicut
1045 2253 1415 2322 mandaverat,
1449 2272 1556 2316 non
1607 2271 1895 2327 venerunt,
1937 2272 1995 2320 et
2031 2281 2156 2328 cum

573 2337 864 2397 lliucmaro
910 2345 1197 2416 degebant,
1243 2356 1338 2412 aut
1375 2349 1710 2412 voluntarios
1735 2362 1829 2412 aut
1859 2355 2059 2416 invitos
2088 2359 2156 2413 ad

571 2449 692 2487 eum
726 2436 912 2491 venire
942 2437 1201 2495 lacerent.
1627 2498 1636 2507 .

642 2525 896 2597 (Ibid.,c.
922 2529 1000 2604 5.)
1034 2531 1356 2590 Hincmarus
1377 2537 1601 2594 audiens
1627 2554 1814 2598 eorum
1841 2543 2156 2611 adventum,

570 2618 711 2672 sicut
740 2620 903 2674 etiam
931 2622 1045 2693 ipse
1070 2625 1120 2679 in
1145 2627 1351 2696 scripto
1374 2644 1473 2686 suo
1495 2630 2155 2706 demonstrat,antequam

572 2711 706 2780 reip.
743 2712 974 2782 ministri
1007 2716 1073 2769 ad
1128 2734 1250 2772 eum
1305 2720 1494 2782 directi
1543 2721 1863 2788 Laudunum
1909 2728 2160 2798 perveni-

573 2815 714 2867 rent,
750 2805 1044 2863 inauditam
1075 2820 1234 2866 antea
1260 2817 1465 2870 nostris
1496 2818 1830 2890 temporibus
1854 2833 2159 2879 excommu-

571 2896 892 2952 nicationem
909 2900 961 2952 in
984 2917 1151 2967 meos,
1171 2912 1224 2958 et
1246 2905 1538 2970 multorum
1558 2910 2086 2983 archiepiscoporum
2104 2922 2156 2972 et

568 2989 942 3066 episcoporum
973 2996 1372 3064 parochianos,
1403 3015 1509 3056 non
1560 3001 1625 3056 de
1670 3002 1988 3068 criminibus
2030 3007 2154 3076 qui-

567 3077 884 3158 buscunque
914 3094 1215 3153 accusatos,
1243 3089 1326 3144 vel
1356 3090 1653 3158 confessos,
1688 3096 1801 3152 sive
1855 3099 2150 3165 convictos,

567 3173 662 3226 sed
700 3188 798 3229 nec
848 3179 1159 3250 evangelice
1201 3183 1284 3238 vel
1319 3186 1645 3258 regulariter
1688 3193 2068 3257 commonitos,
2102 3193 2157 3252 in

568 3268 825 3335 parochia
848 3285 944 3324 sua
967 3276 1315 3344 perpetratis,
1331 3278 1450 3336 sine
1468 3295 1584 3338 mea
1600 3283 1951 3351 conscientia,
1966 3294 2156 3342 contra

575 3372 761 3412 sacras
793 3361 1007 3431 regulas
1029 3362 1310 3436 jaculavit.
1345 3367 1496 3436 Unde
1524 3371 1816 3434 maximum
1843 3376 2156 3431 scandalum

569 3454 622 3500 et
645 3449 757 3518 regi
782 3458 834 3503 et
857 3466 1049 3524 regno,
1082 3463 1135 3509 et
1179 3456 1296 3526 istis
1327 3457 1618 3528 Cisalpinis
1663 3463 1907 3520 ccclesiis
1955 3467 2154 3526 intulit.

570 3536 1071 3598 Excommunicaliu
1097 3561 1245 3612 vero,
1272 3550 1399 3620 quin
1429 3551 1608 3619 potius
1634 3553 1964 3621 maledictio,
1995 3573 2155 3627 quam

571 3628 710 3685 furia
735 3636 1039 3707 exagitatus
1063 3638 1419 3706 intorsit,hoc
1451 3645 1608 3700 modo
1635 3662 1693 3702 se
1723 3649 1883 3710 habet
1908 3668 1920 3705 :
1959 3670 1976 3702 ι
2014 3652 2157 3722 Apo-

571 3727 920 3794 stoliea,imo
943 3731 1124 3786 divina
1179 3736 1503 3794 auctoritate
1551 3753 1647 3810 per
1695 3741 1950 3798 virtutem
1998 3745 2158 3816 hujus

568 3815 696 3887 ligni
720 3817 990 3888 (videlicet
1015 3832 1213 3878 sancta:
1239 3827 1437 3898 crucis)
1459 3869 1472 3892 ,
1500 3832 1916 3898 cooperantibus
1951 3815 2157 3890 meritis

569 3919 771 3964 sanctze
832 3911 992 3980 huius
1047 3916 1326 3983 genitricis
1385 3917 1604 3984 Mariae,
1657 3936 1777 3976 cunt
1835 3927 2158 3980 auctoritate

571 4001 868 4055 beatissimi
909 4002 1168 4070 principis
1197 4007 1559 4074 apostolorum
1605 4007 1768 4074 Petri,
1817 4021 1927 4066 tam
1969 4029 2157 4069 omnes

572 4087 730 4156 hujus
755 4090 858 4144 loci
891 4091 1185 4157 invasores,
1208 4111 1368 4164 quam
1389 4097 1659 4166 parochiac
1689 4116 1837 4165 mete,
1863 4117 2157 4175 omnesque

572 4181 880 4249 huiusmodi
911 4186 1376 4243 contaminatores
1423 4199 1756 4261 cunctosque
1808 4194 1887 4249 eis
1928 4211 2157 4255 consen-

572 4276 787 4340 tientes,
815 4278 1158 4334 anathemate
1198 4279 1538 4346 damnamus,
1572 4292 1626 4346 et
1653 4301 1682 4342 a
1719 4285 1996 4356 liminibus
2031 4307 2156 4352 san-

574 4378 675 4422 ctm
705 4370 794 4424 Dei
831 4371 1092 4428 Ecclesiae
1131 4383 1377 4431 extorres
1431 4378 1630 4434 virtute
1685 4380 1917 4451 Spiritus
1980 4387 2154 4444 sancti

572 4459 932 4530 decernimus,
955 4474 1116 4537 atque
1139 4467 1206 4522 ab
1237 4469 1382 4524 omni
1414 4468 1850 4530 Christianorum
1879 4477 2154 4534 consortio

2261 1876 2609 1940 icdictionem
2641 1881 3006 1946 anathematis
3037 1883 3311 1946 invexisti.
3352 1881 3508 1942 Unde
3545 1883 3618 1941 de
3657 1893 3816 1952 (alter

2262 1970 2481 2030 omnino
2512 1981 2628 2038 esto
2665 1973 3117 2045 circumspectus,
3147 1985 3312 2046 atque
3340 1976 3713 2040 sollicitandis
3735 1976 3812 2033 “1‘

2262 2063 2514 2135 cuiquam
2541 2081 2640 2136 pro
2666 2066 3222 2138 defensiopeinjuria:
3273 2077 3377 2130 tua:
3422 2068 3630 2131 inferre
3675 2068 3811 2130 denuo

2257 2171 2579 2228 prmsumas.
2611 2157 2744 2214 Nam
2773 2160 2820 2216 si
2855 2160 2959 2216 tale
2999 2161 3203 2232 aliquid
3253 2160 3472 2224 faleris,
3519 2161 3572 2214 in
3621 2168 3675 2219 te
3711 2159 3808 2214 scits

2259 2257 2448 2318 postea
2484 2251 2891 2316 vindicantium.
2952 2272 2972 2307 ι
3029 2253 3097 2308 Ει
3136 2261 3361 2314 sanctos
3413 2252 3744 2322 Augustinus
3781 2253 3806 2302 in

2260 2343 2400 2398 libro
2427 2345 2494 2399 de
2518 2345 2845 2401 Pcenitentia
2881 2365 2892 2400 :
2933 2365 2951 2398 ‹
2985 2346 3213 2408 Auferte
3238 2346 3440 2408 malum
3466 2363 3498 2402 a
3525 2346 3680 2402 vobis
3701 2345 3806 2416 ipsi.

2261 2433 2468 2500 Quibus
2516 2437 2696 2491 verbis
2742 2439 2876 2492 satis
2921 2439 3191 2500 ostendit,
3222 2453 3329 2492 non
3372 2448 3606 2501 temere,
3637 2447 3692 2490 et
3719 2446 3806 2504 qm-

2263 2525 2597 2594 modolibet;
2630 2527 2722 2581 sed
2748 2542 2844 2606 per
2884 2525 3149 2595 judicium
3193 2526 3524 2592 aul‘ercndos
3569 2526 3737 2592 malos
3761 2524 3806 2596 ab

2261 2617 2518 2678 Ecclesim
2551 2620 2956 2687 communione.
2983 2619 3165 2687 Noluit
3196 2621 3341 2684 enim
3354 2618 3648 2690 Apostolus
3678 2614 3809 2672 honi-

2262 2726 2384 2778 nem
2411 2712 2481 2776 ab
2510 2713 2730 2772 homine
2749 2713 2986 2792 iudicari
3013 2729 3082 2772 ex
3106 2713 3334 2782 arbitrio
3392 2706 3807 2783 suspicionisnel

2261 2805 2423 2872 etiam
2453 2806 2886 2868 extraordinario
2909 2806 3424 2877 usurpatojudicio;
3454 2805 3552 2862 sed
3580 2805 3802 2876 poti”!

2258 2894 2376 2965 lege
2403 2894 2496 2968 Dei
2520 2897 2812 2956 secundum
2842 2898 3089 2962 ordinem
3102 2898 3379 2966 Ecclesiae,
3403 2897 3523 2966 sire
3551 2897 3804 2964 nitrum-

2264 2988 2488 3054 lessum,
2522 2991 2635 3046 sive
2667 2999 2976 3054 accusatum
3021 3000 3183 3062 atque
3221 2993 3551 3059 convictum.
3595 2987 3804 3060 Aliqua!

2260 3081 2386 3137 illud
2415 3097 2513 3145 cur
2539 3083 2678 3140 dixit
2706 3083 2792 3140 :Si
2824 3085 2945 3156 quis
2969 3083 3139 3148 frater
3157 3085 3473 3152 nominatur
3497 3094 3594 3152 aut
3617 3081 3807 3154 ΐορὶα-

2186 3158 2230 3220 ε
2265 3183 2367 3239 tor,
2396 3184 2488 3232 aut
2519 3177 2675 3236 idolis
2703 3178 2967 3244 serviens.
2987 3188 3122 3244 etc.,
3151 3179 3254 3244 nisi
3285 3180 3409 3251 quia
3448 3193 3572 3244 eam
3609 3176 3805 3250 notua:-

2265 3269 2464 3326 tionem
2491 3268 2714 3340 intelligi
2748 3269 2916 3326 voluit
2957 3287 3080 3341 qua:
3123 3273 3186 3338 tit
3221 3272 3277 3336 in
3327 3288 3679 3345 quemquam
3705 3282 3804 3328 cum

2261 3363 2524 3423 sententia
2555 3362 2746 3420 ordine
2769 3362 3080 3432 iudiciaria,
3105 3376 3269 3435 atque
3295 3365 3614 3438 integritate
3641 3359 3803 3420 imitr-

2262 3461 2369 3524 tur.
2399 3453 2532 3516 Nam
2554 3455 2599 3520 si
2629 3455 2924 3528 nominatio
2954 3458 3168 3523 sullicit,
3196 3458 3349 3526 multi
3375 3455 3653 3524 damnauit
3693 3459 3808 3514 ευΙῑ

2259 3549 2607 3620 innocentes;
2663 3553 2788 3622 quia
2832 3550 2967 3618 falso
3015 3567 3159 3626 saepe
3216 3553 3269 3620 in
3317 3567 3589 3624 quoquam
3615 3547 3808 3608 Crimen

2260 3641 2590 3708 nominatur.
2633 3663 2650 3698 ι

2894 3737 3124 3803 CAPUT
3164 3738 3227 3798 Υ.

2261 3826 2414 3895 Quod
2457 3829 2685 3886 ecclesia:
2731 3847 2842 3892 sua!
2880 3832 3202 3912 presbyteros
3240 3841 3299 3914 μ
3346 3831 3592 3896 manu»:
3637 3825 3806 3888 illiti“

2808 3912 3290 3976 excommunicart‘t.

2329 4012 2464 4083 (Lib.
2487 4030 2549 4070 ιν
2581 4012 2744 4085 Cap.,
2772 4030 2820 4068 c.
2853 4014 2967 4085 28.)
3016 4015 3090 4070 De
3127 4031 3232 4085 qua
3281 4011 3680 4084 praesunptione
3724 4024 3807 4063 co-

2259 4118 2374 4157 ram
2404 4104 2739 4175 coepiscopis
2766 4105 2990 4172 nostris,
3015 4106 3138 4176 quia
3166 4105 3379 4176 publice
3419 4105 3540 4164 illan
3583 4102 3810 4164 admise-

2259 4205 2361 4262 rat,
2389 4211 2508 4254 cum
2541 4198 2778 4268 corripui
2805 4217 2818 4253 :
2844 4199 2935 4254 sed
2962 4215 3068 4252 non
3099 4199 3369 4268 acquievit
3401 4199 3491 4253 ulb
3515 4197 3672 4250 modo
3700 4211 3812 4250 cor-

2257 4288 2379 4359 rigi.
2411 4287 2562 4350 Unde
2585 4290 2783 4354 iterum
2813 4305 2977 4356 causa
3007 4306 3118 4358 suae
3148 4289 3466 4360 iniuriosum
3491 4287 3809 4352 inconsulto,

2258 4388 2313 4436 et
2348 4380 2467 4435 sine
2495 4397 2760 4442 consensu
2789 4383 3237 4454 coepiscoporum
3263 4382 3564 4440 lilicnmtsis
3589 4382 3811 4450 provin-

2258 4470 2377 4536 ciae,
2415 4471 2555 4526 sicut
2601 4471 2790 4541 petitio
2843 4487 2873 4526 a
2922 4472 3132 4530 clericis
3182 4473 3535 4538 Laudunmsis

573 4555 778 4610 alienos
799 4557 1188 4627 adjudicamus.
1230 4582 1246 4612 ι
1292 4562 1359 4616 Et
1406 4579 1529 4618 mox
1577 4565 1926 4636 subsequitur
1955 4568 2008 4630 in
2055 4583 2153 4624 suo
2182 4539 2231 4598 θ
2259 4565 2388 4622 mihi
2420 4575 2668 4636 porrecta
2694 4565 3049 4636 demonstrat,
3076 4577 3131 4624 et
3178 4568 3231 4632 in
3273 4567 3462 4640 synolo
3499 4565 3641 4635 39"“
3682 4564 3814 4622 Ᾱυί⁴

572 4651 792 4720 scripto.
846 4672 863 4705 ι
913 4653 1318 4726 Rcsponditque
1364 4657 1542 4714 omnis
1589 4659 1808 4716 clerus:
1849 4662 2151 4720 Anathema

572 4745 681 4799 sint
743 4761 756 4798 :
811 4749 1115 4804 tenentibus
1173 4752 1506 4828 presbyteris
1563 4753 1617 4810 in
1667 4755 1918 4813 manibus
1967 4767 2152 4816 sancta

570 4835 879 4910 Evangelia,
910 4839 1219 4912 lignumque
1242 4855 1443 4906 sancta:
1467 4847 1668 4904 crucis.
1730 4867 1750 4904 ›

641 4931 855 4987 Praelati
889 4949 1016 4989 vero
1041 4936 1276 5007 episcopi
1304 4938 1367 4994 ad
1400 4954 1522 4996 eum
1559 4943 1868 5007 venientes,
1913 4943 2043 4998 nihil
2087 4945 2153 5008 de

569 5024 874 5080 obedientia
905 5041 1030 5098 erga
1058 5043 1259 5098 regem,
1286 5045 1448 5100 quam
1477 5030 1553 5084 illi
1599 5048 1759 5100 super
1802 5044 2149 5096 sacrosancta

563 5112 790 5182 iuravit,
821 5117 1192 5172 obtinuerunt.
1223 5120 1379 5192 Reip.
1433 5130 1613 5178 autem
1663 5125 1898 5182 ministri
1946 5143 1976 5182 a
2025 5141 2151 5196 rege

570 5207 782 5272 directi,
808 5208 1008 5263 nullam
1035 5210 1083 5264 ei
1106 5220 1198 5264 aut
1222 5212 1471 5283 cuiquam
1498 5214 1808 5272 violentiam
1833 5215 2148 5284 inferentes,

572 5299 817 5356 homines
843 5301 1039 5360 liberos
1067 5303 1326 5376 cpiscopii
1353 5305 1722 5368 Lauduneusis
1750 5309 1816 5362 ad
1853 5310 1994 5380 regis
2016 5310 2150 5369 ﬁde-

569 5388 773 5449 litatem
805 5404 1145 5452 sacramento
1172 5396 1651 5467 conﬁrmaverunt,
1683 5408 1737 5456 et
1771 5401 1848 5456 sic
1874 5402 1941 5456 ad
1970 5416 2150 5474 regem

539 5488 870 5556 “redierunt.
904 5491 1020 5562 Ipse
1057 5507 1187 5548 vero
1215 5508 1299 5550 me
1325 5495 1645 5564 postposito,
1690 5496 1746 5552 in
1794 5497 1890 5552 tali
1933 5511 2151 5558 excom-

572 5581 939 5636 municatione
985 5583 1098 5638 suis
1158 5593 1239 5639 est
1299 5585 1538 5642 libitibus
1587 5603 1715 5643 usus
1770 5605 1783 5641 ε
1838 5603 1961 5644 cum
2010 5588 2151 5645 sacri

572 5670 769 5726 Africa:
815 5675 1105 5742 provinciae
1150 5692 1383 5733 canones
1431 5679 1744 5749 praecipiant
1788 5678 1926 5750 (can.
1953 5678 2042 5749 86)
2096 5689 2154 5736 ut

573 5764 902 5840 posteriores
934 5768 1167 5840 episcopi
1202 5772 1564 5828 anterioribus
1612 5772 1880 5837 deferant,
1929 5786 2029 5830 nec
2071 5771 2152 5836 eis

2258 4659 2472 4716 niacum
2506 4659 2686 4722 habita
2723 4659 3110 4726 demonstravi,
3157 4663 3505 4734 presbytrms,
3557 4668 3614 4721 et
3663 4659 3815 4712 inini-

2257 4761 2397 4807 stros
2435 4750 2675 4806 ecclesiae
2710 4753 3227 4819 excommunicavit,
3273 4763 3332 4808 ut
3371 4766 3524 4808 nemo
3550 4751 3609 4804 iu
3635 4748 3817 4806 eadem

2256 4844 2514 4914 parochia
2548 4845 2835 4908 missarum
2858 4845 3031 4908 cilicia
3055 4847 3358 4906 celebraret.
3384 4843 3536 4902 Unde
3555 4841 3620 4902 S.
3644 4842 3817 4911 Augu-

2255 4935 2429 4994 stinus
2463 4935 2648 4992 doctor
2679 4935 3107 5002 l‘amosissinms,
3154 4945 3210 4996 et
3251 4937 3319 4992 ab
3345 4933 3650 5021 apostolica
3697 4933 3818 4990 sedc

2259 5029 2682 5098 receptissimus,
2712 5030 2803 5100 qui
2833 5028 3265 5102 Carthaginiensi
3310 5027 3533 5088 concilio
3573 5024 3818 5081 interluit

2259 5120 2472 5191 (concil.
2502 5119 2778 5190 Cartimg.,
2809 5138 2855 5178 ρ.
2889 5121 2970 5184 l9.
3006 5121 3120 5193 20),
3141 5131 3204 5178 et
3225 5118 3635 5185 constitutiones
3663 5117 3819 5186 ipsi“

2257 5207 2569 5280 plenissime
2623 5211 2800 5275 novit,
2857 5212 2912 5268 in
2965 5213 3190 5282 epistola
3248 5213 3308 5266 ad
3363 5208 3564 5268 exerunt
3611 5223 3668 5268 et
3723 5214 3819 5282 ple-

2254 5297 2372 5352 bem
2419 5299 2865 5374 HlppOllellSium,
2922 5304 3062 5360 inter
3103 5305 3206 5366 alia
3255 5304 3387 5358 dicit
3429 5305 3617 5373 (Aug,
3675 5307 3815 5372 epist.

2254 5387 2376 5459 l57)
2412 5407 2424 5443 :
2460 5408 2477 5438 ι
2509 5389 2688 5461 Nuper
2718 5392 2769 5446 in
2800 5395 3031 5452 concilio
3060 5397 3421 5467 episcoporum
3464 5394 3815 5452 constitutum

2251 5489 2351 5545 est,
2408 5483 2608 5538 nullum
2659 5485 2913 5545 clericum
2963 5489 3054 5560 qui
3111 5487 3332 5547 nondum
3383 5489 3672 5552 convictus
3717 5496 3813 5549 est,

2251 5575 2500 5644 suspendi
2567 5591 2595 5628 a
2656 5579 3035 5638 communione
3099 5579 3322 5643 (tollere,
3405 5580 3507 5636 nisi
3563 5581 3635 5643 ad
3695 5596 3810 5642 catt-

2249 5680 2362 5720 sam
2404 5682 2554 5722 suam
2585 5671 2997 5727 examinandam
3045 5690 3142 5730 non
3184 5688 3241 5728 se
3272 5673 3637 5744 prmsentarit.
3689 5693 3706 5728 ι
3751 5671 3812 5732 Et

2247 5761 2303 5818 S.
2361 5764 2656 5838 Gregorius
2716 5767 3017 5844 Augustino
3069 5782 3306 5844 tempore
3375 5769 3692 5843 posterior,
3763 5773 3815 5821 et
