3958 5398
158 199 279 253 573

160 401 423 457 cilienscs
439 405 740 478 episcopos,
757 409 1341 481 pronmlgavit_(lib.vrl,
1361 415 1471 470 ind.
1488 413 1543 480 2.
1559 416 1764 485 ep.61),

168 511 188 542 ‹
229 503 289 549 ut
312 511 474 551 nemo
509 498 624 553 sine
655 502 960 574 cognitione
993 505 1296 564 damnetur.
1327 529 1343 560 ι
1379 509 1444 564 Et
1474 510 1540 565 de
1579 509 1766 566 illicita

157 590 672 648 excommunicandi
709 595 914 651 ratione
954 596 1037 652 lex
1069 597 1356 658 Justiniani
1383 602 1632 662 catholici
1666 605 1768 660 im-

159 682 460 746 peratoris,
497 700 656 762 quam
689 689 882 760 probat
911 700 964 747 et
1002 703 1183 749 servat
1209 695 1450 752 Ecclesia
1476 697 1765 762 catholica,

159 775 554 832 constitutione
612 780 730 848 118,
766 784 996 853 capitulo
1034 785 1131 842 Ml
1158 829 1172 852 ,
1205 790 1443 848 decrevit
1494 801 1553 848 ut
1609 807 1767 847 nemo

157 870 482 940 episcopus,
524 890 682 928 nemo
713 881 996 950 presbyter
1037 886 1472 946 excommunicet
1508 885 1763 954 aliquem,

158 966 463 1027 antequam
488 977 647 1017 causa
669 967 946 1032 probetur,
979 979 1199 1040 propter
1221 988 1380 1044 quam
1404 975 1762 1032 ecclesiastici

158 1064 408 1105 canones
441 1053 544 1108 hoc
591 1051 702 1109 fieri
723 1057 937 1129 jubent.
973 1060 1027 1114 Si
1058 1063 1180 1130 quis
1208 1073 1390 1129 autem
1416 1066 1675 1124 adversus
1698 1084 1763 1123 ea

157 1148 735 1203 excomnmnicaverit
769 1152 1028 1228 aliquem,
1063 1155 1149 1211 ille
1179 1157 1399 1228 quidem
1431 1160 1521 1232 qui
1551 1177 1766 1218 cxcern-

157 1235 478 1293 municatus
508 1250 590 1294 est
631 1243 850 1311 majoris
876 1248 1173 1304 sacerdotis
1207 1252 1527 1312 auctoritate
1556 1254 1623 1310 ad
1645 1269 1764 1324 gra—

157 1327 298 1380 tiam
331 1341 536 1384 sanctae
573 1337 967 1392 communionis
998 1339 1210 1404 redeat;
1248 1343 1292 1397 is
1321 1352 1498 1400 autem
1523 1346 1611 1417 qui
1656 1363 1764 1404 non

156 1417 408 1490 legitime
438 1427 953 1497 excommunicavit,
986 1430 1039 1484 in
1075 1440 1276 1488 tantum
1305 1435 1575 1494 abstineat
1612 1456 1641 1493 a
1679 1454 1765 1496 sa-

153 1528 259 1565 cra
290 1517 678 1572 communione
705 1528 938 1594 tempus,
966 1535 1227 1593 quantum
1261 1527 1449 1596 majori
1497 1533 1764 1588 sacerdoti

155 1603 342 1659 visum
397 1607 582 1675 fuerit,
623 1620 679 1663 ut
738 1611 788 1665 id
856 1616 996 1684 quod
1055 1616 1251 1690 injuste
1293 1619 1440 1686 fecit,
1471 1623 1584 1692 ipse
1618 1627 1762 1692 juste

959 156 1199 272 ODUSC.
1238 207 1328 266 ET
1365 207 1579 265 EPIST.
1625 209 1688 264 li\'
1730 211 1956 269 CAUSA
2011 215 2339 280 HINCMARI
2379 218 2680 284 LAUDll'N.

159 308 292 364 loco
322 311 494 380 prior,
530 328 594 367 ev
625 316 793 370 sacris
820 317 1028 389 legibus
1051 319 1113 372 ad
1145 319 1460 385 Martinum,
1491 331 1545 376 et
1581 323 1646 378 ad
1680 325 1764 378 Si-
1793 337 1840 396 Α

3349 229 3453 286 574

2459 336 2686 394 CAPUT
2758 339 2858 396 VII.

1945 419 2097 486 Quod
2137 426 2490 492 pwitilentiam
2519 440 2565 485 et
2596 431 2841 512 viaticum
2877 435 3214 498 morientibus
3260 437 3382 510 (turi

2574 511 2748 554 veluti.

1942 607 2079 678 (Lib.
2113 625 2178 664 LV
2209 607 2364 681 Cap.,
2403 629 2453 670 c.
2483 614 2596 684 52.)
2629 616 2842 678 Nullum
2871 619 3134 690 siquidem
3178 621 3342 686 etiam
3388 623 3458 680 ad

1872 697 2114 754 ultimam
2139 702 2511 770 paenitentiam
2539 707 2762 778 suscipi,
2786 718 2840 764 et
2866 710 2994 774 nulli
3021 711 3214 774 viatico
3235 729 3458 784 munere

1870 791 2172 858 subveniri,
2209 805 2396 850 contra
2430 797 2676 862 Nieaanos
2697 810 2753 858 et
2797 800 3083 866 Africanos
3110 820 3351 870 canones
3401 816 3457 876 et

1871 884 2086 940 decreta
2140 884 2346 956 Siricii,
2373 898 2428 944 et
2479 890 2772 958 Innocentii
2824 904 2989 964 atque
3031 896 3328 968 Coelesuni,
3359 914 3462 966 nec

1869 992 1974 1043 non
2026 988 2080 1032 et
2120 979 2334 1046 Leonis,
2363 985 2553 1051 vetuit,
2595 985 2733 1050 sicut
2796 987 2847 1046 in
2901 988 3153 1058 saepefata
3197 993 3459 1062 petitione

1871 1067 2120 1126 habetur.
2162 1069 2293 1125 Cum
2340 1087 2436 1141 per
2483 1090 2542 1129 se
2587 1076 2796 1139 Veritas
2823 1079 3013 1140 dicat:
3078 1077 3222 1144 Venit
3280 1079 3458 1144 Filius

1867 1160 2094 1218 hominis
2120 1178 2354 1233 quaerere
2381 1174 2429 1218 et
2455 1165 2654 1222 salvere
2679 1170 2820 1238 quod
2850 1171 3076 1240 perierat
3123 1171 3276 1242 (Luc.
3305 1172 3416 1244 xix)
3440 1190 3454 1240 ;

1867 1256 1956 1323 qui
2019 1271 2125 1312 non
2154 1256 2288 1309 venit
2310 1256 2506 1326 justas,
2559 1260 2649 1316 sed
2686 1257 2978 1328 peccatores
3035 1280 3216 1330 vocare
3251 1266 3309 1322 in
3343 1281 3457 1336 po:-

1867 1345 2140 1400 nilentiam
2197 1347 2413 1419 (Matth.
2449 1350 2548 1421 ix).
2592 1351 2774 1410 Multis
2829 1370 2958 1412 voce
3009 1356 3220 1422 Domini
3283 1358 3458 1422 recla-

1870 1440 2162 1505 mantibus,
2196 1450 2250 1494 et
2270 1441 2528 1498 Ecclesia:
2557 1445 2838 1500 catholica:
2870 1447 3210 1515 doctoribus,
3237 1460 3293 1516 ut
3319 1465 3460 1522 pra:-

1868 1529 2063 1584 sidium
2096 1534 2518 1608 regenerationis
2547 1546 2599 1590 et
2621 1538 2970 1606 ptenitentim,
3003 1556 3280 1613 saetaeque
3305 1557 3459 1614 coin-

1871 1622 2142 1678 munionis
2173 1623 2224 1678 in
2254 1628 2443 1684 mortis
2470 1629 2711 1700 periculo
2734 1633 2922 1700 positis
2975 1643 3028 1690 et
3067 1635 3392 1706 petentibus,
3425 1651 3460 1694 a

151 1711 419 1778 patiatur.
449 1714 514 1769 Et
537 1715 660 1772 binc
694 1715 752 1772 s.
784 1717 1091 1790 Gregorius
1146 1724 1211 1776 ad
1259 1724 1522 1782 Joannem
1555 1728 1763 1798 episco-
1791 1697 1837 1758 Β
1869 1730 2139 1786 quoquam
2165 1717 2472 1776 nullatenus
2494 1721 2808 1794 denegetur-
2839 1725 2905 1780 Et
2927 1741 3145 1784 sacrum
3183 1727 3460 1798 Nicetium

150 1823 289 1877 pum
315 1809 512 1882 injuste
525 1814 1111 1880 ercomnnmicantcm,
1141 1818 1282 1874 inter
1302 1830 1499 1878 cretera
1523 1825 1760 1893 scripsit,

153 1898 349 1954 dicens
382 1900 491 1972 (lib.
524 1918 582 1968 tt,
613 1905 722 1956 ina.
758 1904 842 1969 Η,
867 1921 946 1974 ep.
979 1905 1068 1978 6);
1101 1927 1118 1958 ι
1149 1907 1388 1966 Cassatis
1409 1913 1581 1980 prius,
1603 1923 1764 1983 atque

152 1992 224 2044 ετΙ
260 1992 486 2050 nihilum
511 1996 744 2051 redactis
769 2001 1041 2068 przcdicta:
1067 2005 1351 2060 sententiae
1383 2015 1486 2062 tua:
1507 2008 1761 2072 decretis,

150 2096 222 2134 ex
255 2082 394 2137 beati
421 2085 564 2142 Petri
600 2089 965 2158 apostolorum
999 2093 1259 2165 principis
1285 2098 1636 2165 auctoritate,
1661 2101 1758 2155 de-

152 2175 440 2231 cernimus
464 2178 683 2248 triginta
712 2180 920 2236 dierum
939 2185 1114 2252 spatio
1134 2201 1285 2242 sacra
1316 2199 1366 2248 te
1388 2193 1764 2258 communione

150 2266 452 2334 privatum,
488 2272 553 2324 ab
583 2274 952 2344 omnipotente
977 2276 1088 2329 Deo
1121 2291 1304 2334 nostro
1337 2283 1470 2344 tanti
1503 2299 1761 2341 excessus

147 2357 374 2410 veniam
399 2375 518 2414 cum
544 2378 750 2418 summa
792 2367 1114 2436 pmnitentia
1145 2382 1197 2424 et
1227 2371 1482 2443 lacrymis
1507 2392 1758 2436 exorare.

155 2445 318 2512 Quod
351 2451 392 2502 si
427 2451 565 2505 bane.
595 2457 919 2518 sententiam
950 2469 1192 2516 nostram
1217 2465 1634 2533 cognoverimus
1659 2468 1763 2528 im-

152 2538 342 2608 plesse
375 2544 652 2600 remissius
683 2563 824 2604 :non
869 2551 982 2620 jam
1034 2561 1237 2610 tantum
1302 2556 1762 2624 injustitiam,sed

153 2645 212 2688 et
243 2623 636 2701 contumaciam
665 2640 1022 2699 fraternitatis
1064 2654 1168 2706 tum.
1193 2664 1512 2719 cognosces,
1535 2651 1762 2720 juvante

152 2729 411 2795 Domino,
451 2734 692 2790 severius
717 2738 1062 2806 puniendam.
1100 2760 1119 2794 ›
1155 2741 1216 2796 Ει
1243 2743 1370 2798 item
1409 2745 1551 2802 idem
1589 2761 1761 2814 quos-

149 2819 283 2875 dam
364 2823 642 2894 episcopos
727 2830 1091 2897 excedentes,
1143 2842 1263 2902 post
1332 2834 1759 2906 inquisitionem,

150 2921 344 2966 utrum
371 2929 626 2970 excessus
649 2919 863 2984 exsilio,
888 2921 971 2976 vel
1018 2923 1352 2992 depositione
1390 2928 1652 2998 cujusque
1691 2931 1764 2986 sit

150 3003 398 3072 dignus?
424 3006 476 3062 in
511 3021 604 3062 sex
637 3010 913 3068 mensibus
941 3013 1206 3074 Douiinici
1260 3020 1503 3089 corporis
1530 3030 1584 3075 et
1625 3038 1721 3080 san
1745 3055 1756 3063 -

146 3097 339 3166 guinis
382 3101 762 3164 communione
793 3106 1035 3176 privatos
1073 3123 1231 3178 agere
1281 3112 1653 3178 paenitentiam
1698 3115 1755 3174 in

147 3191 491 3248 monasterio
521 3192 789 3261 decrevit;
823 3211 889 3256 ea
932 3199 1239 3262 conditione
1267 3211 1348 3268 ut,
1411 3205 1457 3257 si
1510 3221 1756 3270 commu-

145 3280 321 3336 nione
343 3283 567 3350 privatis
599 3286 788 3350 mortis
815 3289 1107 3360 contigerit
1127 3291 1410 3352 imminere
1429 3298 1750 3365 periculum,

139 3371 463 3434 benedictio
491 3375 569 3432 eis
597 3377 780 3436 viatici
806 3395 911 3438 non
952 3395 1197 3453 negetur.
1238 3405 1254 3437 ι
1292 3387 1366 3442 De
1404 3404 1509 3457 qua
1559 3405 1746 3458 causa,

141 3465 388 3544 utAidcm
419 3467 567 3534 alibi,
595 3478 649 3524 et
682 3470 901 3531 aliunde
929 3474 1080 3541 dicit,
1114 3486 1330 3534 ostensa
1364 3490 1447 3544 est
1479 3483 1633 3540 nobis
1670 3485 1749 3539 ira

134 3542 318 3630 quam
385 3574 718 3629 sequamur,
767 3568 1013 3651 apposita
1078 3570 1250 3626 forma
1318 3576 1408 3628 cui
1477 3575 1753 3645 imprima-

137 3668 198 3706 Πὶ
210 3665 300 3702 υτ.
339 3669 360 3700 )

775 3746 1005 3804 CAPUT
1041 3749 1122 3804 Vl.

183 3833 349 3901 Quod
370 3835 599 3904 infantes
637 3843 690 3895 in
711 3859 808 3905 sua
852 3846 1104 3913 parochia
1133 3845 1388 3915 baptizari
1430 3850 1711 3918 prohibuit.

223 3947 362 4016 (Lib.
399 3965 463 4004 LV
487 3949 642 4022 Cap.,
669 3970 718 4008 e.
751 3956 812 4009 3i
832 3997 844 4019 ,
868 3955 983 4023 Π.)
1014 3958 1294 4013 Probibuit
1318 3977 1533 4031 quoque
1573 3975 1631 4018 ut
1658 3980 1753 4019 ne-

139 4055 239 4092 mo
267 4041 526 4108 parvulos
549 4045 602 4098 in
629 4062 726 4100 sua
755 4049 1032 4117 parochia,
1063 4052 1226 4106 etiam
1257 4053 1307 4106 in
1342 4055 1535 4110 mortis
1557 4072 1751 4127 urgen-

139 4133 220 4186 tis
243 4134 488 4200 periculo
511 4141 854 4206 constitutos,
883 4142 1214 4212 baptizaret;
1238 4145 1383 4202 sicut
1404 4149 1460 4202 in
1487 4151 1750 4218 petitione

136 4226 379 4297 praefata
408 4233 718 4288 continetur
762 4250 925 4288 :eum
987 4238 1203 4293 Veritas
1231 4240 1374 4294 dicat
1409 4258 1421 4294 :
1483 4239 1602 4296 Nisi
1630 4245 1748 4310 quis

131 4322 543 4390 renatus'fnerit
563 4343 627 4379 ex
655 4344 791 4396 aqua
823 4336 870 4380 et
907 4326 1110 4398 Spiritu
1142 4341 1344 4396 sancto,
1383 4350 1488 4386 non
1524 4334 1749 4388 intrabit

1868 1808 2155 1863 concilium
2207 1812 2449 1869 decrevit
2496 1813 2637 1886 (can.
2704 1817 2788 1888 l3)
2832 1835 2843 1872 :
2890 1838 2907 1870 ι
2949 1820 3329 1890 Generaliter,
3380 1823 3460 1886 in-

1866 1902 2075 1978 quiens,
2104 1905 2252 1959 omni
2290 1907 2512 1962 cuilibet
2543 1909 2616 1964 in
2671 1911 2816 1966 exitu
2857 1913 3054 1983 posito,
3105 1924 3158 1970 ct
3211 1915 3459 1990 poscenti

1865 1993 1967 2047 sibi
2000 1997 2400 2052 communionis
2436 2000 2665 2069 gratiam
2717 2001 2900 2072 tribui,
2933 2004 3217 2078 cpisc0pus
3261 2007 3457 2076 proba-

1863 2084 2046 2141 biliter
2084 2103 2150 2140 ex
2173 2087 2446 2163 oblatione
2474 2091 2603 2144 dare
2652 2091 2889 2146 debebit.
2933 2113 2949 2145 ι
2987 2095 3052 2149 Ει
3107 2095 3172 2150 de
3218 2096 3458 2168 ρηυΐίιιὶε

1867 2175 2291 2244 apostolicorum
2354 2179 2673 2250 pontificum
2729 2197 2791 2236 ex
2856 2184 2955 2237 hac
3006 2199 3166 2262 causa
3229 2187 3459 2240 decretis

1864 2279 2084 2324 sanctus
2113 2272 2220 2324 Leo
2241 2287 2376 2343 papa
2405 2270 2663 2340 judicium
2700 2275 2921 2346 protulit
2949 2275 3125 2348 (δραι,
3154 2278 3222 2330 ad
3247 2277 3454 2350 ρρίδικ),

1869 2382 1886 2412 ‹
1923 2373 1978 2417 ut
2003 2362 2046 2417 si
2073 2363 2192 2436 quis
2219 2365 2271 2418 in
2300 2363 2385 2418 illa
2411 2367 2763 2428 commiserit,
2796 2367 3003 2421 veniam
3051 2369 3154 2422 sibi
3198 2370 3456 2446 deinceps

1867 2453 2078 2508 noverit
2101 2455 2373 2528 denegari.
2410 2474 2427 2506 ι

2459 2567 2690 2625 CAPUT
2733 2569 2860 2634 Vlll.

1866 2657 2021 2724 Quod
2044 2659 2367 2730 sepulturam
2392 2662 2615 2728 mortuis
2659 2662 2743 2738 i_n_
2764 2664 3015 2730 parat/tia
3068 2681 3167 2724 sua
3208 2665 3457 2738 denegari

2529 2733 2785 2803 pt‘wcipil.

1939 2842 2074 2914 (Lib.
2111 2859 2176 2898 LV
2198 2842 2355 2912 Cap.,
2385 2859 2445 2902 c.
2480 2845 2592 2916 55.)
2621 2845 2967 2916 Sepulturam
2999 2849 3162 2912 etiam
3203 2853 3453 2915 mortuis,

1865 2935 2004 2990 sicut
2039 2933 2095 2990 in
2123 2945 2420 2990 memorata
2452 2936 2713 3013 petitione
2752 2939 3082 3003 continetur,
3109 2942 3275 3006 nimia
3300 2943 3457 3010 inbu-

1865 3026 2128 3086 manitate
2178 3035 2366 3082 contra
2413 3042 2598 3086 sacras
2655 3029 2990 3099 Scripturas,
3023 3047 3314 3103 sacrosque
3365 3050 3455 3089 ca-

1858 3133 2030 3186 nones
2069 3118 2320 3190 denegari
2362 3121 2637 3189 pra‘cepit,
2673 3137 2792 3184 cum
2823 3125 2962 3190 sicut
2991 3125 3044 3184 in
3079 3126 3304 3190 historia
3364 3143 3456 3190 ve-

1858 3208 2094 3264 neranda
2143 3209 2262 3264 libri
2329 3208 2533 3278 [legum
2582 3209 2808 3282 legimus
2865 3212 2948 3282 (ΙΙ
2982 3212 3105 3284 (leg.
3138 3217 3454 3289 xxi),ctiam

1860 3317 2048 3360 eorum
2091 3317 2314 3374 corpora
2373 3303 2461 3379 qni
2494 3303 2560 3358 ad
2602 3305 2913 3368 consultum
2959 3307 3170 3372 Domini
3235 3322 3457 3382 prOptcr

1857 3399 2139 3462 peccatum
2171 3391 2322 3457 Saul,
2351 3393 2419 3448 ob
2443 3395 2587 3464 quod
2623 3394 2764 3448 facta
2807 3406 2889 3451 est
2935 3396 3108 3452 fames
3162 3397 3214 3458 in
3262 3401 3450 3453 diebus

1855 3483 2027 3544 David
2059 3484 2228 3540 tribus
2254 3486 2411 3540 annis
2434 3483 2658 3555 jugiter,
2684 3487 2930 3548 crucifixi
2995 3488 3232 3553 fuerant,
3267 3491 3453 3545 lauda-

1855 3575 2038 3633 biliter
2059 3585 2188 3631 sunt
2217 3578 2486 3638 custodita
2515 3595 2542 3632 a
2590 3579 2891 3640 concubina
2943 3580 3092 3646 Saul,
3128 3598 3195 3647 ne
3249 3583 3453 3638 lacera-

1858 3679 2048 3728 rentur
2084 3673 2154 3730 ab
2177 3675 2368 3734 avibus
2395 3689 2495 3743 per
2525 3675 2691 3744 diem,
2721 3692 2900 3748 neque
2926 3694 2957 3736 a
2990 3675 3178 3740 bestiis
3206 3693 3303 3750 per
3347 3693 3449 3734 no-

1855 3773 2018 3829 ctem,
2043 3763 2216 3826 donec
2241 3763 2471 3828 stillaret
2503 3781 2645 3838 aqua
2693 3782 2854 3837 super
2883 3783 2978 3830 eos
3009 3768 3073 3826 de
3121 3769 3260 3826 coelo
3294 3788 3306 3824 :
3344 3768 3453 3824 sic-

1857 3871 1960 3927 que
2006 3857 2213 3928 sepulta
2252 3869 2378 3924 sunt
2419 3875 2540 3922 cum
2563 3861 2780 3918 ossibus
2805 3861 2934 3916 Saul
2981 3871 3035 3920 et
3084 3860 3349 3930 Jonatbze.
3385 3862 3451 3922 Et

1855 3953 1908 4008 in
1941 3953 2234 4024 Evangelio
2268 3954 2499 4025 legimus
2539 3956 2688 4025 quia,
2745 3966 2963 4026 petente
3006 3955 3451 4026 Josepr‘ilatus

1847 4046 2015 4117 jussit
2041 4047 2190 4100 reddi
2221 4062 2418 4117 corpus
2449 4048 2657 4102 Domini
2701 4047 2848 4108 Jesn.
2880 4064 3037 4116 quem
3082 4049 3240 4118 quasi
3300 4047 3451 4106 nefa-

1855 4141 1995 4198 rium
2023 4141 2335 4210 petentibus
2381 4140 2583 4205 Judaeis
2609 4140 2856 4210 crucifigi
2875 4139 3202 4209 adiudicavit
3224 4139 3444 4204 (Manli.

1854 4235 2026 4302 xxvii)
2059 4251 2073 4290 :
2114 4235 2260 4292 unde
2282 4241 2332 4286 et
2371 4249 2488 4286 cuni
2521 4234 2737 4302 iniquis,
2767 4232 3063 4288 secundum
3087 4232 3448 4303 Scripturam,

1849 4327 2135 4394 deputatus
2182 4335 2258 4380 est
2301 4324 2440 4393 (lsa.
2493 4326 2720 4394 I.Itt).Et
2770 4325 2960 4390 Judaei,
2993 4341 3062 4380 ne
3107 4335 3453 4396 remanerent

123 4410 193 4463 εκ
229 4425 445 4477 regnum
481 4415 728 4469 εωιονηηι
761 4416 947 4484 (ιοαη,
989 4421 1086 4490 ν);
1139 4430 1193 4474 ει
1237 4422 1358 4476 Non
1409 4425 1548 4477 venit
1599 4425 1743 4494 ﬁlius
1773 4433 1823 4492 ι)
1851 4417 2016 4471 etiam
2049 4415 2435 4472 sceleratorum
2502 4431 2730 4484 corpora
2769 4417 2824 4478 in
2873 4433 3037 4482 cruce
3103 4417 3191 4472 dic
3231 4417 3446 4472 sabbati

134 4503 380 4558 hominis
430 4509 636 4562 animus
691 4511 909 4577 perdere
939 4552 952 4575 ,
1009 4514 1100 4566 sed
1149 4513 1353 4568 salvere
1403 4516 1560 4585 (Luc.
1620 4520 1737 4588 Ix);

126 4600 188 4644 et
229 4593 408 4658 item:
443 4596 613 4656 Sinite
667 4600 916 4670 parvulos
970 4605 1143 4657 rescire
1199 4606 1270 4662 ad
1316 4623 1416 4670 nte,
1478 4617 1525 4662 et
1585 4608 1743 4662 nolite

121 4682 418 4749 prohibere
445 4705 536 4742 eos
584 4688 802 4759 (Halm.
846 4694 983 4760 six).
1027 4695 1252 4750 Obviam
1291 4699 1459 4751 etiam
1506 4699 1744 4755 decretis

129 4771 354 4837 Siricii,
391 4775 614 4842 Leonis,
643 4781 866 4844 Gdasii,
891 4792 947 4836 et
975 4784 1216 4841 Africani
1251 4789 1488 4844 concilii.
1518 4787 1651 4844 Nam
1677 4792 1746 4847 de

125 4865 444 4923 infantibus
465 4872 832 4941 baptizandis,
854 4878 946 4944 qui
975 4882 1211 4935 nondum
1233 4882 1490 4951 baptizati
1518 4898 1746 4938 noscun-

131 4969 254 5023 tur,
285 4965 497 5029 quoties
525 4970 828 5022 neces~itas
857 4974 1124 5042 exegerit,
1152 4976 1330 5045 regula
1367 4976 1741 5034 ecclesiastica

127 5067 239 5124 per
270 5054 483 5112 beatum
518 5057 779 5114 Siricinm
811 5071 893 5115 est
921 5067 1166 5132 prolata;
1202 5069 1355 5138 cujus
1385 5069 1588 5140 regula
1610 5085 1744 5125 eou-

127 5144 310 5202 clusio
353 5159 578 5204 constat
610 5151 709 5204 hoc
753 5155 908 5210 modo
927 5159 1140 5226 (Siric.,
1171 5165 1316 5232 epist.
1351 5168 1399 5228 1,
1431 5164 1507 5218 ad
1566 5163 1744 5219 Hime-

128 5239 297 5309 rium)
333 5257 343 5294 :
383 5261 402 5292 ‹
437 5242 597 5296 Nunc
628 5246 899 5310 przeiatam
938 5257 1176 5323 regulam
1203 5272 1391 5313 omnes
1409 5264 1636 5311 teneant
1661 5271 1747 5312 sa—

127 5331 551 5398 cerdotes,qlli
626 5335 809 5390 ηοίιιηῐ
859 5339 927 5393 ab
978 5349 1286 5398 annsIMiem
1339 5361 1531 5398 natm.
1586 5363 1748 5398 suber

1853 4510 2160 4573 inhumata,
2186 4509 2543 4564 obtinuerunt
2563 4523 2592 4560 a
2616 4507 2787 4562 Pilato
2819 4508 2968 4580 (Luc.
2995 4507 3108 4576 xxr)
3141 4518 3198 4561 ut
3237 4510 3451 4578 frange-

1854 4612 2040 4656 rentur
2074 4616 2263 4655 corum
2291 4617 2472 4666 crura,
2503 4608 2558 4664 et
2603 4599 2944 4658 tollerentur.
2985 4601 3051 4654 Et
3101 4601 3448 4668 antiquorum

1854 4692 2076 4756 Patrum
2114 4691 2333 4764 regulae,
2358 4694 2525 4747 etiam
2555 4705 2740 4746 eorum
2775 4708 3001 4764 corpora
3034 4690 3123 4762 qui
3176 4690 3274 4742 sibi
3313 4702 3452 4758 quo-

1855 4782 1988 4836 libet
2016 4783 2177 4838 modo
2210 4792 2442 4840 mortem
2477 4779 2798 4847 intulerunt,
2826 4783 2907 4837 vel
2937 4783 3024 4852 qui
3076 4794 3174 4848 pro
3205 4778 3318 4832 suis
3340 4792 3456 4834 sce-

1857 4875 2062 4930 leribus
2085 4874 2406 4944 puniuntur,
2451 4875 2516 4928 ad
2552 4873 2907 4940 sepulturam,
2938 4876 3066 4929 licet
3092 4869 3209 4922 sine
3239 4870 3460 4939 hymnis

1853 4974 1910 5020 et
1936 4966 2174 5034 psalmis,
2214 4963 2417 5024 deferri
2458 4964 2804 5036 praecipiunt,
2832 4976 2887 5022 et
2929 4978 3036 5026 non
3083 4959 3363 5025 sepultura
3410 4961 3464 5015 in

1855 5066 2040 5114 ventre
2093 5055 2289 5112 matris
2350 5059 2618 5120 omnium,
2645 5055 2695 5112 id
2741 5067 2826 5111 est
2863 5067 3039 5118 terrae,
3071 5065 3255 5106 carere
3297 5057 3467 5118 etiam

1857 5149 2042 5217 talium
2079 5147 2348 5210 cadavera
2378 5156 2775 5226 praeceperunt.

2485 5257 2722 5316 CAPUT
2750 5258 2842 5314 IX.

1855 5353 2012 5398 Dum!
2040 5357 2105 5398 Δρ
2135 5355 2222 5398 In}
2261 5357 2574 5398 par-nauibus
2631 5353 2862 5398 monenti
2911 5343 3322 5398 metropolitano
3379 5370 3476 5398 sun
