4002 6296
184 401 310 459 577

991 392 1237 456 orusc.‘
1273 392 1367 454 s'r
1401 376 1624 453 spis'r.
1660 390 1731 451 IN
1766 376 1999 454 causa
2033 376 2370 455 uiscum
2397 380 2708 457 montis.

3384 395 3490 456 578

185 532 265 573 ex
348 513 438 572 his
521 521 831 569 sanctorum
906 512 1228 584 pontiﬁcum
1294 513 1608 581 sententiis,
1642 513 1790 585 quia,
1820 514 1872 578 Α
1897 511 1977 569 Ne
1996 512 2127 586 quid
2153 530 2285 574 vero
2314 517 2385 573 sit
2412 515 2558 588 quod
2603 469 3031 589 praetermissum
3062 526 3092 572 a
3118 506 3298 575 "nobis
3348 518 3492 579 forte

189 623 293 666 me
348 604 898 679 postposito,judicio
934 604 1021 661 vel
1071 605 1420 662 hortamento
1460 604 1712 671 aliorum,
1743 612 1800 660 et

190 703 437 758 aliarum
457 699 861 772 provinciarum
915 699 1316 772 episcoporum,
1342 698 1651 757 Wenilonis
1692 699 1799 755 Ro-

189 794 577 867 tbomagensis
630 793 1065 865 archiepiscopi,
1115 802 1170 849 et
1214 794 1404 851 Encas
1462 793 1797 850 Parisiorum

120 900 123 901 '
188 891 470 963 episcopi,
503 891 621 948 sine
647 906 767 947 mea
789 901 846 947 et
858 891 1305 963 eoepiscoporum
1325 891 1647 949 Rhemensis
1676 907 1802 964 pro-

188 985 400 1040 vinciae
425 984 776 1048 conscientia,
808 984 1047 1055 praefatae.
1078 983 1403 1056 professioni
1435 985 1797 1052 subscribere,

193 1088 255 1134 et
271 1080 392 1151 regi
419 1080 549 1136 dare
569 1095 677 1135 non
701 1079 906 1135 debuit.
938 1077 1076 1134 Nam
1104 1082 1206 1136 etsi
1231 1088 1421 1136 contra
1469 1096 1557 1136 me
1596 1080 1799 1152 aliquid

192 1172 464 1237 habebat,
480 1180 570 1227 aut
591 1171 943 1242 apostolicam
963 1169 1149 1227 sedem
1174 1170 1346 1237 adire,
1370 1181 1464 1227 aut
1483 1173 1799 1244 petitionem

191 1265 440 1320 veritate
469 1263 661 1319 sub....
688 1262 809 1337 [leg.
835 1262 1037 1318 videtur
1058 1262 1369 1335 subnixam]
1391 1263 1652 1319 debuerat
1678 1265 1802 1319 mit-

192 1367 340 1422 tere,
368 1365 426 1412 et
454 1371 561 1412 non
593 1371 682 1411 me
704 1355 1023 1426 postposito,
1046 1353 1251 1423 judicio
1279 1355 1364 1409 vel
1412 1353 1642 1411 consilio
1687 1355 1801 1426 epi-

191 1467 493 1523 scoporum
520 1450 745 1505 aliarum
772 1450 1175 1522 provinciarum
1211 1451 1269 1505 in
1293 1450 1464 1506 altera
1513 1449 1800 1520 provincia

190 1543 596 1615 professionem
626 1552 682 1600 et
706 1542 1161 1612 subscriptionem
1188 1543 1302 1614 regi
1326 1541 1630 1615 porrigere.

828 1656 1056 1714 CAPUT
1089 1656 1176 1713 X1.

192 1752 361 1820 Quod
403 1753 630 1824 ineptam
682 1754 1015 1808 decretorum
1067 1751 1422 1807 collectionem
1480 1742 1794 1823 composuit,

564 1824 831 1896 eidemque
854 1824 1083 1879 iudebite
1114 1824 1438 1893 subscripsit.

267 1916 408 1973 Post
433 1917 549 1973 haec
578 1931 828 1988 quaerens
860 1914 1270 1971 adinventiones
1294 1923 1353 1970 ut
1382 1930 1441 1971 se
1464 1931 1495 1970 a
1518 1924 1793 1987 metropo-

189 2007 371 2063 litana
398 2004 734 2074 subiectione
747 2013 934 2077 posset
953 2018 1175 2069 exuere,
1194 2003 1431 2060 libellum
1453 2005 1520 2060 de
1544 2006 1797 2077 antiquo-

189 2115 322 2155 rum
350 2097 572 2163 Patrum
602 2095 820 2167 scripﬂs
842 2105 971 2152 ante
999 2111 1185 2152 sacros
1210 2094 1444 2151 Nicaeum
1498 2098 1716 2167 synodi,
1740 2106 1795 2153 et

188 2189 432 2245 aliorum
460 2198 771 2245 sanctorum
793 2202 1030 2244 canones
1051 2187 1214 2243 editis
1239 2188 1489 2260 collegit:
1521 2189 1575 2243 in
1597 2188 1795 2259 quibus

186 2283 499 2340 sententias
521 2283 666 2338 inter
687 2296 747 2337 se
767 2280 1035 2342 dissonas,
1060 2288 1117 2335 et
1165 2289 1354 2336 contra
1403 2281 1791 2350 evangelicam,

185 2385 249 2432 et
276 2375 631 2448 apostolicam
653 2384 815 2445 atque
832 2372 1179 2440 catholicam,
1201 2382 1256 2429 et
1300 2373 1608 2443 apostolica
1650 2372 1796 2428 sedis

187 2470 582 2525 auctoritatem
612 2467 942 2533 immiscuit;
972 2475 1026 2522 et
1049 2467 1225 2522 eidem
1279 2465 1464 2522 libello
1508 2467 1628 2522 sine
1680 2480 1795 2521 me-

187 2561 535 2633 tropolitani,
562 2569 619 2616 et
653 2559 1094 2630 coepiscoporum
1142 2556 1464 2614 Rhemensis
1500 2557 1794 2627 provinciae

188 2653 535 2710 conscientia
558 2660 615 2708 et
645 2665 916 2708 consensu
951 2649 1295 2721 subscripsit,
1321 2659 1378 2705 et
1409 2665 1440 2705 a
1461 2649 1677 2705 clericis
1704 2664 1795 2705 ec-

206 2745 380 2804 :lesiae
415 2759 550 2811 suae,
574 2759 675 2800 nec
722 2759 829 2799 non
878 2744 934 2798 et
991 2758 1021 2797 a
1062 2741 1411 2815 parochianis
1461 2742 1793 2814 presbyteris

185 2835 467 2893 subscribi
494 2835 655 2903 fecit;
688 2850 811 2891 cum
851 2833 1050 2891 Africae
1094 2833 1387 2905 provinciae
1428 2847 1666 2890 canones
1714 2832 1794 2888 di-

186 2939 324 2987 cant
348 2930 515 3001 (conc.
546 2928 689 3000 Afr.,
713 2942 764 2983 c.
798 2926 899 2995 55;
942 2925 1188 2994 Mitevit.,
1237 2942 1357 2998 cap.
1392 2927 1478 2983 l5.
1510 2927 1643 2983 Cod.
1671 2942 1791 2984 can.
1843 2956 1853 2971 -

185 3019 322 3075 eccl.
351 3019 521 3089 Afric.
550 3033 675 3074 can.
701 3017 794 3090 86)
824 3037 837 3072 :
879 3035 898 3069 ι
931 3016 1270 3074 Posteriores
1291 3017 1530 3089 episcopi
1561 3018 1795 3074 anterio-

191 3111 350 3168 ribus
389 3109 653 3174 deferant,
709 3123 813 3166 nec
860 3109 941 3165 eis
992 3109 1317 3166 inconsultis
1366 3110 1572 3180 aliquid
1632 3125 1795 3182 agere

185 3210 528 3273 praesumant
577 3220 591 3257 :

187 3294 402 3366 aliquid
447 3294 903 3366 praesumendum,
927 3301 1301 3364 competenter
1344 3308 1464 3350 esse
1518 3296 1587 3348 ab
1640 3294 1788 3349 omni

190 3387 435 3444 concilio
483 3390 862 3445 coercendum.
894 3407 914 3440 ι
945 3387 1013 3443 Ει
1061 3387 1457 3443 Antiochenam
1506 3387 1791 3444 concilium

189 3481 440 3537 decernit
465 3480 607 3553 (can.
630 3481 723 3553 9):
758 3501 775 3531 ι
810 3480 1284 3551 Metropolitanum
1318 3489 1373 3535 et
1394 3480 1603 3535 honore
1657 3495 1794 3549 prae-

190 3574 415 3640 cellere,
441 3583 495 3630 et
523 3573 657 3629 nihil
680 3574 911 3645 amplius
940 3584 1140 3644 praeter
1171 3588 1294 3629 eum
1318 3583 1548 3629 caeteros
1577 3576 1792 3644 episco-

190 3685 294 3740 pos
324 3684 507 3741 agere,
532 3669 829 3725 secundum
855 3656 1137 3737 antiquam
1190 3668 1430 3739 regulam
1475 3683 1505 3721 a
1543 3665 1796 3723 Patribus

190 3766 570 3827 constitutam,
596 3762 701 3816 nisi
749 3776 813 3815 ea
837 3768 1047 3814 tantum
1074 3775 1196 3831 qua:
1219 3761 1286 3812 ad
1318 3774 1471 3812 suam
1508 3759 1791 3813 dimcesim

186 3854 492 3923 pertinent,
518 3853 998 3924 possessionesque
1033 3850 1323 3921 subjectas.
1358 3869 1376 3901 ι
1404 3850 1470 3904 Ει
1497 3849 1555 3904 S.
1595 3848 1706 3905 Leo
1728 3850 1795 3904 ad

191 3946 544 4004 Theodorum
619 3945 1045 4018 Forojuiiensem
1141 3944 1456 4016 episcopum
1550 3943 1796 3999 decrevit;

193 4039 367 4110 (epist.
399 4038 523 4111 91):
546 4057 564 4089 ι
592 4038 725 4107 Quia
752 4039 805 4093 in
834 4039 1014 4094 causis
1036 4052 1156 4108 qua;
1177 4037 1243 4092 ad
1267 4036 1579 4108 generalem
1604 4037 1795 4091 obser—

190 4133 436 4187 vantiam
467 4133 742 4203 pertinent
770 4132 1011 4188 omnium
1033 4130 1245 4186 Domini
1271 4130 1640 4198 sacerdotum,
1660 4132 1797 4204 nihil

193 4225 317 4281 sine
369 4225 694 4295 primatibus
714 4232 929 4298 oportet
954 4223 1189 4295 impleri.
1220 4243 1241 4276 ι

264 4319 323 4374 In
372 4334 484 4392 quo
510 4318 689 4374 libello
733 4332 859 4375 cum
886 4318 1010 4373 aliis
1056 4318 1308 4385 diversis,
1337 4326 1394 4373 et
1425 4316 1527 4374 sibi
1554 4318 1798 4373 adversus

192 4411 487 4468 sententiis
514 4396 930 4482 subscripsit,et
956 4426 986 4464 a
1013 4408 1227 4465 clericis
1254 4410 1529 4481 parochias
1554 4410 1796 4466 subscri-

188 4506 246 4562 bi
275 4507 430 4575 fecit,
458 4507 583 4576 quia
611 4521 719 4561 non
752 4513 980 4577 possunt
1003 4505 1244 4577 episcopi
1276 4506 1516 4561 humano
1537 4504 1795 4561 condem-

1822 1868 1869 1941 Β

644 3210 703 3258 et
755 3202 845 3272 qui
879 3201 1173 3272 putaverit,
1221 3202 1420 3272 spretis
1471 3201 1788 3274 majoribus,
1819 3240 1865 3305 ο

1898 605 2167 673 videatur,
2191 610 2373 666 omnia
2401 608 2694 667 decretalia
2723 609 3159 667 oonstituta‘tam
3180 611 3360 669 beatae
3402 628 3493 670 re-

1898 700 2234 757 cordationis
2272 701 2607 770 Innocentii,
2658 712 2825 774 quam
2859 702 3101 759 omnium
3139 704 3489 765 decessorum

1900 795 2231 857 nostrorum,
2260 805 2381 861 quae
2399 791 2468 847 de
2496 791 2882 849 ecclesiasticis
2913 792 3219 861 ordinibus,-
3240 801 3304 852 et
3323 810 3491 854 cano-

1900 895 2031 937 num
2050 882 2389 954 promulgata
2431 890 2558 940 sunt
2591 884 2912 957 disciplinis,
2960 886 3096 943 ita'a
3125 896 3306 945 vestra
3357 891 3491 949 dile—

1900 973 2081 1030 ctione
2105 977 2367 1032 custodiri
2393 976 2595 1034 debere
2632 978 2977 1047 mandamus,
3006 980 3135 1037 utsi
3162 983 3286 1054 quis
3314 984 3370 1039 in
3397 985 3489 1042 illa

1900 1066 2255 1132 commiserit,
2278 1068 2494 1124 veniam
2518 1068 2621 1125 sibi
2645 1071 2902 1143 deinceps
2925 1072 3139 1129 noverit
3157 1076 3436 1148 denegari.
3463 1095 3486 1131 ι

1899 1153 1969 1209 Et
1982 1156 2055 1211 ita
2070 1157 2419 1229 subscripsit:
2441 1179 2461 1211 ‹
2485 1159 2833 1228 Hincmarus,
2852 1161 2963 1219 Deo
2978 1162 3292 1231 miserante,
3315 1164 3491 1223 eccle-

1901 1247 1996 1304 siae
2021 1248 2400 1311 L‘audunensis
2426 1252 2735 1324 episcopus,
2761 1253 2849 1310 his
2881 1265 3191 1312 sanctorum
3230 1256 3493 1328 apostoli-

1900 1354 1979 1396 ere
2003 1341 2149 1397 sedis
2167 1341 2393 1409 Patrum
2414 1345 2650 1400 decretis
2662 1344 3146 1418 obtemperandum
3166 1351 3484 1424 subscripsi.

1900 1430 2003 1499 Qui
2035 1447 2250 1504 quoque
2276 1434 2409 1488 mihi
2438 1435 2627 1491 eodem
2660 1435 2771 1491 Deo
2798 1444 3020 1493 auctore
3037 1440 3319 1496 commissi
3341 1450 3485 1505 sunt,

1899 1534 1955 1581 et
1982 1525 2037 1580 in
2066 1526 2149 1581 his
2172 1527 2425 1584 similiter
2446 1529 2707 1595 sentiunt,
2732 1530 2950 1586 solliciti
2980 1546 3202 1588 servare
3224 1534 3487 1590 unitatem

1899 1616 2125 1685 spiritus
2151 1618 2205 1672 in
2226 1617 2444 1674 vinculo
2467 1619 2637 1689 pacis,
2662 1620 2767 1675 hac
2790 1635 3001 1676 mecum
3028 1638 3164 1694 pace
3183 1625 3485 1694 potiantur.

1900 1706 1960 1763 Si
2002 1724 2131 1765 vero
2162 1710 2329 1782 aliqui
2360 1727 2541 1779 secus,
2571 1712 2819 1769 nolentes
2850 1713 2967 1769 ﬁeri
3016 1717 3149 1771 socii
3181 1717 3490 1789 huiusmodi

1901 1799 2220 1872 disciplinae,
2269 1817 2372 1859 nec
2419 1804 2725 1860 habeantur
2761 1806 3057 1878 participes
3085 1809 3490 1867 communionis

1896 1902 2115 1949 nostrae.
2137 1912 2156 1947 ι
2173 1893 2304 1963 Quae
2315 1896 2608 1967 praemissae
2621 1896 2963 1955 definitiones
2974 1901 3044 1955 ab
3060 1913 3126 1955 eo
3140 1901 3486 1971 subscripta,

1895 2001 2059 2057 quam
2087 1988 2198 2044 sint
2231 1990 2521 2046 contrariae
2557 1992 2702 2048 inter
2724 2007 2803 2059 se,
2847 2001 3011 2065 atque
3044 1994 3293 2051 adversm
3316 2008 3488 2051 evan-

1894 2077 2081 2147 gelicte
2120 2078 2359 2146 veritati,
2405 2082 2463 2136 et
2488 2082 2799 2151 apostolica:
2827 2085 3163 2151 auctoritati,
3206 2099 3368 2142 nemo
3394 2086 3490 2157 qui

1895 2168 2105 2223 dubitet
2136 2186 2151 2223 :
2176 2185 2300 2225 cum
2330 2170 2441 2225 sint
2463 2170 2531 2226 de
2564 2172 3009 2243 episcopiscerta
3037 2183 3092 2229 et
3120 2176 3408 2231 manifesta
3431 2176 3490 2233 in

1896 2263 2097 2334 regulis
2124 2265 2330 2320 sanctis
2356 2263 2584 2333 judicia.
2618 2266 2684 2320 Et
2707 2266 2933 2321 delatori
2950 2277 3040 2322 aut
3068 2267 3253 2340 lingua
3279 2267 3490 2339 σαρκιδ-
3572 2272 3575 2277 ”

1895 2362 1999 2418 tur,
2028 2363 2121 2408 aut
2162 2356 2393 2411 convicto
2437 2366 2593 2428 caput
2636 2359 2923 2427 amputari,
2964 2359 3106 2414 sicut
3138 2358 3231 2413 hic
3259 2361 3489 2430 potestis

1894 2446 2080 2503 videre
2124 2449 2466 2518 subscripsit,
2518 2458 2575 2504 et
2619 2450 2712 2520 qui
2740 2464 2810 2505 ex
2851 2451 2965 2506 suis
3013 2465 3207 2517 secus,
3239 2451 3487 2510 nolentes

1896 2539 2013 2595 ﬁeri
2051 2541 2188 2596 socii
2214 2540 2374 2611 hujus
2402 2540 2718 2612 disciplinae,
2744 2557 2852 2599 non
2884 2543 3214 2599 haberentur
3253 2545 3486 2614 partici-

1895 2645 1991 2700 pes
2020 2632 2417 2687 communionis
2438 2645 2567 2687 suae.
2591 2631 2726 2689 Cum
2746 2631 3050 2705 Cyprianus
3077 2635 3132 2691 iu
3163 2636 3484 2692 abusionum

1894 2723 2177 2794 gradibus,
2215 2731 2272 2779 et
2300 2723 2650 2781 innocentius
2678 2724 2732 2780 in
2765 2726 3001 2782 decretis
3028 2727 3145 2787 suis
3171 2743 3236 2784 ex
3271 2739 3489 2800 aposto-

1894 2814 2002 2872 lica
2037 2810 2307 2874 sententia
2330 2816 2639 2887 judiciaria:
2666 2821 2924 2890 potestati
2961 2820 3198 2892 gladium
3226 2822 3489 2896 legaliter

1895 2906 2168 2964 vindicem
2199 2908 2431 2965 doceant
2474 2923 2596 2966 esse
2623 2910 2983 2981 permissum,
3033 2926 3195 2982 quem
3218 2914 3513 2970 ecclesiar

1895 2999 2048 3056 sticis
2083 3000 2350 3057 ministris
2372 3000 2458 3057 vel
2507 3002 2561 3056 in
2592 3000 2754 3068 bello,
2787 3002 2872 3057 vel
2913 3004 2966 3057 in
3012 3004 3281 3061 seditione
3313 3007 3488 3061 corri-

1894 3106 2045 3163 pere,
2074 3093 2159 3148 vel
2178 3092 2342 3149 etiam
2372 3102 2615 3163 portare,
2638 3109 2669 3148 a
2690 3095 2986 3164 majoribus
3027 3096 3233 3152 nostris
3262 3096 3491 3167 legimus

1897 3198 2005 3238 non
2032 3198 2155 3239 esse
2179 3197 2499 3240 concessum
2522 3181 2683 3255 (Vide
2705 3186 2905 3239 Anton.
2929 3184 3268 3258 AugustinJ-l
3274 3205 3358 3241 ur.
3392 3205 3491 3244 ca-

1897 3290 2023 3341 non,
2068 3289 2124 3346 p.
2161 3290 2245 3341 ιιι,
2296 3276 2377 3330 tit.
2426 3274 2542 3346 20).
2575 3275 2642 3330 Et
2681 3274 2942 3331 Dominus
2987 3278 3117 3332 dicit
3146 3297 3158 3331 :
3187 3278 3488 3337 Beuedicite

1895 3365 2327 3423 maledicentisz
2358 3367 2525 3431 vobis,
2568 3377 2615 3420 et
2660 3378 2807 3421 orate
2837 3385 2934 3438 pro
2971 3374 3396 3441 persequentibus
3436 3385 3486 3431 et

1895 3456 2341 3511 calumniantibus
2372 3473 2459 3513 vos
2492 3455 2642 3529 (Luc.
2676 3460 2788 3528 vr);
2822 3470 2876 3512 et
2896 3457 3109 3525 Petrus,
3135 3477 3240 3517 non
3264 3464 3486 3518 redden-

1895 3558 1971 3604 tes
2012 3547 2213 3603 malum
2239 3566 2336 3619 pro
2368 3550 2532 3615 male,
2567 3548 2645 3603 vel
2688 3550 3023 3604 utaledictum
3063 3570 3157 3621 pro
3185 3555 3482 3621 maledicto,

1895 3641 1987 3696 sed
2009 3658 2037 3696 e
2065 3643 2332 3696 contrario
2361 3642 2713 3697 benedicentes
2743 3642 2792 3714 (1
2827 3642 2975 3698 Petr.
3017 3648 3099 3718 ιιι)
3121 3663 3135 3712 ;
3161 3659 3214 3705 et
3239 3648 3439 3705 Paulus
3468 3669 3481 3704 :

1898 3733 2026 3788 Non
2060 3749 2148 3788 vos
2172 3734 2529 3804 defendentes,
2559 3735 2878 3801 citatissimi,
2910 3736 3002 3791 sed
3022 3740 3143 3793 date
3180 3739 3355 3794 locum
3391 3742 3485 3797 ira:

1898 3826 2077 3901 (Rom.
2126 3827 2249 3900 xu).
2278 3829 2347 3883 Et
2378 3838 2600 3885 sanctus
2628 3826 2922 3899 Gregorius
2944 3831 2997 3885 in
3026 3831 3254 3901 epistola
3289 3835 3360 3888 ad
3387 3832 3487 3888 Sa-

1892 3922 2182 3977 binianum
2224 3922 2513 3977 diaconum
2556 3920 3208 3992 Constantinopolitantun
3233 3924 3350 3996 (tib.
3386 3941 3482 3995 vn,

1894 4017 2048 4088 epist.
2092 4014 2146 4088 1)
2177 4033 2191 4070 :
2220 4034 2241 4068 ι
2273 4016 2519 4071 Breviter
2546 4030 2804 4087 suggeras
2847 4016 3208 4076 serenissintis
3252 4018 3487 4076 dominis

1898 4110 2279 4181 nostris,quia
2317 4110 2365 4165 si
2389 4122 2491 4180 ego
2519 4110 2575 4164 in
2609 4118 2836 4165 mortem
2880 4109 3357 4180 Langobardorum
3402 4126 3489 4167 me

1899 4203 2136 4260 miscere
2178 4202 2490 4267 voluissem,
2517 4201 2681 4257 hodie
2707 4200 3186 4273 Langobardorum
3230 4219 3365 4276 gens
3387 4220 3489 4263 nec

1892 4309 2106 4366 regem,
2157 4310 2260 4351 nec
2288 4296 2473 4360 duces,
2526 4309 2627 4349 nec
2656 4295 2883 4351 comites
2918 4295 3167 4364 haberet,
3223 4299 3488 4368 atquein

1890 4380 2123 4443 summa
2159 4385 2476 4444 confusione
2504 4397 2665 4445 esset.
2698 4388 2824 4444 Sed.
2848 4389 2974 4458 quia
3001 4388 3176 4446 Deum
3198 4426 3201 4429 λ
3224 4391 3409 4460 timeo,
3432 4394 3491 4469 in

1900 4490 2077 4538 morte
2123 4480 2411 4551 cujuslibet
2472 4480 2709 4538 hominis
2750 4481 2996 4536 miscere
3046 4481 3303 4548 formido.
3358 4504 3382 4539 ι
3422 4485 3491 4543 Et

191 4599 317 4655 nari
358 4596 632 4665 examine,
663 4615 800 4670 quos
827 4598 969 4654 Deus
1013 4614 1112 4654 suo
1138 4596 1442 4655 reservavit
1464 4598 1691 4670 judicio.
1727 4597 1793 4653 Et

1901 4574 2483 4645 sanctus'nugustinus
2512 4574 2943 4633 adBouifacium
2969 4574 3170 4634 Africae
3195 4593 3493 4649 proconsu-

187 4694 350 4761 item,
392 4703 453 4748 ut
483 4712 503 4746 ι
529 4704 719 4748 vocato
743 4692 996 4764 episcopo
1027 4684 1289 4747 canonice
1317 4691 1372 4746 in
1400 4690 1521 4771 loco
1542 4690 1794 4748 omnibus

188 4803 463 4859 congruo,
495 4796 736 4860 tempore
779 4785 1048 4859 synodali,
1076 4785 1145 4841 ab
1172 4784 1425 4841 omnibus
1453 4784 1796 4856 comprovin-

187 4878 430 4934 cialibus
475 4863 743 4950 episcopis
791 4877 847 4931 in
886 4891 984 4931 sua
1031 4875 1308 4947 provincia
1361 4874 1631 4930 audiatur.
1669 4873 1794 4942 Qui,

186 4970 524 5027 concordem
551 4984 715 5041 super
733 4984 800 5026 eo
822 4966 1069 5039 proferre
1090 4968 1368 5023 debebunt
1389 4958 1737 5023 sententiam:
1771 4980 1791 5018 ι

188 5060 355 5131 Quod
379 5071 433 5116 et
452 5060 774 5116 Antiocheni
803 5074 1041 5116 canones
1068 5050 1412 5131 apertissime
1438 5054 1798 5114 decreverunt

188 5162 342 5226 (can.
380 5157 487 5231 14).
519 5157 588 5217 Ει
636 5157 765 5213 item
788 5154 1111 5228 subscripsit
1154 5162 1209 5209 et
1232 5148 1500 5211 subscribi
1526 5166 1558 5208 a
1583 5150 1799 5208 clericis

187 5254 313 5310 suis
335 5252 486 5319 fecit,
510 5262 571 5309 ut
596 5272 616 5306 ι
651 5252 879 5310 delatori
906 5264 1000 5308 aut
1020 5250 1199 5324 lingua
1228 5234 1531 5321 capuletur,
1552 5256 1648 5305 aut
1668 5242 1797 5327 con-

174 5348 345 5409 victo
378 5356 545 5419 caput
566 5356 895 5419 amputetur.
936 5366 955 5400 ι
990 5344 1055 5402 Ει
1079 5344 1411 5417 subjungens
1436 5344 1638 5400 Leonis
1665 5332 1790 5398 seu;

176 5440 422 5505 tentiam
448 5456 553 5512 qua
582 5439 716 5496 dicit
738 5437 892 5512 (ep.,i
928 5438 997 5492 ad
1023 5438 1208 5509 episc.)
1226 5453 1256 5511 _:
1286 5455 1304 5487 ε
1334 5435 1462 5492 Haec
1489 5437 1673 5507 itaque
1694 5436 1794 5491 ad-

186 5534 429 5592 monitio
461 5542 646 5590 nostra
671 5532 974 5596 denuntiat,
1005 5532 1148 5603 quod
1178 5529 1225 5586 si
1257 5528 1380 5608 quis
1406 5529 1634 5585 fratrum
1656 5544 1788 5586 con-

189 5635 280 5683 tra
310 5626 432 5682 haec
476 5626 772 5682 constituta
816 5623 1003 5679 venire
1051 5620 1365 5689 tentaverit,
1420 5628 1476 5675 et
1522 5618 1795 5699 prohibita

186 5716 365 5775 fuerit
418 5734 587 5776 ausus
633 5717 940 5780 admittere,
996 5731 1029 5771 a
1087 5730 1186 5771 suo
1234 5726 1293 5770 se
1348 5712 1564 5769 noverit
1617 5708 1797 5767 oiﬁcio

187 5810 672 5867 submovendum:
705 5824 806 5866 nec
853 5806 1254 5866 communionis
1296 5813 1502 5863 nostra:
1548 5798 1797 5859 futurum

193 5916 325 5960 esse
359 5911 692 5972 consortem,
737 5903 831 5975 qui
874 5902 1054 5960 socius
1082 5900 1257 5958 noluit
1297 5890 1447 5957 esse
1476 5894 1794 5968 disciplinae.

1903 4668 2009 4724 lem
2040 4686 2053 4722 :
2091 4686 2110 4718 ‹
2147 4667 2273 4734 Fas,
2318 4668 2513 4738 inquit,
2560 4682 2667 4722 non
2713 4676 2817 4733 est,
2844 4677 2902 4722 ut
2935 4684 3061 4725 reus
3093 4670 3329 4743 episcopi
3359 4689 3489 4747 sug-

1904 4762 2242 4835 gestionibus
2266 4762 2569 4826 occidatur,
2620 4762 2713 4832 qui
2740 4762 2935 4828 veniae,
2966 4762 3011 4819 si
3040 4764 3380 4832 pteuituerit,
3409 4779 3492 4819 re-

1900 4872 2173 4919 servatur.
2209 4883 2228 4916 ι
2262 4860 2320 4919 Si
2343 4877 2451 4918 non
2477 4868 2563 4918 est
2587 4858 2675 4919 fas,
2696 4869 2756 4917 ut
2774 4860 3160 4931 reusepiscopi
3190 4860 3492 4930 suggestio—

1900 4959 2065 5013 nibus
2090 4957 2392 5022 occidatur,
2422 4953 2519 5024 qui
2538 4952 2746 5019 venia},
2790 4953 3211 5024 si'pmnituerit,
3241 4965 3489 5007 reserva-

1909 5059 2026 5116 tur;
2061 5049 2213 5104 nefas
2239 5057 2322 5102 est
2367 5055 2425 5101 ut
2452 5061 2598 5111 reus,
2626 5044 2717 5115 qui
2738 5044 2931 5109 veniae,
2958 5043 3009 5098 si
3035 5041 3370 5113 painitue'rit‘,
3399 5056 3488 5097 re-
3532 5088 3540 5096 .

1899 5134 3410 5212 sumitur:abepiscopoiattzmortemwadjudicetur,-et
3433 5134 3490 5189 iu

1896 5234 2107 5295 inertis
2123 5235 2188 5307 ‘ej
2198 5244 2258 5292 us‘
2278 5234 2485 5305 judicia
2510 5230 2897 5290 stibs‘cribaturr
2923 5247 2937 5285 ι
2964 5239 3033 5285 et
3058 5229 3367 5299 episcopus;
3386 5227 3491 5297 qui

1903 5317 2090 5389 cbittra
2132 5330 2575 5387 ecclesiasticum:
2592 5322 2867 5390 ordinem-
2880 5331 2951 5379 α
2969 5319 3293 5392 «regularem
3310 5352 3313 5363 ι
3328 5319 3466 5375 disci
3478 5349 3492 5360 -

1901 5412 2103 5497 piinam
2154 5414 3023 5492 subscripsitvur'sacri'aitaris
3070 5411 3320 5467 ministri.
3353 5410 3492 5473 huic

1901 5517 2093 5574 mortis
2128 5504 2696 5586 disciplinae'nulem
2718 5509 2833 5565 ﬁeri
2852 5506 3163 5571 'soeiig'non
3186 5504 3488 5562 habeantur

1898 5596 2192 5685 participes
2218 5596 2617 5663 communionis
2642 5612 2756 5659 suae
2782 5616 2796 5655 :
2822 5599 3040 5655 videtur
3075 5613 3136 5654 se
3164 5596 3325 5667 hujus
3342 5595 3490 5668 judi-

1902 5700 1979 5759 cii
2002 5699 2458 5771 subscriptiones
2487 5684 2866 5750 communione
2902 5689 3292 5748 ecclesiastica
3336 5703 3493 5761 sepa-

1902 5800 2078 5865 rasse,
2105 5812 2135 5851 a
2174 5795 2329 5866 cujus
2379 5788 2767 5847 communione
2795 5784 2845 5841 si
2877 5798 2941 5842 se
2991 5784 3226 5841 ministri
3266 5781 3488 5848 altaris,

1888 5886 2313 5948 "subscribean
2334 5896 2339 5901 ‘
2359 5881 2556 5942 Mortis
2601 5880 2826 5957 judicio,
2877 5885 3245 5953 separasseat,
3268 5874 3492 5951 solidius
