4002 6296
611 479 720 543 579

1571 484 1902 540 lllNCMARI
1941 484 2335 543 RHEMENSIS
2375 485 2903 544 ARCHIEPISCOPI
3718 497 3784 553 530

611 600 668 656 in
718 599 1100 654 communione
1134 597 1431 668 disciplina:
1486 598 1874 654 ecclesiasticae
1925 602 2199 670 perstitis-
2228 609 2277 665 Α
2307 601 2547 656 omnium
2584 603 2897 671 prodiderat
2926 601 3254 668 voluntates,
3289 605 3616 676 transgressio
3637 620 3701 662 est
3725 626 3787 680 pu-

618 700 761 746 80111.

685 784 835 839 Unde
863 783 1054 838 beatus
1079 783 1398 840 Ambrosius
1431 785 1486 838 in
1516 787 1742 855 epistola
1767 789 1835 842 ad
1867 787 2199 844 Valentinia-

611 891 737 930 num
764 862 1164 947 imperatorem,
1217 877 1307 946 qui
1332 878 1621 947 petebatur
1651 889 1838 934 contra
1884 881 2197 951 religionem

609 969 975 1024 Christianam
1027 969 1128 1040 legi
1169 971 1515 1026 subscribere
1565 991 1579 1025 :
1629 989 1648 1024 1
1687 972 1964 1027 Convenio
2001 973 2196 1026 iterum

609 1061 768 1116 fidem
804 1069 970 1126 tuam,
1001 1064 1265 1118 convenio
1297 1072 1530 1117 mentem
1559 1071 1725 1130 tuam,
1758 1081 1829 1120 ne
1857 1064 1940 1118 vel
1969 1079 2198 1133 respou-

607 1153 839 1208 dendum
888 1154 1186 1208 secundum
1222 1153 1528 1222 ltujusmodi
1569 1155 1885 1223 petitionem
1918 1155 2196 1226 gentilium

607 1259 850 1309 censeas,
880 1245 967 1300 vel
1013 1246 1066 1299 in
1099 1246 1363 1316 ejusmodi
1399 1261 1655 1318 respousa
1695 1246 2038 1315 sacrilegium
2072 1246 2198 1300 sub—

605 1337 917 1408 scriptionis
965 1338 1228 1408 adjungas
1259 1355 1271 1389 :
1307 1351 1413 1391 vox
1444 1338 1590 1391 enim
1624 1346 1736 1402 tua,
1767 1352 1959 1392 manus
2001 1346 2110 1402 tua,
2144 1346 2196 1391 et

605 1431 929 1500 subscriptio
957 1439 1046 1484 11111
1072 1445 1206 1501 opus
1231 1438 1314 1485 est
1347 1440 1516 1484 tuum.
1557 1449 1574 1480 1
1609 1429 1676 1484 Et
1713 1430 2060 1499 antiquorum
2091 1429 2193 1484 Pa-

604 1530 746 1577 trum
771 1538 1007 1578 canones
1031 1523 1389 1577 decreveruut
1431 1523 1670 1578 dicentes
1705 1539 1718 1574 ε
1757 1540 1774 1572 1
1813 1519 1969 1590 Saepe
1996 1520 2196 1589 princi-

602 1633 697 1687 pes
711 1625 898 1671 contra
921 1615 1193 1685 quoslibet
1214 1613 1514 1683 majestatis
1534 1615 1800 1670 obnoxios
1822 1614 2198 1669 sacerdotibus

601 1710 815 1779 negotia
853 1720 950 1762 sua
980 1708 1330 1762 committunt
1357 1724 1370 1760 :
1399 1715 1455 1760 et
1483 1707 1612 1775 quia
1642 1707 1956 1762 sacerdotes
1987 1706 2192 1761 Christi

599 1799 667 1852 ad
715 1799 1077 1852 ministerium
1107 1797 1300 1852 salutis
1329 1797 1484 1852 electi
1536 1806 1697 1862 sunt,
1730 1797 1804 1852 ibi
1852 1801 2196 1852 consentiant

600 1891 819 1960 regibus
845 1891 1076 1960 judices,
1110 1890 1202 1946 ubi
1226 1889 1582 1960 jurejurando
1622 1891 1872 1961 supplicii
1909 1891 2192 1961 indulgen-

2302 692 2416 746 nita
2447 703 2790 748 cunctorum.
2823 715 2841 746 ›

2372 795 2439 848 Et
2479 796 2605 865 quia
2641 809 2857 850 sacrum
2889 795 3164 850 Nictenum
3196 797 3472 851 concilium
3515 806 3786 870 metropolita-

2302 901 2400 941 nos
2427 888 2765 958 singularum
2795 889 3200 957 provinciarum
3233 890 3504 960 episcopos
3530 895 3782 966 privilegium

2301 980 2504 1034 habere
2531 981 2786 1036 decrevit.
2815 981 2970 1037 Unde
2993 981 3105 1038 Leo
3128 984 3196 1037 ad
3220 984 3518 1039 Anatolium
3543 989 3651 1044 dicit
3673 992 3784 1060 (epist.

2299 1072 2391 1144 55)
2422 1092 2434 1126 :
2473 1094 2490 1125 1
2532 1075 2643 1137 illa,
2680 1076 2951 1145 inquiens,
2983 1076 3325 1133 Niceeuorum
3347 1095 3592 1135 canonum
3619 1096 3784 1152 persan-

2302 1173 2447 1219 ctum
2479 1181 2606 1222 vere
2654 1167 2916 1238 Spiritum
2972 1171 3225 1225 ordinata
3275 1172 3502 1227 conditio
3535 1173 3581 1228 in
3609 1176 3716 1228 nulla
3736 1189 3786 1232 est

2302 1263 2455 1322 parte
2505 1257 2769 1312 solubilis.
2810 1277 2826 1308 1
2873 1257 2984 1313 Sed
3012 1269 3068 1314 et
3095 1259 3203 1314 alia
3252 1261 3504 1318 catholica
3545 1265 3719 1319 concilia
3741 1269 3784 1320 111

2303 1347 2371 1402 ab
2393 1349 2647 1404 omnibus
2679 1351 2847 1405 teneri
2874 1349 3210 1407 diliinierunt
3239 1367 3253 1406 :
3283 1354 3404 1422 quia
3427 1369 3592 1409 eorum
3618 1358 3786 1413 immobi-

2301 1436 2445 1492 libus
2467 1438 2702 1493 decretis
2721 1441 2999 1495 coutraria
3027 1440 3375 1513 subscripsit,
3401 1459 3476 1510 se,
3496 1444 3671 1516 sibique
3686 1465 3782 1502 cont-

2300 1531 2470 1602 plices
2501 1547 2532 1586 a
2577 1533 2843 1597 catholica
2886 1535 3273 1590 communione
3312 1552 3600 1608 segregasse
3627 1539 3781 1594 videtur.

2302 1620 2454 1676 Sicut
2476 1623 2604 1678 item
2652 1623 2763 1679 Leo
2795 1624 2848 1679 in
2879 1625 3104 1695 epistola
3135 1625 3204 1680 ad
3228 1625 3549 1681 Pulcheriain
3577 1628 3779 1698 Augustam

2302 1716 2472 1786 (epist.
2506 1717 2596 1788 55)
2643 1718 2930 1774 manifeste
2967 1707 3311 1775 demonstrat
3351 1720 3524 1775 dicens
3557 1739 3567 1773 :
3606 1721 3782 1774 «Contra

2303 1820 2506 1865 statuta
2543 1827 2812 1866 canonum
2844 1811 3224 1877 Paternorum,
3255 1828 3372 1882 quze
3409 1821 3523 1866 aute
3546 1803 3776 1883 longissima:

2299 1901 2477 1956 aetatis
2505 1917 2680 1956 annos
2725 1903 2778 1956 in
2807 1904 2942 1958 urbe
2965 1901 3188 1957 Nicaena
3218 1902 3569 1972 spiritualihus
3591 1914 3684 1956 sunt
3705 1902 3778 1953 lua-

601 1982 675 2035 tia
723 1982 1105 2046 committitur,
1133 1997 1238 2060 non
1277 1980 1367 2035 ubi
1397 1980 1729 2036 discriminis
1756 1983 2026 2036 sententia
2059 1997 2194 2051 11131-
2221 1976 2269 2035 Β
2298 1994 2422 2046 data
2447 1993 2706 2059 decretis,
2742 1993 2877 2048 nihil
2913 1994 3171 2064 cuiquam
3206 1994 3404 2049 audere
3427 1993 3685 2048 conceditur
3705 1992 3773 2046 τίω

597 2085 840 2144 paratur.
864 2074 921 2128 Si
953 2075 1075 2143 quis
1114 2073 1278 2128 etiam
1307 2074 1649 2129 sacerdotum
1684 2081 1871 2128 contra
1906 2087 2194 2128 comnmne

597 2165 908 2221 consultum
929 2165 1204 2222 discussor
1233 2165 1288 2220 in
1317 2165 1509 2221 alienis
1532 2165 1788 2235 periculis
1817 2167 2109 2230 exstiterit,
2135 2175 2193 2221 ut

597 2273 726 2312 reus
745 2256 900 2312 effusi
932 2258 1212 2326 sanguinis
1239 2258 1381 2327 apud
1410 2257 1710 2319 Christum,
1741 2268 1796 2311 et
1834 2257 1976 2326 apud
2006 2257 2192 2313 Eccle—

597 2349 734 2404 siam
767 2349 960 2418 perdat
1005 2350 1281 2419 proprium
1327 2349 1574 2420 gradum.
1629 2369 1646 2401 1
1701 2347 1798 2402 1110
1828 2358 2008 2402 31110111
2043 2349 2190 2405 1111110

595 2440 962 2495 comminante
1014 2456 1188 2511 neque
1231 2439 1481 2509 iubente,
1534 2441 1704 2510 gratis
1751 2440 2090 2510 subscripsit,-
2132 2449 2191 2494 ut

597 2532 824 2587 delatori
851 2541 946 2586 aut
971 2531 1153 2604 lingua
1185 2533 1497 2603 capuletur,
1532 2542 1626 2588 aut
1653 2543 1817 2603 caput
1855 2540 2187 2601 amputetur,

595 2634 652 2680 et
677 2625 766 2694 qui
795 2625 1030 2680 noluerit
1068 2625 1185 2680 tieri
1216 2627 1395 2680 socius
1427 2625 1586 2695 hujus
1617 2624 1932 2695 disciplima,
1967 2639 2067 2680 nec
2095 2625 2190 2678 ha-

594 2718 788 2774 beatur
813 2718 1086 2788 particeps
1133 2718 1532 2775 communionis
1581 2733 1712 2772 suae.
1741 2719 1808 2774 Et
1835 2733 1940 2774 non
1977 2718 2191 2774 suffecit

597 2808 676 2864 illi
701 2818 759 2863 ut
778 2808 1166 2874 subscriberet,
1197 2819 1466 2880 quatenus
1491 2809 1743 2864 convicto
1772 2807 2002 2864 delatori
2029 2818 2191 2879 caput

596 2909 950 2970 amputetur;
981 2915 1170 2956 verum
1201 2910 1257 2955 et
1308 2901 1589 2955 ministros
1642 2899 2048 2956 ecclesiasticos
2079 2915 2192 2957 suae

597 2995 892 3064 parochias,
917 2994 1046 3049 huic
1066 3008 1336 3064 perversae
1359 2995 1642 3049 sententia:
1674 2993 1804 3050 fecit
1822 2995 2185 3050 subscribere.

595 3087 947 3144 Reclamante
980 3087 1198 3144 Gelasio
1228 3088 1282 3143 in
1310 3089 1536 3159 epistola
1580 3089 1648 3144 ad
1694 3090 2043 3145 Anastasiutn
2088 3091 2188 3144 im-

594 3190 904 3251 peratorem
933 3181 1106 3251 (epist.
1162 3181 1248 3251 10)
1298 3198 1312 3234 :
1366 3199 1385 3232 1
1427 3181 1567 3236 Dicit
1607 3181 1919 3251 Apostolus,
1952 3183 2044 3252 qui
2078 3197 2187 3237 non

596 3274 772 3327 solum
819 3289 924 3328 non
960 3273 1204 3329 facienda
1255 3273 1486 3338 faciunt,
1517 3289 1639 3329 reos
1667 3274 1860 3340 videri,
1892 3275 2056 3330 etiam
2092 3276 2186 3346 qui

2298 2093 2357 2138 ut
2385 2085 2431 2139 si
2482 2086 2605 2155 quis
2638 2086 2914 2141 diversum
2943 2087 3156 2157 aliquid
3185 2087 3473 2144 decc-uere
3503 2085 3626 2149 velit,
3650 2100 3693 2138 se
3719 2098 3775 2153 p0-

2293 2175 2406 2231 tius
2431 2177 2640 2233 minuat
2664 2193 2825 2247 quam
2878 2178 2968 2233 illa
2994 2189 3332 2248 corrumpat.
3374 2198 3392 2228 ι
3421 2177 3484 2231 Et
3508 2178 3626 2246 quia,
3650 2185 3690 2228 ut
3707 2175 3773 2242 ipse

2292 2268 2484 2324 beatus
2513 2268 2642 2336 Leo,
2673 2279 2728 2324 et
2753 2279 2878 2325 ante
2907 2271 3056 2326 illum
3087 2272 3376 2336 Damasus,
3402 2279 3452 2324 et
3471 2267 3723 2327 Bonifacius,
3742 2275 3774 2317 et

2293 2369 2417 2430 post
2437 2377 2560 2416 eum
2584 2363 2676 2416 alii
2705 2363 3018 2432 apostolica:
3050 2365 3201 2418 sedis
3231 2362 3502 2433 pontifices
3519 2361 3773 2428 scripserunt,

2294 2451 2456 2506 iidem
2480 2455 2620 2508 sacri
2646 2470 2906 2523 canones,
2933 2470 3209 2510 mansurae
3233 2455 3436 2510 scilicet
3454 2469 3595 2524 usque
3613 2453 3653 2504 iu
3671 2455 3771 2503 linem

2294 2547 2475 2600 saeculi
2512 2547 2677 2617 leges,
2713 2548 2921 2618 Spiritu
2970 2549 3063 2603 Dei
3113 2559 3245 2603 sunt
3289 2548 3499 2602 conditi.
3532 2546 3612 2614 Qui
3635 2543 3771 2597 scilicet

2296 2637 2554 2709 Spiritus,
2593 2641 2749 2712 juxta
2782 2640 3157 2712 evangelicum
3194 2650 3249 2693 et
3300 2639 3612 2710 apostolicam
3640 2636 3770 2688 verita-

2297 2736 2405 2782 tem
2428 2728 2666 2798 Spiritus
2693 2738 2779 2784 est
2797 2719 2998 2796 Patris,
3025 2729 3268 2800 Spiritus
3293 2740 3374 2784 est
3392 2729 3520 2794 Filii,
3541 2727 3638 2797 quia
3655 2738 3770 2792 taqua-

2293 2822 2420 2877 liter
2443 2838 2473 2877 a
2495 2823 2657 2879 Patre
2685 2826 2932 2894 procedit
2953 2817 3016 2879 et
3041 2824 3205 2889 Filio,
3235 2836 3287 2879 et
3320 2836 3454 2880 totus
3474 2832 3546 2878 est
3568 2821 3712 2882 Patris,
3729 2833 3768 2870 at:

2260 2959 2269 2975 .
2297 2927 2442 2973 totus
2469 2928 2554 2975 est
2578 2920 2698 2974 Filii
2733 2921 3000 2990 Spiritus;
3041 2931 3097 2974 et
3129 2921 3314 2986 Pater,
3344 2930 3396 2976 ct
3426 2919 3586 2980 Filius,
3620 2921 3664 2968 et
3679 2912 3768 2965 idem

2296 3008 2534 3080 Spiritus
2581 3021 2824 3075 sanctus,
2873 3027 3106 3080 quorum
3157 3022 3241 3066 est
3271 3026 3372 3064 una
3419 3004 3767 3066 substantia,um

2295 3101 2565 3167 voluntas,
2599 3111 2653 3157 et
2697 3103 2975 3172 operatio;
3024 3101 3242 3156 scilicet
3280 3102 3390 3170 ipsa
3424 3107 3584 3152 sancta
3608 3089 3769 3146 Tritum

2293 3207 2436 3246 unus
2463 3202 2547 3248 est
2577 3193 2742 3259 Deus,
2770 3209 2834 3247 ac
2881 3194 3169 3247 Dominus.
3211 3193 3427 3249 Constat
3454 3190 3561 3259 quia
3601 3200 3626 3238 a
3648 3182 3769 3241 Patre,

2295 3291 2352 3338 et
2378 3283 2539 3349 Filio,
2570 3295 2624 3339 et
2651 3283 2860 3355 Spiritu
2882 3276 3103 3350 sancto,
3142 3294 3254 3340 tota
3305 3281 3529 3338 videlicet
3568 3274 3767 3332 ΤΙ-11111311,

597 3365 1310 3422 consentiuutfacieutibus.
1345 3366 1584 3437 Legibus
1611 3377 1759 3421 certe
1784 3367 1979 3420 vestris
2006 3367 2190 3420 crimi-
2219 3343 2263 3405 Ο
2298 3391 2406 3430 uno
2447 3374 2560 3431 Deo
2615 3385 2669 3431 ct
2693 3343 2949 3432 Inomino
2995 3376 3098 3446 ipsi
3134 3391 3368 3431 canones
3399 3382 3508 3429 sunt
3537 3365 3724 3426 conditi:
3751 3376 3770 3414 a

597 3473 726 3511 num
775 3458 1058 3522 conscios,
1105 3465 1562 3527 susceptoresque
1608 3457 2050 3512 latrocinandum
2091 3471 2190 3527 par

592 3549 917 3621 judiciorum
957 3567 1116 3622 poma
1145 3552 1470 3622 constringit
1511 3569 1523 3603 :
1569 3566 1670 3606 nec
1697 3566 1892 3622 expers
1931 3551 2190 3608 facinoris

595 3647 918 3711 aestimatur,
939 3647 1031 3717 qui
1059 3645 1185 3700 licet
1207 3647 1321 3716 ipse
1345 3662 1452 3700 non
1480 3645 1688 3712 fecerit,
1713 3645 1980 3701 facientes
2005 3655 2188 3701 tamen

595 3737 652 3793 in
675 3738 1095 3794 familiaritatem
1121 3738 1410 3809 foedusque
1439 3739 1725 3809 receperit.
1758 3756 1776 3791 1
1810 3739 1908 3794 1110
1929 3746 2112 3794 autem
2133 3745 2189 3794 et

596 3829 748 3897 fecit,
781 3840 838 3886 et
865 3830 1127 3886 facientes
1154 3832 1222 3885 ad
1257 3833 1526 3902 agendum
1556 3842 1742 3886 contra
1779 3831 1991 3903 regulas
2022 3847 2187 3902 quos-

596 3929 719 3983 dam
753 3928 985 3997 impulit,
1011 3927 1334 3996 quibusdam
1366 3929 1658 3996 persuasit.
1695 3927 1834 3982 Hinc
1852 3927 2143 3996 Apostolus
2172 3945 2186 3981 :

599 4017 690 4072 Sic
713 4019 848 4070 enim
877 4026 1148 4085 peccantes
1170 4016 1223 4067 in
1247 4016 1460 4084 fratres,
1485 4029 1531 4068 et
1553 4019 1895 4084 percutientes
1925 4018 2191 4071 conscien-

599 4113 726 4166 tiam
768 4125 948 4163 eorum
986 4109 1275 4176 inﬁrmam,
1312 4109 1366 4160 in
1403 4105 1671 4161 Christum
1701 4110 1970 4177 peccatis:
1996 4119 2041 4162 et
2069 4126 2189 4178 per-

597 4203 689 4257 ibit
726 4201 968 4270 inﬁrmus
1011 4202 1066 4254 in
1105 4193 1437 4254 tuavscicntiu
1468 4200 1653 4269 frater,
1679 4217 1782 4269 pro-
1816 4216 1917 4271 quo
1951 4200 2190 4256 Christus

598 4304 838 4346 mortuus
864 4304 936 4345 est
968 4291 1020 4363 (1
1044 4289 1165 4346 Cor.
1195 4289 1340 4361 vm).
1374 4290 1440 4344 Et
1468 4291 1662 4344 beatus
1687 4290 1982 4361 Gregorius
2004 4293 2056 4345 iu
2086 4291 2192 4346 Re-

599 4382 722 4454 gula
753 4383 1011 4453 pastorali
1043 4401 1054 4436 :
1092 4401 1110 4434 1
1151 4382 1542 4451 Scire,inquit,
1577 4382 1832 4450 praelatus
1855 4384 2033 4448 debet,
2061 4385 2189 4453 quia

599 4475 644 4532 si
677 4490 949 4545 perversa
998 4491 1235 4545 unquam
1269 4481 1606 4544 perpetrant,
1639 4482 1716 4528 tot
1742 4475 2008 4530 mortibus
2042 4476 2188 4546 digni

600 4575 747 4632 sunt,
797 4579 929 4638 quot
990 4568 1059 4623 ad
1113 4566 1359 4622 subditos
1404 4581 1532 4622 suos
1578 4566 1898 4636 perditionis
1944 4566 2188 4635 exempla

601 4661 1001 4716 transmittunt.
1029 4659 1182 4714 Unde
1208 4673 1427 4714 necesse
1449 4668 1532 4714 est
1564 4669 1625 4713 ut
1655 4668 1806 4714 tanto
1828 4673 1886 4713 se
1915 4659 2132 4715 cautius
2159 4677 2191 4716 a

603 4751 761 4821 culpa
799 4751 1128 4814 custodiant,
1186 4759 1388 4820 quanto
1435 4765 1530 4819 per
1573 4765 1740 4819 prava
1795 4765 1915 4820 qua)
1963 4749 2192 4820 faciunt,

601 4859 707 4897 non
737 4841 834 4896 soli
859 4841 1181 4896 moriuntur.
1221 4861 1238 4892 1
1272 4841 1336 4894 Et
1361 4842 1486 4894 item
1513 4839 1760 4896 Gelasius
1791 4843 1845 4896 in
1876 4842 2108 4899 decretis
2125 4845 2191 4900 ad

601 4936 886 5005 episcopos
919 4949 1015 5004 per
1047 4933 1376 4987 Dardaniam
1417 4936 1762 4998 constitutos,
1823 4950 1887 4990 ac
1922 4935 1966 4990 si
2017 4937 2082 4990 de
2111 4937 2195 4992 his

603 5029 858 5100 loquatur
878 5044 1017 5099 quos
1038 5043 1224 5083 secum
1257 5025 1389 5082 fecit
1415 5027 1762 5082 subscribere
1787 5027 2018 5100 (Gelas.,
2041 5031 2189 5098 epist.

605 5125 694 5191 11,
723 5123 828 5178 sub
854 5123 1009 5192 lin.):
1067 5140 1084 5173 1
1123 5121 1293 5185 Sicut,
1340 5121 1534 5191 inquit,
1588 5123 1639 5176 iu
1672 5123 1832 5178 simili
1887 5124 2195 5180 conditione

605 5221 903 5282 constricti,
941 5235 1045 5275 11011
1094 5227 1320 5289 possunt
1379 5218 1698 5289 complicem
1753 5235 1911 5274 suum
1952 5219 2196 5291 judicare

607 5328 711 5366 non
737 5311 860 5381 jure
893 5313 1230 5378 damnatum,
1279 5325 1457 5381 neque
1503 5313 1579 5365 rei
1621 5311 1717 5384 [αι.
1752 5329 1856 5366 0111.
1888 5311 1987 5385 rei]
2043 5328 2196 5366 reum

606 5413 832 5474 possunt
855 5414 1226 5475 competenter
1247 5403 1528 5460 absolvere
1559 5418 1573 5458 :
1601 5405 1679 5459 sic
1711 5404 1800 5458 illo
1819 5405 1966 5475 juste
1994 5420 2198 5476 praeva-

606 5495 842 5551 ricatore
871 5497 1144 5560 damnato,
1204 5496 1292 5551 isti
1335 5511 1550 5567 quoque
1596 5497 1712 5566 pari
1757 5496 1946 5567 jaceat
1977 5498 2197 5552 damna-

609 5587 756 5642 tione
786 5590 1044 5657 prostrati
1089 5608 1102 5642 :
1136 5605 1311 5659 neque
1346 5589 1470 5646 inde
1503 5589 1608 5645 nisi
1633 5591 2017 5660 resipisceutes
2039 5600 2193 5662 pote-

609 5687 738 5732 runt
760 5694 980 5747 prorsus
1005 5681 1248 5747 absolvi;
1281 5681 1409 5751 quia
1440 5681 1582 5737 sicut
1620 5697 1718 5751 per
1753 5699 1919 5736 unum
1952 5684 2191 5738 scriben-

610 5776 720 5823 tem
749 5782 933 5822 eorum
958 5771 1198 5825 omnium
1226 5771 1444 5843 vulgata
1485 5761 1845 5844 transgressio
1871 5782 1976 5838 est,
2007 5774 2100 5843 qui
2139 5774 2196 5829 111

612 5863 857 5917 eamdem
917 5861 1152 5930 perfidia:
1177 5865 1487 5919 ceciderant
1538 5865 1846 5930 actionem;
1892 5866 2048 5921 sicin
2091 5882 2197 5922 uno

615 5953 911 6022 eodemque
937 5953 1025 6022 qui
1050 5969 1146 6022 pro
1167 5956 1414 6010 omnibus
1447 5958 1762 6025 scripserat,
1799 5941 1877 6012 vel
1911 5959 2194 6015 scribendo

2292 3467 2487 3536 quibus
2541 3467 2633 3536 qui
2676 3481 2772 3538 per
2803 3476 3181 3538 contemptum
3212 3469 3531 3538 pertinaciter
3553 3459 3704 3546 demi,
3734 3451 3772 3506 i"

2291 3557 2534 3623 Patrem,
2583 3567 2640 3612 et
2672 3557 2892 3624 Filium,
2962 3567 3018 3611 et
3068 3558 3340 3628 Spiritum
3390 3563 3600 3612 sanctum,
3649 3555 3772 3596 unum

2291 3650 2462 3708 Deum
2499 3664 2562 3703 ac
2593 3648 2885 3703 Dominum
2913 3658 3137 3719 peccat.
3177 3651 3244 3704 Et
3276 3651 3330 3704 in
3368 3649 3458 3703 hac
3474 3635 3773 3706 subscriptio“

2291 3742 2537 3814 Apostoli
2580 3750 2666 3796 est
2715 3742 2987 3797 sententia
3015 3740 3370 3807 Hincmarus,
3411 3741 3458 3794 iu
3486 3727 3774 3806 quasollicitus

2295 3851 2406 3890 non
2432 3833 2533 3888 fuit
2557 3848 2776 3889 servare
2806 3833 3068 3888 unitatem
3107 3833 3346 3904 Spiritus
3371 3833 3422 3886 in
3443 3823 3616 3884 vinculo
3634 3816 3740 3890 pacis
3761 3829 3770 3864 ε

2292 3928 2389 3982 sed
2411 3925 2677 3983 sollicitus
2693 3925 2793 3979 fuit
2813 3911 3109 3980 dissolvere
3133 3928 3392 4005 unitatem
3416 3919 3626 3992 Spiritus,
3644 3916 3771 3964 οοιιιη

2293 4017 2569 4072 vinculum
2601 4017 2770 4086 pacis.
2812 4015 2952 4070 Dicit
2973 4015 3120 4071 enim
3155 4014 3454 4088 Apostolus,
3478 4006 3604 4077 cuius

2297 4108 2426 4163 tiam
2458 4095 2846 4178 subscriptioni
2885 4123 2999 4164 sua:
3027 4122 3318 4182 perversa}
3343 4101 3546 4159 inseruit
3576 4113 3587 4150 :
3614 4089 3766 4146 Solliciti

2293 4217 2502 4253 servare
2533 4201 2788 4255 unitatem
2826 4200 3041 4270 spiritus
3073 4201 3131 4254 in
3155 4199 3352 4254 vinculo
3380 4194 3537 4266 petit;
3558 4199 3679 4239 “nm”
3693 4190 3768 4229 ‘0"

2292 4312 2412 4364 Ρυδ,
2457 4310 2590 4347 unus
2621 4297 2860 4364 spiritus,
2891 4294 3024 4348 sicut
3053 4295 3220 4371 vocati
3251 4292 3367 4346 estis
3408 4289 3456 4341 in
3481 4297 3570 4337 una
3593 4280 3773 4371 speritat-

2295 4387 2452 4441 tionis
2482 4399 2665 4442 vestra:
2719 4373 2940 4460 (Ep/tes.
2973 4390 3070 4458 tv).
3119 4367 3269 4441 Unde
3315 4386 3488 4438 beatus
3526 4367 3768 4439 Gregorius:

2301 4500 2318 4532 1
2365 4481 2448 4536 Α11
2485 4497 2650 4537 11113111
2685 4483 2854 4553 igitur
2886 4482 3189 4537 vocationis
3226 4493 3372 4548 spem
3395 4473 3676 4542 nequaquam
3696 4464 3772 4524 pef-

2297 4575 2542 4646 δίηὲίῑυΐο
2592 4577 2774 4632 sinon
2814 4578 2882 4631 ad
2912 4592 3032 4632 eam
3061 4578 3211 4630 unita
3263 4588 3378 4628 cum
3418 4559 3637 4639 proximis
3653 4555 3772 4646 tuente
3861 4619 3863 4624 Ι

2300 4652 2572 4723 curratur.
2619 4663 2734 4735 Est,
2793 4669 2992 4738 inquit,
3025 4668 3282 4721 Dominus
3330 4663 3392 4716 ad
3437 4641 3771 4741 Moysen»

2301 4775 2470 4829 penes
2501 4776 2606 4826 me,
2654 4770 2709 4815 et
2756 4761 2926 4816 stabis
2955 4775 3118 4829 supra
3144 4767 3370 4826 petram.
3406 4771 3422 4801 1
3453 4733 3600 4832 Locus

2304 4854 2446 4924 apud
2493 4850 2778 4906 Dominum
2811 4862 2897 4907 est
2939 4860 3140 4906 sanctae
3187 4847 3432 4902 Ecclesia:
3462 4827 3770 4924 duitas,

2305 4957 2470 5012 super
2495 4951 2707 5012 Petram
2737 4953 2935 5007 statur,
2964 4944 3090 4996 dum
3113 4933 3458 4996 confessionis
3490 4928 3587 4998 ejus
3609 4913 3772 5015 soliditati

2304 5010 2514 5090 utiliter
2542 5044 2776 5089 tenetur.
2811 5036 2877 5089 111
2902 5037 3045 5092 0111111
3075 5036 3127 5088 111
3155 5035 3272 5087 loco
3297 5030 3382 5098 qui
3405 5031 3550 5108 potius
3575 5010 3772 5108 Dominuill

2306 5139 2409 5196 θδιν
2440 5140 2494 5184 cl
2517 5145 2679 5198 ευμεν
2714 5138 2922 5200 petram
2964 5129 3128 5194 stant,
3163 5128 3252 5196 qui
3295 5138 3384 5194 per
3411 5101 3771 5200 hmreses,

2308 5221 2605 5276 schismata
2629 5223 2696 5276 ab
2725 5223 2930 5276 unitate
2961 5239 3018 5277 sc
3044 5205 3295 5276 Ecclesia:
3325 5203 3662 5300 nonldividu‘ul-
3687 5187 3771 5300 0:"?

2307 5325 2366 5370 ut
2391 5323 2611 5370 sanctus
2659 5315 2874 5371 Hilarus
2903 5321 3044 5386 papa
3069 5315 3198 5370 dicit
3227 5297 3390 5384 (epist.
3419 5293 3468 5374 1)
3499 5319 3510 5355 :
3543 5315 3559 5348 1
3592 5289 3679 5346 Νοη

2306 5422 2408 5462 nus
2452 5407 2507 5461 iu
2536 5417 2850 5464 sanctarum
2885 5379 3233 5484 traditionum
3260 5395 3541 5484 sanctiones
3569 5379 3770 5484 Cdllllllillll:

2307 5507 2415 5566 tur,
2465 5503 2629 5570 q'uam
2679 5502 2732 5555 in
2784 5500 3040 5570 injuriam
3071 5477 3234 5571 ipsius
3265 5479 3458 5550 Doiniui
3507 5471 3766 5571 Ρτσιδί¹¹¹¹ξῗέξ

2305 5590 2376 5646 Et
2397 5593 2544 5647 beati
2563 5593 2762 5649 Leonis
2786 5593 3127 5674 decernentis
3141 5592 3219 5676 (ὃς
3245 5573 3374 5650 L00.
3395 5579 3483 5634 loc.
3505 5563 3614 5636 cit.),

2305 5685 2485 5740 causis
2526 5689 2647 5756 quae
2693 5679 2760 5739 ad
2822 5667 3128 5756 generalem
3174 5669 3537 5752 observantiam

2318 5737 2480 5762 ,κκτῖη
2532 5737 2642 5756 γ--
2699 5737 2759 5739 η
3430 5741 3440 5752 .
3592 5750 3600 5760 ,
3693 5739 3700 5746 .
3760 5743 3768 5751 τ

2305 5780 2547 5835 omnium
2578 5778 2792 5834 Domini
2822 5780 3192 5840 sacerdotum,
3233 5759 3359 5826 nihil
3403 5766 3504 5847 sine
3538 5737 3774 5870 primit":

2307 5880 2523 5942 oportet
2552 5857 2788 5942 impleri,
2817 5886 2924 5927 non
2953 5870 3054 5924 fuit
3077 5867 3263 5926 socius
3287 5852 3577 5924 disciplinis:

2310 5927 2562 6020 mendum
2589 5927 2669 6019 est
2716 5951 2776 6018 ut
2805 5979 2911 6020 11011
2945 5964 3016 6018 sit
3054 5964 3226 6017 etiam
3260 5959 3459 6010 consors
3484 5927 3753 5996 communio“
