  <div class='ocr_page' id='page_1' title='image "/cluster/home/n/w/nwhite01/storage/ocr_20150623/126/hvd.32044015471675/297.png"; bbox 0 0 4002 6296; ppageno 0'>
   <div class='ocr_carea' id='block_1_1' title="bbox 560 384 3851 455">
    <p class='ocr_par' dir='ltr' id='par_1_1' title="bbox 560 384 3851 455">
     <span class='ocr_line' id='line_1_1' title="bbox 560 384 3851 455; baseline -0.003 0"><span class='ocrx_word' id='word_1_1' title='bbox 560 396 667 455; x_wconf 77' lang='lat'><strong>583</strong></span> <span class='ocrx_word' id='word_1_2' title='bbox 1529 390 1858 450; x_wconf 81' lang='lat' dir='ltr'><strong>HINCMARI</strong></span> <span class='ocrx_word' id='word_1_3' title='bbox 1901 388 2296 449; x_wconf 82' lang='lat' dir='ltr'><strong>RHEMENSIS</strong></span> <span class='ocrx_word' id='word_1_4' title='bbox 2332 384 2853 446; x_wconf 80' lang='lat' dir='ltr'><strong>ARCHIEPISCOPI</strong></span> <span class='ocrx_word' id='word_1_5' title='bbox 3745 389 3851 446; x_wconf 68' lang='grc' dir='ltr'><strong>εει</strong></span> 
     </span>
    </p>
   </div>
   <div class='ocr_carea' id='block_1_2' title="bbox 561 503 3850 580">
    <p class='ocr_par' dir='ltr' id='par_1_2' title="bbox 561 503 3850 580">
     <span class='ocr_line' id='line_1_2' title="bbox 561 503 3850 580; baseline -0.002 -12"><span class='ocrx_word' id='word_1_6' title='bbox 561 514 800 569; x_wconf 90' lang='lat' dir='ltr'><strong>matiouc</strong></span> <span class='ocrx_word' id='word_1_7' title='bbox 828 513 894 567; x_wconf 89' lang='lat' dir='ltr'><strong>ad</strong></span> <span class='ocrx_word' id='word_1_8' title='bbox 925 527 1012 566; x_wconf 91' lang='lat' dir='ltr'><strong>me</strong></span> <span class='ocrx_word' id='word_1_9' title='bbox 1037 509 1315 566; x_wconf 84' lang='lat' dir='ltr'><strong>hominum</strong></span> <span class='ocrx_word' id='word_1_10' title='bbox 1349 523 1414 565; x_wconf 81' lang='lat' dir='ltr'><strong>ex</strong></span> <span class='ocrx_word' id='word_1_11' title='bbox 1457 525 1553 566; x_wconf 88' lang='lat' dir='ltr'><strong>sua</strong></span> <span class='ocrx_word' id='word_1_12' title='bbox 1601 511 1876 580; x_wconf 89' lang='lat' dir='ltr'><strong>parochia,</strong></span> <span class='ocrx_word' id='word_1_13' title='bbox 1918 509 2143 567; x_wconf 90' lang='lat' dir='ltr'><strong>monui:</strong></span> <span class='ocrx_word' id='word_1_14' title='bbox 2177 513 2225 572; x_wconf 82' lang='grc' dir='ltr'>Α</span> <span class='ocrx_word' id='word_1_15' title='bbox 2251 503 2388 560; x_wconf 87' lang='lat' dir='ltr'><strong>Nam</strong></span> <span class='ocrx_word' id='word_1_16' title='bbox 2429 504 2594 559; x_wconf 87' lang='lat' dir='ltr'><strong>adimi</strong></span> <span class='ocrx_word' id='word_1_17' title='bbox 2639 505 2687 559; x_wconf 91' lang='lat' dir='ltr'><strong>ei</strong></span> <span class='ocrx_word' id='word_1_18' title='bbox 2737 504 3135 574; x_wconf 90' lang='lat' dir='ltr'><strong>episcopatum,</strong></span> <span class='ocrx_word' id='word_1_19' title='bbox 3187 513 3474 576; x_wconf 87' lang='lat' dir='ltr'><strong>antequam</strong></span> <span class='ocrx_word' id='word_1_20' title='bbox 3507 520 3684 559; x_wconf 67' lang='lat' dir='ltr'><strong>causa:</strong></span> <span class='ocrx_word' id='word_1_21' title='bbox 3734 503 3850 572; x_wconf 75' lang='lat' dir='ltr'><strong>eius</strong></span> 
     </span>
    </p>
   </div>
   <div class='ocr_carea' id='block_1_3' title="bbox 560 597 3847 676">
    <p class='ocr_par' dir='ltr' id='par_1_3' title="bbox 560 597 3847 676">
     <span class='ocr_line' id='line_1_3' title="bbox 560 597 3847 676; baseline -0.003 -16"><span class='ocrx_word' id='word_1_22' title='bbox 560 603 654 660; x_wconf 90' lang='lat' dir='ltr'><strong>sed</strong></span> <span class='ocrx_word' id='word_1_23' title='bbox 684 604 817 659; x_wconf 85' lang='lat' dir='ltr'><strong>nihil</strong></span> <span class='ocrx_word' id='word_1_24' title='bbox 843 602 1045 674; x_wconf 78' lang='lat' dir='ltr'><strong>profeci</strong></span> <span class='ocrx_word' id='word_1_25' title='bbox 1074 620 1088 657; x_wconf 90' lang='lat'><strong>:</strong></span> <span class='ocrx_word' id='word_1_26' title='bbox 1121 613 1177 660; x_wconf 90' lang='lat' dir='ltr'><strong>et</strong></span> <span class='ocrx_word' id='word_1_27' title='bbox 1217 601 1408 658; x_wconf 82' lang='lat' dir='ltr'><strong>fabulis</strong></span> <span class='ocrx_word' id='word_1_28' title='bbox 1437 604 1503 659; x_wconf 91' lang='lat' dir='ltr'><strong>de</strong></span> <span class='ocrx_word' id='word_1_29' title='bbox 1534 602 1687 658; x_wconf 83' lang='lat' dir='ltr'><strong>Fimo</strong></span> <span class='ocrx_word' id='word_1_30' title='bbox 1719 604 2022 676; x_wconf 78' lang='lat' dir='ltr'><strong>presbyteri</strong></span> <span class='ocrx_word' id='word_1_31' title='bbox 2055 618 2151 673; x_wconf 86' lang='lat' dir='ltr'><strong>pa-</strong></span> <span class='ocrx_word' id='word_1_32' title='bbox 2252 598 2434 654; x_wconf 80' lang='lat' dir='ltr'><strong>exitus</strong></span> <span class='ocrx_word' id='word_1_33' title='bbox 2462 607 2767 668; x_wconf 89' lang='lat' dir='ltr'><strong>appareret,</strong></span> <span class='ocrx_word' id='word_1_34' title='bbox 2807 597 2936 652; x_wconf 92' lang='lat' dir='ltr'><strong>nulli</strong></span> <span class='ocrx_word' id='word_1_35' title='bbox 2965 597 3277 654; x_wconf 86' lang='lat' dir='ltr'><strong>Christiano</strong></span> <span class='ocrx_word' id='word_1_36' title='bbox 3307 597 3479 652; x_wconf 89' lang='lat' dir='ltr'><strong>videri</strong></span> <span class='ocrx_word' id='word_1_37' title='bbox 3505 597 3630 666; x_wconf 83' lang='lat' dir='ltr'><strong>jure</strong></span> <span class='ocrx_word' id='word_1_38' title='bbox 3673 599 3847 666; x_wconf 86' lang='lat' dir='ltr'><strong>potuit</strong></span> 
     </span>
    </p>
   </div>
   <div class='ocr_carea' id='block_1_4' title="bbox 559 688 3844 763">
    <p class='ocr_par' dir='ltr' id='par_1_4' title="bbox 559 688 3844 763">
     <span class='ocr_line' id='line_1_4' title="bbox 559 688 3844 763; baseline -0.003 -8"><span class='ocrx_word' id='word_1_39' title='bbox 559 698 760 755; x_wconf 83' lang='lat' dir='ltr'><strong>rochiae</strong></span> <span class='ocrx_word' id='word_1_40' title='bbox 783 713 912 761; x_wconf 66' lang='lat' dir='ltr'><strong>suae,</strong></span> <span class='ocrx_word' id='word_1_41' title='bbox 942 705 997 751; x_wconf 91' lang='lat' dir='ltr'><strong>et</strong></span> <span class='ocrx_word' id='word_1_42' title='bbox 1027 695 1165 751; x_wconf 66' lang='lat' dir='ltr'><strong>villa:</strong></span> <span class='ocrx_word' id='word_1_43' title='bbox 1191 696 1434 752; x_wconf 72' lang='lat' dir='ltr'><strong>ecclesiae</strong></span> <span class='ocrx_word' id='word_1_44' title='bbox 1475 706 1704 762; x_wconf 66' lang='lat' dir='ltr'><strong>nostrae;</strong></span> <span class='ocrx_word' id='word_1_45' title='bbox 1733 698 1827 752; x_wconf 90' lang='lat' dir='ltr'><strong>sed</strong></span> <span class='ocrx_word' id='word_1_46' title='bbox 1849 705 1905 752; x_wconf 92' lang='lat' dir='ltr'><strong>et</strong></span> <span class='ocrx_word' id='word_1_47' title='bbox 1933 697 1997 751; x_wconf 91' lang='lat' dir='ltr'><strong>de</strong></span> <span class='ocrx_word' id='word_1_48' title='bbox 2025 695 2149 750; x_wconf 89' lang='lat' dir='ltr'><strong>aliis</strong></span> <span class='ocrx_word' id='word_1_49' title='bbox 2253 688 2376 763; x_wconf 86' lang='lat' dir='ltr'><strong>[al.,</strong></span> <span class='ocrx_word' id='word_1_50' title='bbox 2408 688 2717 763; x_wconf 87' lang='lat' dir='ltr'><strong>potuisset].</strong></span> <span class='ocrx_word' id='word_1_51' title='bbox 2754 711 2770 742; x_wconf 74' lang='grc' dir='ltr'><strong><em>ι</em></strong></span> <span class='ocrx_word' id='word_1_52' title='bbox 2816 691 2884 746; x_wconf 86' lang='grc' dir='ltr'><strong>Ει</strong></span> <span class='ocrx_word' id='word_1_53' title='bbox 2909 691 3038 748; x_wconf 86' lang='lat' dir='ltr'><strong>item</strong></span> <span class='ocrx_word' id='word_1_54' title='bbox 3065 691 3198 746; x_wconf 91' lang='lat' dir='ltr'><strong>dicit</strong></span> <span class='ocrx_word' id='word_1_55' title='bbox 3225 690 3392 762; x_wconf 83' lang='lat' dir='ltr'><strong>(conc.</strong></span> <span class='ocrx_word' id='word_1_56' title='bbox 3431 689 3634 755; x_wconf 63' lang='lat' dir='ltr'><strong>Mitem,</strong></span> <span class='ocrx_word' id='word_1_57' title='bbox 3665 706 3716 745; x_wconf 91' lang='lat' dir='ltr'><strong>c.</strong></span> <span class='ocrx_word' id='word_1_58' title='bbox 3739 691 3795 745; x_wconf 72' lang='grc'><strong>21</strong></span> <span class='ocrx_word' id='word_1_59' title='bbox 3823 708 3844 756; x_wconf 89' lang='lat'><strong>;</strong></span> 
     </span>
    </p>
   </div>
   <div class='ocr_carea' id='block_1_5' title="bbox 558 781 3836 858">
    <p class='ocr_par' dir='ltr' id='par_1_5' title="bbox 558 781 3836 858">
     <span class='ocr_line' id='line_1_5' title="bbox 558 781 3836 858; baseline -0.002 -13"><span class='ocrx_word' id='word_1_60' title='bbox 558 789 892 845; x_wconf 83' lang='lat' dir='ltr'><strong>mendaciter</strong></span> <span class='ocrx_word' id='word_1_61' title='bbox 919 787 1252 858; x_wconf 86' lang='lat' dir='ltr'><strong>compositis,</strong></span> <span class='ocrx_word' id='word_1_62' title='bbox 1280 787 1346 842; x_wconf 89' lang='lat' dir='ltr'><strong>de</strong></span> <span class='ocrx_word' id='word_1_63' title='bbox 1375 789 1570 858; x_wconf 88' lang='lat' dir='ltr'><strong>quibus</strong></span> <span class='ocrx_word' id='word_1_64' title='bbox 1612 803 1670 843; x_wconf 85' lang='lat' dir='ltr'><strong>se</strong></span> <span class='ocrx_word' id='word_1_65' title='bbox 1710 787 1825 858; x_wconf 92' lang='lat' dir='ltr'><strong>ipse</strong></span> <span class='ocrx_word' id='word_1_66' title='bbox 1865 788 2150 858; x_wconf 77' lang='lat' dir='ltr'><strong>presbyter</strong></span> <span class='ocrx_word' id='word_1_67' title='bbox 2251 799 2398 837; x_wconf 83' lang='lat' dir='ltr'><strong>conc.</strong></span> <span class='ocrx_word' id='word_1_68' title='bbox 2427 783 2621 852; x_wconf 79' lang='lat' dir='ltr'><strong>Afric.,</strong></span> <span class='ocrx_word' id='word_1_69' title='bbox 2651 797 2701 838; x_wconf 93' lang='lat' dir='ltr'><strong>c.</strong></span> <span class='ocrx_word' id='word_1_70' title='bbox 2734 783 2833 848; x_wconf 89' lang='lat'><strong>87;</strong></span> <span class='ocrx_word' id='word_1_71' title='bbox 2867 782 2998 838; x_wconf 84' lang='lat' dir='ltr'><strong>Cod.</strong></span> <span class='ocrx_word' id='word_1_72' title='bbox 3041 799 3162 837; x_wconf 84' lang='lat' dir='ltr'><strong>can.</strong></span> <span class='ocrx_word' id='word_1_73' title='bbox 3195 781 3341 837; x_wconf 82' lang='lat' dir='ltr'><strong>Eccl.</strong></span> <span class='ocrx_word' id='word_1_74' title='bbox 3369 781 3559 851; x_wconf 78' lang='lat' dir='ltr'><strong>Afric.,</strong></span> <span class='ocrx_word' id='word_1_75' title='bbox 3591 797 3718 837; x_wconf 84' lang='lat' dir='ltr'><strong>can.</strong></span> <span class='ocrx_word' id='word_1_76' title='bbox 3741 783 3836 837; x_wconf 71' lang='grc'><strong>121</strong></span> 
     </span>
    </p>
   </div>
   <div class='ocr_carea' id='block_1_6' title="bbox 556 871 3839 952">
    <p class='ocr_par' dir='ltr' id='par_1_6' title="bbox 556 871 3839 952">
     <span class='ocr_line' id='line_1_6' title="bbox 556 871 3839 952; baseline -0.002 -17"><span class='ocrx_word' id='word_1_77' title='bbox 556 881 625 936; x_wconf 89' lang='lat' dir='ltr'><strong>ad</strong></span> <span class='ocrx_word' id='word_1_78' title='bbox 661 896 748 936; x_wconf 91' lang='lat' dir='ltr'><strong>me</strong></span> <span class='ocrx_word' id='word_1_79' title='bbox 770 897 874 936; x_wconf 92' lang='lat' dir='ltr'><strong>non</strong></span> <span class='ocrx_word' id='word_1_80' title='bbox 906 880 1244 945; x_wconf 90' lang='lat' dir='ltr'><strong>reclamavit,</strong></span> <span class='ocrx_word' id='word_1_81' title='bbox 1271 897 1367 936; x_wconf 89' lang='lat' dir='ltr'><strong>nec</strong></span> <span class='ocrx_word' id='word_1_82' title='bbox 1396 881 1445 935; x_wconf 92' lang='lat' dir='ltr'><strong>in</strong></span> <span class='ocrx_word' id='word_1_83' title='bbox 1470 880 1648 951; x_wconf 90' lang='lat' dir='ltr'><strong>aliqua</strong></span> <span class='ocrx_word' id='word_1_84' title='bbox 1681 881 2150 952; x_wconf 87' lang='lat' dir='ltr'><strong>synodocompro-</strong></span> <span class='ocrx_word' id='word_1_85' title='bbox 2250 881 2306 926; x_wconf 77' lang='lat' dir='ltr'><strong>et</strong></span> <span class='ocrx_word' id='word_1_86' title='bbox 2333 873 2465 943; x_wconf 70' lang='lat'><strong>22):</strong></span> <span class='ocrx_word' id='word_1_87' title='bbox 2518 891 2538 924; x_wconf 67' lang='grc' dir='ltr'><strong><em>ε</em></strong></span> <span class='ocrx_word' id='word_1_88' title='bbox 2577 871 2649 930; x_wconf 89' lang='lat' dir='ltr'><strong>Ut</strong></span> <span class='ocrx_word' id='word_1_89' title='bbox 2696 889 2794 944; x_wconf 89' lang='lat' dir='ltr'><strong>per</strong></span> <span class='ocrx_word' id='word_1_90' title='bbox 2817 874 3104 944; x_wconf 87' lang='lat' dir='ltr'><strong>episcopos</strong></span> <span class='ocrx_word' id='word_1_91' title='bbox 3139 873 3352 943; x_wconf 88' lang='lat' dir='ltr'><strong>judices</strong></span> <span class='ocrx_word' id='word_1_92' title='bbox 3389 889 3552 928; x_wconf 88' lang='lat' dir='ltr'><strong>causa</strong></span> <span class='ocrx_word' id='word_1_93' title='bbox 3605 873 3839 940; x_wconf 82' lang='lat' dir='ltr'><strong>ﬁniatur,</strong></span> 
     </span>
    </p>
   </div>
   <div class='ocr_carea' id='block_1_7' title="bbox 553 964 3842 1039">
    <p class='ocr_par' dir='ltr' id='par_1_7' title="bbox 553 964 3842 1039">
     <span class='ocr_line' id='line_1_7' title="bbox 553 964 3842 1039; baseline -0.001 -13"><span class='ocrx_word' id='word_1_94' title='bbox 553 971 770 1027; x_wconf 80' lang='lat' dir='ltr'><strong>vinciali</strong></span> <span class='ocrx_word' id='word_1_95' title='bbox 798 972 962 1027; x_wconf 91' lang='lat' dir='ltr'><strong>ullam</strong></span> <span class='ocrx_word' id='word_1_96' title='bbox 1010 972 1271 1027; x_wconf 90' lang='lat' dir='ltr'><strong>rationem</strong></span> <span class='ocrx_word' id='word_1_97' title='bbox 1305 972 1428 1026; x_wconf 92' lang='lat' dir='ltr'><strong>inde</strong></span> <span class='ocrx_word' id='word_1_98' title='bbox 1463 972 1778 1037; x_wconf 81' lang='lat' dir='ltr'><strong>commovit,</strong></span> <span class='ocrx_word' id='word_1_99' title='bbox 1810 979 2144 1035; x_wconf 89' lang='lat' dir='ltr'><strong>contextam,</strong></span> <span class='ocrx_word' id='word_1_100' title='bbox 2250 966 2364 1020; x_wconf 84' lang='lat' dir='ltr'><strong>sive</strong></span> <span class='ocrx_word' id='word_1_101' title='bbox 2385 981 2521 1035; x_wconf 88' lang='lat' dir='ltr'><strong>quos</strong></span> <span class='ocrx_word' id='word_1_102' title='bbox 2548 966 2628 1021; x_wconf 89' lang='lat' dir='ltr'><strong>eis</strong></span> <span class='ocrx_word' id='word_1_103' title='bbox 2651 965 2805 1038; x_wconf 79' lang='lat' dir='ltr'><strong>[quin</strong></span> <span class='ocrx_word' id='word_1_104' title='bbox 2836 966 2979 1021; x_wconf 86' lang='lat' dir='ltr'><strong>inter</strong></span> <span class='ocrx_word' id='word_1_105' title='bbox 3001 981 3061 1022; x_wconf 88' lang='lat' dir='ltr'><strong>se</strong></span> <span class='ocrx_word' id='word_1_106' title='bbox 3088 964 3559 1039; x_wconf 89' lang='lat' dir='ltr'><strong>conquirentibus]</strong></span> <span class='ocrx_word' id='word_1_107' title='bbox 3585 967 3842 1036; x_wconf 75' lang='lat' dir='ltr'><strong>primates</strong></span> 
     </span>
    </p>
   </div>
   <div class='ocr_carea' id='block_1_8' title="bbox 561 1055 3841 1135">
    <p class='ocr_par' dir='ltr' id='par_1_8' title="bbox 561 1055 3841 1135">
     <span class='ocr_line' id='line_1_8' title="bbox 561 1055 3841 1135; baseline -0.002 -17"><span class='ocrx_word' id='word_1_108' title='bbox 561 1061 614 1118; x_wconf 88' lang='lat' dir='ltr'><strong>in</strong></span> <span class='ocrx_word' id='word_1_109' title='bbox 636 1063 826 1118; x_wconf 87' lang='lat' dir='ltr'><strong>eodem</strong></span> <span class='ocrx_word' id='word_1_110' title='bbox 858 1063 1087 1120; x_wconf 87' lang='lat' dir='ltr'><strong>concilio</strong></span> <span class='ocrx_word' id='word_1_111' title='bbox 1104 1063 1233 1118; x_wconf 90' lang='lat' dir='ltr'><strong>mihi</strong></span> <span class='ocrx_word' id='word_1_112' title='bbox 1266 1065 1509 1134; x_wconf 79' lang='lat' dir='ltr'><strong>porrexit</strong></span> <span class='ocrx_word' id='word_1_113' title='bbox 1536 1063 1684 1135; x_wconf 85' lang='lat' dir='ltr'><strong>(Non</strong></span> <span class='ocrx_word' id='word_1_114' title='bbox 1701 1063 1914 1133; x_wconf 75' lang='lat' dir='ltr'><strong>exstat).</strong></span> <span class='ocrx_word' id='word_1_115' title='bbox 1946 1063 2020 1116; x_wconf 87' lang='lat' dir='ltr'><strong>De</strong></span> <span class='ocrx_word' id='word_1_116' title='bbox 2039 1077 2144 1132; x_wconf 91' lang='lat' dir='ltr'><strong>qua</strong></span> <span class='ocrx_word' id='word_1_117' title='bbox 2249 1055 2518 1122; x_wconf 82' lang='lat' dir='ltr'><strong>dederint,</strong></span> <span class='ocrx_word' id='word_1_118' title='bbox 2547 1058 2660 1112; x_wconf 85' lang='lat' dir='ltr'><strong>sive</strong></span> <span class='ocrx_word' id='word_1_119' title='bbox 2690 1072 2827 1128; x_wconf 91' lang='lat' dir='ltr'><strong>quos</strong></span> <span class='ocrx_word' id='word_1_120' title='bbox 2855 1059 2956 1128; x_wconf 90' lang='lat' dir='ltr'><strong>ipsi</strong></span> <span class='ocrx_word' id='word_1_121' title='bbox 2985 1058 3196 1113; x_wconf 88' lang='lat' dir='ltr'><strong>vicinos</strong></span> <span class='ocrx_word' id='word_1_122' title='bbox 3221 1073 3286 1114; x_wconf 83' lang='lat' dir='ltr'><strong>ex</strong></span> <span class='ocrx_word' id='word_1_123' title='bbox 3317 1073 3585 1113; x_wconf 85' lang='lat' dir='ltr'><strong>consensu</strong></span> <span class='ocrx_word' id='word_1_124' title='bbox 3635 1059 3841 1130; x_wconf 75' lang='lat' dir='ltr'><strong>delege-</strong></span> 
     </span>
    </p>
   </div>
   <div class='ocr_carea' id='block_1_9' title="bbox 552 1148 3840 1229">
    <p class='ocr_par' dir='ltr' id='par_1_9' title="bbox 552 1148 3840 1229">
     <span class='ocr_line' id='line_1_9' title="bbox 552 1148 3840 1229; baseline -0.001 -18"><span class='ocrx_word' id='word_1_125' title='bbox 552 1155 730 1211; x_wconf 83' lang='lat' dir='ltr'><strong>rotula</strong></span> <span class='ocrx_word' id='word_1_126' title='bbox 754 1155 922 1227; x_wconf 89' lang='lat' dir='ltr'><strong>loqui,</strong></span> <span class='ocrx_word' id='word_1_127' title='bbox 954 1158 1006 1212; x_wconf 90' lang='lat' dir='ltr'><strong>in</strong></span> <span class='ocrx_word' id='word_1_128' title='bbox 1038 1157 1180 1212; x_wconf 86' lang='lat' dir='ltr'><strong>aliud</strong></span> <span class='ocrx_word' id='word_1_129' title='bbox 1215 1167 1425 1227; x_wconf 88' lang='lat' dir='ltr'><strong>tempus</strong></span> <span class='ocrx_word' id='word_1_130' title='bbox 1453 1158 1674 1229; x_wconf 79' lang='lat' dir='ltr'><strong>dignum</strong></span> <span class='ocrx_word' id='word_1_131' title='bbox 1725 1157 1852 1212; x_wconf 84' lang='lat' dir='ltr'><strong>duxi</strong></span> <span class='ocrx_word' id='word_1_132' title='bbox 1901 1155 2143 1221; x_wconf 79' lang='lat' dir='ltr'><strong>dill&#39;erre,</strong></span> <span class='ocrx_word' id='word_1_133' title='bbox 2249 1148 2379 1202; x_wconf 78' lang='grc' dir='ltr'><strong>ι’ίηιο</strong></span> <span class='ocrx_word' id='word_1_134' title='bbox 2431 1148 2487 1204; x_wconf 87' lang='lat' dir='ltr'><strong>Si</strong></span> <span class='ocrx_word' id='word_1_135' title='bbox 2521 1158 2700 1204; x_wconf 72' lang='lat' dir='ltr'><strong>autem</strong></span> <span class='ocrx_word' id='word_1_136' title='bbox 2731 1165 2798 1204; x_wconf 75' lang='lat' dir='ltr'><strong>ex</strong></span> <span class='ocrx_word' id='word_1_137' title='bbox 2825 1151 3100 1205; x_wconf 86' lang='lat' dir='ltr'><strong>communi</strong></span> <span class='ocrx_word' id='word_1_138' title='bbox 3135 1151 3334 1221; x_wconf 80' lang='lat' dir='ltr'><strong>placito</strong></span> <span class='ocrx_word' id='word_1_139' title='bbox 3381 1151 3589 1205; x_wconf 78' lang='lat' dir='ltr'><strong>vicinos</strong></span> <span class='ocrx_word' id='word_1_140' title='bbox 3632 1151 3840 1218; x_wconf 78' lang='lat' dir='ltr'><strong>iudices</strong></span> 
     </span>
    </p>
   </div>
   <div class='ocr_carea' id='block_1_10' title="bbox 551 1241 3840 1314">
    <p class='ocr_par' dir='ltr' id='par_1_10' title="bbox 551 1241 3840 1314">
     <span class='ocr_line' id='line_1_10' title="bbox 551 1241 3840 1314; baseline -0.002 -11"><span class='ocrx_word' id='word_1_141' title='bbox 551 1263 622 1304; x_wconf 90' lang='lat' dir='ltr'><strong>ne</strong></span> <span class='ocrx_word' id='word_1_142' title='bbox 655 1249 808 1304; x_wconf 91' lang='lat' dir='ltr'><strong>vobis</strong></span> <span class='ocrx_word' id='word_1_143' title='bbox 857 1249 1074 1304; x_wconf 70' lang='lat' dir='ltr'><strong>taedium</strong></span> <span class='ocrx_word' id='word_1_144' title='bbox 1117 1249 1473 1305; x_wconf 80' lang='lat' dir='ltr'><strong>deliramenta</strong></span> <span class='ocrx_word' id='word_1_145' title='bbox 1528 1264 1622 1304; x_wconf 89' lang='lat' dir='ltr'><strong>sua</strong></span> <span class='ocrx_word' id='word_1_146' title='bbox 1678 1247 1932 1313; x_wconf 83' lang='lat' dir='ltr'><strong>inferant,</strong></span> <span class='ocrx_word' id='word_1_147' title='bbox 1981 1257 2036 1301; x_wconf 90' lang='lat' dir='ltr'><strong>et</strong></span> <span class='ocrx_word' id='word_1_148' title='bbox 2078 1249 2144 1302; x_wconf 91' lang='lat' dir='ltr'><strong>ad</strong></span> <span class='ocrx_word' id='word_1_149' title='bbox 2248 1241 2533 1311; x_wconf 79' lang='lat' dir='ltr'><strong>elegerint.</strong></span> <span class='ocrx_word' id='word_1_150' title='bbox 2577 1250 2670 1296; x_wconf 81' lang='lat' dir='ltr'><strong>aut</strong></span> <span class='ocrx_word' id='word_1_151' title='bbox 2699 1257 2839 1297; x_wconf 91' lang='lat' dir='ltr'><strong>unus</strong></span> <span class='ocrx_word' id='word_1_152' title='bbox 2885 1243 3142 1314; x_wconf 79' lang='lat' dir='ltr'><strong>eligatur,</strong></span> <span class='ocrx_word' id='word_1_153' title='bbox 3185 1252 3280 1298; x_wconf 90' lang='lat' dir='ltr'><strong>aut</strong></span> <span class='ocrx_word' id='word_1_154' title='bbox 3329 1254 3480 1298; x_wconf 89' lang='lat' dir='ltr'><strong>tres:</strong></span> <span class='ocrx_word' id='word_1_155' title='bbox 3517 1251 3613 1297; x_wconf 89' lang='lat' dir='ltr'><strong>aut</strong></span> <span class='ocrx_word' id='word_1_156' title='bbox 3657 1245 3700 1299; x_wconf 92' lang='lat' dir='ltr'><strong>si</strong></span> <span class='ocrx_word' id='word_1_157' title='bbox 3734 1256 3840 1299; x_wconf 75' lang='lat' dir='ltr'><strong>tres</strong></span> 
     </span>
    </p>
   </div>
   <div class='ocr_carea' id='block_1_11' title="bbox 549 1335 3840 1412">
    <p class='ocr_par' dir='ltr' id='par_1_11' title="bbox 549 1335 3840 1412">
     <span class='ocr_line' id='line_1_11' title="bbox 549 1335 3840 1412; baseline -0.001 -16"><span class='ocrx_word' id='word_1_158' title='bbox 549 1341 928 1397; x_wconf 88' lang='lat' dir='ltr'><strong>necessariora</strong></span> <span class='ocrx_word' id='word_1_159' title='bbox 961 1357 1057 1397; x_wconf 91' lang='lat' dir='ltr'><strong>vos</strong></span> <span class='ocrx_word' id='word_1_160' title='bbox 1082 1341 1428 1397; x_wconf 88' lang='lat' dir='ltr'><strong>deliberanda</strong></span> <span class='ocrx_word' id='word_1_161' title='bbox 1454 1341 1770 1412; x_wconf 87' lang='lat' dir='ltr'><strong>impediant.</strong></span> <span class='ocrx_word' id='word_1_162' title='bbox 1803 1341 1909 1396; x_wconf 85' lang='lat' dir='ltr'><strong>Sed</strong></span> <span class='ocrx_word' id='word_1_163' title='bbox 1935 1350 1987 1396; x_wconf 91' lang='lat' dir='ltr'><strong>et</strong></span> <span class='ocrx_word' id='word_1_164' title='bbox 2011 1357 2147 1412; x_wconf 68' lang='lat' dir='ltr'><strong>praa-</strong></span> <span class='ocrx_word' id='word_1_165' title='bbox 2246 1335 2524 1406; x_wconf 81' lang='lat' dir='ltr'><strong>elegerint,</strong></span> <span class='ocrx_word' id='word_1_166' title='bbox 2547 1338 2899 1407; x_wconf 85' lang='lat' dir='ltr'><strong>automnium</strong></span> <span class='ocrx_word' id='word_1_167' title='bbox 2915 1338 3240 1393; x_wconf 88' lang='lat' dir='ltr'><strong>sententiam</strong></span> <span class='ocrx_word' id='word_1_168' title='bbox 3266 1349 3585 1408; x_wconf 84' lang='lat' dir='ltr'><strong>sequantur,</strong></span> <span class='ocrx_word' id='word_1_169' title='bbox 3606 1352 3694 1394; x_wconf 87' lang='lat' dir='ltr'><strong>aut</strong></span> <span class='ocrx_word' id='word_1_170' title='bbox 3712 1340 3840 1392; x_wconf 67' lang='lat' dir='ltr'><strong>duo-</strong></span> 
     </span>
    </p>
   </div>
   <div class='ocr_carea' id='block_1_12' title="bbox 548 1427 3841 1500">
    <p class='ocr_par' dir='ltr' id='par_1_12' title="bbox 548 1427 3841 1500">
     <span class='ocr_line' id='line_1_12' title="bbox 548 1427 3841 1500; baseline 0 -14"><span class='ocrx_word' id='word_1_171' title='bbox 548 1427 719 1486; x_wconf 73' lang='lat' dir='ltr'><strong>fatum</strong></span> <span class='ocrx_word' id='word_1_172' title='bbox 747 1447 903 1487; x_wconf 90' lang='lat' dir='ltr'><strong>suum</strong></span> <span class='ocrx_word' id='word_1_173' title='bbox 945 1441 1344 1488; x_wconf 86' lang='lat' dir='ltr'><strong>monstruosum</strong></span> <span class='ocrx_word' id='word_1_174' title='bbox 1390 1430 1653 1498; x_wconf 91' lang='lat' dir='ltr'><strong>libellum,</strong></span> <span class='ocrx_word' id='word_1_175' title='bbox 1688 1447 1718 1485; x_wconf 89' lang='lat' dir='ltr'><strong>a</strong></span> <span class='ocrx_word' id='word_1_176' title='bbox 1749 1446 1807 1486; x_wconf 91' lang='lat' dir='ltr'><strong>se</strong></span> <span class='ocrx_word' id='word_1_177' title='bbox 1847 1440 1904 1486; x_wconf 92' lang='lat' dir='ltr'><strong>et</strong></span> <span class='ocrx_word' id='word_1_178' title='bbox 1950 1447 1980 1485; x_wconf 92' lang='lat' dir='ltr'><strong>a</strong></span> <span class='ocrx_word' id='word_1_179' title='bbox 2031 1431 2142 1486; x_wconf 91' lang='lat' dir='ltr'><strong>suis</strong></span> <span class='ocrx_word' id='word_1_180' title='bbox 2243 1445 2386 1483; x_wconf 89' lang='lat' dir='ltr'><strong>rttm.</strong></span> <span class='ocrx_word' id='word_1_181' title='bbox 2411 1430 2452 1483; x_wconf 79' lang='grc' dir='ltr'>Α</span> <span class='ocrx_word' id='word_1_182' title='bbox 2485 1431 2757 1500; x_wconf 90' lang='lat' dir='ltr'><strong>judicibus</strong></span> <span class='ocrx_word' id='word_1_183' title='bbox 2795 1440 3002 1497; x_wconf 91' lang='lat' dir='ltr'><strong>autem,</strong></span> <span class='ocrx_word' id='word_1_184' title='bbox 3034 1446 3171 1500; x_wconf 90' lang='lat' dir='ltr'><strong>quos</strong></span> <span class='ocrx_word' id='word_1_185' title='bbox 3208 1431 3519 1488; x_wconf 86' lang='lat' dir='ltr'><strong>communis</strong></span> <span class='ocrx_word' id='word_1_186' title='bbox 3542 1447 3841 1488; x_wconf 78' lang='lat' dir='ltr'><strong>consensus</strong></span> 
     </span>
    </p>
   </div>
   <div class='ocr_carea' id='block_1_13' title="bbox 546 1523 3837 1597">
    <p class='ocr_par' dir='ltr' id='par_1_13' title="bbox 546 1523 3837 1597">
     <span class='ocr_line' id='line_1_13' title="bbox 546 1523 3837 1597; baseline 0.001 -19"><span class='ocrx_word' id='word_1_187' title='bbox 546 1525 935 1596; x_wconf 79' lang='lat' dir='ltr'><strong>subscriptum,</strong></span> <span class='ocrx_word' id='word_1_188' title='bbox 966 1525 1018 1580; x_wconf 92' lang='lat' dir='ltr'><strong>in</strong></span> <span class='ocrx_word' id='word_1_189' title='bbox 1046 1525 1231 1580; x_wconf 89' lang='lat' dir='ltr'><strong>eadem</strong></span> <span class='ocrx_word' id='word_1_190' title='bbox 1255 1525 1460 1596; x_wconf 87' lang='lat' dir='ltr'><strong>synodo</strong></span> <span class='ocrx_word' id='word_1_191' title='bbox 1483 1525 1722 1595; x_wconf 89' lang='lat' dir='ltr'><strong>protulit,</strong></span> <span class='ocrx_word' id='word_1_192' title='bbox 1749 1539 1909 1593; x_wconf 89' lang='lat' dir='ltr'><strong>quem</strong></span> <span class='ocrx_word' id='word_1_193' title='bbox 1943 1523 2138 1578; x_wconf 90' lang='lat' dir='ltr'><strong>ibidem</strong></span> <span class='ocrx_word' id='word_1_194' title='bbox 2243 1525 2491 1596; x_wconf 80' lang='lat' dir='ltr'><strong>elegerit,</strong></span> <span class='ocrx_word' id='word_1_195' title='bbox 2525 1541 2632 1581; x_wconf 93' lang='lat' dir='ltr'><strong>non</strong></span> <span class='ocrx_word' id='word_1_196' title='bbox 2664 1527 2820 1582; x_wconf 90' lang='lat' dir='ltr'><strong>liceat</strong></span> <span class='ocrx_word' id='word_1_197' title='bbox 2851 1541 3152 1597; x_wconf 89' lang='lat' dir='ltr'><strong>provocare</strong></span> <span class='ocrx_word' id='word_1_198' title='bbox 3183 1545 3196 1581; x_wconf 87' lang='lat'><strong>:</strong></span> <span class='ocrx_word' id='word_1_199' title='bbox 3225 1537 3281 1581; x_wconf 87' lang='lat' dir='ltr'><strong>et</strong></span> <span class='ocrx_word' id='word_1_200' title='bbox 3309 1528 3555 1596; x_wconf 82' lang='lat' dir='ltr'><strong>quisquis</strong></span> <span class='ocrx_word' id='word_1_201' title='bbox 3580 1531 3837 1596; x_wconf 68' lang='lat' dir='ltr'><strong>probatus</strong></span> 
     </span>
    </p>
   </div>
   <div class='ocr_carea' id='block_1_14' title="bbox 546 1617 3829 1693">
    <p class='ocr_par' dir='ltr' id='par_1_14' title="bbox 546 1617 3829 1693">
     <span class='ocr_line' id='line_1_14' title="bbox 546 1617 3829 1693; baseline 0.002 -21"><span class='ocrx_word' id='word_1_202' title='bbox 546 1617 840 1688; x_wconf 81' lang='lat' dir='ltr'><strong>accipiens,</strong></span> <span class='ocrx_word' id='word_1_203' title='bbox 868 1618 1130 1673; x_wconf 87' lang='lat' dir='ltr'><strong>hactenus</strong></span> <span class='ocrx_word' id='word_1_204' title='bbox 1155 1633 1331 1672; x_wconf 88' lang='lat' dir='ltr'><strong>servo.</strong></span> <span class='ocrx_word' id='word_1_205' title='bbox 2240 1619 2408 1676; x_wconf 82' lang='lat' dir='ltr'><strong>fuerit</strong></span> <span class='ocrx_word' id='word_1_206' title='bbox 2440 1637 2538 1693; x_wconf 89' lang='lat' dir='ltr'><strong>pro</strong></span> <span class='ocrx_word' id='word_1_207' title='bbox 2561 1622 2937 1678; x_wconf 84' lang='lat' dir='ltr'><strong>controversia</strong></span> <span class='ocrx_word' id='word_1_208' title='bbox 2972 1621 3116 1676; x_wconf 89' lang='lat' dir='ltr'><strong>nolle</strong></span> <span class='ocrx_word' id='word_1_209' title='bbox 3141 1622 3520 1691; x_wconf 87' lang='lat' dir='ltr'><strong>obtemperare</strong></span> <span class='ocrx_word' id='word_1_210' title='bbox 3544 1621 3829 1688; x_wconf 66' lang='lat' dir='ltr'><strong>judicibus</strong></span> 
     </span>
    </p>
   </div>
   <div class='ocr_carea' id='block_1_15' title="bbox 614 1706 3833 1785">
    <p class='ocr_par' dir='ltr' id='par_1_15' title="bbox 614 1706 3833 1785">
     <span class='ocr_line' id='line_1_15' title="bbox 614 1706 3833 1785; baseline 0.002 -23"><span class='ocrx_word' id='word_1_211' title='bbox 614 1706 682 1762; x_wconf 86' lang='lat' dir='ltr'><strong>Et</strong></span> <span class='ocrx_word' id='word_1_212' title='bbox 710 1725 832 1764; x_wconf 92' lang='lat' dir='ltr'><strong>cum</strong></span> <span class='ocrx_word' id='word_1_213' title='bbox 861 1725 947 1764; x_wconf 90' lang='lat' dir='ltr'><strong>me</strong></span> <span class='ocrx_word' id='word_1_214' title='bbox 979 1711 1083 1765; x_wconf 91' lang='lat' dir='ltr'><strong>vidi</strong></span> <span class='ocrx_word' id='word_1_215' title='bbox 1118 1719 1238 1780; x_wconf 91' lang='lat' dir='ltr'><strong>post</strong></span> <span class='ocrx_word' id='word_1_216' title='bbox 1271 1719 1349 1766; x_wconf 90' lang='lat' dir='ltr'><strong>tot</strong></span> <span class='ocrx_word' id='word_1_217' title='bbox 1395 1710 1796 1766; x_wconf 89' lang='lat' dir='ltr'><strong>admonitiones</strong></span> <span class='ocrx_word' id='word_1_218' title='bbox 1828 1711 1964 1767; x_wconf 89' lang='lat' dir='ltr'><strong>nihil</strong></span> <span class='ocrx_word' id='word_1_219' title='bbox 1993 1713 2136 1783; x_wconf 91' lang='lat' dir='ltr'><strong>apud</strong></span> <span class='ocrx_word' id='word_1_220' title='bbox 2239 1729 2365 1768; x_wconf 93' lang='lat' dir='ltr'><strong>cum</strong></span> <span class='ocrx_word' id='word_1_221' title='bbox 2393 1715 2498 1769; x_wconf 92' lang='lat' dir='ltr'><strong>hoc</strong></span> <span class='ocrx_word' id='word_1_222' title='bbox 2521 1715 2710 1785; x_wconf 70' lang='lat' dir='ltr'><strong>primae</strong></span> <span class='ocrx_word' id='word_1_223' title='bbox 2739 1715 2883 1770; x_wconf 90' lang='lat' dir='ltr'><strong>sedis</strong></span> <span class='ocrx_word' id='word_1_224' title='bbox 2911 1715 3166 1785; x_wconf 89' lang='lat' dir='ltr'><strong>episcopo</strong></span> <span class='ocrx_word' id='word_1_225' title='bbox 3197 1714 3360 1769; x_wconf 80' lang='lat' dir='ltr'><strong>fuerit</strong></span> <span class='ocrx_word' id='word_1_226' title='bbox 3402 1715 3717 1783; x_wconf 81' lang='lat' dir='ltr'><strong>probatum.</strong></span> <span class='ocrx_word' id='word_1_227' title='bbox 3748 1715 3833 1770; x_wconf 85' lang='lat' dir='ltr'><strong>det</strong></span> 
     </span>
    </p>
   </div>
   <div class='ocr_carea' id='block_1_16' title="bbox 548 1802 3829 1877">
    <p class='ocr_par' dir='ltr' id='par_1_16' title="bbox 548 1802 3829 1877">
     <span class='ocr_line' id='line_1_16' title="bbox 548 1802 3829 1877; baseline 0.001 -23"><span class='ocrx_word' id='word_1_228' title='bbox 548 1813 673 1854; x_wconf 91' lang='lat' dir='ltr'><strong>eum</strong></span> <span class='ocrx_word' id='word_1_229' title='bbox 701 1816 860 1870; x_wconf 89' lang='lat' dir='ltr'><strong>posse</strong></span> <span class='ocrx_word' id='word_1_230' title='bbox 899 1802 1184 1872; x_wconf 78' lang='lat' dir='ltr'><strong>proﬁcere,</strong></span> <span class='ocrx_word' id='word_1_231' title='bbox 1215 1805 1526 1859; x_wconf 89' lang='lat' dir='ltr'><strong>schedulam</strong></span> <span class='ocrx_word' id='word_1_232' title='bbox 1554 1805 1772 1875; x_wconf 75' lang='lat' dir='ltr'><strong>porrexi</strong></span> <span class='ocrx_word' id='word_1_233' title='bbox 1831 1805 1884 1860; x_wconf 93' lang='lat' dir='ltr'><strong>in</strong></span> <span class='ocrx_word' id='word_1_234' title='bbox 1930 1806 2135 1877; x_wconf 90' lang='lat' dir='ltr'><strong>synodo</strong></span> <span class='ocrx_word' id='word_1_235' title='bbox 2238 1806 2450 1862; x_wconf 85' lang='lat' dir='ltr'><strong>litteras</strong></span> <span class='ocrx_word' id='word_1_236' title='bbox 2474 1815 2531 1861; x_wconf 95' lang='lat' dir='ltr'><strong>ut</strong></span> <span class='ocrx_word' id='word_1_237' title='bbox 2557 1806 2734 1862; x_wconf 91' lang='lat' dir='ltr'><strong>nullus</strong></span> <span class='ocrx_word' id='word_1_238' title='bbox 2755 1808 2804 1860; x_wconf 90' lang='lat' dir='ltr'><strong>ei</strong></span> <span class='ocrx_word' id='word_1_239' title='bbox 2837 1807 3204 1862; x_wconf 87' lang='lat' dir='ltr'><strong>communicet</strong></span> <span class='ocrx_word' id='word_1_240' title='bbox 3224 1805 3630 1874; x_wconf 81' lang='lat' dir='ltr'><strong>episcoporum,</strong></span> <span class='ocrx_word' id='word_1_241' title='bbox 3663 1805 3829 1859; x_wconf 84' lang='lat' dir='ltr'><strong>donec</strong></span> 
     </span>
    </p>
   </div>
   <div class='ocr_carea' id='block_1_17' title="bbox 545 1883 3828 1970">
    <p class='ocr_par' dir='ltr' id='par_1_17' title="bbox 545 1883 3828 1970">
     <span class='ocr_line' id='line_1_17' title="bbox 545 1883 3828 1970; baseline 0.001 -22"><span class='ocrx_word' id='word_1_242' title='bbox 545 1893 732 1950; x_wconf 90' lang='lat' dir='ltr'><strong>decem</strong></span> <span class='ocrx_word' id='word_1_243' title='bbox 755 1897 1155 1966; x_wconf 85' lang='lat' dir='ltr'><strong>provinciarum</strong></span> <span class='ocrx_word' id='word_1_244' title='bbox 1189 1897 1337 1967; x_wconf 87' lang='lat' dir='ltr'><strong>(Non</strong></span> <span class='ocrx_word' id='word_1_245' title='bbox 1366 1907 1535 1951; x_wconf 74' lang='lat' dir='ltr'><strong>exstat</strong></span> <span class='ocrx_word' id='word_1_246' title='bbox 1580 1899 1692 1951; x_wconf 68' lang='lat' dir='ltr'><strong>lucc</strong></span> <span class='ocrx_word' id='word_1_247' title='bbox 1722 1897 2017 1969; x_wconf 82' lang='lat' dir='ltr'><strong>schedula),</strong></span> <span class='ocrx_word' id='word_1_248' title='bbox 2068 1897 2137 1952; x_wconf 91' lang='lat' dir='ltr'><strong>ab</strong></span> <span class='ocrx_word' id='word_1_249' title='bbox 2175 1883 2216 1942; x_wconf 79' lang='grc' dir='ltr'><strong>Β</strong></span> <span class='ocrx_word' id='word_1_250' title='bbox 2243 1901 2600 1969; x_wconf 88' lang='lat' dir='ltr'><strong>obtemperet.</strong></span> <span class='ocrx_word' id='word_1_251' title='bbox 2639 1921 2656 1952; x_wconf 76' lang='grc' dir='ltr'><strong><em>ι</em></strong></span> <span class='ocrx_word' id='word_1_252' title='bbox 2724 1899 2789 1954; x_wconf 83' lang='grc' dir='ltr'><strong>Ει</strong></span> <span class='ocrx_word' id='word_1_253' title='bbox 2856 1899 3282 1970; x_wconf 82' lang='lat' dir='ltr'><strong>Carthaginense</strong></span> <span class='ocrx_word' id='word_1_254' title='bbox 3343 1898 3479 1954; x_wconf 87' lang='lat' dir='ltr'><strong>dicit</strong></span> <span class='ocrx_word' id='word_1_255' title='bbox 3543 1900 3828 1953; x_wconf 80' lang='lat' dir='ltr'><strong>concilium</strong></span> 
     </span>
    </p>
   </div>
   <div class='ocr_carea' id='block_1_18' title="bbox 543 1973 3824 2065">
    <p class='ocr_par' dir='ltr' id='par_1_18' title="bbox 543 1973 3824 2065">
     <span class='ocr_line' id='line_1_18' title="bbox 543 1973 3824 2065; baseline 0 -22"><span class='ocrx_word' id='word_1_256' title='bbox 543 1987 748 2043; x_wconf 90' lang='lat' dir='ltr'><strong>eisdem</strong></span> <span class='ocrx_word' id='word_1_257' title='bbox 772 1989 1096 2044; x_wconf 87' lang='lat' dir='ltr'><strong>venerandis</strong></span> <span class='ocrx_word' id='word_1_258' title='bbox 1125 1990 1393 2061; x_wconf 89' lang='lat' dir='ltr'><strong>episcopis</strong></span> <span class='ocrx_word' id='word_1_259' title='bbox 1423 2006 1671 2060; x_wconf 75' lang='lat' dir='ltr'><strong>quzerens</strong></span> <span class='ocrx_word' id='word_1_260' title='bbox 1700 1990 1985 2045; x_wconf 90' lang='lat' dir='ltr'><strong>consilium</strong></span> <span class='ocrx_word' id='word_1_261' title='bbox 2005 1991 2136 2060; x_wconf 90' lang='lat' dir='ltr'><strong>quid</strong></span> <span class='ocrx_word' id='word_1_262' title='bbox 2240 1995 2409 2065; x_wconf 84' lang='lat' dir='ltr'><strong>(conc.</strong></span> <span class='ocrx_word' id='word_1_263' title='bbox 2434 1991 2685 2064; x_wconf 86' lang='lat' dir='ltr'><strong>Carthag.</strong></span> <span class='ocrx_word' id='word_1_264' title='bbox 2727 2011 2809 2059; x_wconf 87' lang='lat' dir='ltr'><strong>tn,</strong></span> <span class='ocrx_word' id='word_1_265' title='bbox 2841 2011 2891 2050; x_wconf 94' lang='lat' dir='ltr'><strong>c.</strong></span> <span class='ocrx_word' id='word_1_266' title='bbox 2925 1995 2990 2059; x_wconf 90' lang='lat'><strong>7;</strong></span> <span class='ocrx_word' id='word_1_267' title='bbox 3035 1973 3166 2048; x_wconf 73' lang='lat' dir='ltr'><strong>Cod.</strong></span> <span class='ocrx_word' id='word_1_268' title='bbox 3197 2011 3316 2047; x_wconf 81' lang='lat' dir='ltr'><strong>can.</strong></span> <span class='ocrx_word' id='word_1_269' title='bbox 3348 1991 3495 2046; x_wconf 87' lang='lat' dir='ltr'><strong>Eccl.</strong></span> <span class='ocrx_word' id='word_1_270' title='bbox 3534 1994 3678 2062; x_wconf 61' lang='lat' dir='ltr'><strong>Afra,</strong></span> <span class='ocrx_word' id='word_1_271' title='bbox 3706 2009 3824 2047; x_wconf 87' lang='lat' dir='ltr'><strong>can.</strong></span> 
     </span>
    </p>
   </div>
   <div class='ocr_carea' id='block_1_19' title="bbox 543 2083 3829 2159">
    <p class='ocr_par' dir='ltr' id='par_1_19' title="bbox 543 2083 3829 2159">
     <span class='ocr_line' id='line_1_19' title="bbox 543 2083 3829 2159; baseline 0.001 -23"><span class='ocrx_word' id='word_1_272' title='bbox 543 2089 731 2136; x_wconf 85' lang='lat' dir='ltr'><strong>contra</strong></span> <span class='ocrx_word' id='word_1_273' title='bbox 783 2098 934 2136; x_wconf 91' lang='lat' dir='ltr'><strong>suam</strong></span> <span class='ocrx_word' id='word_1_274' title='bbox 991 2083 1320 2152; x_wconf 87' lang='lat' dir='ltr'><strong>pertinacem</strong></span> <span class='ocrx_word' id='word_1_275' title='bbox 1355 2083 1755 2139; x_wconf 89' lang='lat' dir='ltr'><strong>contumaciam</strong></span> <span class='ocrx_word' id='word_1_276' title='bbox 1806 2097 1965 2154; x_wconf 82' lang='lat' dir='ltr'><strong>agere</strong></span> <span class='ocrx_word' id='word_1_277' title='bbox 2007 2096 2132 2151; x_wconf 82' lang='lat' dir='ltr'><strong>pos-</strong></span> <span class='ocrx_word' id='word_1_278' title='bbox 2239 2085 2368 2159; x_wconf 80' lang='lat' dir='ltr'><strong>l9):</strong></span> <span class='ocrx_word' id='word_1_279' title='bbox 2420 2107 2438 2138; x_wconf 71' lang='grc' dir='ltr'>ι</span> <span class='ocrx_word' id='word_1_280' title='bbox 2477 2085 2542 2143; x_wconf 90' lang='lat' dir='ltr'><strong>Ut</strong></span> <span class='ocrx_word' id='word_1_281' title='bbox 2575 2089 2824 2158; x_wconf 86' lang='lat' dir='ltr'><strong>quisquis</strong></span> <span class='ocrx_word' id='word_1_282' title='bbox 2851 2088 3232 2158; x_wconf 88' lang='lat' dir='ltr'><strong>episcoporum</strong></span> <span class='ocrx_word' id='word_1_283' title='bbox 3277 2095 3591 2148; x_wconf 80' lang='lat' dir='ltr'><strong>accusatur,</strong></span> <span class='ocrx_word' id='word_1_284' title='bbox 3633 2086 3697 2140; x_wconf 87' lang='lat' dir='ltr'><strong>ad</strong></span> <span class='ocrx_word' id='word_1_285' title='bbox 3726 2086 3829 2154; x_wconf 85' lang='lat' dir='ltr'><strong>pri-</strong></span> 
     </span>
    </p>
   </div>
   <div class='ocr_carea' id='block_1_20' title="bbox 542 2173 3822 2252">
    <p class='ocr_par' dir='ltr' id='par_1_20' title="bbox 542 2173 3822 2252">
     <span class='ocr_line' id='line_1_20' title="bbox 542 2173 3822 2252; baseline 0.001 -26"><span class='ocrx_word' id='word_1_286' title='bbox 542 2186 654 2226; x_wconf 89' lang='lat' dir='ltr'><strong>sem</strong></span> <span class='ocrx_word' id='word_1_287' title='bbox 691 2190 704 2225; x_wconf 89' lang='lat'><strong>:</strong></span> <span class='ocrx_word' id='word_1_288' title='bbox 737 2179 790 2227; x_wconf 91' lang='lat' dir='ltr'><strong>et</strong></span> <span class='ocrx_word' id='word_1_289' title='bbox 819 2188 938 2243; x_wconf 74' lang='lat' dir='ltr'><strong>qua:</strong></span> <span class='ocrx_word' id='word_1_290' title='bbox 965 2173 1038 2228; x_wconf 92' lang='lat' dir='ltr'><strong>illi</strong></span> <span class='ocrx_word' id='word_1_291' title='bbox 1082 2214 1096 2228; x_wconf 91' lang='lat'><strong>.</strong></span> <span class='ocrx_word' id='word_1_292' title='bbox 1139 2214 1152 2227; x_wconf 93' lang='lat'><strong>.</strong></span> <span class='ocrx_word' id='word_1_293' title='bbox 1194 2213 1210 2228; x_wconf 94' lang='lat'><strong>.</strong></span> <span class='ocrx_word' id='word_1_294' title='bbox 1251 2189 1362 2229; x_wconf 84' lang='lat' dir='ltr'><strong>suae</strong></span> <span class='ocrx_word' id='word_1_295' title='bbox 1391 2184 1579 2229; x_wconf 87' lang='lat' dir='ltr'><strong>contra</strong></span> <span class='ocrx_word' id='word_1_296' title='bbox 1610 2173 1982 2245; x_wconf 85' lang='lat' dir='ltr'><strong>colligationes</strong></span> <span class='ocrx_word' id='word_1_297' title='bbox 2025 2189 2134 2228; x_wconf 70' lang='lat' dir='ltr'><strong>sua:</strong></span> <span class='ocrx_word' id='word_1_298' title='bbox 2236 2191 2408 2237; x_wconf 90' lang='lat' dir='ltr'><strong>mates</strong></span> <span class='ocrx_word' id='word_1_299' title='bbox 2434 2181 2725 2252; x_wconf 70' lang='lat' dir='ltr'><strong>provincia:</strong></span> <span class='ocrx_word' id='word_1_300' title='bbox 2749 2182 2917 2252; x_wconf 89' lang='lat' dir='ltr'><strong>ipsius</strong></span> <span class='ocrx_word' id='word_1_301' title='bbox 2952 2197 3172 2236; x_wconf 89' lang='lat' dir='ltr'><strong>causam</strong></span> <span class='ocrx_word' id='word_1_302' title='bbox 3211 2181 3422 2235; x_wconf 78' lang='lat' dir='ltr'><strong>deferat</strong></span> <span class='ocrx_word' id='word_1_303' title='bbox 3454 2191 3758 2234; x_wconf 86' lang='lat' dir='ltr'><strong>accusator.</strong></span> <span class='ocrx_word' id='word_1_304' title='bbox 3801 2199 3822 2230; x_wconf 78' lang='grc' dir='ltr'><strong>ι</strong></span> 
     </span>
    </p>
   </div>
   <div class='ocr_carea' id='block_1_21' title="bbox 543 2261 3823 2346">
    <p class='ocr_par' dir='ltr' id='par_1_21' title="bbox 543 2261 3823 2346">
     <span class='ocr_line' id='line_1_21' title="bbox 543 2261 3823 2346; baseline 0.001 -32"><span class='ocrx_word' id='word_1_305' title='bbox 543 2261 840 2332; x_wconf 67' lang='lat' dir='ltr'><strong>impietatis</strong></span> <span class='ocrx_word' id='word_1_306' title='bbox 894 2265 1221 2331; x_wconf 81' lang='lat' dir='ltr'><strong>direxeram,</strong></span> <span class='ocrx_word' id='word_1_307' title='bbox 1271 2275 1460 2321; x_wconf 88' lang='lat' dir='ltr'><strong>contra</strong></span> <span class='ocrx_word' id='word_1_308' title='bbox 1502 2265 1608 2321; x_wconf 93' lang='lat' dir='ltr'><strong>illis</strong></span> <span class='ocrx_word' id='word_1_309' title='bbox 1656 2275 1782 2320; x_wconf 85' lang='lat' dir='ltr'><strong>nota</strong></span> <span class='ocrx_word' id='word_1_310' title='bbox 1822 2265 1944 2320; x_wconf 78' lang='lat' dir='ltr'><strong>feci.</strong></span> <span class='ocrx_word' id='word_1_311' title='bbox 1980 2263 2133 2320; x_wconf 91' lang='lat' dir='ltr'><strong>Unde</strong></span> <span class='ocrx_word' id='word_1_312' title='bbox 2234 2275 2301 2329; x_wconf 74' lang='lat' dir='ltr'><strong>Et</strong></span> <span class='ocrx_word' id='word_1_313' title='bbox 2337 2285 2458 2345; x_wconf 72' lang='lat' dir='ltr'><strong>post</strong></span> <span class='ocrx_word' id='word_1_314' title='bbox 2495 2275 2772 2346; x_wconf 62' lang='lat' dir='ltr'><strong>aliquanta</strong></span> <span class='ocrx_word' id='word_1_315' title='bbox 2815 2290 2830 2328; x_wconf 70' lang='grc' dir='ltr'><strong>ε</strong></span> <span class='ocrx_word' id='word_1_316' title='bbox 2884 2294 2903 2326; x_wconf 71' lang='grc' dir='ltr'>ι</span> <span class='ocrx_word' id='word_1_317' title='bbox 2939 2273 3139 2329; x_wconf 72' lang='lat' dir='ltr'><strong>Verum</strong></span> <span class='ocrx_word' id='word_1_318' title='bbox 3176 2274 3364 2328; x_wconf 68' lang='lat' dir='ltr'><strong>tandm</strong></span> <span class='ocrx_word' id='word_1_319' title='bbox 3411 2283 3534 2344; x_wconf 70' lang='lat' dir='ltr'><strong>post</strong></span> <span class='ocrx_word' id='word_1_320' title='bbox 3583 2287 3823 2327; x_wconf 64' lang='lat' dir='ltr'><strong>mensem</strong></span> 
     </span>
    </p>
   </div>
   <div class='ocr_carea' id='block_1_22' title="bbox 538 2357 3819 2436">
    <p class='ocr_par' dir='ltr' id='par_1_22' title="bbox 538 2357 3819 2436">
     <span class='ocr_line' id='line_1_22' title="bbox 538 2357 3819 2436; baseline -0.003 -9"><span class='ocrx_word' id='word_1_321' title='bbox 538 2363 594 2410; x_wconf 69' lang='grc' dir='ltr'><strong>θῑ</strong></span> <span class='ocrx_word' id='word_1_322' title='bbox 618 2357 685 2411; x_wconf 74' lang='lat' dir='ltr'><strong>“b</strong></span> <span class='ocrx_word' id='word_1_323' title='bbox 709 2357 898 2412; x_wconf 72' lang='lat' dir='ltr'><strong>eadem</strong></span> <span class='ocrx_word' id='word_1_324' title='bbox 929 2358 1134 2430; x_wconf 68' lang='lat' dir='ltr'><strong>SYDOdO</strong></span> <span class='ocrx_word' id='word_1_325' title='bbox 1174 2368 1490 2425; x_wconf 68' lang='grc' dir='ltr'><strong>εοῐινθιιῑιιεν</strong></span> <span class='ocrx_word' id='word_1_326' title='bbox 1532 2359 1789 2430; x_wconf 77' lang='lat' dir='ltr'><strong>quoniam</strong></span> <span class='ocrx_word' id='word_1_327' title='bbox 1824 2358 2022 2430; x_wconf 63' lang='lat' dir='ltr'><strong>iniuste</strong></span> <span class='ocrx_word' id='word_1_328' title='bbox 2069 2375 2132 2415; x_wconf 70' lang='lat' dir='ltr'><strong>ac</strong></span> <span class='ocrx_word' id='word_1_329' title='bbox 2234 2369 2528 2425; x_wconf 86' lang='lat' dir='ltr'><strong>secundum</strong></span> <span class='ocrx_word' id='word_1_330' title='bbox 2560 2384 2667 2424; x_wconf 93' lang='lat' dir='ltr'><strong>non</strong></span> <span class='ocrx_word' id='word_1_331' title='bbox 2701 2369 3090 2433; x_wconf 89' lang='lat' dir='ltr'><strong>communicet,</strong></span> <span class='ocrx_word' id='word_1_332' title='bbox 3117 2368 3286 2422; x_wconf 89' lang='lat' dir='ltr'><strong>donec</strong></span> <span class='ocrx_word' id='word_1_333' title='bbox 3326 2374 3614 2436; x_wconf 78' lang='lat' dir='ltr'><strong>purgetur.</strong></span> <span class='ocrx_word' id='word_1_334' title='bbox 3652 2364 3708 2419; x_wconf 89' lang='lat' dir='ltr'><strong>Si</strong></span> <span class='ocrx_word' id='word_1_335' title='bbox 3732 2381 3819 2418; x_wconf 69' lang='lat' dir='ltr'><strong>auo</strong></span> 
     </span>
    </p>
   </div>
   <div class='ocr_carea' id='block_1_23' title="bbox 539 2449 3823 2522">
    <p class='ocr_par' dir='ltr' id='par_1_23' title="bbox 539 2449 3823 2522">
     <span class='ocr_line' id='line_1_23' title="bbox 539 2449 3823 2522; baseline -0 -9"><span class='ocrx_word' id='word_1_336' title='bbox 539 2449 912 2522; x_wconf 68' lang='lat' dir='ltr'><strong>irregulariier</strong></span> <span class='ocrx_word' id='word_1_337' title='bbox 939 2461 1117 2508; x_wconf 70' lang='lat' dir='ltr'><strong>tantas</strong></span> <span class='ocrx_word' id='word_1_338' title='bbox 1146 2462 1201 2508; x_wconf 77' lang='lat' dir='ltr'><strong>el</strong></span> <span class='ocrx_word' id='word_1_339' title='bbox 1249 2454 1381 2510; x_wconf 71' lang='lat' dir='ltr'><strong>tales</strong></span> <span class='ocrx_word' id='word_1_340' title='bbox 1426 2453 2018 2510; x_wconf 66' lang='lat' dir='ltr'><strong>excommunicaliones</strong></span> <span class='ocrx_word' id='word_1_341' title='bbox 2049 2452 2130 2507; x_wconf 61' lang='lat' dir='ltr'><strong>fa‘</strong></span> <span class='ocrx_word' id='word_1_342' title='bbox 2234 2470 2341 2516; x_wconf 91' lang='lat' dir='ltr'><strong>tem</strong></span> <span class='ocrx_word' id='word_1_343' title='bbox 2373 2463 2440 2516; x_wconf 88' lang='lat' dir='ltr'><strong>ad</strong></span> <span class='ocrx_word' id='word_1_344' title='bbox 2467 2461 2756 2518; x_wconf 87' lang='lat' dir='ltr'><strong>concilium</strong></span> <span class='ocrx_word' id='word_1_345' title='bbox 2806 2460 3116 2516; x_wconf 82' lang='lat' dir='ltr'><strong>universale</strong></span> <span class='ocrx_word' id='word_1_346' title='bbox 3159 2458 3601 2514; x_wconf 87' lang='lat' dir='ltr'><strong>anniversarium</strong></span> <span class='ocrx_word' id='word_1_347' title='bbox 3643 2473 3823 2512; x_wconf 81' lang='lat' dir='ltr'><strong>occur-</strong></span> 
     </span>
    </p>
   </div>
   <div class='ocr_carea' id='block_1_24' title="bbox 537 2544 3823 2620">
    <p class='ocr_par' dir='ltr' id='par_1_24' title="bbox 537 2544 3823 2620">
     <span class='ocr_line' id='line_1_24' title="bbox 537 2544 3823 2620; baseline -0.004 -9"><span class='ocrx_word' id='word_1_348' title='bbox 537 2557 661 2597; x_wconf 71' lang='lat' dir='ltr'><strong>Cel‘e</strong></span> <span class='ocrx_word' id='word_1_349' title='bbox 686 2545 1051 2615; x_wconf 65' lang='grc' dir='ltr'><strong>ρταιευηιρεὶι,</strong></span> <span class='ocrx_word' id='word_1_350' title='bbox 1086 2545 1232 2600; x_wconf 62' lang='lat' dir='ltr'><strong>dedit</strong></span> <span class='ocrx_word' id='word_1_351' title='bbox 1262 2545 1394 2600; x_wconf 77' lang='lat' dir='ltr'><strong>mihi</strong></span> <span class='ocrx_word' id='word_1_352' title='bbox 1426 2546 1478 2600; x_wconf 79' lang='grc' dir='ltr'><strong>ἱη</strong></span> <span class='ocrx_word' id='word_1_353' title='bbox 1512 2545 1704 2600; x_wconf 71' lang='lat' dir='ltr'><strong>eadem</strong></span> <span class='ocrx_word' id='word_1_354' title='bbox 1757 2544 1962 2617; x_wconf 84' lang='lat' dir='ltr'><strong>synodo</strong></span> <span class='ocrx_word' id='word_1_355' title='bbox 2006 2559 2129 2615; x_wconf 81' lang='lat' dir='ltr'><strong>pI‘O-</strong></span> <span class='ocrx_word' id='word_1_356' title='bbox 2232 2567 2354 2606; x_wconf 85' lang='lat' dir='ltr'><strong>rere</strong></span> <span class='ocrx_word' id='word_1_357' title='bbox 2388 2551 2640 2614; x_wconf 87' lang='lat' dir='ltr'><strong>noluerit,</strong></span> <span class='ocrx_word' id='word_1_358' title='bbox 2679 2560 2738 2607; x_wconf 89' lang='lat' dir='ltr'><strong>ut</strong></span> <span class='ocrx_word' id='word_1_359' title='bbox 2765 2551 2848 2606; x_wconf 89' lang='lat' dir='ltr'><strong>vel</strong></span> <span class='ocrx_word' id='word_1_360' title='bbox 2881 2551 2952 2606; x_wconf 90' lang='lat' dir='ltr'><strong>ibi</strong></span> <span class='ocrx_word' id='word_1_361' title='bbox 2998 2565 3161 2606; x_wconf 91' lang='lat' dir='ltr'><strong>causa</strong></span> <span class='ocrx_word' id='word_1_362' title='bbox 3186 2549 3303 2620; x_wconf 87' lang='lat' dir='ltr'><strong>ejus</strong></span> <span class='ocrx_word' id='word_1_363' title='bbox 3338 2548 3687 2610; x_wconf 78' lang='lat' dir='ltr'><strong>terminetur,</strong></span> <span class='ocrx_word' id='word_1_364' title='bbox 3718 2548 3823 2616; x_wconf 78' lang='lat' dir='ltr'><strong>ipse</strong></span> 
     </span>
    </p>
   </div>
   <div class='ocr_carea' id='block_1_25' title="bbox 536 2631 2116 2709">
    <p class='ocr_par' dir='ltr' id='par_1_25' title="bbox 536 2631 2116 2709">
     <span class='ocr_line' id='line_1_25' title="bbox 536 2631 2116 2709; baseline 0.001 -22"><span class='ocrx_word' id='word_1_365' title='bbox 536 2631 791 2690; x_wconf 80' lang='lat' dir='ltr'><strong>fessionis</strong></span> <span class='ocrx_word' id='word_1_366' title='bbox 830 2650 941 2690; x_wconf 61' lang='lat' dir='ltr'><strong>suat</strong></span> <span class='ocrx_word' id='word_1_367' title='bbox 973 2635 1209 2691; x_wconf 91' lang='lat' dir='ltr'><strong>libellum</strong></span> <span class='ocrx_word' id='word_1_368' title='bbox 1260 2637 1326 2690; x_wconf 92' lang='lat' dir='ltr'><strong>de</strong></span> <span class='ocrx_word' id='word_1_369' title='bbox 1376 2636 1610 2709; x_wconf 84' lang='lat' dir='ltr'><strong>regulari</strong></span> <span class='ocrx_word' id='word_1_370' title='bbox 1652 2636 1957 2691; x_wconf 87' lang='lat' dir='ltr'><strong>obedientia</strong></span> <span class='ocrx_word' id='word_1_371' title='bbox 2009 2651 2116 2702; x_wconf 74' lang='lat' dir='ltr'><strong>sua,</strong></span> 
     </span>
    </p>
   </div>
   <div class='ocr_carea' id='block_1_26' title="bbox 2240 2631 3820 2709">
    <p class='ocr_par' dir='ltr' id='par_1_26' title="bbox 2240 2636 3820 2704">
     <span class='ocr_line' id='line_1_26' title="bbox 2240 2636 3820 2704; baseline -0.004 -8"><span class='ocrx_word' id='word_1_372' title='bbox 2240 2643 2286 2697; x_wconf 88' lang='lat' dir='ltr'><strong>in</strong></span> <span class='ocrx_word' id='word_1_373' title='bbox 2314 2659 2372 2698; x_wconf 89' lang='lat' dir='ltr'><strong>se</strong></span> <span class='ocrx_word' id='word_1_374' title='bbox 2393 2642 2760 2697; x_wconf 89' lang='lat' dir='ltr'><strong>damnationis</strong></span> <span class='ocrx_word' id='word_1_375' title='bbox 2775 2641 3100 2698; x_wconf 88' lang='lat' dir='ltr'><strong>sententiam</strong></span> <span class='ocrx_word' id='word_1_376' title='bbox 3125 2640 3326 2695; x_wconf 76' lang='lat' dir='ltr'><strong>dixisse</strong></span> <span class='ocrx_word' id='word_1_377' title='bbox 3349 2636 3651 2704; x_wconf 74' lang='lat' dir='ltr'><strong>iudicetur.</strong></span> <span class='ocrx_word' id='word_1_378' title='bbox 3669 2637 3820 2692; x_wconf 71' lang='lat' dir='ltr'><strong>Tem-</strong></span> 
     </span>
    </p>
   </div>
   <div class='ocr_carea' id='block_1_27' title="bbox 535 2729 3818 2805">
    <p class='ocr_par' dir='ltr' id='par_1_27' title="bbox 535 2729 3818 2805">
     <span class='ocr_line' id='line_1_27' title="bbox 535 2729 3818 2805; baseline -0.001 -22"><span class='ocrx_word' id='word_1_379' title='bbox 535 2744 696 2799; x_wconf 91' lang='lat' dir='ltr'><strong>quem</strong></span> <span class='ocrx_word' id='word_1_380' title='bbox 729 2730 922 2796; x_wconf 89' lang='lat' dir='ltr'><strong>habeo,</strong></span> <span class='ocrx_word' id='word_1_381' title='bbox 953 2731 1045 2800; x_wconf 93' lang='lat' dir='ltr'><strong>qui</strong></span> <span class='ocrx_word' id='word_1_382' title='bbox 1087 2731 1158 2785; x_wconf 92' lang='lat' dir='ltr'><strong>ita</strong></span> <span class='ocrx_word' id='word_1_383' title='bbox 1199 2747 1258 2785; x_wconf 91' lang='lat' dir='ltr'><strong>se</strong></span> <span class='ocrx_word' id='word_1_384' title='bbox 1290 2731 1455 2786; x_wconf 88' lang='lat' dir='ltr'><strong>habet</strong></span> <span class='ocrx_word' id='word_1_385' title='bbox 1483 2748 1496 2784; x_wconf 91' lang='lat'>:</span> <span class='ocrx_word' id='word_1_386' title='bbox 1533 2729 1816 2800; x_wconf 83' lang='lat' dir='ltr'><strong>Privilegio</strong></span> <span class='ocrx_word' id='word_1_387' title='bbox 1852 2729 2130 2783; x_wconf 83' lang='lat' dir='ltr'><strong>Hincmari</strong></span> <span class='ocrx_word' id='word_1_388' title='bbox 2229 2750 2361 2805; x_wconf 86' lang='lat' dir='ltr'><strong>pore</strong></span> <span class='ocrx_word' id='word_1_389' title='bbox 2388 2751 2516 2789; x_wconf 87' lang='lat' dir='ltr'><strong>sane</strong></span> <span class='ocrx_word' id='word_1_390' title='bbox 2544 2749 2652 2804; x_wconf 90' lang='lat' dir='ltr'><strong>quo</strong></span> <span class='ocrx_word' id='word_1_391' title='bbox 2677 2749 2785 2790; x_wconf 88' lang='lat' dir='ltr'><strong>non</strong></span> <span class='ocrx_word' id='word_1_392' title='bbox 2813 2733 3200 2796; x_wconf 88' lang='lat' dir='ltr'><strong>communicat,</strong></span> <span class='ocrx_word' id='word_1_393' title='bbox 3225 2746 3326 2785; x_wconf 85' lang='lat' dir='ltr'><strong>nec</strong></span> <span class='ocrx_word' id='word_1_394' title='bbox 3355 2729 3407 2784; x_wconf 91' lang='lat' dir='ltr'><strong>in</strong></span> <span class='ocrx_word' id='word_1_395' title='bbox 3438 2745 3534 2784; x_wconf 80' lang='lat' dir='ltr'><strong>sua</strong></span> <span class='ocrx_word' id='word_1_396' title='bbox 3568 2729 3818 2788; x_wconf 73' lang='lat' dir='ltr'><strong>ecclesia,</strong></span> 
     </span>
    </p>
   </div>
   <div class='ocr_carea' id='block_1_28' title="bbox 533 2818 3824 2897">
    <p class='ocr_par' dir='ltr' id='par_1_28' title="bbox 533 2818 3824 2897">
     <span class='ocr_line' id='line_1_28' title="bbox 533 2818 3824 2897; baseline -0.003 -21"><span class='ocrx_word' id='word_1_397' title='bbox 533 2821 924 2892; x_wconf 79' lang='lat' dir='ltr'><strong>metropolitani</strong></span> <span class='ocrx_word' id='word_1_398' title='bbox 949 2823 1230 2894; x_wconf 76' lang='lat' dir='ltr'><strong>provincia:</strong></span> <span class='ocrx_word' id='word_1_399' title='bbox 1259 2821 1572 2876; x_wconf 81' lang='lat' dir='ltr'><strong>Rhemorum</strong></span> <span class='ocrx_word' id='word_1_400' title='bbox 1595 2821 2124 2875; x_wconf 74' lang='lat' dir='ltr'><strong>ecclesiwserundum</strong></span> <span class='ocrx_word' id='word_1_401' title='bbox 2230 2826 2313 2881; x_wconf 82' lang='lat' dir='ltr'><strong>vel</strong></span> <span class='ocrx_word' id='word_1_402' title='bbox 2342 2826 2597 2897; x_wconf 79' lang='lat' dir='ltr'><strong>parochia</strong></span> <span class='ocrx_word' id='word_1_403' title='bbox 2639 2818 3024 2880; x_wconf 84' lang='lat' dir='ltr'><strong>communicet.</strong></span> <span class='ocrx_word' id='word_1_404' title='bbox 3064 2844 3084 2877; x_wconf 72' lang='grc' dir='ltr'><strong><em>ι</em></strong></span> <span class='ocrx_word' id='word_1_405' title='bbox 3120 2823 3187 2878; x_wconf 82' lang='lat' dir='ltr'><strong>Et</strong></span> <span class='ocrx_word' id='word_1_406' title='bbox 3215 2823 3333 2892; x_wconf 90' lang='lat' dir='ltr'><strong>jam</strong></span> <span class='ocrx_word' id='word_1_407' title='bbox 3390 2827 3701 2874; x_wconf 88' lang='lat' dir='ltr'><strong>transactus</strong></span> <span class='ocrx_word' id='word_1_408' title='bbox 3747 2825 3824 2867; x_wconf 72' lang='lat' dir='ltr'><strong>cst</strong></span> 
     </span>
    </p>
   </div>
   <div class='ocr_carea' id='block_1_29' title="bbox 533 2910 3824 2988">
    <p class='ocr_par' dir='ltr' id='par_1_29' title="bbox 533 2910 3824 2988">
     <span class='ocr_line' id='line_1_29' title="bbox 533 2910 3824 2988; baseline -0.002 -18"><span class='ocrx_word' id='word_1_409' title='bbox 533 2931 712 2970; x_wconf 84' lang='lat' dir='ltr'><strong>sacros</strong></span> <span class='ocrx_word' id='word_1_410' title='bbox 737 2933 960 2972; x_wconf 82' lang='lat' dir='ltr'><strong>canones</strong></span> <span class='ocrx_word' id='word_1_411' title='bbox 1004 2928 1051 2972; x_wconf 90' lang='lat' dir='ltr'><strong>et</strong></span> <span class='ocrx_word' id='word_1_412' title='bbox 1091 2919 1298 2972; x_wconf 88' lang='lat' dir='ltr'><strong>decreta</strong></span> <span class='ocrx_word' id='word_1_413' title='bbox 1327 2918 1466 2972; x_wconf 84' lang='lat' dir='ltr'><strong>sedis</strong></span> <span class='ocrx_word' id='word_1_414' title='bbox 1505 2917 1807 2988; x_wconf 67' lang='lat' dir='ltr'><strong>apostolicae</strong></span> <span class='ocrx_word' id='word_1_415' title='bbox 1849 2934 1914 2972; x_wconf 76' lang='lat' dir='ltr'><strong>ea:</strong></span> <span class='ocrx_word' id='word_1_416' title='bbox 1961 2918 2127 2972; x_wconf 84' lang='lat' dir='ltr'><strong>sacris</strong></span> <span class='ocrx_word' id='word_1_417' title='bbox 2229 2921 2404 2974; x_wconf 81' lang='lat' dir='ltr'><strong>ahnus</strong></span> <span class='ocrx_word' id='word_1_418' title='bbox 2442 2935 2508 2973; x_wconf 86' lang='lat' dir='ltr'><strong>ex</strong></span> <span class='ocrx_word' id='word_1_419' title='bbox 2539 2933 2648 2988; x_wconf 91' lang='lat' dir='ltr'><strong>quo</strong></span> <span class='ocrx_word' id='word_1_420' title='bbox 2695 2933 2726 2972; x_wconf 90' lang='lat' dir='ltr'><strong>a</strong></span> <span class='ocrx_word' id='word_1_421' title='bbox 2775 2933 2884 2982; x_wconf 93' lang='lat' dir='ltr'><strong>me,</strong></span> <span class='ocrx_word' id='word_1_422' title='bbox 2923 2933 3022 2972; x_wconf 91' lang='lat' dir='ltr'><strong>suo</strong></span> <span class='ocrx_word' id='word_1_423' title='bbox 3071 2913 3513 2984; x_wconf 81' lang='lat' dir='ltr'><strong>metropolitano,</strong></span> <span class='ocrx_word' id='word_1_424' title='bbox 3578 2910 3824 2981; x_wconf 55' lang='lat' dir='ltr'><strong>praefatos</strong></span> 
     </span>
    </p>
   </div>
   <div class='ocr_carea' id='block_1_30' title="bbox 533 3007 3822 3082">
    <p class='ocr_par' dir='ltr' id='par_1_30' title="bbox 533 3007 3822 3082">
     <span class='ocr_line' id='line_1_30' title="bbox 533 3007 3822 3082; baseline -0.003 -20"><span class='ocrx_word' id='word_1_425' title='bbox 533 3008 820 3064; x_wconf 81' lang='lat' dir='ltr'><strong>canouibus</strong></span> <span class='ocrx_word' id='word_1_426' title='bbox 857 3009 1210 3080; x_wconf 84' lang='lat' dir='ltr'><strong>promulgata,</strong></span> <span class='ocrx_word' id='word_1_427' title='bbox 1247 3027 1342 3082; x_wconf 90' lang='lat' dir='ltr'><strong>pro</strong></span> <span class='ocrx_word' id='word_1_428' title='bbox 1366 3012 1501 3066; x_wconf 82' lang='lat' dir='ltr'><strong>scire</strong></span> <span class='ocrx_word' id='word_1_429' title='bbox 1537 3021 1584 3065; x_wconf 88' lang='lat' dir='ltr'><strong>et</strong></span> <span class='ocrx_word' id='word_1_430' title='bbox 1607 3027 1755 3080; x_wconf 86' lang='lat' dir='ltr'><strong>posse</strong></span> <span class='ocrx_word' id='word_1_431' title='bbox 1780 3027 1862 3065; x_wconf 87' lang='lat' dir='ltr'><strong>me</strong></span> <span class='ocrx_word' id='word_1_432' title='bbox 1891 3011 2127 3064; x_wconf 80' lang='lat' dir='ltr'><strong>obeditu-</strong></span> <span class='ocrx_word' id='word_1_433' title='bbox 2221 3007 2434 3079; x_wconf 86' lang='lat' dir='ltr'><strong>jttdlces</strong></span> <span class='ocrx_word' id='word_1_434' title='bbox 2463 3010 2667 3066; x_wconf 91' lang='lat' dir='ltr'><strong>electos</strong></span> <span class='ocrx_word' id='word_1_435' title='bbox 2713 3009 2964 3080; x_wconf 81' lang='lat' dir='ltr'><strong>expetiit,</strong></span> <span class='ocrx_word' id='word_1_436' title='bbox 2990 3016 3047 3062; x_wconf 91' lang='lat' dir='ltr'><strong>et</strong></span> <span class='ocrx_word' id='word_1_437' title='bbox 3071 3008 3311 3078; x_wconf 87' lang='lat' dir='ltr'><strong>accepit;</strong></span> <span class='ocrx_word' id='word_1_438' title='bbox 3363 3015 3417 3071; x_wconf 85' lang='lat' dir='ltr'><strong>et</strong></span> <span class='ocrx_word' id='word_1_439' title='bbox 3449 3019 3672 3060; x_wconf 84' lang='lat' dir='ltr'><strong>causam</strong></span> <span class='ocrx_word' id='word_1_440' title='bbox 3720 3016 3822 3056; x_wconf 74' lang='lat' dir='ltr'><strong>sure</strong></span> 
     </span>
    </p>
   </div>
   <div class='ocr_carea' id='block_1_31' title="bbox 532 3093 3822 3173">
    <p class='ocr_par' dir='ltr' id='par_1_31' title="bbox 532 3093 3822 3173">
     <span class='ocr_line' id='line_1_31' title="bbox 532 3093 3822 3173; baseline -0.002 -21"><span class='ocrx_word' id='word_1_441' title='bbox 532 3114 650 3153; x_wconf 87' lang='lat' dir='ltr'><strong>rum</strong></span> <span class='ocrx_word' id='word_1_442' title='bbox 671 3101 939 3170; x_wconf 79' lang='lat' dir='ltr'><strong>proﬁteor,</strong></span> <span class='ocrx_word' id='word_1_443' title='bbox 962 3101 1251 3157; x_wconf 85' lang='lat' dir='ltr'><strong>subscribo.</strong></span> <span class='ocrx_word' id='word_1_444' title='bbox 1283 3101 1346 3155; x_wconf 90' lang='lat' dir='ltr'><strong>Et</strong></span> <span class='ocrx_word' id='word_1_445' title='bbox 1374 3118 1443 3156; x_wconf 85' lang='lat' dir='ltr'><strong>ex</strong></span> <span class='ocrx_word' id='word_1_446' title='bbox 1467 3117 1533 3157; x_wconf 89' lang='lat' dir='ltr'><strong>eo</strong></span> <span class='ocrx_word' id='word_1_447' title='bbox 1576 3103 1717 3172; x_wconf 91' lang='lat' dir='ltr'><strong>quod</strong></span> <span class='ocrx_word' id='word_1_448' title='bbox 1748 3101 1830 3157; x_wconf 92' lang='lat' dir='ltr'><strong>sui</strong></span> <span class='ocrx_word' id='word_1_449' title='bbox 1881 3102 2126 3157; x_wconf 89' lang='lat' dir='ltr'><strong>homines</strong></span> <span class='ocrx_word' id='word_1_450' title='bbox 2229 3103 2592 3158; x_wconf 89' lang='lat' dir='ltr'><strong>accusationis</strong></span> <span class='ocrx_word' id='word_1_451' title='bbox 2619 3101 2940 3173; x_wconf 78' lang='lat' dir='ltr'><strong>regulariter</strong></span> <span class='ocrx_word' id='word_1_452' title='bbox 2967 3109 3262 3156; x_wconf 82' lang='lat' dir='ltr'><strong>exsecutus</strong></span> <span class='ocrx_word' id='word_1_453' title='bbox 3283 3114 3389 3153; x_wconf 91' lang='lat' dir='ltr'><strong>non</strong></span> <span class='ocrx_word' id='word_1_454' title='bbox 3414 3097 3537 3151; x_wconf 81' lang='lat' dir='ltr'><strong>fuit.</strong></span> <span class='ocrx_word' id='word_1_455' title='bbox 3572 3096 3636 3150; x_wconf 84' lang='lat' dir='ltr'><strong>Et</strong></span> <span class='ocrx_word' id='word_1_456' title='bbox 3662 3093 3822 3146; x_wconf 79' lang='lat' dir='ltr'><strong>dilata</strong></span> 
     </span>
    </p>
   </div>
   <div class='ocr_carea' id='block_1_32' title="bbox 532 3187 3822 3264">
    <p class='ocr_par' dir='ltr' id='par_1_32' title="bbox 532 3187 3822 3264">
     <span class='ocr_line' id='line_1_32' title="bbox 532 3187 3822 3264; baseline -0.003 -16"><span class='ocrx_word' id='word_1_457' title='bbox 532 3205 592 3248; x_wconf 90' lang='lat' dir='ltr'><strong>se</strong></span> <span class='ocrx_word' id='word_1_458' title='bbox 639 3194 704 3248; x_wconf 89' lang='lat' dir='ltr'><strong>ad</strong></span> <span class='ocrx_word' id='word_1_459' title='bbox 753 3207 934 3264; x_wconf 88' lang='lat' dir='ltr'><strong>regem</strong></span> <span class='ocrx_word' id='word_1_460' title='bbox 989 3193 1444 3258; x_wconf 87' lang='lat' dir='ltr'><strong>reclamaverunt,</strong></span> <span class='ocrx_word' id='word_1_461' title='bbox 1482 3194 1740 3264; x_wconf 89' lang='lat' dir='ltr'><strong>quoniam</strong></span> <span class='ocrx_word' id='word_1_462' title='bbox 1796 3194 1863 3248; x_wconf 92' lang='lat' dir='ltr'><strong>ab</strong></span> <span class='ocrx_word' id='word_1_463' title='bbox 1909 3194 1989 3248; x_wconf 80' lang='lat' dir='ltr'><strong>eis</strong></span> <span class='ocrx_word' id='word_1_464' title='bbox 2023 3210 2118 3248; x_wconf 87' lang='lat' dir='ltr'><strong>sua</strong></span> <span class='ocrx_word' id='word_1_465' title='bbox 2166 3261 2191 3264; x_wconf 93' lang='lat'>_</span> <span class='ocrx_word' id='word_1_466' title='bbox 2228 3202 2313 3250; x_wconf 84' lang='lat' dir='ltr'><strong>est</strong></span> <span class='ocrx_word' id='word_1_467' title='bbox 2358 3195 2620 3249; x_wconf 88' lang='lat' dir='ltr'><strong>hactenus</strong></span> <span class='ocrx_word' id='word_1_468' title='bbox 2665 3210 2734 3249; x_wconf 76' lang='lat' dir='ltr'><strong>ex</strong></span> <span class='ocrx_word' id='word_1_469' title='bbox 2762 3209 2829 3249; x_wconf 92' lang='lat' dir='ltr'><strong>eo</strong></span> <span class='ocrx_word' id='word_1_470' title='bbox 2876 3194 3147 3248; x_wconf 88' lang='lat' dir='ltr'><strong>sententia</strong></span> <span class='ocrx_word' id='word_1_471' title='bbox 3177 3191 3414 3246; x_wconf 82' lang='lat' dir='ltr'><strong>Africani</strong></span> <span class='ocrx_word' id='word_1_472' title='bbox 3467 3187 3707 3249; x_wconf 85' lang='lat' dir='ltr'><strong>concilii,</strong></span> <span class='ocrx_word' id='word_1_473' title='bbox 3759 3190 3822 3238; x_wconf 83' lang='lat' dir='ltr'><strong>de</strong></span> 
     </span>
    </p>
   </div>
   <div class='ocr_carea' id='block_1_33' title="bbox 529 3261 3820 3358">
    <p class='ocr_par' dir='ltr' id='par_1_33' title="bbox 529 3261 3820 3358">
     <span class='ocr_line' id='line_1_33' title="bbox 529 3261 3820 3358; baseline -0.003 -16"><span class='ocrx_word' id='word_1_474' title='bbox 529 3261 976 3356; x_wconf 35' lang='lat' dir='ltr'><strong>beneﬂcia,vqua:</strong></span> <span class='ocrx_word' id='word_1_475' title='bbox 1005 3288 1146 3358; x_wconf 84' lang='lat' dir='ltr'><strong>apud</strong></span> <span class='ocrx_word' id='word_1_476' title='bbox 1178 3261 1555 3344; x_wconf 84' lang='lat' dir='ltr'><strong>antecessores</strong></span> <span class='ocrx_word' id='word_1_477' title='bbox 1579 3303 1722 3349; x_wconf 83' lang='lat' dir='ltr'><strong>suos,</strong></span> <span class='ocrx_word' id='word_1_478' title='bbox 1743 3297 1796 3341; x_wconf 94' lang='lat' dir='ltr'><strong>et</strong></span> <span class='ocrx_word' id='word_1_479' title='bbox 1827 3287 1967 3356; x_wconf 88' lang='lat' dir='ltr'><strong>apud</strong></span> <span class='ocrx_word' id='word_1_480' title='bbox 1997 3288 2120 3342; x_wconf 87' lang='lat' dir='ltr'><strong>eu’m</strong></span> <span class='ocrx_word' id='word_1_481' title='bbox 2151 3261 2196 3322; x_wconf 69' lang='grc' dir='ltr'>Ο</span> <span class='ocrx_word' id='word_1_482' title='bbox 2229 3288 2524 3343; x_wconf 83' lang='lat' dir='ltr'><strong>Maximino</strong></span> <span class='ocrx_word' id='word_1_483' title='bbox 2551 3288 2806 3358; x_wconf 89' lang='lat' dir='ltr'><strong>episcopo</strong></span> <span class='ocrx_word' id='word_1_484' title='bbox 2837 3287 3178 3358; x_wconf 86' lang='lat' dir='ltr'><strong>promulgata</strong></span> <span class='ocrx_word' id='word_1_485' title='bbox 3209 3287 3381 3356; x_wconf 84' lang='lat' dir='ltr'><strong>(conc.</strong></span> <span class='ocrx_word' id='word_1_486' title='bbox 3417 3283 3615 3352; x_wconf 61' lang='grc' dir='ltr'><strong>Λρήτη</strong></span> <span class='ocrx_word' id='word_1_487' title='bbox 3646 3295 3692 3333; x_wconf 85' lang='lat' dir='ltr'><strong>c.</strong></span> <span class='ocrx_word' id='word_1_488' title='bbox 3722 3277 3820 3343; x_wconf 79' lang='lat'><strong>55;</strong></span> 
     </span>
    </p>
   </div>
   <div class='ocr_carea' id='block_1_34' title="bbox 531 3370 3823 3451">
    <p class='ocr_par' dir='ltr' id='par_1_34' title="bbox 531 3370 3823 3451">
     <span class='ocr_line' id='line_1_34' title="bbox 531 3370 3823 3451; baseline -0.002 -21"><span class='ocrx_word' id='word_1_489' title='bbox 531 3378 962 3449; x_wconf 86' lang='lat' dir='ltr'><strong>proservieruut,</strong></span> <span class='ocrx_word' id='word_1_490' title='bbox 1015 3377 1214 3447; x_wconf 84' lang='lat' dir='ltr'><strong>injuste</strong></span> <span class='ocrx_word' id='word_1_491' title='bbox 1242 3389 1296 3434; x_wconf 90' lang='lat' dir='ltr'><strong>et</strong></span> <span class='ocrx_word' id='word_1_492' title='bbox 1326 3379 1770 3434; x_wconf 89' lang='lat' dir='ltr'><strong>irrationabiliter</strong></span> <span class='ocrx_word' id='word_1_493' title='bbox 1791 3377 2120 3443; x_wconf 87' lang='lat' dir='ltr'><strong>abstulisset,</strong></span> <span class='ocrx_word' id='word_1_494' title='bbox 2226 3383 2358 3438; x_wconf 77' lang='lat' dir='ltr'><strong>Cod.</strong></span> <span class='ocrx_word' id='word_1_495' title='bbox 2395 3401 2517 3438; x_wconf 79' lang='grc' dir='ltr'><strong>εαιι.</strong></span> <span class='ocrx_word' id='word_1_496' title='bbox 2563 3381 2711 3437; x_wconf 77' lang='lat' dir='ltr'><strong>Eccl,</strong></span> <span class='ocrx_word' id='word_1_497' title='bbox 2739 3381 2935 3451; x_wconf 67' lang='grc' dir='ltr'><strong>Λίήεη</strong></span> <span class='ocrx_word' id='word_1_498' title='bbox 2972 3394 3097 3434; x_wconf 81' lang='lat' dir='ltr'><strong>can.</strong></span> <span class='ocrx_word' id='word_1_499' title='bbox 3146 3377 3248 3444; x_wconf 85' lang='lat'><strong>88)</strong></span> <span class='ocrx_word' id='word_1_500' title='bbox 3281 3395 3293 3430; x_wconf 89' lang='lat'><strong>:</strong></span> <span class='ocrx_word' id='word_1_501' title='bbox 3333 3395 3351 3425; x_wconf 68' lang='grc' dir='ltr'><em>ς</em></span> <span class='ocrx_word' id='word_1_502' title='bbox 3395 3376 3468 3428; x_wconf 84' lang='lat' dir='ltr'><strong>De</strong></span> <span class='ocrx_word' id='word_1_503' title='bbox 3509 3370 3823 3431; x_wconf 76' lang='lat' dir='ltr'><strong>Maximino,</strong></span> 
     </span>
    </p>
   </div>
   <div class='ocr_carea' id='block_1_35' title="bbox 530 3461 3825 3546">
    <p class='ocr_par' dir='ltr' id='par_1_35' title="bbox 530 3461 3825 3546">
     <span class='ocr_line' id='line_1_35' title="bbox 530 3461 3825 3546; baseline 0.001 -24"><span class='ocrx_word' id='word_1_504' title='bbox 530 3476 653 3539; x_wconf 88' lang='lat' dir='ltr'><strong>post</strong></span> <span class='ocrx_word' id='word_1_505' title='bbox 685 3467 872 3522; x_wconf 91' lang='lat' dir='ltr'><strong>datum</strong></span> <span class='ocrx_word' id='word_1_506' title='bbox 899 3469 1027 3523; x_wconf 92' lang='lat' dir='ltr'><strong>mihi</strong></span> <span class='ocrx_word' id='word_1_507' title='bbox 1063 3469 1298 3524; x_wconf 92' lang='lat' dir='ltr'><strong>libellum</strong></span> <span class='ocrx_word' id='word_1_508' title='bbox 1323 3469 1375 3523; x_wconf 91' lang='lat' dir='ltr'><strong>in</strong></span> <span class='ocrx_word' id='word_1_509' title='bbox 1399 3469 1604 3540; x_wconf 88' lang='lat' dir='ltr'><strong>synodo</strong></span> <span class='ocrx_word' id='word_1_510' title='bbox 1632 3469 1696 3523; x_wconf 90' lang='lat' dir='ltr'><strong>de</strong></span> <span class='ocrx_word' id='word_1_511' title='bbox 1732 3467 1962 3538; x_wconf 80' lang='lat' dir='ltr'><strong>regulari</strong></span> <span class='ocrx_word' id='word_1_512' title='bbox 1995 3469 2125 3522; x_wconf 80' lang='lat' dir='ltr'><strong>obe-</strong></span> <span class='ocrx_word' id='word_1_513' title='bbox 2226 3477 2420 3546; x_wconf 78' lang='lat' dir='ltr'><strong>inquit,</strong></span> <span class='ocrx_word' id='word_1_514' title='bbox 2463 3474 2760 3545; x_wconf 74' lang='lat' dir='ltr'><strong>Bacagcnsi</strong></span> <span class='ocrx_word' id='word_1_515' title='bbox 2788 3471 2912 3546; x_wconf 84' lang='lat' dir='ltr'><strong>[al.,</strong></span> <span class='ocrx_word' id='word_1_516' title='bbox 2944 3470 3271 3526; x_wconf 80' lang='lat' dir='ltr'><strong>Maximiano</strong></span> <span class='ocrx_word' id='word_1_517' title='bbox 3313 3463 3645 3535; x_wconf 69' lang='lat' dir='ltr'><strong>Bagaicusi}.</strong></span> <span class='ocrx_word' id='word_1_518' title='bbox 3678 3473 3735 3516; x_wconf 77' lang='lat' dir='ltr'><strong>el</strong></span> <span class='ocrx_word' id='word_1_519' title='bbox 3759 3461 3825 3516; x_wconf 70' lang='lat' dir='ltr'><strong>ad</strong></span> 
     </span>
    </p>
   </div>
   <div class='ocr_carea' id='block_1_36' title="bbox 529 3554 3826 3633">
    <p class='ocr_par' dir='ltr' id='par_1_36' title="bbox 529 3554 3826 3633">
     <span class='ocr_line' id='line_1_36' title="bbox 529 3554 3826 3633; baseline -0.002 -19"><span class='ocrx_word' id='word_1_520' title='bbox 529 3559 729 3614; x_wconf 87' lang='lat' dir='ltr'><strong>dientia</strong></span> <span class='ocrx_word' id='word_1_521' title='bbox 758 3575 875 3624; x_wconf 90' lang='lat' dir='ltr'><strong>sua,</strong></span> <span class='ocrx_word' id='word_1_522' title='bbox 906 3561 1108 3615; x_wconf 86' lang='lat' dir='ltr'><strong>electos</strong></span> <span class='ocrx_word' id='word_1_523' title='bbox 1131 3560 1343 3631; x_wconf 87' lang='lat' dir='ltr'><strong>judices</strong></span> <span class='ocrx_word' id='word_1_524' title='bbox 1365 3560 1647 3630; x_wconf 85' lang='lat' dir='ltr'><strong>episcopos</strong></span> <span class='ocrx_word' id='word_1_525' title='bbox 1676 3558 1816 3628; x_wconf 86' lang='lat' dir='ltr'><strong>apud</strong></span> <span class='ocrx_word' id='word_1_526' title='bbox 1849 3573 1935 3612; x_wconf 88' lang='lat' dir='ltr'><strong>me</strong></span> <span class='ocrx_word' id='word_1_527' title='bbox 1960 3572 2122 3626; x_wconf 73' lang='lat' dir='ltr'><strong>expe-</strong></span> <span class='ocrx_word' id='word_1_528' title='bbox 2224 3582 2369 3630; x_wconf 89' lang='lat' dir='ltr'><strong>eum,</strong></span> <span class='ocrx_word' id='word_1_529' title='bbox 2402 3574 2456 3620; x_wconf 90' lang='lat' dir='ltr'><strong>et</strong></span> <span class='ocrx_word' id='word_1_530' title='bbox 2483 3566 2550 3618; x_wconf 90' lang='lat' dir='ltr'><strong>ad</strong></span> <span class='ocrx_word' id='word_1_531' title='bbox 2583 3565 2753 3633; x_wconf 88' lang='lat' dir='ltr'><strong>ipsam</strong></span> <span class='ocrx_word' id='word_1_532' title='bbox 2783 3562 2994 3633; x_wconf 87' lang='lat' dir='ltr'><strong>plebem</strong></span> <span class='ocrx_word' id='word_1_533' title='bbox 3025 3561 3228 3632; x_wconf 87' lang='lat' dir='ltr'><strong>placuit</strong></span> <span class='ocrx_word' id='word_1_534' title='bbox 3256 3560 3319 3614; x_wconf 90' lang='lat' dir='ltr'><strong>de</strong></span> <span class='ocrx_word' id='word_1_535' title='bbox 3347 3555 3568 3613; x_wconf 87' lang='lat' dir='ltr'><strong>concilio</strong></span> <span class='ocrx_word' id='word_1_536' title='bbox 3598 3554 3826 3607; x_wconf 85' lang='lat' dir='ltr'><strong>litteras</strong></span> 
     </span>
    </p>
   </div>
   <div class='ocr_carea' id='block_1_37' title="bbox 528 3645 3827 3726">
    <p class='ocr_par' dir='ltr' id='par_1_37' title="bbox 528 3645 3827 3726">
     <span class='ocr_line' id='line_1_37' title="bbox 528 3645 3827 3726; baseline -0.002 -21"><span class='ocrx_word' id='word_1_537' title='bbox 528 3651 689 3707; x_wconf 90' lang='lat' dir='ltr'><strong>tivit:</strong></span> <span class='ocrx_word' id='word_1_538' title='bbox 719 3663 773 3708; x_wconf 91' lang='lat' dir='ltr'><strong>et</strong></span> <span class='ocrx_word' id='word_1_539' title='bbox 802 3662 932 3718; x_wconf 84' lang='lat' dir='ltr'><strong>tres,</strong></span> <span class='ocrx_word' id='word_1_540' title='bbox 965 3653 1263 3708; x_wconf 90' lang='lat' dir='ltr'><strong>secundum</strong></span> <span class='ocrx_word' id='word_1_541' title='bbox 1296 3652 1610 3707; x_wconf 79' lang='lat' dir='ltr'><strong>Africanum</strong></span> <span class='ocrx_word' id='word_1_542' title='bbox 1640 3652 1949 3715; x_wconf 84' lang='lat' dir='ltr'><strong>concilium,</strong></span> <span class='ocrx_word' id='word_1_543' title='bbox 1980 3651 2122 3706; x_wconf 86' lang='lat' dir='ltr'><strong>scili—</strong></span> <span class='ocrx_word' id='word_1_544' title='bbox 2225 3658 2362 3722; x_wconf 69' lang='lat' dir='ltr'><strong>dari,</strong></span> <span class='ocrx_word' id='word_1_545' title='bbox 2399 3666 2455 3711; x_wconf 78' lang='grc' dir='ltr'><strong>ιιι,</strong></span> <span class='ocrx_word' id='word_1_546' title='bbox 2484 3667 2538 3711; x_wconf 70' lang='grc' dir='ltr'>ει</span> <span class='ocrx_word' id='word_1_547' title='bbox 2576 3657 2691 3726; x_wconf 78' lang='lat' dir='ltr'><strong>ipse</strong></span> <span class='ocrx_word' id='word_1_548' title='bbox 2733 3655 2804 3710; x_wconf 75' lang='lat' dir='ltr'><strong>ab</strong></span> <span class='ocrx_word' id='word_1_549' title='bbox 2845 3655 3162 3725; x_wconf 70' lang='lat' dir='ltr'><strong>episcopatu</strong></span> <span class='ocrx_word' id='word_1_550' title='bbox 3209 3651 3458 3714; x_wconf 81' lang='lat' dir='ltr'><strong>discedat,</strong></span> <span class='ocrx_word' id='word_1_551' title='bbox 3489 3655 3540 3701; x_wconf 90' lang='lat' dir='ltr'><strong>et</strong></span> <span class='ocrx_word' id='word_1_552' title='bbox 3590 3645 3668 3700; x_wconf 88' lang='lat' dir='ltr'><strong>illi</strong></span> <span class='ocrx_word' id='word_1_553' title='bbox 3709 3645 3827 3700; x_wconf 86' lang='lat' dir='ltr'><strong>sibi</strong></span> 
     </span>
    </p>
   </div>
   <div class='ocr_carea' id='block_1_38' title="bbox 527 3745 2788 3820">
    <p class='ocr_par' dir='ltr' id='par_1_38' title="bbox 527 3745 2788 3820">
     <span class='ocr_line' id='line_1_38' title="bbox 527 3745 2788 3820; baseline 0 -19"><span class='ocrx_word' id='word_1_554' title='bbox 527 3745 954 3812; x_wconf 78' lang='lat' dir='ltr'><strong>cetActardum,</strong></span> <span class='ocrx_word' id='word_1_555' title='bbox 1005 3747 1417 3817; x_wconf 84' lang='lat' dir='ltr'><strong>Ragenelmum,</strong></span> <span class='ocrx_word' id='word_1_556' title='bbox 1465 3757 1626 3817; x_wconf 81' lang='lat' dir='ltr'><strong>atque</strong></span> <span class='ocrx_word' id='word_1_557' title='bbox 1663 3745 1928 3802; x_wconf 82' lang='lat' dir='ltr'><strong>Joannem</strong></span> <span class='ocrx_word' id='word_1_558' title='bbox 1962 3762 1992 3801; x_wconf 91' lang='lat' dir='ltr'><strong>a</strong></span> <span class='ocrx_word' id='word_1_559' title='bbox 2038 3761 2122 3801; x_wconf 89' lang='lat' dir='ltr'><strong>me</strong></span> <span class='ocrx_word' id='word_1_560' title='bbox 2225 3752 2388 3807; x_wconf 84' lang='lat' dir='ltr'><strong>alium</strong></span> <span class='ocrx_word' id='word_1_561' title='bbox 2417 3750 2722 3820; x_wconf 87' lang='lat' dir='ltr'><strong>requirant.</strong></span> <span class='ocrx_word' id='word_1_562' title='bbox 2769 3768 2788 3802; x_wconf 78' lang='grc' dir='ltr'><strong><em>ι</em></strong></span> 
     </span>
    </p>
   </div>
   <div class='ocr_carea' id='block_1_39' title="bbox 528 3838 3231 3918">
    <p class='ocr_par' dir='ltr' id='par_1_39' title="bbox 528 3838 3231 3918">
     <span class='ocr_line' id='line_1_39' title="bbox 528 3838 3231 3918; baseline 0.003 -24"><span class='ocrx_word' id='word_1_563' title='bbox 528 3838 631 3894; x_wconf 87' lang='lat' dir='ltr'><strong>sibi</strong></span> <span class='ocrx_word' id='word_1_564' title='bbox 663 3839 976 3912; x_wconf 84' lang='lat' dir='ltr'><strong>designatos</strong></span> <span class='ocrx_word' id='word_1_565' title='bbox 1004 3842 1274 3912; x_wconf 88' lang='lat' dir='ltr'><strong>suscepit;</strong></span> <span class='ocrx_word' id='word_1_566' title='bbox 1324 3851 1379 3896; x_wconf 88' lang='lat' dir='ltr'><strong>et</strong></span> <span class='ocrx_word' id='word_1_567' title='bbox 1419 3857 1629 3906; x_wconf 89' lang='lat' dir='ltr'><strong>eorum,</strong></span> <span class='ocrx_word' id='word_1_568' title='bbox 1683 3851 1844 3912; x_wconf 87' lang='lat' dir='ltr'><strong>atque</strong></span> <span class='ocrx_word' id='word_1_569' title='bbox 1891 3841 2119 3894; x_wconf 92' lang='lat' dir='ltr'><strong>aliorum</strong></span> <span class='ocrx_word' id='word_1_570' title='bbox 2825 3860 3056 3918; x_wconf 71' lang='lat' dir='ltr'><strong>CAPUT</strong></span> <span class='ocrx_word' id='word_1_571' title='bbox 3091 3858 3231 3914; x_wconf 74' lang='lat' dir='ltr'><strong>xw,</strong></span> 
     </span>
    </p>
   </div>
   <div class='ocr_carea' id='block_1_40' title="bbox 527 3932 3784 4029">
    <p class='ocr_par' dir='ltr' id='par_1_40' title="bbox 527 3932 3784 4029">
     <span class='ocr_line' id='line_1_40' title="bbox 527 3932 3784 4029; baseline -0.002 -41"><span class='ocrx_word' id='word_1_572' title='bbox 527 3932 696 4029; x_wconf 79' lang='lat' dir='ltr'><strong>Deum</strong></span> <span class='ocrx_word' id='word_1_573' title='bbox 727 3933 1388 4029; x_wconf 36' lang='lat' dir='ltr'><strong>timentium,judicio,-in</strong></span> <span class='ocrx_word' id='word_1_574' title='bbox 1421 3933 1608 4029; x_wconf 79' lang='lat' dir='ltr'><strong>domui</strong></span> <span class='ocrx_word' id='word_1_575' title='bbox 1633 3933 1796 4003; x_wconf 77' lang='lat' dir='ltr'><strong>regis,</strong></span> <span class='ocrx_word' id='word_1_576' title='bbox 1829 3934 1969 4029; x_wconf 77' lang='lat' dir='ltr'><strong>sicut</strong></span> <span class='ocrx_word' id='word_1_577' title='bbox 2001 3948 2123 4003; x_wconf 86' lang='lat' dir='ltr'><strong>pos-</strong></span> <span class='ocrx_word' id='word_1_578' title='bbox 2261 3958 2414 4026; x_wconf 64' lang='lat' dir='ltr'><strong>Quod</strong></span> <span class='ocrx_word' id='word_1_579' title='bbox 2455 3957 2633 4029; x_wconf 63' lang='lat' dir='ltr'><strong>fugam</strong></span> <span class='ocrx_word' id='word_1_580' title='bbox 2689 3953 2836 4010; x_wconf 59' lang='lat' dir='ltr'><strong>illam</strong></span> <span class='ocrx_word' id='word_1_581' title='bbox 2895 3953 3122 4022; x_wconf 58' lang='lat' dir='ltr'><strong>inﬁrmis</strong></span> <span class='ocrx_word' id='word_1_582' title='bbox 3177 3948 3470 4004; x_wconf 67' lang='grc' dir='ltr'><strong>τηιίοηειω</strong></span> <span class='ocrx_word' id='word_1_583' title='bbox 3524 3961 3784 4000; x_wconf 55' lang='lat' dir='ltr'><strong>“cum”</strong></span> 
     </span>
    </p>
   </div>
   <div class='ocr_carea' id='block_1_41' title="bbox 527 4023 3147 4092">
    <p class='ocr_par' dir='ltr' id='par_1_41' title="bbox 527 4023 3147 4092">
     <span class='ocr_line' id='line_1_41' title="bbox 527 4023 3147 4092; baseline -0.001 -15"><span class='ocrx_word' id='word_1_584' title='bbox 527 4023 742 4088; x_wconf 85' lang='lat' dir='ltr'><strong>tulavit,</strong></span> <span class='ocrx_word' id='word_1_585' title='bbox 769 4023 1080 4092; x_wconf 84' lang='lat' dir='ltr'><strong>praesentia,</strong></span> <span class='ocrx_word' id='word_1_586' title='bbox 1110 4024 1176 4076; x_wconf 94' lang='lat' dir='ltr'><strong>de</strong></span> <span class='ocrx_word' id='word_1_587' title='bbox 1213 4023 1534 4092; x_wconf 83' lang='lat' dir='ltr'><strong>quibusdam</strong></span> <span class='ocrx_word' id='word_1_588' title='bbox 1577 4024 1855 4077; x_wconf 87' lang='lat' dir='ltr'><strong>decretum</strong></span> <span class='ocrx_word' id='word_1_589' title='bbox 1888 4023 2009 4089; x_wconf 82' lang='lat' dir='ltr'><strong>fuit,</strong></span> <span class='ocrx_word' id='word_1_590' title='bbox 2065 4032 2124 4076; x_wconf 92' lang='lat' dir='ltr'><strong>ut</strong></span> <span class='ocrx_word' id='word_1_591' title='bbox 2283 4023 2296 4026; x_wconf 58' lang='grc'>⁷</span> <span class='ocrx_word' id='word_1_592' title='bbox 2455 4023 2464 4028; x_wconf 85' lang='grc'><em>’</em></span> <span class='ocrx_word' id='word_1_593' title='bbox 2516 4023 2533 4029; x_wconf 71' lang='grc'><strong>⁷</strong></span> <span class='ocrx_word' id='word_1_594' title='bbox 2905 4034 3147 4079; x_wconf 81' lang='lat' dir='ltr'><strong>conatur.</strong></span> 
     </span>
    </p>
   </div>
   <div class='ocr_carea' id='block_1_42' title="bbox 527 4105 3818 4182">
    <p class='ocr_par' dir='ltr' id='par_1_42' title="bbox 527 4105 3818 4182">
     <span class='ocr_line' id='line_1_42' title="bbox 527 4105 3818 4182; baseline -0.001 -16"><span class='ocrx_word' id='word_1_595' title='bbox 527 4113 792 4168; x_wconf 80' lang='lat' dir='ltr'><strong>beneﬁcia</strong></span> <span class='ocrx_word' id='word_1_596' title='bbox 823 4128 920 4166; x_wconf 90' lang='lat' dir='ltr'><strong>sua</strong></span> <span class='ocrx_word' id='word_1_597' title='bbox 942 4127 1062 4182; x_wconf 56' lang='lat' dir='ltr'><strong>quas</strong></span> <span class='ocrx_word' id='word_1_598' title='bbox 1087 4111 1536 4167; x_wconf 88' lang='lat' dir='ltr'><strong>irrationabiliter</strong></span> <span class='ocrx_word' id='word_1_599' title='bbox 1563 4112 1935 4182; x_wconf 86' lang='lat' dir='ltr'><strong>perdiderunt,</strong></span> <span class='ocrx_word' id='word_1_600' title='bbox 1967 4127 2123 4168; x_wconf 88' lang='lat' dir='ltr'><strong>recu-</strong></span> <span class='ocrx_word' id='word_1_601' title='bbox 2295 4125 2363 4179; x_wconf 71' lang='lat' dir='ltr'><strong>Et</strong></span> <span class='ocrx_word' id='word_1_602' title='bbox 2388 4138 2510 4178; x_wconf 73' lang='lat' dir='ltr'><strong>cum</strong></span> <span class='ocrx_word' id='word_1_603' title='bbox 2535 4122 2651 4177; x_wconf 57' lang='lat' dir='ltr'><strong>lucc</strong></span> <span class='ocrx_word' id='word_1_604' title='bbox 2681 4121 2754 4174; x_wconf 73' lang='lat' dir='ltr'><strong>ita</strong></span> <span class='ocrx_word' id='word_1_605' title='bbox 2784 4132 2846 4175; x_wconf 81' lang='lat' dir='ltr'><strong>se</strong></span> <span class='ocrx_word' id='word_1_606' title='bbox 2873 4115 3133 4178; x_wconf 85' lang='lat' dir='ltr'><strong>habeant,</strong></span> <span class='ocrx_word' id='word_1_607' title='bbox 3167 4113 3310 4168; x_wconf 90' lang='lat' dir='ltr'><strong>idem</strong></span> <span class='ocrx_word' id='word_1_608' title='bbox 3363 4111 3532 4165; x_wconf 78' lang='lat' dir='ltr'><strong>frater</strong></span> <span class='ocrx_word' id='word_1_609' title='bbox 3566 4105 3707 4160; x_wconf 81' lang='lat' dir='ltr'><strong>mihi</strong></span> <span class='ocrx_word' id='word_1_610' title='bbox 3747 4120 3818 4155; x_wconf 66' lang='grc' dir='ltr'><strong>Γε-</strong></span> 
     </span>
    </p>
   </div>
   <div class='ocr_carea' id='block_1_43' title="bbox 529 4195 3818 4284">
    <p class='ocr_par' dir='ltr' id='par_1_43' title="bbox 529 4195 3818 4284">
     <span class='ocr_line' id='line_1_43' title="bbox 529 4195 3818 4284; baseline -0.006 -16"><span class='ocrx_word' id='word_1_611' title='bbox 529 4217 722 4273; x_wconf 71' lang='grc' dir='ltr'><strong>ρθηιτε</strong></span> <span class='ocrx_word' id='word_1_612' title='bbox 758 4205 1034 4259; x_wconf 54' lang='lat' dir='ltr'><strong>deberem.</strong></span> <span class='ocrx_word' id='word_1_613' title='bbox 1073 4204 1208 4259; x_wconf 72' lang='grc' dir='ltr'><strong>Τοιῦ</strong></span> <span class='ocrx_word' id='word_1_614' title='bbox 1262 4214 1441 4260; x_wconf 66' lang='lat' dir='ltr'><strong>amem</strong></span> <span class='ocrx_word' id='word_1_615' title='bbox 1489 4219 1678 4259; x_wconf 73' lang='lat' dir='ltr'><strong>eorum</strong></span> <span class='ocrx_word' id='word_1_616' title='bbox 1721 4220 1907 4270; x_wconf 60' lang='lat' dir='ltr'><strong>causa»</strong></span> <span class='ocrx_word' id='word_1_617' title='bbox 1951 4221 2122 4278; x_wconf 82' lang='lat' dir='ltr'><strong>usque</strong></span> <span class='ocrx_word' id='word_1_618' title='bbox 2224 4219 2491 4284; x_wconf 89' lang='lat' dir='ltr'><strong>scribens,</strong></span> <span class='ocrx_word' id='word_1_619' title='bbox 2514 4215 2699 4270; x_wconf 90' lang='lat' dir='ltr'><strong>multis</strong></span> <span class='ocrx_word' id='word_1_620' title='bbox 2721 4210 3135 4283; x_wconf 87' lang='lat' dir='ltr'><strong>allegationibus</strong></span> <span class='ocrx_word' id='word_1_621' title='bbox 3151 4223 3210 4264; x_wconf 86' lang='lat' dir='ltr'><strong>se</strong></span> <span class='ocrx_word' id='word_1_622' title='bbox 3232 4195 3818 4265; x_wconf 86' lang='lat' dir='ltr'><strong>necessitatecompul-</strong></span> 
     </span>
    </p>
   </div>
   <div class='ocr_carea' id='block_1_44' title="bbox 529 4295 2109 4378">
    <p class='ocr_par' dir='ltr' id='par_1_44' title="bbox 529 4298 2109 4362">
     <span class='ocr_line' id='line_1_44' title="bbox 529 4298 2109 4362; baseline 0.003 -11"><span class='ocrx_word' id='word_1_623' title='bbox 529 4299 595 4352; x_wconf 91' lang='lat' dir='ltr'><strong>ad</strong></span> <span class='ocrx_word' id='word_1_624' title='bbox 619 4298 782 4352; x_wconf 89' lang='lat' dir='ltr'><strong>alium</strong></span> <span class='ocrx_word' id='word_1_625' title='bbox 825 4307 1134 4362; x_wconf 90' lang='lat' dir='ltr'><strong>tractatum,</strong></span> <span class='ocrx_word' id='word_1_626' title='bbox 1189 4299 1355 4354; x_wconf 88' lang='lat' dir='ltr'><strong>certis</strong></span> <span class='ocrx_word' id='word_1_627' title='bbox 1409 4299 1895 4354; x_wconf 89' lang='lat' dir='ltr'><strong>intervenientibus</strong></span> <span class='ocrx_word' id='word_1_628' title='bbox 1942 4301 2109 4356; x_wconf 72' lang='lat' dir='ltr'><strong>causis</strong></span> 
     </span>
    </p>
   </div>
   <div class='ocr_carea' id='block_1_45' title="bbox 2236 4295 3816 4378">
    <p class='ocr_par' dir='ltr' id='par_1_45' title="bbox 2236 4295 3816 4378">
     <span class='ocr_line' id='line_1_45' title="bbox 2236 4295 3816 4378; baseline -0.016 -14"><span class='ocrx_word' id='word_1_629' title='bbox 2236 4326 2364 4372; x_wconf 72' lang='lat' dir='ltr'><strong>sum,</strong></span> <span class='ocrx_word' id='word_1_630' title='bbox 2380 4317 2436 4364; x_wconf 90' lang='lat' dir='ltr'><strong>et</strong></span> <span class='ocrx_word' id='word_1_631' title='bbox 2450 4306 2884 4378; x_wconf 89' lang='lat' dir='ltr'><strong>persecutionem</strong></span> <span class='ocrx_word' id='word_1_632' title='bbox 2909 4302 3272 4357; x_wconf 84' lang='lat' dir='ltr'><strong>declinantem</strong></span> <span class='ocrx_word' id='word_1_633' title='bbox 3295 4295 3495 4366; x_wconf 75' lang='lat' dir='ltr'><strong>fugisse</strong></span> <span class='ocrx_word' id='word_1_634' title='bbox 3509 4299 3816 4346; x_wconf 71' lang='lat' dir='ltr'><strong>asseverat.</strong></span> 
     </span>
    </p>
   </div>
   <div class='ocr_carea' id='block_1_46' title="bbox 528 4384 3817 4471">
    <p class='ocr_par' dir='ltr' id='par_1_46' title="bbox 528 4384 3817 4471">
     <span class='ocr_line' id='line_1_46' title="bbox 528 4384 3817 4471; baseline -0.003 -26"><span class='ocrx_word' id='word_1_635' title='bbox 528 4407 634 4446; x_wconf 87' lang='lat' dir='ltr'><strong>nou</strong></span> <span class='ocrx_word' id='word_1_636' title='bbox 658 4391 904 4458; x_wconf 78' lang='lat' dir='ltr'><strong>dil&#39;ﬁnita,</strong></span> <span class='ocrx_word' id='word_1_637' title='bbox 939 4393 1030 4448; x_wconf 92' lang='lat' dir='ltr'><strong>sed</strong></span> <span class='ocrx_word' id='word_1_638' title='bbox 1082 4393 1169 4448; x_wconf 92' lang='lat' dir='ltr'><strong>die</strong></span> <span class='ocrx_word' id='word_1_639' title='bbox 1213 4392 1686 4455; x_wconf 77' lang='lat' dir='ltr'><strong>alia-diliinienda,</strong></span> <span class='ocrx_word' id='word_1_640' title='bbox 1718 4395 1997 4449; x_wconf 82' lang='lat' dir='ltr'><strong>remansit.</strong></span> <span class='ocrx_word' id='word_1_641' title='bbox 2056 4395 2120 4449; x_wconf 88' lang='lat' dir='ltr'><strong>Et</strong></span> <span class='ocrx_word' id='word_1_642' title='bbox 2224 4405 2364 4458; x_wconf 76' lang='lat' dir='ltr'><strong>sicut</strong></span> <span class='ocrx_word' id='word_1_643' title='bbox 2394 4418 2489 4457; x_wconf 81' lang='lat' dir='ltr'><strong>sua</strong></span> <span class='ocrx_word' id='word_1_644' title='bbox 2513 4402 2809 4471; x_wconf 85' lang='lat' dir='ltr'><strong>scriptura,</strong></span> <span class='ocrx_word' id='word_1_645' title='bbox 2849 4413 3009 4467; x_wconf 92' lang='lat' dir='ltr'><strong>quam</strong></span> <span class='ocrx_word' id='word_1_646' title='bbox 3038 4397 3125 4451; x_wconf 91' lang='lat' dir='ltr'><strong>hic</strong></span> <span class='ocrx_word' id='word_1_647' title='bbox 3149 4394 3342 4455; x_wconf 87' lang='lat' dir='ltr'><strong>habeo,</strong></span> <span class='ocrx_word' id='word_1_648' title='bbox 3380 4387 3584 4459; x_wconf 89' lang='lat' dir='ltr'><strong>prodit.</strong></span> <span class='ocrx_word' id='word_1_649' title='bbox 3617 4384 3817 4439; x_wconf 73' lang='lat' dir='ltr'><strong>Videli-</strong></span> 
     </span>
    </p>
   </div>
   <div class='ocr_carea' id='block_1_47' title="bbox 528 4473 3819 4562">
    <p class='ocr_par' dir='ltr' id='par_1_47' title="bbox 528 4473 3819 4562">
     <span class='ocr_line' id='line_1_47' title="bbox 528 4473 3819 4562; baseline 0 -26"><span class='ocrx_word' id='word_1_650' title='bbox 528 4491 656 4537; x_wconf 82' lang='lat' dir='ltr'><strong>aute</strong></span> <span class='ocrx_word' id='word_1_651' title='bbox 683 4483 1056 4538; x_wconf 86' lang='lat' dir='ltr'><strong>ditliuitiouem</strong></span> <span class='ocrx_word' id='word_1_652' title='bbox 1101 4493 1293 4540; x_wconf 83' lang='lat' dir='ltr'><strong>contra</strong></span> <span class='ocrx_word' id='word_1_653' title='bbox 1345 4499 1534 4540; x_wconf 89' lang='lat' dir='ltr'><strong>sacros</strong></span> <span class='ocrx_word' id='word_1_654' title='bbox 1576 4501 1834 4551; x_wconf 90' lang='lat' dir='ltr'><strong>canones,</strong></span> <span class='ocrx_word' id='word_1_655' title='bbox 1864 4487 1981 4541; x_wconf 92' lang='lat' dir='ltr'><strong>sine</strong></span> <span class='ocrx_word' id='word_1_656' title='bbox 2011 4486 2118 4540; x_wconf 90' lang='lat' dir='ltr'><strong>ulla</strong></span> <span class='ocrx_word' id='word_1_657' title='bbox 2223 4501 2328 4557; x_wconf 79' lang='lat' dir='ltr'><strong>cet,</strong></span> <span class='ocrx_word' id='word_1_658' title='bbox 2381 4494 2507 4562; x_wconf 77' lang='lat' dir='ltr'><strong>quia</strong></span> <span class='ocrx_word' id='word_1_659' title='bbox 2557 4506 2748 4546; x_wconf 77' lang='lat' dir='ltr'><strong>omnes</strong></span> <span class='ocrx_word' id='word_1_660' title='bbox 2798 4489 3048 4545; x_wconf 83' lang='lat' dir='ltr'><strong>homines</strong></span> <span class='ocrx_word' id='word_1_661' title='bbox 3102 4486 3185 4541; x_wconf 91' lang='lat' dir='ltr'><strong>sui</strong></span> <span class='ocrx_word' id='word_1_662' title='bbox 3231 4481 3442 4538; x_wconf 85' lang='lat' dir='ltr'><strong>banniti</strong></span> <span class='ocrx_word' id='word_1_663' title='bbox 3489 4478 3724 4532; x_wconf 74' lang='lat' dir='ltr'><strong>fuerunt</strong></span> <span class='ocrx_word' id='word_1_664' title='bbox 3762 4473 3819 4527; x_wconf 66' lang='lat' dir='ltr'><strong>ad</strong></span> 
     </span>
    </p>
   </div>
   <div class='ocr_carea' id='block_1_48' title="bbox 528 4571 3819 4649">
    <p class='ocr_par' dir='ltr' id='par_1_48' title="bbox 528 4571 3819 4649">
     <span class='ocr_line' id='line_1_48' title="bbox 528 4571 3819 4649; baseline -0.008 -6"><span class='ocrx_word' id='word_1_665' title='bbox 528 4575 853 4630; x_wconf 70' lang='lat' dir='ltr'><strong>neceSSilale</strong></span> <span class='ocrx_word' id='word_1_666' title='bbox 883 4577 967 4630; x_wconf 74' lang='lat' dir='ltr'><strong>Vel</strong></span> <span class='ocrx_word' id='word_1_667' title='bbox 999 4577 1229 4642; x_wconf 66' lang='grc' dir='ltr'><strong>Γθιίοηθ,</strong></span> <span class='ocrx_word' id='word_1_668' title='bbox 1269 4585 1432 4632; x_wconf 75' lang='grc' dir='ltr'><strong>ηοειιι</strong></span> <span class='ocrx_word' id='word_1_669' title='bbox 1473 4577 1598 4647; x_wconf 72' lang='lat' dir='ltr'><strong>fuga</strong></span> <span class='ocrx_word' id='word_1_670' title='bbox 1651 4577 1858 4647; x_wconf 87' lang='lat' dir='ltr'><strong>lapsus,</strong></span> <span class='ocrx_word' id='word_1_671' title='bbox 1907 4577 2118 4648; x_wconf 79' lang='lat' dir='ltr'><strong>regula-</strong></span> <span class='ocrx_word' id='word_1_672' title='bbox 2150 4640 2186 4649; x_wconf 44' lang='grc' dir='ltr'><strong>λ</strong></span> <span class='ocrx_word' id='word_1_673' title='bbox 2223 4599 2436 4649; x_wconf 90' lang='lat' dir='ltr'><strong>causas,</strong></span> <span class='ocrx_word' id='word_1_674' title='bbox 2465 4584 2540 4637; x_wconf 89' lang='lat' dir='ltr'><strong>ita</strong></span> <span class='ocrx_word' id='word_1_675' title='bbox 2561 4592 2623 4637; x_wconf 92' lang='lat' dir='ltr'><strong>ut</strong></span> <span class='ocrx_word' id='word_1_676' title='bbox 2645 4597 2744 4637; x_wconf 89' lang='lat' dir='ltr'><strong>nec</strong></span> <span class='ocrx_word' id='word_1_677' title='bbox 2767 4597 2927 4645; x_wconf 91' lang='lat' dir='ltr'><strong>unus,</strong></span> <span class='ocrx_word' id='word_1_678' title='bbox 2951 4581 3079 4634; x_wconf 88' lang='lat' dir='ltr'><strong>dum</strong></span> <span class='ocrx_word' id='word_1_679' title='bbox 3113 4577 3318 4634; x_wconf 90' lang='lat' dir='ltr'><strong>rediret</strong></span> <span class='ocrx_word' id='word_1_680' title='bbox 3343 4574 3410 4629; x_wconf 88' lang='lat' dir='ltr'><strong>ad</strong></span> <span class='ocrx_word' id='word_1_681' title='bbox 3455 4571 3819 4630; x_wconf 81' lang='lat' dir='ltr'><strong>mansionem,</strong></span> 
     </span>
    </p>
   </div>
   <div class='ocr_carea' id='block_1_49' title="bbox 526 4640 3819 4745">
    <p class='ocr_par' dir='ltr' id='par_1_49' title="bbox 526 4640 3819 4745">
     <span class='ocr_line' id='line_1_49' title="bbox 526 4640 3819 4745; baseline -0.003 -22"><span class='ocrx_word' id='word_1_682' title='bbox 526 4681 642 4723; x_wconf 82' lang='lat' dir='ltr'><strong>rem</strong></span> <span class='ocrx_word' id='word_1_683' title='bbox 675 4666 1045 4724; x_wconf 88' lang='lat' dir='ltr'><strong>dilIinitionem</strong></span> <span class='ocrx_word' id='word_1_684' title='bbox 1077 4679 1394 4740; x_wconf 83' lang='lat' dir='ltr'><strong>exspectare</strong></span> <span class='ocrx_word' id='word_1_685' title='bbox 1425 4670 1768 4739; x_wconf 86' lang='lat' dir='ltr'><strong>contempsit.</strong></span> <span class='ocrx_word' id='word_1_686' title='bbox 1808 4669 1959 4725; x_wconf 89' lang='lat' dir='ltr'><strong>Unde</strong></span> <span class='ocrx_word' id='word_1_687' title='bbox 1973 4669 2116 4724; x_wconf 87' lang='lat' dir='ltr'><strong>sacri</strong></span> <span class='ocrx_word' id='word_1_688' title='bbox 2150 4640 2195 4698; x_wconf 73' lang='grc' dir='ltr'>θ</span> <span class='ocrx_word' id='word_1_689' title='bbox 2224 4675 2372 4730; x_wconf 89' lang='lat' dir='ltr'><strong>illum</strong></span> <span class='ocrx_word' id='word_1_690' title='bbox 2405 4675 2555 4745; x_wconf 90' lang='lat' dir='ltr'><strong>sequi</strong></span> <span class='ocrx_word' id='word_1_691' title='bbox 2598 4675 2898 4744; x_wconf 90' lang='lat' dir='ltr'><strong>permissus</strong></span> <span class='ocrx_word' id='word_1_692' title='bbox 2922 4673 2994 4727; x_wconf 90' lang='lat' dir='ltr'><strong>sit</strong></span> <span class='ocrx_word' id='word_1_693' title='bbox 3024 4691 3037 4726; x_wconf 90' lang='lat'><strong>:</strong></span> <span class='ocrx_word' id='word_1_694' title='bbox 3088 4670 3423 4725; x_wconf 86' lang='lat' dir='ltr'><strong>Nortmanno</strong></span> <span class='ocrx_word' id='word_1_695' title='bbox 3474 4665 3581 4720; x_wconf 89' lang='lat' dir='ltr'><strong>hoc</strong></span> <span class='ocrx_word' id='word_1_696' title='bbox 3625 4671 3819 4734; x_wconf 79' lang='lat' dir='ltr'><strong>agente</strong></span> 
     </span>
    </p>
   </div>
   <div class='ocr_carea' id='block_1_50' title="bbox 527 4755 3818 4836">
    <p class='ocr_par' dir='ltr' id='par_1_50' title="bbox 527 4755 3818 4836">
     <span class='ocr_line' id='line_1_50' title="bbox 527 4755 3818 4836; baseline -0.003 -19"><span class='ocrx_word' id='word_1_697' title='bbox 527 4777 767 4818; x_wconf 89' lang='lat' dir='ltr'><strong>canones</strong></span> <span class='ocrx_word' id='word_1_698' title='bbox 795 4761 1034 4816; x_wconf 82' lang='lat' dir='ltr'><strong>Africani</strong></span> <span class='ocrx_word' id='word_1_699' title='bbox 1068 4762 1282 4818; x_wconf 89' lang='lat' dir='ltr'><strong>concilii</strong></span> <span class='ocrx_word' id='word_1_700' title='bbox 1310 4763 1376 4818; x_wconf 89' lang='lat' dir='ltr'><strong>de</strong></span> <span class='ocrx_word' id='word_1_701' title='bbox 1407 4762 1806 4830; x_wconf 82' lang='lat' dir='ltr'><strong>Quodvultdeo,</strong></span> <span class='ocrx_word' id='word_1_702' title='bbox 1841 4762 1933 4833; x_wconf 85' lang='lat' dir='ltr'><strong>qui</strong></span> <span class='ocrx_word' id='word_1_703' title='bbox 1963 4769 2116 4816; x_wconf 91' lang='lat' dir='ltr'><strong>ante-</strong></span> <span class='ocrx_word' id='word_1_704' title='bbox 2222 4761 2320 4836; x_wconf 72' lang='lat' dir='ltr'><strong>pro</strong></span> <span class='ocrx_word' id='word_1_705' title='bbox 2345 4767 2468 4821; x_wconf 90' lang='lat' dir='ltr'><strong>villa</strong></span> <span class='ocrx_word' id='word_1_706' title='bbox 2509 4766 2787 4831; x_wconf 86' lang='lat' dir='ltr'><strong>Pauliaco,</strong></span> <span class='ocrx_word' id='word_1_707' title='bbox 2811 4781 2876 4820; x_wconf 86' lang='lat' dir='ltr'><strong>eo</strong></span> <span class='ocrx_word' id='word_1_708' title='bbox 2917 4764 3060 4835; x_wconf 91' lang='lat' dir='ltr'><strong>quod</strong></span> <span class='ocrx_word' id='word_1_709' title='bbox 3086 4763 3231 4817; x_wconf 91' lang='lat' dir='ltr'><strong>illam</strong></span> <span class='ocrx_word' id='word_1_710' title='bbox 3259 4756 3615 4816; x_wconf 81' lang='lat' dir='ltr'><strong>concessione</strong></span> <span class='ocrx_word' id='word_1_711' title='bbox 3647 4755 3818 4825; x_wconf 79' lang='lat' dir='ltr'><strong>regia.</strong></span> 
     </span>
    </p>
   </div>
   <div class='ocr_carea' id='block_1_51' title="bbox 526 4847 3817 4928">
    <p class='ocr_par' dir='ltr' id='par_1_51' title="bbox 526 4847 3817 4928">
     <span class='ocr_line' id='line_1_51' title="bbox 526 4847 3817 4928; baseline -0.002 -20"><span class='ocrx_word' id='word_1_712' title='bbox 526 4869 688 4926; x_wconf 92' lang='lat' dir='ltr'><strong>quam</strong></span> <span class='ocrx_word' id='word_1_713' title='bbox 715 4862 808 4909; x_wconf 91' lang='lat' dir='ltr'><strong>aut</strong></span> <span class='ocrx_word' id='word_1_714' title='bbox 829 4853 1042 4922; x_wconf 79' lang='lat' dir='ltr'><strong>judices</strong></span> <span class='ocrx_word' id='word_1_715' title='bbox 1064 4855 1266 4910; x_wconf 90' lang='lat' dir='ltr'><strong>electos</strong></span> <span class='ocrx_word' id='word_1_716' title='bbox 1295 4864 1592 4924; x_wconf 82' lang='lat' dir='ltr'><strong>expeteret,</strong></span> <span class='ocrx_word' id='word_1_717' title='bbox 1619 4865 1713 4909; x_wconf 88' lang='lat' dir='ltr'><strong>aut</strong></span> <span class='ocrx_word' id='word_1_718' title='bbox 1743 4855 1905 4909; x_wconf 89' lang='lat' dir='ltr'><strong>etiam</strong></span> <span class='ocrx_word' id='word_1_719' title='bbox 1937 4855 1989 4908; x_wconf 92' lang='lat' dir='ltr'><strong>in</strong></span> <span class='ocrx_word' id='word_1_720' title='bbox 2031 4870 2117 4909; x_wconf 85' lang='lat' dir='ltr'><strong>ra-</strong></span> <span class='ocrx_word' id='word_1_721' title='bbox 2219 4865 2273 4910; x_wconf 92' lang='lat' dir='ltr'><strong>et</strong></span> <span class='ocrx_word' id='word_1_722' title='bbox 2299 4856 2591 4928; x_wconf 85' lang='lat' dir='ltr'><strong>apostolica</strong></span> <span class='ocrx_word' id='word_1_723' title='bbox 2615 4857 2803 4921; x_wconf 88' lang='lat' dir='ltr'><strong>etiam,</strong></span> <span class='ocrx_word' id='word_1_724' title='bbox 2843 4865 2904 4910; x_wconf 90' lang='lat' dir='ltr'><strong>ut</strong></span> <span class='ocrx_word' id='word_1_725' title='bbox 2929 4856 3149 4918; x_wconf 87' lang='lat' dir='ltr'><strong>scirem,</strong></span> <span class='ocrx_word' id='word_1_726' title='bbox 3173 4851 3496 4908; x_wconf 82' lang='lat' dir='ltr'><strong>auctoritate</strong></span> <span class='ocrx_word' id='word_1_727' title='bbox 3519 4847 3817 4916; x_wconf 69' lang='lat' dir='ltr'><strong>recipiens,</strong></span> 
     </span>
    </p>
   </div>
   <div class='ocr_carea' id='block_1_52' title="bbox 525 4938 3818 5016">
    <p class='ocr_par' dir='ltr' id='par_1_52' title="bbox 525 4938 3818 5016">
     <span class='ocr_line' id='line_1_52' title="bbox 525 4938 3818 5016; baseline -0.003 -15"><span class='ocrx_word' id='word_1_728' title='bbox 525 4949 729 5004; x_wconf 88' lang='lat' dir='ltr'><strong>tionem</strong></span> <span class='ocrx_word' id='word_1_729' title='bbox 753 4959 942 5003; x_wconf 90' lang='lat' dir='ltr'><strong>contra</strong></span> <span class='ocrx_word' id='word_1_730' title='bbox 970 4949 1384 5016; x_wconf 88' lang='lat' dir='ltr'><strong>conquirentem</strong></span> <span class='ocrx_word' id='word_1_731' title='bbox 1415 4949 1702 5004; x_wconf 90' lang='lat' dir='ltr'><strong>adversum</strong></span> <span class='ocrx_word' id='word_1_732' title='bbox 1731 4963 1790 5002; x_wconf 89' lang='lat' dir='ltr'><strong>se</strong></span> <span class='ocrx_word' id='word_1_733' title='bbox 1813 4947 2114 5013; x_wconf 88' lang='lat' dir='ltr'><strong>introisset,</strong></span> <span class='ocrx_word' id='word_1_734' title='bbox 2222 4949 2371 5004; x_wconf 92' lang='lat' dir='ltr'><strong>illum</strong></span> <span class='ocrx_word' id='word_1_735' title='bbox 2403 4951 2566 5006; x_wconf 81' lang='lat' dir='ltr'><strong>iidem</strong></span> <span class='ocrx_word' id='word_1_736' title='bbox 2595 4951 2678 5006; x_wconf 92' lang='lat' dir='ltr'><strong>sui</strong></span> <span class='ocrx_word' id='word_1_737' title='bbox 2707 4951 2956 5006; x_wconf 89' lang='lat' dir='ltr'><strong>homines</strong></span> <span class='ocrx_word' id='word_1_738' title='bbox 3003 4950 3060 5004; x_wconf 90' lang='lat' dir='ltr'><strong>in</strong></span> <span class='ocrx_word' id='word_1_739' title='bbox 3107 4949 3355 5004; x_wconf 85' lang='lat' dir='ltr'><strong>eamdem</strong></span> <span class='ocrx_word' id='word_1_740' title='bbox 3401 4943 3583 4999; x_wconf 87' lang='lat' dir='ltr'><strong>villam</strong></span> <span class='ocrx_word' id='word_1_741' title='bbox 3638 4938 3818 4996; x_wconf 79' lang='lat' dir='ltr'><strong>secuti</strong></span> 
     </span>
    </p>
   </div>
   <div class='ocr_carea' id='block_1_53' title="bbox 529 5030 3818 5112">
    <p class='ocr_par' dir='ltr' id='par_1_53' title="bbox 529 5030 3818 5112">
     <span class='ocr_line' id='line_1_53' title="bbox 529 5030 3818 5112; baseline -0.004 -17"><span class='ocrx_word' id='word_1_742' title='bbox 529 5043 792 5097; x_wconf 91' lang='lat' dir='ltr'><strong>rationem</strong></span> <span class='ocrx_word' id='word_1_743' title='bbox 816 5042 1216 5112; x_wconf 79' lang='lat' dir='ltr'><strong>subterfugiens</strong></span> <span class='ocrx_word' id='word_1_744' title='bbox 1247 5043 1516 5109; x_wconf 90' lang='lat' dir='ltr'><strong>discessit,</strong></span> <span class='ocrx_word' id='word_1_745' title='bbox 1546 5043 1903 5098; x_wconf 88' lang='lat' dir='ltr'><strong>decreverunt</strong></span> <span class='ocrx_word' id='word_1_746' title='bbox 1931 5041 2117 5096; x_wconf 88' lang='lat' dir='ltr'><strong>dicen-</strong></span> <span class='ocrx_word' id='word_1_747' title='bbox 2221 5053 2369 5098; x_wconf 88' lang='lat' dir='ltr'><strong>sunt.</strong></span> <span class='ocrx_word' id='word_1_748' title='bbox 2401 5043 2469 5098; x_wconf 91' lang='lat' dir='ltr'><strong>Et</strong></span> <span class='ocrx_word' id='word_1_749' title='bbox 2510 5044 2565 5097; x_wconf 90' lang='lat' dir='ltr'><strong>in</strong></span> <span class='ocrx_word' id='word_1_750' title='bbox 2601 5043 2806 5098; x_wconf 84' lang='lat' dir='ltr'><strong>eisdem</strong></span> <span class='ocrx_word' id='word_1_751' title='bbox 2859 5042 2973 5096; x_wconf 90' lang='lat' dir='ltr'><strong>suis</strong></span> <span class='ocrx_word' id='word_1_752' title='bbox 3022 5036 3436 5110; x_wconf 84' lang='lat' dir='ltr'><strong>allegationibus</strong></span> <span class='ocrx_word' id='word_1_753' title='bbox 3480 5033 3632 5103; x_wconf 90' lang='lat' dir='ltr'><strong>ponit</strong></span> <span class='ocrx_word' id='word_1_754' title='bbox 3676 5030 3818 5087; x_wconf 81' lang='lat' dir='ltr'><strong>testi-</strong></span> 
     </span>
    </p>
   </div>
   <div class='ocr_carea' id='block_1_54' title="bbox 527 5124 3817 5206">
    <p class='ocr_par' dir='ltr' id='par_1_54' title="bbox 527 5124 3817 5206">
     <span class='ocr_line' id='line_1_54' title="bbox 527 5124 3817 5206; baseline -0.01 0"><span class='ocrx_word' id='word_1_755' title='bbox 527 5141 607 5189; x_wconf 72' lang='grc' dir='ltr'><strong>ίθε</strong></span> <span class='ocrx_word' id='word_1_756' title='bbox 635 5137 803 5204; x_wconf 79' lang='grc' dir='ltr'><strong>(εοησο</strong></span> <span class='ocrx_word' id='word_1_757' title='bbox 835 5134 1030 5204; x_wconf 54' lang='lat' dir='ltr'><strong>Africa</strong></span> <span class='ocrx_word' id='word_1_758' title='bbox 1059 5149 1108 5189; x_wconf 73' lang='grc' dir='ltr'><strong>οι</strong></span> <span class='ocrx_word' id='word_1_759' title='bbox 1142 5134 1242 5200; x_wconf 73' lang='grc'><strong>54;</strong></span> <span class='ocrx_word' id='word_1_760' title='bbox 1283 5135 1402 5188; x_wconf 68' lang='grc' dir='ltr'><strong>ϐοά.</strong></span> <span class='ocrx_word' id='word_1_761' title='bbox 1435 5151 1555 5189; x_wconf 81' lang='lat' dir='ltr'><strong>can.</strong></span> <span class='ocrx_word' id='word_1_762' title='bbox 1587 5133 1731 5188; x_wconf 80' lang='lat' dir='ltr'><strong>Eccl.</strong></span> <span class='ocrx_word' id='word_1_763' title='bbox 1765 5132 1963 5203; x_wconf 75' lang='lat' dir='ltr'><strong>Afric.,</strong></span> <span class='ocrx_word' id='word_1_764' title='bbox 1988 5148 2111 5189; x_wconf 89' lang='lat' dir='ltr'><strong>can.</strong></span> <span class='ocrx_word' id='word_1_765' title='bbox 2224 5136 2408 5192; x_wconf 91' lang='lat' dir='ltr'><strong>monia</strong></span> <span class='ocrx_word' id='word_1_766' title='bbox 2441 5151 2510 5190; x_wconf 83' lang='lat' dir='ltr'><strong>ex</strong></span> <span class='ocrx_word' id='word_1_767' title='bbox 2537 5135 2763 5206; x_wconf 89' lang='lat' dir='ltr'><strong>epistola</strong></span> <span class='ocrx_word' id='word_1_768' title='bbox 2792 5133 2918 5188; x_wconf 85' lang='lat' dir='ltr'><strong>Julii</strong></span> <span class='ocrx_word' id='word_1_769' title='bbox 2951 5149 3102 5203; x_wconf 83' lang='lat' dir='ltr'><strong>papae</strong></span> <span class='ocrx_word' id='word_1_770' title='bbox 3133 5133 3185 5185; x_wconf 89' lang='lat' dir='ltr'><strong>in</strong></span> <span class='ocrx_word' id='word_1_771' title='bbox 3230 5127 3511 5184; x_wconf 83' lang='lat' dir='ltr'><strong>Athanasii</strong></span> <span class='ocrx_word' id='word_1_772' title='bbox 3563 5140 3670 5195; x_wconf 90' lang='lat' dir='ltr'><strong>pro</strong></span> <span class='ocrx_word' id='word_1_773' title='bbox 3705 5124 3817 5193; x_wconf 77' lang='lat' dir='ltr'><strong>fuga</strong></span> 
     </span>
    </p>
   </div>
   <div class='ocr_carea' id='block_1_55' title="bbox 524 5214 3818 5299">
    <p class='ocr_par' dir='ltr' id='par_1_55' title="bbox 524 5214 3818 5299">
     <span class='ocr_line' id='line_1_55' title="bbox 524 5214 3818 5299; baseline -0.005 -17"><span class='ocrx_word' id='word_1_774' title='bbox 524 5225 652 5296; x_wconf 84' lang='lat'><strong>87):</strong></span> <span class='ocrx_word' id='word_1_775' title='bbox 705 5243 724 5277; x_wconf 75' lang='grc' dir='ltr'>ι</span> <span class='ocrx_word' id='word_1_776' title='bbox 764 5226 840 5283; x_wconf 91' lang='lat' dir='ltr'><strong>De</strong></span> <span class='ocrx_word' id='word_1_777' title='bbox 879 5227 1274 5294; x_wconf 88' lang='lat' dir='ltr'><strong>Quodvultdeo,</strong></span> <span class='ocrx_word' id='word_1_778' title='bbox 1305 5229 1577 5299; x_wconf 88' lang='lat' dir='ltr'><strong>inquiunt,</strong></span> <span class='ocrx_word' id='word_1_779' title='bbox 1610 5228 1867 5298; x_wconf 89' lang='lat' dir='ltr'><strong>episcopo</strong></span> <span class='ocrx_word' id='word_1_780' title='bbox 1913 5225 2116 5282; x_wconf 88' lang='lat' dir='ltr'><strong>Centu-</strong></span> <span class='ocrx_word' id='word_1_781' title='bbox 2224 5225 2539 5280; x_wconf 75' lang='lat' dir='ltr'><strong>defensione</strong></span> <span class='ocrx_word' id='word_1_782' title='bbox 2567 5226 2740 5296; x_wconf 86' lang='lat' dir='ltr'><strong>(epist.</strong></span> <span class='ocrx_word' id='word_1_783' title='bbox 2791 5225 2846 5287; x_wconf 75' lang='lat'><strong>2,</strong></span> <span class='ocrx_word' id='word_1_784' title='bbox 2905 5225 2973 5278; x_wconf 83' lang='lat' dir='ltr'><strong>ad</strong></span> <span class='ocrx_word' id='word_1_785' title='bbox 3011 5221 3376 5290; x_wconf 81' lang='lat' dir='ltr'><strong>Orientales):</strong></span> <span class='ocrx_word' id='word_1_786' title='bbox 3416 5237 3435 5270; x_wconf 70' lang='grc' dir='ltr'><strong><em>ι</em></strong></span> <span class='ocrx_word' id='word_1_787' title='bbox 3467 5217 3606 5285; x_wconf 83' lang='lat' dir='ltr'><strong>Quia</strong></span> <span class='ocrx_word' id='word_1_788' title='bbox 3635 5214 3818 5272; x_wconf 84' lang='lat' dir='ltr'><strong>Domi-</strong></span> 
     </span>
    </p>
   </div>
   <div class='ocr_carea' id='block_1_56' title="bbox 525 5299 3818 5394">
    <p class='ocr_par' dir='ltr' id='par_1_56' title="bbox 525 5299 3818 5394">
     <span class='ocr_line' id='line_1_56' title="bbox 525 5299 3818 5394; baseline -0.003 -22"><span class='ocrx_word' id='word_1_789' title='bbox 525 5317 712 5382; x_wconf 85' lang='lat' dir='ltr'><strong>riensi,</strong></span> <span class='ocrx_word' id='word_1_790' title='bbox 754 5319 1010 5389; x_wconf 91' lang='lat' dir='ltr'><strong>quoniam</strong></span> <span class='ocrx_word' id='word_1_791' title='bbox 1056 5317 1178 5392; x_wconf 86' lang='lat' dir='ltr'><strong>[al.,</strong></span> <span class='ocrx_word' id='word_1_792' title='bbox 1209 5319 1505 5394; x_wconf 89' lang='lat' dir='ltr'><strong>quomodo]</strong></span> <span class='ocrx_word' id='word_1_793' title='bbox 1550 5299 1924 5377; x_wconf 53' lang='lat' dir='ltr'><strong>adversarius</strong></span> <span class='ocrx_word' id='word_1_794' title='bbox 1949 5321 2118 5391; x_wconf 86' lang='lat' dir='ltr'><strong>ipsius</strong></span> <span class='ocrx_word' id='word_1_795' title='bbox 2224 5335 2327 5374; x_wconf 90' lang='lat' dir='ltr'><strong>uus</strong></span> <span class='ocrx_word' id='word_1_796' title='bbox 2371 5318 2588 5389; x_wconf 90' lang='lat' dir='ltr'><strong>quando</strong></span> <span class='ocrx_word' id='word_1_797' title='bbox 2631 5317 2892 5372; x_wconf 66' lang='lat' dir='ltr'><strong>Pharisaei</strong></span> <span class='ocrx_word' id='word_1_798' title='bbox 2937 5313 3227 5372; x_wconf 88' lang='lat' dir='ltr'><strong>consilium</strong></span> <span class='ocrx_word' id='word_1_799' title='bbox 3279 5311 3527 5368; x_wconf 80' lang='lat' dir='ltr'><strong>fecerunt</strong></span> <span class='ocrx_word' id='word_1_800' title='bbox 3554 5310 3818 5394; x_wconf 52' lang='lat' dir='ltr'><strong>adyersus</strong></span> 
     </span>
    </p>
   </div>
   <div class='ocr_carea' id='block_1_57' title="bbox 523 5389 3816 5480">
    <p class='ocr_par' dir='ltr' id='par_1_57' title="bbox 523 5389 3816 5480">
     <span class='ocr_line' id='line_1_57' title="bbox 523 5389 3816 5480; baseline -0.002 -16"><span class='ocrx_word' id='word_1_801' title='bbox 523 5424 648 5464; x_wconf 93' lang='lat' dir='ltr'><strong>cum</strong></span> <span class='ocrx_word' id='word_1_802' title='bbox 696 5424 755 5465; x_wconf 92' lang='lat' dir='ltr'><strong>se</strong></span> <span class='ocrx_word' id='word_1_803' title='bbox 800 5411 1044 5480; x_wconf 89' lang='lat' dir='ltr'><strong>petisset,</strong></span> <span class='ocrx_word' id='word_1_804' title='bbox 1060 5389 1344 5466; x_wconf 78' lang='lat' dir='ltr'><strong>introduci</strong></span> <span class='ocrx_word' id='word_1_805' title='bbox 1387 5411 1455 5465; x_wconf 91' lang='lat' dir='ltr'><strong>ad</strong></span> <span class='ocrx_word' id='word_1_806' title='bbox 1487 5389 1797 5469; x_wconf 29' lang='lat' dir='ltr'><strong>iconcilium</strong></span> <span class='ocrx_word' id='word_1_807' title='bbox 1848 5389 2112 5475; x_wconf 72' lang='lat' dir='ltr'><strong>nostrum,</strong></span> <span class='ocrx_word' id='word_1_808' title='bbox 2223 5426 2348 5466; x_wconf 91' lang='lat' dir='ltr'><strong>eum</strong></span> <span class='ocrx_word' id='word_1_809' title='bbox 2375 5419 2576 5466; x_wconf 90' lang='lat' dir='ltr'><strong>uteum</strong></span> <span class='ocrx_word' id='word_1_810' title='bbox 2600 5409 2930 5465; x_wconf 89' lang='lat' dir='ltr'><strong>occiderent.</strong></span> <span class='ocrx_word' id='word_1_811' title='bbox 2961 5407 3152 5464; x_wconf 88' lang='lat' dir='ltr'><strong>Sciens</strong></span> <span class='ocrx_word' id='word_1_812' title='bbox 3176 5414 3358 5461; x_wconf 88' lang='lat' dir='ltr'><strong>autem</strong></span> <span class='ocrx_word' id='word_1_813' title='bbox 3387 5402 3544 5460; x_wconf 72' lang='lat' dir='ltr'><strong>Iesus</strong></span> <span class='ocrx_word' id='word_1_814' title='bbox 3565 5389 3816 5458; x_wconf 75' lang='lat' dir='ltr'><strong>discessit</strong></span> 
     </span>
    </p>
   </div>
   <div class='ocr_carea' id='block_1_58' title="bbox 525 5497 3814 5576">
    <p class='ocr_par' dir='ltr' id='par_1_58' title="bbox 525 5497 3814 5576">
     <span class='ocr_line' id='line_1_58' title="bbox 525 5497 3814 5576; baseline -0.003 -19"><span class='ocrx_word' id='word_1_815' title='bbox 525 5502 892 5574; x_wconf 85' lang='lat' dir='ltr'><strong>interrogatus</strong></span> <span class='ocrx_word' id='word_1_816' title='bbox 916 5503 1076 5560; x_wconf 90' lang='lat' dir='ltr'><strong>vellet</strong></span> <span class='ocrx_word' id='word_1_817' title='bbox 1100 5519 1224 5560; x_wconf 89' lang='lat' dir='ltr'><strong>cum</strong></span> <span class='ocrx_word' id='word_1_818' title='bbox 1252 5519 1318 5561; x_wconf 90' lang='lat' dir='ltr'><strong>eo</strong></span> <span class='ocrx_word' id='word_1_819' title='bbox 1340 5504 1481 5576; x_wconf 89' lang='lat' dir='ltr'><strong>apud</strong></span> <span class='ocrx_word' id='word_1_820' title='bbox 1506 5505 1791 5576; x_wconf 88' lang='lat' dir='ltr'><strong>episcopos</strong></span> <span class='ocrx_word' id='word_1_821' title='bbox 1851 5505 2115 5571; x_wconf 83' lang='lat' dir='ltr'><strong>experiri,</strong></span> <span class='ocrx_word' id='word_1_822' title='bbox 2227 5503 2369 5559; x_wconf 90' lang='lat' dir='ltr'><strong>inde.</strong></span> <span class='ocrx_word' id='word_1_823' title='bbox 2405 5503 2471 5558; x_wconf 92' lang='lat' dir='ltr'><strong>Et</strong></span> <span class='ocrx_word' id='word_1_824' title='bbox 2497 5502 2746 5574; x_wconf 89' lang='lat' dir='ltr'><strong>discipuli</strong></span> <span class='ocrx_word' id='word_1_825' title='bbox 2778 5511 3000 5572; x_wconf 89' lang='lat' dir='ltr'><strong>propter</strong></span> <span class='ocrx_word' id='word_1_826' title='bbox 3045 5510 3250 5556; x_wconf 90' lang='lat' dir='ltr'><strong>metum</strong></span> <span class='ocrx_word' id='word_1_827' title='bbox 3275 5497 3588 5555; x_wconf 64' lang='lat' dir='ltr'><strong>Iudaeorum</strong></span> <span class='ocrx_word' id='word_1_828' title='bbox 3625 5507 3814 5552; x_wconf 77' lang='lat' dir='ltr'><strong>reces-</strong></span> 
     </span>
    </p>
   </div>
   <div class='ocr_carea' id='block_1_59' title="bbox 523 5589 3813 5669">
    <p class='ocr_par' dir='ltr' id='par_1_59' title="bbox 523 5589 3813 5669">
     <span class='ocr_line' id='line_1_59' title="bbox 523 5589 3813 5669; baseline -0.004 -19"><span class='ocrx_word' id='word_1_829' title='bbox 523 5596 703 5665; x_wconf 90' lang='lat' dir='ltr'><strong>primo</strong></span> <span class='ocrx_word' id='word_1_830' title='bbox 736 5597 1094 5666; x_wconf 86' lang='lat' dir='ltr'><strong>promiserat;</strong></span> <span class='ocrx_word' id='word_1_831' title='bbox 1126 5605 1182 5654; x_wconf 89' lang='lat' dir='ltr'><strong>et</strong></span> <span class='ocrx_word' id='word_1_832' title='bbox 1223 5597 1329 5653; x_wconf 91' lang='lat' dir='ltr'><strong>alia</strong></span> <span class='ocrx_word' id='word_1_833' title='bbox 1375 5599 1462 5655; x_wconf 90' lang='lat' dir='ltr'><strong>die</strong></span> <span class='ocrx_word' id='word_1_834' title='bbox 1509 5597 1807 5669; x_wconf 89' lang='lat' dir='ltr'><strong>respondit,</strong></span> <span class='ocrx_word' id='word_1_835' title='bbox 1859 5599 1965 5654; x_wconf 89' lang='lat' dir='ltr'><strong>hoc</strong></span> <span class='ocrx_word' id='word_1_836' title='bbox 2018 5595 2120 5652; x_wconf 91' lang='lat' dir='ltr'><strong>sibi</strong></span> <span class='ocrx_word' id='word_1_837' title='bbox 2225 5605 2436 5661; x_wconf 89' lang='lat' dir='ltr'><strong>serunt,</strong></span> <span class='ocrx_word' id='word_1_838' title='bbox 2475 5597 2716 5651; x_wconf 86' lang='lat' dir='ltr'><strong>celantes</strong></span> <span class='ocrx_word' id='word_1_839' title='bbox 2742 5594 2972 5664; x_wconf 89' lang='lat' dir='ltr'><strong>seipsos.</strong></span> <span class='ocrx_word' id='word_1_840' title='bbox 3011 5611 3030 5645; x_wconf 75' lang='grc' dir='ltr'><strong><em>ι</em></strong></span> <span class='ocrx_word' id='word_1_841' title='bbox 3066 5593 3134 5647; x_wconf 89' lang='lat' dir='ltr'><strong>Et</strong></span> <span class='ocrx_word' id='word_1_842' title='bbox 3161 5591 3366 5646; x_wconf 84' lang='lat' dir='ltr'><strong>Paulus</strong></span> <span class='ocrx_word' id='word_1_843' title='bbox 3395 5591 3448 5645; x_wconf 91' lang='lat' dir='ltr'><strong>in</strong></span> <span class='ocrx_word' id='word_1_844' title='bbox 3477 5589 3754 5644; x_wconf 82' lang='lat' dir='ltr'><strong>Damaseo</strong></span> <span class='ocrx_word' id='word_1_845' title='bbox 3786 5600 3813 5637; x_wconf 84' lang='lat' dir='ltr'><strong>a</strong></span> 
     </span>
    </p>
   </div>
   <div class='ocr_carea' id='block_1_60' title="bbox 525 5677 3812 5762">
    <p class='ocr_par' dir='ltr' id='par_1_60' title="bbox 525 5677 3812 5762">
     <span class='ocr_line' id='line_1_60' title="bbox 525 5677 3812 5762; baseline -0.003 -20"><span class='ocrx_word' id='word_1_846' title='bbox 525 5702 634 5742; x_wconf 90' lang='lat' dir='ltr'><strong>non</strong></span> <span class='ocrx_word' id='word_1_847' title='bbox 685 5688 926 5758; x_wconf 89' lang='lat' dir='ltr'><strong>placere,</strong></span> <span class='ocrx_word' id='word_1_848' title='bbox 958 5699 1122 5760; x_wconf 86' lang='lat' dir='ltr'><strong>atque</strong></span> <span class='ocrx_word' id='word_1_849' title='bbox 1151 5691 1422 5748; x_wconf 80' lang='lat' dir='ltr'><strong>discessit.</strong></span> <span class='ocrx_word' id='word_1_850' title='bbox 1462 5691 1674 5746; x_wconf 91' lang='lat' dir='ltr'><strong>Placuit</strong></span> <span class='ocrx_word' id='word_1_851' title='bbox 1725 5688 1979 5744; x_wconf 89' lang='lat' dir='ltr'><strong>omnibus</strong></span> <span class='ocrx_word' id='word_1_852' title='bbox 2006 5687 2122 5758; x_wconf 88' lang='lat' dir='ltr'><strong>epi-</strong></span> <span class='ocrx_word' id='word_1_853' title='bbox 2189 5689 2468 5760; x_wconf 88' lang='lat' dir='ltr'><strong>.principe</strong></span> <span class='ocrx_word' id='word_1_854' title='bbox 2492 5689 2671 5762; x_wconf 82' lang='lat' dir='ltr'><strong>gentis</strong></span> <span class='ocrx_word' id='word_1_855' title='bbox 2701 5688 2980 5758; x_wconf 59' lang='lat' dir='ltr'><strong>quaesitus,</strong></span> <span class='ocrx_word' id='word_1_856' title='bbox 3021 5687 3086 5742; x_wconf 89' lang='lat' dir='ltr'><strong>de</strong></span> <span class='ocrx_word' id='word_1_857' title='bbox 3113 5700 3271 5740; x_wconf 91' lang='lat' dir='ltr'><strong>muro</strong></span> <span class='ocrx_word' id='word_1_858' title='bbox 3304 5685 3358 5739; x_wconf 86' lang='lat' dir='ltr'><strong>in</strong></span> <span class='ocrx_word' id='word_1_859' title='bbox 3387 5690 3570 5754; x_wconf 87' lang='lat' dir='ltr'><strong>sporta</strong></span> <span class='ocrx_word' id='word_1_860' title='bbox 3599 5677 3812 5752; x_wconf 80' lang='lat' dir='ltr'><strong>deposi-</strong></span> 
     </span>
    </p>
   </div>
   <div class='ocr_carea' id='block_1_61' title="bbox 527 5769 3813 5853">
    <p class='ocr_par' dir='ltr' id='par_1_61' title="bbox 527 5769 3813 5853">
     <span class='ocr_line' id='line_1_61' title="bbox 527 5769 3813 5853; baseline -0.002 -19"><span class='ocrx_word' id='word_1_861' title='bbox 527 5779 729 5850; x_wconf 88' lang='lat' dir='ltr'><strong>scopis,</strong></span> <span class='ocrx_word' id='word_1_862' title='bbox 778 5789 842 5836; x_wconf 90' lang='lat' dir='ltr'><strong>ut</strong></span> <span class='ocrx_word' id='word_1_863' title='bbox 879 5783 1057 5839; x_wconf 90' lang='lat' dir='ltr'><strong>nullus</strong></span> <span class='ocrx_word' id='word_1_864' title='bbox 1092 5785 1267 5840; x_wconf 90' lang='lat' dir='ltr'><strong>eidem</strong></span> <span class='ocrx_word' id='word_1_865' title='bbox 1313 5783 1693 5853; x_wconf 85' lang='lat' dir='ltr'><strong>Quodvultdeo</strong></span> <span class='ocrx_word' id='word_1_866' title='bbox 1731 5781 2117 5846; x_wconf 89' lang='lat' dir='ltr'><strong>communicet,</strong></span> <span class='ocrx_word' id='word_1_867' title='bbox 2223 5789 2311 5836; x_wconf 90' lang='lat' dir='ltr'><strong>tus</strong></span> <span class='ocrx_word' id='word_1_868' title='bbox 2345 5791 2450 5848; x_wconf 89' lang='lat' dir='ltr'><strong>est,</strong></span> <span class='ocrx_word' id='word_1_869' title='bbox 2479 5792 2530 5837; x_wconf 91' lang='lat' dir='ltr'><strong>et</strong></span> <span class='ocrx_word' id='word_1_870' title='bbox 2558 5796 2753 5837; x_wconf 91' lang='lat' dir='ltr'><strong>manus</strong></span> <span class='ocrx_word' id='word_1_871' title='bbox 2775 5779 3070 5850; x_wconf 60' lang='lat' dir='ltr'><strong>quaerentis</strong></span> <span class='ocrx_word' id='word_1_872' title='bbox 3095 5777 3285 5850; x_wconf 80' lang='lat' dir='ltr'><strong>ell‘ugit</strong></span> <span class='ocrx_word' id='word_1_873' title='bbox 3311 5776 3398 5848; x_wconf 87' lang='lat' dir='ltr'><strong>(ll</strong></span> <span class='ocrx_word' id='word_1_874' title='bbox 3425 5775 3548 5833; x_wconf 87' lang='lat' dir='ltr'><strong>Cor.</strong></span> <span class='ocrx_word' id='word_1_875' title='bbox 3578 5777 3686 5842; x_wconf 84' lang='lat' dir='ltr'><strong>xl).</strong></span> <span class='ocrx_word' id='word_1_876' title='bbox 3714 5769 3813 5829; x_wconf 84' lang='lat' dir='ltr'><strong>Sed</strong></span> 
     </span>
    </p>
   </div>
   <div class='ocr_carea' id='block_1_62' title="bbox 526 5862 3808 5948">
    <p class='ocr_par' dir='ltr' id='par_1_62' title="bbox 526 5862 3808 5948">
     <span class='ocr_line' id='line_1_62' title="bbox 526 5862 3808 5948; baseline -0.002 -19"><span class='ocrx_word' id='word_1_877' title='bbox 526 5873 702 5929; x_wconf 88' lang='lat' dir='ltr'><strong>donec</strong></span> <span class='ocrx_word' id='word_1_878' title='bbox 731 5890 894 5932; x_wconf 87' lang='lat' dir='ltr'><strong>causa</strong></span> <span class='ocrx_word' id='word_1_879' title='bbox 931 5877 1048 5948; x_wconf 87' lang='lat' dir='ltr'><strong>ejus</strong></span> <span class='ocrx_word' id='word_1_880' title='bbox 1078 5879 1290 5948; x_wconf 90' lang='lat' dir='ltr'><strong>qualem</strong></span> <span class='ocrx_word' id='word_1_881' title='bbox 1324 5878 1564 5948; x_wconf 90' lang='lat' dir='ltr'><strong>potuerit</strong></span> <span class='ocrx_word' id='word_1_882' title='bbox 1593 5879 1881 5936; x_wconf 90' lang='lat' dir='ltr'><strong>terminum</strong></span> <span class='ocrx_word' id='word_1_883' title='bbox 1913 5884 2112 5934; x_wconf 90' lang='lat' dir='ltr'><strong>sumat.</strong></span> <span class='ocrx_word' id='word_1_884' title='bbox 2222 5881 2402 5929; x_wconf 92' lang='lat' dir='ltr'><strong>utrum</strong></span> <span class='ocrx_word' id='word_1_885' title='bbox 2431 5890 2529 5946; x_wconf 90' lang='lat' dir='ltr'><strong>pro</strong></span> <span class='ocrx_word' id='word_1_886' title='bbox 2554 5888 2620 5930; x_wconf 90' lang='lat' dir='ltr'><strong>eo</strong></span> <span class='ocrx_word' id='word_1_887' title='bbox 2643 5872 2690 5930; x_wconf 79' lang='lat' dir='ltr'><strong>si</strong></span> <span class='ocrx_word' id='word_1_888' title='bbox 2711 5871 2908 5928; x_wconf 86' lang='lat' dir='ltr'><strong>Franci</strong></span> <span class='ocrx_word' id='word_1_889' title='bbox 2938 5871 3188 5928; x_wconf 89' lang='lat' dir='ltr'><strong>homines</strong></span> <span class='ocrx_word' id='word_1_890' title='bbox 3221 5869 3287 5928; x_wconf 89' lang='lat' dir='ltr'><strong>ad</strong></span> <span class='ocrx_word' id='word_1_891' title='bbox 3313 5868 3520 5940; x_wconf 85' lang='lat' dir='ltr'><strong>judicia</strong></span> <span class='ocrx_word' id='word_1_892' title='bbox 3540 5867 3662 5924; x_wconf 90' lang='lat' dir='ltr'><strong>suis</strong></span> <span class='ocrx_word' id='word_1_893' title='bbox 3691 5862 3808 5933; x_wconf 81' lang='lat' dir='ltr'><strong>legi-</strong></span> 
     </span>
    </p>
   </div>
   <div class='ocr_carea' id='block_1_63' title="bbox 1709 6043 1722 6068">
    <p class='ocr_par' dir='ltr' id='par_1_63' title="bbox 1709 6043 1722 6068">
     <span class='ocr_line' id='line_1_63' title="bbox 1709 6043 1722 6068; baseline 0 0"><span class='ocrx_word' id='word_1_894' title='bbox 1709 6043 1722 6068; x_wconf 91' lang='lat'><em>\</em></span> 
     </span>
    </p>
   </div>
  </div>
