4002 6296
1335 268 1361 321 l

168 391 295 455 617

954 387 1202 487 οιδυδᾳ.
1245 387 1335 447 ET
1372 383 1590 444 EPIST.
1632 382 1701 440 ΙΝ
1735 381 1761 439 (

1865 381 1960 440 [SA
1999 382 2333 445 HINCMARI
2367 382 2671 443 LAUDUN.
2770 400 2775 407 ·

1650 194 1705 268 ’ί
1746 226 1834 240 -~
1882 168 1937 253 ρ)
1966 181 2053 261 4L
2088 158 2136 245 δ
2239 130 2972 344 4')'*4;?//{1z:6wta&~

3354 380 3463 444 6l8

170 509 386 585 egisse,
414 522 537 578 qua:
580 506 685 563 etsi
730 522 839 563 non
888 479 1238 562 conﬁteretur
1279 496 1644 579 perpetrasse,
1683 513 1771 553 ne-
1800 500 1845 559 A
1875 499 2050 569 quiin
2080 502 2159 557 eis
2202 479 2595 573 prienuntiatus
2636 509 2691 556 et
2716 507 2967 556 ostensus
2997 507 3103 566 est,
3133 505 3187 555 et
3216 513 3305 570 per
3339 511 3461 570 qua

172 616 319 674 sane
367 616 473 655 non
524 606 748 669 posset,
783 598 1019 667 seipsum
1070 592 1624 666 illaqueasse‘viderc
1664 606 1773 647 non

168 683 381 762 potuit.
411 690 479 744 Et
507 689 635 760 quia
667 687 1009 743 mendacium
1045 696 1167 741 erat
1195 686 1340 757 quod
1376 683 1541 752 dixit,
1572 698 1657 738 me
1684 696 1774 769 es-

169 779 621 835 commuuicasse
650 776 900 833 homines
923 776 1063 831 villae
1092 775 1161 831 de.
1184 774 1298 849 ipsa
1322 774 1595 829 rusticana
1621 787 1774 844 paro-

174 873 309 929 cbia
333 912 351 938 ,
383 879 438 927 et
468 870 704 926 infantes
730 868 848 924 sine
876 867 1203 939 baptismate
1228 905 1244 930 ,
1283 873 1341 921 et
1382 864 1630 921 homines
1657 864 1775 918 sine

169 964 565 1039 communione
598 963 651 1018 in
684 977 749 1018 ca
781 944 1345 1018 excommunicatione
1382 946 1505 1013 inde
1530 957 1769 1021 obiissc;

172 1070 311 1112 mox
337 1054 415 1110 illi
439 1053 792 1119 remandavi,
833 1051 1090 1124 quoniam
1120 1051 1253 1107 nulli
1286 1065 1522 1120 unquam
1553 1049 1607 1103 in
1656 1063 1773 1103 inca

174 1149 446 1222 parochia
464 1189 481 1213 ,
510 1158 799 1220 postquam
837 1146 915 1203 fui
951 1147 1235 1203 ordinatus
1261 1146 1579 1217 episcopus,
1607 1144 1776 1215 bapti-

173 1255 382 1306 smum,
416 1239 502 1295 vel
541 1239 722 1294 viatici
755 1237 996 1295 muneris
1024 1236 1362 1301 communio,
1391 1250 1422 1289 a
1454 1249 1577 1300 me,
1624 1233 1707 1289 vel
1743 1248 1774 1286 a

172 1347 456 1404 quoquam
503 1329 882 1387 comministro
928 1343 1052 1385 meo
1103 1328 1367 1400 denegata
1410 1325 1562 1382 fuere
1593 1340 1608 1379 :
1637 1324 1777 1385 sicut

172 1441 371 1481 omnes
400 1425 453 1479 in
484 1423 742 1494 parochia
782 1436 902 1477 mea
948 1429 1058 1475 tam
1114 1418 1469 1476 ecclesiastici
1519 1431 1682 1489 quam
1720 1424 1777 1472 et

169 1515 492 1582 sreculares,
520 1523 632 1570 tam
659 1512 764 1568 viri
790 1528 952 1584 quam
975 1520 1032 1568 et
1057 1509 1272 1568 feminae
1297 1508 1496 1567 sciunt.

771 1623 1001 1680 CAPUT
1039 1621 1208 1678 XXX.

171 1718 334 1787 Quod
383 1716 661 1789 postulauit
693 1727 771 1789 Aut
820 1715 1113 1789 eminentius
1162 1730 1261 1770 sua
1291 1713 1556 1789 Δειάιοειέιις
1599 1713 1774 1783 ipsum

241 1784 446 1859 scripta
494 1788 603 1857 igni
649 1786 962 1841 absumeret.
1017 1785 1220 1859 Iterum
1265 1784 1341 1859 de
1369 1784 1635 1859 superiore
1674 1798 1770 1837 ca-

1872 590 2146 648 Christum
2183 595 2561 665 cognovimus,
2600 595 2801 666 quique
2847 592 2935 648 illa
2983 593 3339 661 locutusest,
3372 610 3460 651 me

1873 678 2151 750 nosse,'et
2192 672 2246 740 in
2274 701 2397 741 eum
2427 688 2681 751 credere,
2719 700 2785 740 ac
2826 701 2922 759 per
2953 686 3057 741 hoc
3083 700 3170 740 me
3198 684 3463 746 Christia-

1873 789 2002 829 num
2034 788 2307 846 negarem.
2343 775 2412 830 Et
2443 776 2491 831 si
2529 770 2714 832 sacros
2749 789 3010 842 canones,
3030 778 3090 831 'et
3118 776 3337 832 decreta
3364 793 3459 834 ca-

1877 854 2087 921 tholicae
2141 858 2395 923 Ecclesia:
2439 866 2782 924 incendercm
2838 872 2893 924 et
2946 860 3254 925 abdicarem
3307 876 3461 926 :‘me

1873 955 2059 1025 procul
2082 955 2246 1010 dubio
2268 957 2336 1010 ab
2356 957 2662 1027 episcopatu
2686 973 2793 1012 non
2815 950 2989 1012 scium
3014 957 3127 1028 ipse
3149 954 3460 1029 deﬁcerem,

1872 1062 2063 1102 verum
2093 1056 2150 1103 et
2176 1047 2246 1103 ab
2275 1048 2514 1105 Ecclesia
2543 1049 2809 1105 catholica
2839 1047 3090 1113 divisum,
3121 1058 3174 1105 et
3201 1048 3462 1119 alienum,

1875 1136 1929 1192 id
1955 1145 2040 1192 cst
2069 1137 2477 1195 sebismaticum
2507 1147 2562 1195 et
2586 1139 3129 1205 anathematizatum,
3155 1139 3384 1211 publicis
3407 1147 3465 1198 et

1873 1228 2258 1286 ecclesiasticis
2300 1228 2509 1302 legibus
2554 1228 2844 1286 edicerem.
2898 1228 3054 1286 Sicut
3096 1241 3319 1288 sanctus
3349 1229 3465 1288 Leo

1873 1335 2009 1391 papa
2060 1320 2301 1377 scribens
2345 1321 2414 1378 ad
2461 1321 2697 1379 Leonem
2746 1322 3048 1395 Augustum
3086 1322 3252 1380 etiam
3296 1324 3364 1380 de
3399 1337 3465 1380 se

1874 1411 2006 1469 dicit
2044 1411 2216 1484 (epist.
2242 1413 2332 1485 78)
2365 1431 2378 1467 ε
2413 1433 2432 1465 ι
2463 1412 2521 1469 Si
2560 1414 2855 1470 secundum
2886 1414 3227 1488 Apostolum,
3260 1415 3457 1487 inquit.

1874 1516 1995 1572 quae
2022 1502 2287 1567 dcstruxi,
2317 1503 2432 1559 haec
2459 1503 2685 1570 :edifico,
2719 1506 3187 1574 przevaricatorem
3215 1521 3301 1562 me
3328 1520 3462 1562 con-

1876 1597 2077 1663 stituo,
2126 1606 2183 1654 et
2227 1599 2309 1654 eis
2355 1614 2442 1655 me
2483 1599 2855 1656 conditionum
2905 1598 3201 1657 ultionibus
3261 1598 3457 1664 subdo,

1874 1704 2010 1760 quas
2039 1705 2146 1746 non
2177 1691 2351 1746 solum
2378 1690 2675 1747 auctoritas
2700 1690 2872 1749 beate
2899 1691 3174 1747 memoria:
3198 1691 3463 1763 principis

1876 1780 2168 1849 Marciani,
2195 1782 2291 1841 sed
2312 1782 2475 1839 etiam
2505 1798 2605 1855 ego
2633 1797 2751 1838 mea
2777 1782 3131 1838 consensione
3162 1782 3395 1839 ﬁrmavi.
3426 1800 3450 1836 ι

241 1852 473 1946 lupinis,
503 1852 713 1929 propter
748 1872 910 1928 quam
943 1873 1047 1911 non
1080 1855 1225 1910 debet
1272 1854 1341 1909 ad
1381 1852 1767 1910 accusationem
1796 1852 1846 1915 B
1944 1872 2285 1945 Quapropter
2310 1874 2413 1930 ειεί
2459 1852 2563 1930 ,ηδ’
2591 1873 2863 1929 inﬁrmum
2900 1886 2964 1929 ac
3002 1872 3267 1945 ενι-θείκωὶ
3298 1881 3463 1946 θυμω

245 2037 391 2111 (Lib.
411 2054 480 2094 ιν
500 2056 641 2110 cap.,
668 2053 718 2094 c.
743 2037 822 2109 ι.)
852 2037 1126 2094 Maudavit
1152 2037 1317 2093 etiam
1347 2034 1481 2093 mihi
1505 2049 1604 2107 per
1630 2047 1767 2105 prte-

170 2127 349 2184 fatum
377 2126 740 2183 venerabilem
775 2128 1048 2198 quondam
1078 2127 1547 2197 archiepiscopum
1571 2123 1763 2181 Weni-

169 2217 357 2277 Iouem
390 2257 406 2283 ,
449 2226 512 2274 ut
536 2217 581 2273 si
612 2217 811 2288 scripta
835 2233 957 2289 qua:
1002 2217 1077 2273 illi
1098 2224 1159 2274 et
1185 2216 1428 2273 ecclesia:
1468 2214 1572 2271 sibi
1613 2229 1765 2270 com-

166 2308 358 2367 missa:
386 2348 402 2374 ,
456 2308 521 2365 de
575 2308 1139 2365 excommunicatione
1199 2323 1306 2379 qna
1349 2308 1532 2382 agitur
1580 2308 1650 2365 ab
1699 2321 1767 2363 eo

166 2399 445 2457 intentata
477 2415 587 2457 suae
613 2399 903 2471 parocbise,
936 2398 1251 2464 transmisi,
1281 2413 1509 2470 quotque
1555 2396 1628 2453 ibi
1674 2414 1765 2455 sc-

167 2506 298 2547 cum
328 2491 577 2555 habebat,
595 2505 780 2547 coram
808 2490 931 2546 aliis
954 2490 1323 2557 iuceuderem,
1349 2500 1405 2546 et
1438 2489 1762 2546 annullanda

169 2583 414 2639 dicerem
442 2623 459 2648 ,
505 2598 700 2654 meque
744 2592 932 2638 contra
982 2582 1245 2640 rationem
1296 2590 1351 2639 et
1382 2581 1762 2639 auctoritatem

167 2672 371 2733 fecisse
388 2675 692 2747 proﬁterer,
716 2690 927 2731 mecum
959 2689 1148 2747 pacem
1175 2675 1375 2732 habere
1400 2674 1579 2732 vellet.
1607 2673 1763 2730 Unde

164 2760 250 2824 illi
278 2782 381 2838 pro
408 2776 671 2838 tempore,
698 2781 821 2821 cum
869 2765 991 2823 aliis
1033 2779 1155 2837 qua:
1199 2765 1334 2822 mihi
1381 2772 1759 2831 occurrerunt,

164 2870 272 2929 per
299 2858 551 2915 eumdem
579 2856 1045 2929 archiepiscopum
1062 2897 1078 2922 ,
1117 2865 1176 2915 et
1205 2846 1533 2913 Adventium
1562 2855 1758 2929 glorio-

168 2963 294 3004 sum
341 2948 651 3019 episcopum
704 2948 1036 3005 remandavi.
1086 2947 1157 3003 Et
1191 2956 1379 3020 postea
1410 2947 1501 3003 illa
1533 2947 1674 3017 ipsa,
1704 2954 1762 3003 et

169 3034 300 3103 alia,
328 3036 569 3107 scriptis,
597 3051 829 3108 quorum
860 3037 949 3093 hic
984 3036 1159 3095 habeo
1197 3036 1550 3109 exemplaria,
1581 3035 1758 3093 incqu

165 3128 312 3195 cavi,
353 3129 607 3200 quoniam
659 3130 713 3186 in
756 3144 1083 3202 quocunque
1126 3139 1396 3188 conventu
1445 3145 1534 3186 me
1585 3128 1756 3196 adire,

1874 1964 2218 2032 imbecillem,
2248 1973 2309 2019 ut
2332 1976 2522 2021 revera
2553 1980 2671 2020 sum
2698 2005 2714 2029 ,
2757 1963 2893 2020 adeo
2928 1963 3237 2031 aestimavit,
3271 1973 3332 2020 ut
3359 1965 3464 2022 mi-

1871 2056 1958 2111 nis
1979 2055 2061 2110 vel
2083 2056 2501 2127 promissionum
2527 2055 2805 2112 blanditiis
2830 2055 2897 2111 ad
2922 2055 3039 2113 hate
3061 2056 3269 2129 agenda
3293 2056 3458 2124 trahi,
3508 2132 3513 2137 _

1869 2146 1954 2202 vel
1984 2147 2199 2204 invitari
2230 2148 2467 2204 valerem
2503 2167 2514 2178 ·
2546 2163 2653 2204 non
2681 2156 2859 2205 tamen
2894 2148 3183 2220 episcopus
3212 2149 3461 2206 dubitare

1869 2236 2132 2293 debuerat
2171 2252 2362 2293 verum
2404 2252 2524 2293 esse
2551 2280 2565 2302 ,
2606 2238 2749 2309 quod
2792 2238 2861 2293 ab
2906 2252 2971 2293 eo
3007 2239 3100 2310 qui
3146 2239 3363 2311 perﬁcit
3402 2239 3458 2294 in

1868 2327 2184 2385 infirmitate
2232 2328 2490 2386 virtutem
2522 2369 2538 2395 ,
2603 2343 2699 2385 ore
2749 2328 2992 2385 veridico
3034 2323 3378 2400 promittitur
3434 2345 3450 2383 :

1863 2419 2146 2488 Dominus,
2170 2421 2364 2494 inquit,
2395 2421 2541 2476 dabit
2570 2422 2808 2477 uirtutem
2836 2422 3056 2477 multam
3086 2423 3451 2494 euangelizan-

1865 2510 2004 2566 tibus
2032 2511 2243 2565 verbum
2276 2508 2449 2583 (Psal.
2479 2510 2647 2582 van)
2680 2526 2695 2564 :
2725 2519 2777 2566 et
2809 2512 3096 2584 episcopus
3125 2512 3256 2568 mihi
3282 2511 3456 2582 quati-

1854 2590 2078 2673 Icunque
2111 2602 2367 2674 episcopo
2407 2603 2749 2659 mortiferum
2794 2603 2861 2658 ad
2893 2603 3185 2661 bibendum
3219 2618 3325 2659 non
3356 2604 3452 2661 de-

1860 2691 2054 2748 buerat
2084 2693 2406 2765 propinare;
2456 2692 2685 2759 scilicet,
2721 2700 2781 2750 ut
2813 2692 3027 2766 eloquia
3057 2707 3235 2761 sacra,
3275 2694 3452 2767 gratia

1862 2780 1944 2837 sui
1976 2781 2341 2837 incenderem.
2382 2782 2452 2838 Et
2479 2782 2606 2838 licet
2648 2783 2778 2838 hinc
2822 2798 2912 2839 me
2955 2782 3100 2838 Deus
3145 2784 3319 2855 gratia
3344 2797 3448 2839 sua

1859 2873 2179 2939 servaverit,
2205 2872 2297 2943 qui
2325 2872 2379 2929 in
2405 2887 2465 2929 se
2490 2871 2835 2930 credentibus
2863 2874 3192 2947 repromisit,
3218 2874 3446 2932 dicens:

1863 2959 1930 3017 Et
1954 2964 2002 3018 si
2023 2964 2349 3034 mortiferum
2372 2965 2500 3036 quid
2525 2965 2767 3031 biberint,
2793 2982 2899 3021 non
2920 2968 2995 3021 eis
3018 2966 3215 3022 nocebit
3248 2966 3447 3040 (Marc.

1862 3054 1997 3126 xvi).
2050 3073 2068 3107 ι
2101 3056 2234 3110 Dum
2260 3054 2584 3126 pestiferas,
2615 3055 2791 3127 inquit
2815 3056 2877 3113 Β.
2903 3055 3197 3129 Gregorius
3240 3058 3445 3131 (homil.

1860 3145 1934 3202 29
1957 3146 2012 3201 in
2044 3145 2294 3219 Evang.),
2341 3150 2624 3205 suasiones
2652 3148 2898 3215 audiunt,
2927 3155 2982 3205 et
3012 3157 3191 3204 tamen
3221 3148 3289 3203 ad
3315 3161 3452 3217 ope-

163 3222 414 3293 miltique
459 3223 609 3295 pacis
648 3223 924 3289 osculum,
970 3223 1114 3281 sicut
1149 3232 1207 3281 et
1250 3223 1481 3303 domnus
1530 3237 1659 3289 rex,
1700 3230 1756 3278 et

1865 3228 2128 3294 rationem
2157 3206 2377 3309 pravam
2407 3239 2632 3294 minime
2669 3239 3078 3311 pertrahuntur,
3106 3237 3448 3295 mortiferum

163 3316 430 3386 episcopi,
462 3330 528 3373 ac
562 3316 749 3372 caeteri
781 3315 1042 3382 illustres,
1069 3329 1138 3372 ac
1165 3315 1467 3383 mediocres
1491 3311 1583 3387 qui
1620 3327 1752 3370 cou-
1794 3322 1801 3329 ‘

162 3408 477 3473 veniebant,
522 3408 656 3465 dare
683 3408 917 3473 nolebat,
960 3423 1060 3465 nec
1110 3408 1274 3463 etiam
1321 3406 1430 3463 ullo
1467 3400 1632 3463 verbo
1668 3419 1755 3461 me

164 3494 369 3566 alioqui
394 3496 757 3567 dignabatur,
792 3498 859 3554 de
903 3500 1103 3570 quibus
1150 3498 1240 3555 hic
1285 3497 1531 3571 quaedam
1572 3495 1754 3553 studui

164 3586 455 3661 replicare.
487 3586 694 3658 Scripsi
725 3604 920 3660 nempe
946 3589 1089 3645 inter
1115 3597 1314 3646 caetera
1358 3588 1455 3654 illi,
1484 3588 1754 3662 quomodo

162 3678 221 3737 ci
267 3678 328 3736 in
368 3695 585 3736 sensum
629 3696 786 3737 suum
831 3681 1015 3736 venire
1050 3680 1317 3754 potuerit,
1355 3687 1415 3734 ut
1459 3679 1586 3733 talia
1623 3676 1753 3732 mihi

164 3770 491 3827 mandaret?
534 3769 796 3844 (Epistula
826 3771 936 3827 haec
961 3787 1065 3827 non
1089 3769 1304 3842 exstat.)
1347 3768 1483 3824 Nam
1509 3767 1755 3823 diabolus

162 3864 401 3935 loquens
429 3865 493 3920 ad
525 3866 728 3937 primos
756 3877 1010 3937 parentes
1046 3874 1292 3933 nostros,
1337 3865 1432 3922 sed
1459 3873 1515 3920 et
1550 3863 1616 3920 ad
1646 3861 1755 3918 Re:

161 3956 504 4027 demptorem
552 3972 617 4013 ac
669 3957 1009 4014 Salvatorem
1056 3942 1331 4024 nostrum,
1376 3973 1482 4013 non
1511 3971 1577 4011 ex
1611 3955 1755 4027 deje-

162 4047 382 4112 ctione,
410 4047 502 4103 sed
532 4063 598 4103 ex
640 4057 931 4119 provectu,
959 4057 1018 4105 et
1044 4064 1110 4106 ex
1149 4049 1499 4108 sublimitatis
1526 4046 1754 4104 avaritia

164 4153 262 4195 eos
288 4138 533 4196 tentavit.
574 4139 748 4196 isdem
777 4148 959 4197 autem
988 4156 1397 4214 supergressus,
1425 4140 1505 4197 sic
1533 4139 1639 4195 dici
1667 4138 1753 4198 fas

162 4239 292 4297 est,
340 4229 539 4287 diaboli
585 4232 973 4304 malignitatem
1000 4273 1017 4299 ,
1058 4233 1258 4289 oblitus
1302 4231 1563 4304 scriptum
1607 4245 1751 4298 esse,

161 4319 312 4393 quod
335 4318 692 4393 Halignitates
712 4323 1200 4379 exterminabtmtnr
1226 4322 1400 4395 (Psal.
1427 4321 1636 4389 xxxvn),
1664 4337 1754 4378 me

161 4410 485 4469 stultissime
513 4428 580 4468 ex
613 4412 915 4485 dejectione
957 4415 1185 4471 tentavit
1221 4433 1234 4469 :
1268 4415 1445 4472 sciens
1478 4415 1604 4486 quia
1633 4429 1755 4487 quae

161 4500 264 4567 illi,
298 4508 354 4556 et
375 4502 619 4560 ecclesiae
652 4505 757 4561 sibi
784 4506 1087 4562 commissae
1111 4506 1165 4561 in
1193 4505 1398 4563 eisdem
1424 4506 1641 4579 scriptis
1665 4505 1751 4562 di-

163 4591 307 4654 rexi,
331 4592 401 4648 de
426 4592 733 4665 evangelica
762 4595 1012 4663 veritate,
1040 4604 1096 4651 et
1122 4595 1419 4667 apostolica
1445 4570 1609 4668 atque
1633 4611 1757 4669 pro-
1780 4570 1836 4634 Ῑ)

147 4681 382 4801 ιρὶιοιίαι
406 4695 431 4750 ,·
469 4698 677 4740 necnon
701 4694 759 4742 et
782 4686 1042 4743 canonica
1074 4686 1393 4761 auctoritate
1418 4728 1433 4753 ,
1468 4688 1563 4744 sed
1596 4695 1653 4744 et
1686 4686 1754 4745 de

162 4775 476 4801 -..Α..ι-1ξ.,.
498 4778 637 4801 --Δ2-
664 4776 1040 4801 ----.!.--a!-_-
1094 4780 1229 4801 -2-__.
1256 4791 1530 4801 ----_-_-.
1569 4780 1746 4801 --j-_-

144 4775 478 4869 Ppostolicm
498 4778 640 4835 sedis
659 4776 1063 4848 constitutione,
1090 4780 1233 4838 sicut
1252 4791 1535 4854 acceperat
1562 4780 1751 4837 eadem

160 4872 358 4919 sancta
381 4865 557 4932 sedes,
590 4867 1028 4925 beatissimorum
1064 4869 1427 4942 apostolorum
1460 4870 1754 4926 traditione

158 4960 444 5009 constaret
482 4968 603 5011 esse
639 4957 966 5029 conscripta.
1002 4958 1069 5014 Et
1102 4969 1413 5016 sanctarum
1443 4959 1754 5035 Scriptura-

157 5060 287 5102 rum
311 5046 596 5105 traditores
619 5059 677 5107 et
700 5051 1011 5108 incensores
1036 5053 1177 5109 inter
1203 5053 1497 5127 sacrilegos
1524 5054 1754 5127 legimus

157 5147 525 5209 computatos.
568 5140 627 5197 Si
655 5156 787 5214 ergo
815 5143 902 5199 illa
929 5160 1050 5217 qua:
1088 5147 1155 5202 de
1190 5146 1503 5217 Evangelio,
1534 5155 1590 5203 et
1625 5161 1753 5218 apo-

158 5229 323 5287 stolis
349 5272 365 5299 ,
407 5242 570 5304 atque
595 5236 871 5307 prophetis
889 5278 905 5304 ,
946 5253 1159 5294 necnon
1185 5247 1239 5295 et
1264 5239 1330 5296 ile
1357 5234 1527 5298 sacris
1554 5240 1754 5314 regulis

159 5318 363 5413 spiritu
396 5325 492 5382 Dei
517 5327 780 5395 conditis,
820 5330 939 5387 sine
966 5331 1293 5389 admistione
1329 5333 1557 5404 alicujus
1581 5332 1754 5391 hmre?

163 5425 316 5477 seos,
347 5413 431 5468 vel
453 5416 789 5485 schismatis,
813 5421 1130 5493 conscripsi,
1158 5422 1408 5480 videlicet
1438 5440 1751 5481 mensuram

162 5503 336 5559 tritici
357 5519 390 5559 ει
413 5509 795 5567 eomburendis
812 5512 981 5582 paleis
1001 5524 1057 5571 et
1078 5514 1288 5571 zizania
1310 5516 1453 5588 puri,
1478 5534 1664 5575 revera
1689 5519 1757 5575 de

163 5594 371 5653 horreo
413 5596 695 5659 Dominico
741 5605 795 5660 in
844 5614 1087 5678 tempore
1130 5608 1211 5664 illi
1258 5623 1325 5664 ac
1366 5611 1609 5669 ecclesiae
1651 5613 1755 5669 sibi

160 5689 504 5760 commissa,
544 5701 603 5750 et
641 5692 1002 5755 sollicitudine
1061 5715 1197 5757 meae
1241 5701 1499 5774 subjectae
1544 5705 1753 5775 prolata

161 5780 532 5854 inunderem,
559 5794 615 5842 et
641 5802 770 5844 vera
810 5805 1065 5862 negarem
1095 5809 1109 5847 :
1143 5795 1262 5853 sine
1286 5794 1450 5854 dubio
1478 5796 1755 5859 Christum

572 5879 846 5945 ΡΔΤΙιῡι..
880 5881 1176 5951 CXXVI.

1858 3330 2079 3401 quidem
2105 3339 2190 3407 est
2213 3330 2357 3402 quod
2384 3332 2608 3401 bibunt;
2643 3331 2737 3388 sed
2765 3347 2874 3389 non
2898 3332 2980 3389 eis
3008 3332 3242 3389 nocebit.
3276 3350 3297 3384 ι
3330 3332 3449 3403 Ipse

1860 3429 2041 3478 tamen
2057 3422 2157 3477 nisi
2172 3422 2563 3493 pmnitucritex
2578 3423 2681 3478 hac
2698 3422 3154 3494 perniciosissima
3168 3424 3446 3488 suasione,

1860 3515 2024 3572 studii
2052 3516 2137 3573 sui
2168 3515 2279 3572 luet
2299 3515 2583 3586 judicium.
2625 3536 2642 3570 ι
2673 3517 2923 3583 Tardius,
2952 3516 3130 3586 inquit
3151 3515 3214 3570 Β.
3240 3513 3445 3587 Grego~

1861 3608 1976 3666 rius
2021 3608 2256 3682 (Pastor.
2288 3610 2325 3664 ι.
2358 3626 2437 3675 ιιι,
2458 3610 2683 3666 'admon.
2712 3611 2803 3684 53)
2825 3652 2840 3679 ,
2860 3616 3163 3691 .peccatum
3198 3609 3447 3671 solvitur,

1859 3703 2007 3773 quod
2051 3710 2107 3758 et
2151 3715 2248 3771 per
2289 3701 2575 3758 consilium
2625 3702 2908 3758 solidatur.
2955 3702 3069 3758 Nisi
3114 3704 3259 3759 enim
3295 3716 3451 3759 mens

1859 3791 2171 3849 omnimodo
2189 3800 2390 3848 aeterna
2411 3792 2733 3863 despiceret,
2763 3793 2816 3849 in
2834 3793 2990 3865 culpa
3017 3809 3081 3850 ex
3103 3792 3311 3865 judicio
3337 3809 3448 3851 non

1862 3883 2082 3955 periret.
2116 3902 2134 3935 ι
2830 3886 2833 3889 ’

1930 3974 1999 4030 Ει
2017 3976 2143 4046 quia
2167 3976 2299 4033 dicit
2317 3976 2605 4048 Apostolus
2628 3996 2641 4033 :
2670 3977 2927 4045 Avaritia,
2950 3993 3068 4049 qua
3086 3985 3161 4035 est
3185 3978 3451 4034 idolum

1859 4067 2076 4122 servitus
2107 4065 2244 4140 (Col.
2272 4067 2358 4140 ιιι)
2392 4083 2407 4123 :
2432 4076 2489 4124 et
2513 4067 2575 4123 Β.
2602 4064 2912 4139 Gregorius,
2941 4081 3009 4123 ex
3032 4075 3293 4138 provectu
3321 4081 3452 4123 ava-

1861 4159 2000 4215 ritiae
2025 4159 2231 4231 primos
2259 4168 2515 4232 parentes
2550 4168 2767 4217 nostros
2801 4168 3034 4217 tentatus
3065 4169 3121 4219 et
3165 4168 3451 4233 superatos

1860 4248 2227 4314 demonstrat,
2258 4250 2548 4306 ostendens
2578 4250 2894 4317 avaritiam,
2932 4265 3040 4306 non
3078 4251 3253 4308 solum
3281 4266 3450 4323 pecu-

1859 4341 1981 4406 niae,
2008 4341 2102 4397 sed
2128 4342 2293 4397 etiam
2318 4342 2619 4399 altitudinis
2644 4357 2793 4409 esse;
2827 4350 2881 4399 et
2905 4342 3029 4413 quia
3054 4352 3199 4400 recte
3219 4344 3452 4400 avaritia

1858 4430 2099 4499 dicitur,
2146 4446 2270 4487 cum
2315 4447 2476 4502 super
2534 4433 2748 4489 modum
2799 4434 3109 4491 sublimitas
3154 4433 3446 4492 ambitur:

1859 4522 2055 4593 ’scripsi
2080 4522 2130 4577 ei
2156 4538 2224 4579 ex
2248 4524 2428 4580 verbis
2456 4525 2598 4580 beati
2626 4525 2913 4598 Augustini
2945 4527 3014 4581 de
3036 4526 3335 4599 Scriptum
3358 4543 3450 4587 sa-

1858 4625 1968 4669 cras
1992 4612 2315 4669 auctoritate
2341 4614 2590 4682 dicentis,
2622 4624 2811 4671 contra
2837 4616 3150 4675 Donatistas
3178 4620 3446 4677 schisma-

1859 4702 2016 4769 ticos,
2043 4704 2135 4774 qui
2160 4718 2221 4760 se
2247 4705 2365 4761 sine
2388 4720 2547 4762 causa
2577 4722 2607 4762 a
2638 4723 2896 4780 compage
2924 4710 3146 4768 unitatis
3166 4712 3449 4769 catholica

1857 4803 2271 4866 separaverunt,
2302 4796 2542 4853 dicentes
2566 4798 2708 4869 quod
2738 4799 2971 4870 probare
2999 4817 3106 4858 non
3133 4812 3446 4875 potuerunt,

1855 4885 2208 4943 Caecilianum
2247 4903 2278 4943 a
2310 4886 2661 4947 traditoribus
2703 4907 2987 4948 sacrarum
3033 4892 3444 4965 Scripturarum

1856 4975 2022 5033 fuisse
2048 4977 2390 5045 ordinatum;
2434 4980 2499 5035 ut
2530 4990 2882 5053 cognosceret
2926 4997 3088 5053 quam
3129 4994 3292 5052 grave
3320 4995 3447 5054 pee-

1856 5078 2041 5151 catum
2087 5070 2160 5125 sit
2206 5069 2512 5128 idololatria
2539 5112 2556 5139 ,
2605 5073 2748 5143 quod
2795 5089 2862 5129 ex
2901 5074 3107 5130 ambi:u
3147 5072 3449 5129 altitudinis

1861 5158 2145 5216 admisisse
2174 5160 2409 5228 videtur,
2462 5162 2588 5218 dum
2631 5164 2757 5219 nulli
2804 5164 3082 5235 subjectus
3124 5178 3248 5221 esse
3292 5164 3444 5231 velit,

1860 5252 1953 5324 qui
1979 5253 2189 5308 cunctis
2208 5256 2447 5323 praeesse
2493 5271 2599 5310 non
2652 5256 2812 5312 valet.
2862 5256 2927 5312 Et
2965 5257 3091 5326 quia
3118 5256 3336 5329 gravius
3363 5267 3449 5314 est

1858 5348 2139 5413 peccatum
2183 5342 2426 5399 incensio
2458 5343 2765 5401 divinorum
2809 5345 3168 5417 eloquiorum,
3200 5344 3269 5401 ad
3298 5347 3446 5419 quod

1862 5447 1948 5489 me
1986 5432 2269 5489 traducere
2309 5434 2480 5493 voluit
2515 5454 2529 5489 :
2563 5443 2619 5492 et
2659 5437 2915 5508 quoniam
2957 5435 3335 5509 gravissimum
3374 5436 3449 5494 sit

1854 5535 2136 5594 peccatum
2174 5523 2430 5592 schisma,
2463 5541 2573 5597 quo
2600 5542 2659 5583 se
2687 5543 2717 5582 a
2748 5526 2987 5583 fraterna
3030 5536 3212 5584 nostra
3243 5528 3444 5585 unani-

1856 5614 2046 5671 mitate
2078 5630 2176 5687 per
2203 5630 2355 5671 suam
2394 5617 2753 5687 perniciosam
2787 5617 3238 5687 subscriptionem
3280 5632 3445 5689 sepa-

1856 5708 2001 5763 ravit
2040 5726 2054 5762 :
2093 5708 2235 5765 sicut
2280 5708 2486 5781 scripto
2531 5711 2746 5767 ostendi
2805 5710 2856 5765 in
2911 5709 3091 5767 libello
3139 5725 3238 5767 suo
3290 5723 3445 5769 mou-

1858 5810 2074 5860 struoso
2121 5816 2150 5856 a
2179 5816 2257 5871 se,
2284 5810 2339 5860 et
2363 5817 2393 5858 a
2420 5801 2635 5860 clericis
2658 5803 2927 5877 parochias
2955 5818 3068 5860 sua:
3090 5802 3400 5877 subscripta
3426 5816 3440 5856 :

2928 5895 3007 5959 20
