4002 6296
589 448 698 508 (H9

1546 443 1874 500 ﬂlNCMARl
1914 445 2303 502 RIIEMENSIS
2339 444 2854 503 ARCIIIEPISCOPI

3735 443 3826 503 6'30

585 562 678 620 ubi
707 557 1023 632 quibusdam
1049 557 1362 626 subscriptis
1407 571 1524 625 qum
1567 557 1886 629 evangelica:
1917 557 2152 624 veritati,
2180 569 2226 623 Α
2257 557 2466 612 admitti
2516 572 2626 611 non
2655 557 2813 613 debet
2860 555 2937 614 rei
2986 555 3244 611 adversus
3289 569 3670 626 quemcunque
3711 571 3821 626 pro-

584 661 641 708 et
670 649 972 722 apostolica:
998 646 1328 711 auctoritati,
1355 656 1409 700 et
1437 646 1668 700 decretis
1698 657 2004 702 sanctorum
2026 663 2157 703 con-

586 743 854 804 ciliorum,
885 754 1005 809 qua:
1053 737 1368 793 universalis
1413 738 1666 793 Ecclesiae
1693 741 1940 808 probavit
1968 755 2156 795 assen-

557 851 700 900 sus,
728 843 784 888 et
812 832 1116 903 apostolica:
1141 831 1283 886 sedis
1305 831 1639 886 confirmavit
1662 832 1976 898 auctoritas,
2005 832 2157 886 inve-

582 923 804 978 niuntur
824 924 1070 978 adversa.
1093 921 1182 976 Ait
1207 923 1350 982 enim
1374 923 1562 978 beatus
1582 922 1909 992 Augustinus
1931 921 2155 991 loquens

583 1005 980 1066 ad'Donatistas
1007 1011 1073 1066 de
1111 1010 1194 1065 his
1225 1010 1394 1065 tribus
1439 1009 1684 1079 capitulis
1727 1009 2011 1082 (August.,
2044 1011 2079 1064 l.
2114 1027 2152 1065 ιι

581 1106 646 1158 de
665 1104 844 1174 Bapt.,
874 1120 922 1159 c.
957 1104 1011 1174 6)
1045 1122 1058 1158 :
1096 1121 1115 1154 ‹
1142 1103 1257 1157 Non
1282 1101 1566 1158 afl‘eramus
1593 1144 1609 1169 ,
1640 1103 1849 1173 inquit,
1894 1111 2151 1157 stateram

581 1196 842 1261 dolosam,
879 1195 968 1250 ubi
1015 1195 1382 1266 appendamus
1411 1195 1552 1263 quod
1596 1195 1838 1250 volumus
1863 1234 1878 1260 ,
1915 1205 1970 1250 et
2016 1209 2152 1263 quo-

551 1286 742 1352 ,modo
785 1284 1046 1349 volumus,
1093 1300 1191 1356 pro
1238 1285 1460 1340 arbitrio
1504 1294 1686 1338 nostro
1735 1283 2008 1350 dicentes,
2048 1285 2154 1339 hoc

575 1393 760 1448 grave,
787 1377 891 1432 hoc
915 1376 1031 1432 leve
1049 1384 1164 1442 est;
1203 1377 1294 1431 sed
1319 1373 1604 1430 afferamus
1635 1374 1869 1428 divinam
1895 1383 2151 1430 stateram

579 1471 644 1525 de
677 1469 973 1539 Scripturis
999 1469 1229 1530 sanctis,
1262 1477 1515 1537 tanquam
1547 1467 1611 1522 de
1639 1467 1905 1521 thesauris
1934 1465 2150 1532 divinis,

575 1573 631 1616 et
658 1562 714 1616 in
749 1561 838 1616 illa
883 1561 1011 1631 quid
1057 1560 1127 1614 sit
1155 1559 1368 1628 gravius
1395 1597 1410 1622 ,
1461 1558 1826 1627 appendamus
1858 1572 1869 1608 :
1911 1555 2018 1608 imo
2047 1571 2150 1611 non

579 1652 963 1723 appendamus,
995 1650 1088 1705 sed
1117 1667 1146 1704 a
1178 1650 1403 1705 Domino
1431 1649 1765 1720 appcudente
1795 1662 2149 1718 recognosca-

565 1758 718 1798 inus.
744 1741 1017 1812 Tempore
1058 1739 1169 1803 illo,
1203 1754 1307 1809 quo
1338 1739 1592 1792 Dominus
1611 1738 1801 1808 priora
1836 1737 2030 1791 delicta
2062 1752 2150 1792 re-

575 1831 824 1888 centibus
849 1846 1127 1902 poenarum
1157 1829 1414 1900 exemplis
1456 1829 1689 1884 cavenda
1728 1828 2063 1893 monstravit,
2096 1835 2152 1882 et

2261 649 2444 704 fessio.
2488 668 2507 701 ι
2560 650 2628 703 Ει
2693 648 2835 704 sacri
2903 661 3138 703 canones
3177 647 3364 702 dicunt
3407 649 3579 718 (conc.
3647 646 3822 717 Afric.,

2260 755 2380 810 cap.
2414 738 2558 808 150),
2590 747 2648 793 ut
2680 757 2698 790 ι
2731 739 2799 794 ad
2840 739 3235 793 accusationem
3289 753 3394 790 non
3443 739 3818 806 admittantur,

2259 847 2393 900 quos
2425 830 2490 884 ad
2540 831 2842 886 accusanda
2887 830 3100 900 publica
3147 829 3375 884 crimina
3416 828 3563 898 leges
3615 831 3818 898 publica

2258 937 2365 976 non
2397 923 2705 976 admittunt.
2740 939 2758 972 ι
2795 920 2859 974 Ει
2887 920 3314 992 quotiescunque
3345 919 3559 973 clericis
3588 920 3658 973 ab
3678 936 3816 975 accu—

2257 1013 2525 1067 satoribus
2575 1011 2738 1066 multa
2795 1011 3020 1064 crimina
3053 1008 3419 1076 objiciuntur,
3467 1019 3526 1063 et
3573 1026 3732 1062 unum
3762 1025 3813 1064 ex

2257 1101 2389 1170 ipsis
2414 1103 2478 1157 de
2506 1119 2612 1172 quo
2641 1103 2790 1171 prius
2814 1102 3023 1173 egerint
3048 1141 3062 1164 ,
3110 1103 3340 1170 probare
3379 1117 3485 1155 non
3531 1101 3813 1166 valuerint,

2260 1191 2328 1245 ad
2381 1199 2574 1246 caetera
2619 1207 2725 1244 non
2767 1192 3139 1244 admittantur.
3191 1190 3257 1243 Et
3305 1191 3434 1244 item
3479 1207 3652 1245 sacra:
3694 1193 3817 1262 leges

2257 1282 2648 1337 Thcodosianre
2678 1283 2858 1337 dicunt
2885 1283 2959 1354 (Ξ,
2993 1299 3047 1350 q.
3076 1283 3128 1346 7,
3165 1297 3215 1338 c.
3251 1280 3309 1336 Si
3348 1283 3464 1352 quis
3495 1283 3815 1352 epist-Opus):

2265 1392 2284 1424 ι
2332 1373 2387 1428 Si
2420 1374 2722 1444 episcopus,
2751 1374 2833 1428 vel
2865 1375 3167 1445 presbyter,
3216 1373 3495 1436 diaconus,
3531 1383 3587 1428 et
3616 1375 3818 1444 quietura

2253 1487 2358 1542 que
2396 1471 2664 1526 inferioris
2693 1471 2795 1525 loci
2846 1470 3169 1524 Christiana:
3212 1468 3348 1540 legis
3399 1468 3661 1532 ministri,
3699 1470 3816 1537 apud

2252 1563 2562 1633 episcopos,
2592 1560 2858 1631 siquidem
2904 1560 3031 1614 alibi
3080 1575 3188 1614 non
3235 1568 3493 1628 Oportet,
3541 1574 3572 1610 a
3603 1558 3819 1626 qualibet

2250 1669 2487 1724 persona
2544 1652 2746 1707 fuerint
2801 1650 3080 1712 accusati,
3142 1649 3255 1703 sive
3313 1648 3403 1702 ille
3461 1647 3711 1702 sublimis
3752 1649 3817 1700 vir

2252 1744 2492 1808 honoris,
2523 1742 2634 1796 sive
2661 1741 2822 1795 ullius
2845 1740 3066 1794 alterius
3094 1738 3371 1808 dignitatis
3397 1738 3488 1806 qui
3533 1737 3636 1790 hoc
3668 1752 3815 1807 genus

2251 1833 2573 1889 illaudabilis
2623 1832 2937 1887 intentionis
2987 1831 3298 1899 arripuerit,
3346 1828 3562 1884 noverit
3600 1829 3816 1882 docenda

571 1922 771 1978 idolum
802 1921 1147 1987 fabricatum,
1175 1931 1336 1990 atque
1382 1921 1663 1974 adoratum
1689 1927 1803 1984 est,
1833 1927 1887 1973 et
1913 1920 2145 1988 prophe-

2253 1926 2589 1980 doeumentis
2636 1939 2694 1978 se
2725 1925 2921 1978 debere
2965 1922 3186 1977 inferre.
3223 1921 3279 1976 Si
3308 1922 3430 1991 quis
3471 1936 3606 1992 ergo
3649 1931 3815 1976 contra

570 2011 711 2068 licus
757 2009 891 2064 liber
936 2010 1016 2064 ira
1063 2010 1204 2080 regis
1255 2009 1640 2078 contemptoris
1691 2009 1940 2062 incensus
1991 2007 2143 2076 (Jer.

570 2099 802 2172 xxxvr),
844 2109 899 2154 et
949 2100 1183 2154 schisma
1229 2108 1547 2153 attentatum
1575 2139 1588 2163 ,
1638 2097 1932 2152 idololatria
1971 2096 2147 2166 gladio

558 2194 754 2263 punita
781 2201 895 2258 est;
947 2192 1158 2246 exnstio
1188 2191 1308 2244 libri
1333 2231 1348 2256 ,
1389 2190 1578 2245 bellica
1607 2190 1750 2244 caede
1780 2200 1833 2244 et
1863 2190 2145 2259 peregrina

567 2285 910 2355 captivitate;
957 2285 1214 2349 schisma,
1245 2284 1392 2337 hiatu
1417 2292 1573 2337 terrae
1593 2281 1814 2354 sepultis
1838 2282 2146 2336 auctoribus

566 2377 727 2443 vivis,
759 2386 814 2432 et
839 2377 1050 2432 caeteris
1079 2375 1283 2432 caelesti
1316 2377 1435 2446 igne
1483 2377 1815 2446 consumptis
1846 2393 1858 2429 :
1887 2376 2008 2446 quis
2030 2375 2142 2443 jam

569 2465 896 2522 dubitaverit
941 2466 1041 2520 hoc
1087 2481 1207 2520 esse
1254 2465 1568 2520 sceleratius
1601 2465 1969 2532 commissum,
2001 2465 2143 2536 quod

566 2564 651 2611 est
675 2556 890 2628 gravius
918 2556 1285 2610 vindicatum?
1333 2575 1350 2607 ι

633 2643 739 2701 Sed
767 2645 889 2714 quia
936 2645 1011 2698 illi
1054 2661 1159 2700 non
1213 2644 1425 2701 sutl‘eeit
1463 2659 1546 2700 me
1591 2644 1908 2700 calumniari
1937 2688 1952 2710 ,
1999 2646 2142 2718 quod

555 2743 676 2790 tam
726 2734 986 2790 nefariam
1038 2744 1094 2790 et
1150 2735 1479 2790 exitiabilem
1532 2736 2140 2792 excommunicationem

563 2824 643 2882 illi
679 2825 938 2894 agendam
988 2826 1235 2894 exemplo
1285 2826 1558 2881 docuerim
1588 2865 1604 2891 ,
1655 2827 1758 2881 nisi
1787 2829 1950 2882 etiam
1997 2842 2143 2883 nunc

567 2931 656 2972 me
689 2917 892 2985 scripto
943 2916 1363 2971 calunmiaretur
1388 2956 1403 2982 ,
1430 2931 1536 2971 non
1565 2916 1723 2970 aliam
1753 2916 1896 2970 illam
1925 2932 2142 2971 excom-

565 3006 985 3062 municationem
1035 3022 1094 3061 se
1134 2999 1375 3073 fecisse,
1425 3021 1585 3076 quam
1635 3023 1664 3062 a
1713 3023 1830 3062 mea
1881 3009 2015 3062 vivae
2047 3024 2142 3064 vo-

562 3095 648 3152 .cis
700 3094 943 3150 doctrina
991 3093 1293 3164 faciendam
1358 3095 1606 3151 didicerit
1652 3114 1665 3151 :
1710 3097 2139 3168 respondendum

564 3188 700 3244 mihi
749 3198 934 3242 centra
974 3187 1288 3244 mendacem
1338 3187 1482 3242 illius
1548 3187 2026 3242 calumniationem
2073 3203 2139 3242 ex

2248 2016 2554 2086 hujusmodi
2606 2029 2868 2085 personas
2896 2030 2999 2068 non
3029 2014 3304 2084 probanda
3337 2013 3618 2080 detulerit,
3655 2022 3816 2066 aucto-

2248 2106 2410 2160 ritate
2460 2105 2616 2176 hujus
2665 2104 2960 2159 sanctionis
2994 2104 3256 2175 intelligat
3302 2119 3361 2158 se
3400 2103 3637 2173 jactura;
3685 2104 3815 2157 fama

2246 2195 2478 2265 propriae
2522 2193 2836 2261 subjacere:
2884 2201 2943 2248 ut
2993 2194 3189 2248 damno
3245 2193 3506 2262 pudoris,
3559 2194 3815 2248 existima-

2248 2287 2518 2354 tionisque
2568 2285 2847 2354 dispendio
2891 2285 3064 2338 discat
3111 2283 3213 2337 sibi
3257 2282 3447 2338 aliena:
3493 2283 3815 2337 verecundia:

2245 2376 2465 2445 impune
2503 2374 2784 2439 insidiari,
2839 2372 3031 2428 saltem
3079 2373 3260 2428 dicere
3308 2387 3418 2427 non
3469 2371 3662 2426 licere.
3700 2391 3719 2423 ι
3764 2371 3816 2425 Et

2243 2465 2557 2520 Africanum
2605 2464 2736 2519 dicit
2787 2463 3075 2519 concilium
3122 2461 3308 2533 (conc.
3337 2462 3458 2530 Afr.
3505 2476 3631 2532 cap.
3664 2461 3814 2531 539):

2248 2576 2268 2610 ι
2314 2557 2516 2613 Omnes
2548 2555 2783 2612 infamiae
2803 2554 3027 2610 maculis
3055 2569 3304 2625 aspersas
3334 2554 3403 2608 ad
3432 2553 3815 2608 accusationem

2247 2667 2354 2708 non
2381 2650 2616 2712 admitti,
2638 2649 2741 2704 nisi
2774 2649 2827 2703 in
2851 2647 3031 2702 causis
3055 2647 3310 2718 propriis.
3345 2665 3366 2700 ι
3399 2646 3468 2700 Et
3490 2647 3558 2700 de
3583 2646 3816 2715 episcopo

2242 2743 2334 2813 qui
2389 2741 2681 2795 Donatistis
2727 2753 2787 2794 se
2835 2739 3266 2794 communicasse
3312 2738 3577 2793 mentitus
3623 2737 3818 2805 fuerat,

2243 2833 2381 2888 idem
2410 2822 2954 2888 decreviteoncilium
2972 2831 3150 2902 (ibid.,
3169 2849 3221 2885 c.
3250 2829 3373 2900 ηιι)
3403 2839 3503 2884 :ut
3526 2848 3544 2880 ι
3565 2830 3614 2884 si
3644 2830 3816 2898 proba-

2244 2933 2356 2980 tum
2377 2923 2535 2978 fuerit
2557 2938 2679 2978 eum
2711 2923 2776 2978 de
2805 2922 3183 2977 communione
3208 2922 3421 2976 illorum
3449 2921 3623 2978 fuisse
3646 2922 3820 2978 menti-

2243 3022 2379 3079 tum,
2407 3015 2633 3070 dicendo
2667 3014 2746 3068 eis
2772 3029 2830 3068 se
2861 3014 3291 3069 communicasse
3315 3053 3330 3079 ,
3361 3029 3503 3083 quos
3532 3030 3602 3068 eo
3631 3014 3817 3068 sciente

2243 3121 2349 3159 non
2390 3105 2818 3160 communicasse
2865 3103 3206 3169 constiterit,
3255 3104 3420 3158 etiam
3451 3105 3820 3174 episcopatum

2245 3197 2478 3252 amittat.
2527 3215 2546 3248 ι

563 3278 734 3334 sacris
778 3277 1189 3332 auctoritatibus
1231 3278 1596 3332 necessarium
1647 3278 1838 3344 video;
1890 3294 1958 3332 ne
1986 3279 2138 3348 quasi
2168 3263 2212 3324 C
2318 3286 2469 3342 Unde
2506 3294 2683 3341 vestra
2715 3285 3032 3340 fraternitas
3061 3285 3203 3340 inter
3234 3299 3320 3340 me
3366 3293 3424 3340 et
3449 3284 3822 3341 illum'djscef.

567 3368 793 3425 tacendo
817 3369 1176 3434 consentiens,
1208 3384 1333 3424 reus
1347 3369 1556 3438 pariter
1583 3385 1703 3424 cum
1738 3370 1827 3424 illo
1857 3370 2136 3440 dijudicer.

563 3458 722 3518 Sicut
748 3461 801 3516 in
831 3461 1109 3531 petitione,
1141 3477 1304 3530 quam
1335 3461 1518 3516 clerici
1555 3461 1928 3516 Laudunensis
1958 3461 2140 3518 Eccle-

562 3549 659 3606 siae
688 3551 819 3606 mihi
851 3551 1113 3606 dederunt
1140 3592 1153 3616 ,
1202 3552 1511 3606 continetur
1533 3592 1549 3618 ,
1599 3561 1654 3606 et
1681 3553 1818 3608 sicut
1846 3553 1901 3607 in
1939 3555 2140 3624 synodo

563 3658 747 3697 coram
804 3642 893 3697 illo
947 3643 1084 3712 apud
1125 3643 1455 3698 Attiniacum
1503 3644 1684 3700 habita
1733 3645 2138 3714 demonstravi,

498 3732 500 3734 ’
562 3749 751 3790 omnes
783 3735 1091 3790 sacerdotes
1119 3735 1286 3790 totius
1318 3736 1591 3806 parochiac
1616 3752 1726 3792 suae
1756 3737 2046 3807 colligavit,
2084 3746 2143 3793 ut

563 3842 724 3881 nemo
779 3841 962 3882 eorum
1013 3828 1068 3881 in
1112 3843 1176 3882 ea
1227 3828 1546 3884 sacerdotali
1613 3830 1910 3884 ministerio
1958 3831 2139 3884 tandiu

564 3929 840 3984 uteretur,
879 3920 1175 3988 usquedum
1229 3921 1318 3974 ille
1365 3920 1478 3990 ipse
1508 3922 1701 3976 iterum
1745 3939 1866 3976 cum
1914 3924 1991 3977 eis
2021 3924 2140 3978 viva

561 4023 695 4064 voce
726 4007 1054 4075 loqueretur,
1084 4017 1176 4062 aut
1205 4009 1397 4064 litterae
1427 4027 1458 4063 a
1488 4011 1616 4065 sede
1642 4012 1701 4065 Β.
1735 4011 1878 4066 Petri
1913 4013 2140 4084 apostoli

563 4099 644 4153 eis
672 4098 1016 4150 mitterentur
1044 4114 1055 4150 :
1105 4105 1158 4152 et
1190 4114 1257 4153 ne
1286 4100 1623 4169 baptizarent
1666 4117 1882 4171 pueros,
1916 4120 1981 4158 ne
2011 4105 2142 4158 visi-

563 4198 746 4245 tarent
776 4187 1040 4256 inﬁrmos,
1069 4205 1137 4246 ne
1171 4191 1585 4246 reconciliarent
1627 4208 1749 4247 cum
1787 4194 1980 4250 viatico
2024 4212 2140 4252 mu-

563 4302 696 4346 nere
721 4286 1094 4357 poanitentiam
1119 4295 1384 4356 petentes,
1415 4302 1484 4342 ne
1524 4287 1813 4358 sepelirent
1861 4297 2100 4345 mortuos
2121 4331 2138 4358 ,

562 4378 778 4450 penitus
800 4377 866 4432 ab
896 4376 979 4432 his
1013 4391 1200 4432 omnes
1225 4392 1317 4432 eos
1347 4379 1642 4448 prohibuit.
1678 4379 1740 4433 Et
1769 4379 1821 4433 in
1849 4395 1941 4434 sua
1967 4380 2140 4436 rotula

565 4471 699 4526 mihi
737 4471 971 4541 scripsit,
1002 4486 1109 4526 non
1145 4469 1306 4525 aliam
1335 4470 1479 4525 illam
1508 4470 1717 4538 fecisse,
1750 4489 1910 4542 quam
1951 4490 1981 4528 a
2022 4491 2141 4530 mea

564 4561 700 4616 viva:
739 4561 889 4616 vocis
917 4561 1162 4616 doctrina
1210 4559 1512 4616 faciendam
1545 4561 1750 4616 didicit.
1795 4561 1946 4629 Quod
1992 4580 2142 4620 men-

565 4653 779 4708 dacium
813 4667 932 4706 esse
959 4649 1234 4720 profiteor.
1263 4650 1330 4705 Et
1359 4651 1484 4722 quia
1511 4651 1854 4707 manifestum
1885 4663 1987 4720 est,
2017 4670 2138 4710 eum

564 4743 690 4799 illas
761 4741 1130 4812 colligationes
1199 4741 1490 4812 impietatis
1539 4741 1820 4799 admisisse
1865 4759 1882 4798 :
1925 4761 2042 4815 quae
2094 4745 2140 4800 si

557 4831 792 4890 "crimina
819 4843 938 4885 esse
963 4837 1204 4899 possunt,
1238 4830 1377 4884 sicut
1405 4827 1463 4884 S.
1494 4829 1786 4902 Gregorius
1809 4846 1929 4888 esse
1958 4841 2139 4887 osten-

564 4927 665 4992 dit,
704 4921 1055 4978 criminaliter
1090 4921 1206 4975 illas
1233 4921 1452 4976 admisit
1493 4936 1507 4975 :
1545 4922 1934 4977 ostendendum
1965 4929 2141 4978 estex

565 5017 739 5072 sacris
772 5013 1204 5076 auctoritatibus,
1229 5013 1272 5067 si
1297 5013 1622 5068 criminosus
1646 5013 1809 5068 alium
1840 5014 2139 5083 criminari,

565 5116 621 5162 et
673 5121 822 5160 reum
887 5102 1132 5160 criminis
1193 5103 1370 5157 facere
1445 5105 1632 5172 possit.
1706 5103 1888 5161 Sacrae
1947 5106 2143 5176 quippe

565 5195 733 5266 leges,
765 5209 903 5266 quas
947 5192 1186 5249 Ecclesia
1215 5193 1481 5248 catholica
1516 5195 1727 5264 recipit,
1777 5196 1978 5261 dicunt,
2019 5198 2146 5266 quia

562 5289 684 5358 jure
711 5297 766 5342 et
793 5287 1000 5359 legibus
1026 5285 1373 5341 constitutum
1397 5295 1479 5340 est
1507 5285 1632 5356 (Jul.
1662 5287 1808 5357 epist.
1839 5305 1899 5353 ιι,
1931 5304 1979 5343 c.
2012 5289 2101 5360 28)
2128 5330 2146 5357 ,

568 5391 626 5434 ut
658 5400 676 5433 ι
715 5391 1009 5452 spontanea
1051 5378 1380 5449 professione
1415 5394 1562 5446 reus,
1612 5395 1762 5435 reum
1812 5396 1916 5434 non
1949 5380 2147 5447 faciat,

564 5489 742 5545 neque
790 5473 864 5528 illi
896 5472 961 5527 de
999 5471 1172 5526 altero
1221 5471 1477 5526 credatur
1503 5513 1517 5539 ,
1550 5472 1640 5542 qui
1691 5487 1751 5527 se
1796 5474 2146 5529 criminosum

567 5583 689 5626 esse
719 5568 999 5624 confessus
1027 5576 1131 5622 est.
1169 5586 1185 5616 ι
1222 5567 1288 5633 Et
1317 5567 1444 5622 item
1472 5586 1484 5622 :
1525 5587 1543 5619 ι
1573 5567 1688 5622 Non
1715 5569 2041 5624 credendum
2069 5578 2153 5625 est

567 5670 756 5716 contra
786 5663 919 5718 alios
956 5677 1141 5716 eorum
1169 5660 1493 5718 confessioni
1536 5664 1612 5731 (5,
1648 5677 1706 5733 q.
1753 5662 1810 5728 5,
1839 5678 1888 5717 e.
1917 5663 2148 5717 Accusa-

566 5751 752 5819 tores),
784 5755 872 5821 qui
906 5755 956 5808 in
992 5754 1310 5808 criminibus
1352 5763 1711 5821 accusantur,
1764 5755 1868 5810 nisi
1907 5771 1966 5811 se
2003 5757 2152 5826 prius

566 5839 920 5915 probaverim
972 5845 1284 5900 innocentes
1328 5859 1342 5901 :
1382 5848 1507 5916 quia
1573 5848 1873 5917 periculosa
1927 5858 2049 5917 est,
2099 5859 2152 5905 et

2242 3387 2355 3443 nat,
2389 3387 2550 3447 atque
2575 3376 2864 3440 decernat,
2913 3384 2973 3429 ut
3020 3376 3065 3430 si
3121 3390 3260 3446 ego,
3323 3376 3454 3430 licet
3500 3377 3823 3430 mendaciter

2241 3481 2328 3521 me
2379 3467 2508 3520 talia
2536 3467 2708 3536 (illum
2739 3466 2984 3520 docuisse
3011 3465 3095 3519 vel
3134 3467 3411 3519 hortatum
3442 3463 3614 3519 fuisse
3640 3504 3656 3525 ,
3693 3463 3826 3518 sicut

2243 3556 2358 3625 ipse
2383 3555 2536 3621 dicit,
2563 3555 2874 3621 confiterer,
2905 3569 3032 3608 reus
3064 3554 3310 3609 criminis
3334 3554 3696 3623 episcopatum
3730 3553 3823 3605 de-

2240 3646 2428 3702 berem
2457 3646 2707 3702 amitterc
2733 3664 2745 3701 :
2784 3645 2912 3716 quid
2953 3644 3040 3700 ille
3071 3653 3346 3700 mereatur
3369 3643 3456 3711 qui
3485 3643 3828 3696 mendaciter

2242 3753 2328 3793 me
2355 3737 2740 3804 calumniatur,
2781 3753 2887 3792 non
2936 3735 3111 3791 solum
3153 3737 3508 3807 participem,
3540 3749 3735 3788 verum
3775 3745 3827 3790 et

2242 3839 2518 3884 auctorem
2579 3830 2632 3884 in
2682 3830 2768 3885 his
2830 3829 2942 3884 suis
2997 3829 3178 3897 impiis
3227 3823 3824 3884 excomunieationibus

2241 3934 2380 3975 esse.
2454 3920 2605 3976 Unde
2668 3920 2831 3973 etiam
2895 3919 3242 3988 antiquorqu
3311 3918 3538 3971 Patrum
3595 3931 3822 3970 canones

2243 4021 2569 4077 sanxerunt,
2621 4014 2918 4066 scribentes
2967 4013 3034 4065 ad
3081 4012 3368 4081 episcopos
3412 4025 3514 4080 per
3551 4007 3750 4063 Gallias
3773 4015 3821 4060 et

2240 4119 2587 4174 quascunque
2608 4104 2915 4173 provincias
2941 4103 3288 4166 constitutos,
3316 4101 3418 4156 hoc
3449 4101 3645 4154 modo;
3669 4119 3686 4148 ς
3721 4097 3819 4154 Nec

2243 4195 2392 4261 illud,
2421 4193 2638 4259 fratres,
2670 4193 2906 4248 scribere
2937 4195 3173 4248 alienum
3211 4192 3278 4246 ab
3310 4190 3569 4245 Ecclesia:
3602 4189 3821 4242 utilitate

2242 4286 2571 4350 censuimus,
2603 4293 2662 4339 ut
2692 4285 2937 4350 sciretis,
2988 4285 3295 4354 quicunque
3331 4282 3432 4335 sub
3485 4280 3820 4334 ordinatione

2241 4375 2326 4428 vel
2383 4375 2740 4439 diaconatus,
2791 4374 2876 4429 vel
2927 4373 3283 4444 presbyterii,
3335 4370 3422 4425 vel
3487 4371 3820 4440 episcopatus

2240 4465 2451 4521 mortali
2484 4466 2710 4520 crimine
2741 4466 2976 4521 dixerint
3017 4479 3076 4520 se
3121 4477 3239 4519 esse
3269 4460 3528 4531 pollutos,
3573 4475 3604 4512 a
3635 4472 3819 4527 supra-

2243 4557 2400 4612 dictis
2425 4558 2856 4612 ordinationibus
2885 4555 3280 4612 submovendos
3306 4573 3318 4607 :
3353 4569 3476 4608 reos
3499 4554 3705 4608 scilicet
3741 4547 3819 4604 vel

2244 4649 2358 4709 veri
2404 4647 2744 4704 confessione
2772 4690 2788 4715 ,
2838 4649 2924 4703 vel
2971 4647 3254 4704 mendacio
3301 4645 3582 4701 falsitatis.
3645 4643 3820 4712 Neque

2243 4740 2387 4795 enim
2429 4739 2631 4795 absolvi
2663 4749 2879 4810 potest,
2926 4739 3016 4809 qui
3063 4740 3117 4793 in
3165 4740 3344 4810 seipse
3388 4724 3594 4793 dixerit
3637 4736 3821 4790 mortis

2241 4848 2485 4898 causam,
2515 4848 2634 4903 qua:
2668 4834 2810 4887 dicta
2845 4833 2896 4886 in
2926 4831 3091 4886 alium
3144 4833 3465 4901 puniretur;
3499 4844 3622 4883 cum
3649 4826 3822 4882 omnis

2245 4926 2336 4996 qui
2367 4926 2467 4980 sibi
2501 4925 2662 4979 fuerit
2693 4925 2882 4981 mortis
2923 4940 3112 4990 causa,
3143 4924 3316 4995 major
3356 4921 3628 4976 homicida
3662 4920 3758 4975 sit.
3801 4938 3819 4972 ι

2245 5019 2398 5086 Quod
2425 5019 2569 5073 enim
2595 5019 2647 5072 in
2679 5019 2779 5074 hae
2804 5020 3069 5074 sententia
3099 5033 3370 5074 canonum
3397 5019 3602 5074 dicitur
3623 5035 3637 5070 :
3657 5034 3673 5065 ι
3700 5014 3827 5081 Qui-

2248 5127 2461 5181 cunque
2486 5111 2584 5166 sub
2608 5111 2951 5166 ordinatione
2980 5112 3067 5166 vel
3099 5112 3450 5177 diaconatus,
3483 5110 3568 5166 vel
3612 5106 3831 5180 presby—

2253 5204 2396 5269 terii,
2424 5203 2510 5257 vel
2547 5203 2914 5274 episcopatus,
2968 5205 3180 5279 mortali
3224 5206 3455 5260 crimine
3497 5205 3755 5260 dixerunt
3779 5215 3832 5254 se

2252 5309 2369 5350 esse
2392 5294 2623 5364 pollutos
2649 5311 2678 5349 a
2703 5296 3028 5366 supradictis
3053 5296 3488 5353 ordinationibus
3515 5297 3834 5351 submoven-

2255 5386 2374 5454 dos,
2407 5407 2426 5440 ι
2461 5402 2622 5442 nemo
2643 5404 2834 5454 sanum
2863 5391 3081 5460 sapiens
3118 5390 3235 5445 hanc
3260 5390 3328 5444 de
3355 5389 3468 5444 sola
3504 5387 3742 5449 luxuria,
3786 5391 3836 5437 et

2254 5477 2620 5545 immunditia,
2647 5479 2731 5534 vel
2761 5480 3058 5549 pollutione
3085 5482 3269 5536 carnis
3305 5482 3510 5536 dictum
3558 5477 3836 5547 intelligit,

2251 5585 2374 5624 cum
2405 5570 2667 5640 scriptum
2707 5572 2778 5625 sit
2812 5591 2824 5626 :
2861 5572 3116 5643 Dispersit
3161 5573 3408 5642 superbos
3450 5581 3622 5626 mente
3666 5570 3840 5623 cordis

2253 5665 2337 5716 sui
2365 5662 2512 5732 (Luc.
2550 5664 2612 5734 ι).
2641 5663 2782 5718 Deus
2813 5666 2903 5735 qui
2924 5666 3162 5730 superbis
3190 5667 3378 5720 resistit
3405 5666 3455 5736 (I
3486 5664 3634 5720 Petr.
3669 5664 3758 5732 τ).
3785 5662 3845 5716 Et

2255 5761 2308 5814 in
2329 5759 2620 5830 Evangelio
2641 5760 2798 5815 dicit:
2820 5761 2953 5826 Qum
2976 5762 3040 5816 de
3061 5763 3218 5816 corde
3237 5771 3450 5827 exeunt,
3471 5761 3583 5816 Iure
3608 5755 3845 5828 coinqui-

2257 5862 2382 5908 nant
2410 5853 2690 5925 _Itomiuem
2730 5851 2943 5924 (Matth.
2991 5854 3106 5926 xv).
3151 5853 3217 5910 Et
3249 5853 3308 5910 S.
3336 5853 3633 5930 Gregorius
3678 5849 3844 5911 dicit.
