4002 6296
171 479 281 536 Gil

931 522 935 526 .
1029 469 1272 529 OPUSC.
1313 468 1398 524 ET
1433 465 1647 523 EPIST.
1690 461 1755 518 IN
1795 461 2017 520 CAUSA
2053 463 2383 521 HINCMARI
2423 463 2727 524 LAUDUN.
2781 527 2784 532 _

3337 433 3440 518 6:12

169 593 312 664 quia
348 607 365 641 ι
398 601 494 658 per
534 585 861 642 humilitatis
893 582 1197 640 custodiam
1237 580 1501 637 servanda
1553 590 1765 648 semper
1791 578 1842 636 Λ
1870 577 2024 643 velle,
2072 586 2130 632 nt
2167 582 2463 635 auctoritas
2511 577 2960 649 metr0politana,
3009 578 3306 634 secundum
3359 600 3445 640 re-

169 693 266 740 est
323 681 584 738 munditia
633 677 920 734 castitatis.
961 696 981 728 »
1011 676 1077 730 Ει
1104 675 1232 729 item
1261 673 1412 737 dicit,
1460 672 1583 742 quia
1621 689 1638 722 ι
1670 669 1765 724 ali-

167 774 405 844 quando
436 771 615 825 minus
641 778 724 824 est
759 769 813 822 in
845 767 1090 837 corporis
1127 765 1529 836 corruptionem
1574 764 1769 817 cadere

172 879 352 934 quam
397 862 450 916 in
489 861 816 932 cogitatione
875 859 1036 912 tacita
1091 871 1158 910 ex
1196 856 1492 910 deliberata
1534 853 1768 908 elatione

167 968 433 1025 peccare.
465 952 648 1022 Neque
683 953 827 1006 enim
881 967 977 1005 rex
1021 949 1330 1020 Babylonia
1376 957 1488 1001 tum
1544 959 1666 1000 reus
1701 946 1768 998 de

171 1045 417 1100 elatione
445 1043 681 1108 exstitit,
711 1057 834 1096 cum
891 1041 958 1094 ad
995 1039 1248 1094 elationis
1288 1038 1450 1092 verba
1496 1033 1760 1106 pervenit.

172 1137 394 1206 Quippe
424 1135 512 1204 qui
547 1149 643 1188 ore
681 1134 1000 1204 prophetico
1034 1141 1088 1187 et
1113 1141 1262 1197 ante,
1288 1146 1408 1186 cum
1438 1131 1507 1183 ab
1531 1128 1766 1182 elatione

171 1225 396 1288 tacuit,
451 1223 773 1277 sententiam
845 1223 1279 1292 exprobrationis
1351 1219 1574 1274 audivit.
1630 1217 1765 1270 Nam

170 1316 461 1371 districtus
513 1313 679 1384 judex
708 1315 858 1384 prius
888 1314 1228 1368 invisibiliter
1258 1312 1408 1377 vidit,
1451 1311 1593 1381 quod
1646 1320 1766 1379 post

167 1407 398 1478 publice
425 1406 686 1472 feriendo,
733 1405 1094 1476 reprehendit.
1124 1405 1274 1460 Unde
1303 1413 1358 1458 et
1386 1404 1437 1458 in
1475 1401 1762 1457 irrationa-

171 1498 290 1554 bile
324 1499 468 1552 hunc
489 1496 688 1551 animal
721 1497 901 1561 vertit,
933 1496 1002 1550 ab
1034 1496 1268 1550 humana
1315 1495 1570 1549 societate
1604 1508 1761 1563 sepao

171 1589 342 1652 ravit,
368 1588 482 1658 agri
507 1588 692 1642 bestiis
717 1595 923 1641 mutata
951 1593 1130 1640 mente
1156 1583 1437 1652 conjunxit
1466 1583 1626 1654 (Dan.
1661 1583 1758 1654 tv),

171 1689 236 1733 ut
267 1680 516 1732 districto
543 1677 813 1742 videlicet,
840 1677 1095 1746 justoque
1121 1675 1326 1744 judicio
1355 1675 1515 1729 homo
1546 1688 1762 1743 quoque

170 1784 303 1824 esse
328 1769 602 1838 perderet,
634 1769 724 1837 qui
755 1782 1009 1838 magnum
1065 1781 1122 1822 se
1151 1766 1290 1820 ultra
1323 1764 1568 1820 homines
1617 1763 1762 1818 testi-

171 1875 404 1920 masset.
441 1885 460 1918 ι
516 1865 582 1918 Et
629 1866 755 1918 item
793 1864 1075 1934 Scriptura
1123 1862 1292 1918 dicit:
1340 1861 1560 1915 Initium
1593 1861 1758 1915 omnis

1869 671 2040 740 gulas,
2083 683 2338 727 excessus
2382 673 2524 728 illius
2552 671 2858 742 corrigendi
2910 671 3072 728 ullam
3115 669 3448 747 habeat‘po-

1871 771 2159 818 testatem:
2204 773 2259 818 et
2312 781 2473 834 quem
2544 765 2862 820 violatorem
2936 765 3244 833 apostolica:
3299 768 3444 823 sedis

1868 857 2114 922 decreta,
2146 865 2202 911 et
2243 857 2659 928 delinquentem'
2682 864 2872 912 contra
2909 869 3098 912 omnes
3136 856 3282 928 leges
3333 870 3446 914 tam

1867 947 2076 1003 divinas
2097 963 2260 1017 quam
2283 948 2544 1004 humanas
2565 949 2848 1020 significet,
2873 949 2964 1019 qui
2988 949 3137 1020 legit,
3162 949 3245 1005 vel
3271 951 3444 1017 audit,

1866 1038 2169 1110 intelligat:
2210 1049 2262 1094 et
2288 1041 2373 1096 cui
2403 1057 2483 1095 vae
2511 1043 2882 1112 propheticum
2923 1043 3206 1098 imminere
3255 1059 3317 1098 ea
3351 1044 3446 1098 do-

1866 1131 2026 1194 centi,
2054 1148 2151 1202 per
2171 1149 2290 1201 qua:
2307 1134 2421 1188 haec
2445 1133 2560 1187 fieri
2582 1134 2958 1204 quoquomndo
2981 1151 3012 1190 a
3033 1135 3447 1206 quibuseunque

1865 1233 2294 1293 prtesumantur:
2321 1234 2376 1279 et
2409 1240 2567 1295 quem
2609 1225 2661 1279 in
2712 1226 2828 1296 ipso
2871 1237 3274 1283 sacrosanctam
3321 1227 3447 1284 reli-

1866 1317 2080 1387 gionem
2105 1317 2514 1386 praevaricatum
2545 1315 2706 1372 fuisse
2735 1318 3036 1373 convictum
3060 1318 3228 1385 dicat,
3259 1325 3446 1390 aperte

1869 1406 1919 1459 in
1976 1407 2240 1476 superiori
2275 1409 2451 1478 capite
2495 1408 2914 1474 demonstravit,
2948 1410 2999 1466 in
3034 1426 3139 1480 quo
3174 1426 3259 1465 me
3288 1425 3444 1466 suum

1867 1495 2179 1549 traditorem
2235 1497 2463 1551 vocavit.
2520 1497 2692 1552 Verba
2762 1513 2977 1568 quoque
3026 1499 3084 1554 S.
3152 1499 3444 1556 Alexandri

1864 1595 2118 1655 Cerrupfe
2147 1587 2528 1655 interpretatus
2567 1597 2668 1642 est.
2712 1588 2814 1643 Ubi
2865 1590 3008 1644 enim
3053 1589 3195 1646 idem
3225 1601 3446 1647 sanctus

1863 1673 2015 1728 dicit.
2052 1694 2070 1728 t
2107 1676 2223 1730 Non
2279 1687 2485 1732 tantum
2539 1678 2865 1734 attendenda
2923 1688 3050 1734 sunt
3093 1696 3214 1751 quae
3264 1680 3442 1745 fiunt,

1863 1775 2122 1834 quantum
2147 1784 2254 1838 quo
2279 1769 2458 1823 animo
2489 1771 2634 1823 ﬁant.
2675 1789 2693 1821 ι
2735 1770 2902 1826 Paulo
2933 1780 3054 1842 post
3077 1773 3443 1842 subsequitur,

1862 1855 2151 1925 inquiens:
2187 1879 2204 1910 ε
2247 1859 2397 1916 Unde
2451 1869 2504 1914 et
2553 1861 2687 1916 illud
2734 1869 2845 1926 est,
2887 1861 3031 1930 quod
3073 1863 3333 1917 Dominus
3376 1863 3446 1916 ad

84 2013 86 2018 _
168 1957 377 2028 peccati
423 1956 667 2026 superbia
697 1955 886 2024 (Eccli.
919 1954 1016 2026 x);
1069 1969 1189 2023 qua:
1237 1962 1412 2008 mater
1441 1961 1524 2008 est
1568 1952 1756 2007 inobe-

1865 1961 2088 2001 munera
2117 1948 2249 2002 Abel
2281 1951 2534 2019 respexit,
2559 1958 2614 2005 et
2654 1965 2761 2004 non
2803 1950 2871 2004 ad
2911 1951 3078 2016 Cain;
3117 1951 3244 2021 quia
3275 1951 3445 2022 magis

172 2048 443 2110 dientize,
519 2056 573 2101 et
650 2047 834 2117 regina
899 2046 1139 2100 omnium
1213 2045 1486 2104 vitiorum,
1541 2058 1647 2114 qua
1695 2041 1761 2096 de

170 2140 316 2194 creto
356 2138 554 2194 cecidit
597 2137 976 2208 archangelus,
1024 2146 1081 2191 et
1125 2135 1300 2191 factus
1347 2143 1430 2190 est
1479 2133 1760 2199 diabolus,

167 2234 264 2302 qui
303 2241 380 2286 est
409 2248 502 2286 rex
538 2247 694 2300 super
732 2232 996 2284 universos
1019 2230 1157 2298 ﬁlios
1191 2228 1443 2298 superbire
1471 2226 1592 2298 (Job
1625 2226 1757 2296 xu).

171 2321 403 2375 Mortale
433 2321 596 2391 igitur
624 2328 904 2389 peccatum
938 2335 1057 2375 esse
1087 2318 1395 2388 superbiam
1417 2356 1432 2383 ,
1479 2331 1639 2386 nemo
1667 2317 1759 2386 qui

169 2412 410 2466 nesciat.
453 2411 558 2466 Sed
588 2419 644 2466 et
673 2411 1112 2475 inobedientiam,
1146 2419 1366 2480 propter
1408 2425 1569 2479 quam
1602 2410 1761 2465 homo

171 2513 263 2559 est
289 2502 494 2572 ejectus
526 2504 591 2558 de
620 2504 891 2573 paradiso,
925 2510 980 2558 et
1009 2503 1075 2557 de
1104 2517 1212 2571 qua
1260 2502 1346 2556 hic
1386 2500 1554 2554 frater
1584 2500 1761 2570 argui-

175 2599 305 2657 tur,
361 2606 550 2646 omnes
600 2590 826 2646 mortale
872 2602 1152 2661 peccatum
1203 2591 1468 2645 novimus.
1534 2590 1608 2643 De
1653 2603 1758 2657 qua

180 2686 353 2741 etiam
416 2684 694 2752 Scriptura
736 2683 908 2739 dicit:
945 2683 1108 2749 Quasi
1156 2693 1421 2752 peccatum
1460 2680 1759 2734 Itariolundi

172 2787 278 2843 at,
326 2786 723 2846 repugnare;et
749 2777 900 2847 quasi
926 2775 1093 2830 scelus
1116 2775 1453 2840 idololatria’,
1497 2773 1632 2826 nolle
1670 2789 1758 2825 ac-

173 2869 444 2939 quiescere
471 2867 519 2936 (1
546 2867 674 2936 Reg.
698 2867 810 2937 xv).
848 2866 996 2922 Unde
1017 2865 1076 2921 S.
1101 2866 1420 2937 Gregorius:
1444 2885 1462 2917 ε
1495 2865 1618 2919 Sola
1653 2873 1754 2928 est,

175 2959 381 3028 inquit,
410 2974 514 3028 qua
546 2957 668 3012 fidei
707 2959 959 3013 meritum
988 2957 1228 3027 possidet
1256 2957 1594 3018 obedientia,
1640 2957 1757 3009 sine

173 3069 284 3123 qua
321 3052 548 3121 quisque
577 3051 808 3108 infidelis
857 3053 1220 3118 convincitur,
1267 3052 1368 3108 etsi
1414 3052 1586 3107 fidelis
1637 3065 1757 3106 esse

173 3144 447 3198 videatur.
499 3163 516 3193 ι

728 3233 955 3291 CAPUT
1005 3233 1198 3290 XXXI.

177 3325 336 3391 Quod
367 3327 944 3382 excommum'cationem
987 3344 1019 3378 a
1051 3342 1104 3380 se
1149 3327 1344 3395 factam
1371 3323 1568 3392 frustra
1595 3341 1751 3378 excu-

772 3413 889 3451 sure
934 3407 1172 3450 conatur.

246 3510 318 3567 Et
348 3511 515 3568 frater
535 3512 875 3575 Hincmarus,
898 3508 1531 3571 exemnmunicationem,
1557 3507 1621 3561 de
1650 3523 1755 3576 qua

176 3604 386 3677 agitur,
437 3619 498 3659 se
524 3606 694 3674 egisse
736 3605 788 3659 in
819 3603 931 3657 suis
981 3602 1169 3656 rotulis
1218 3601 1526 3655 confitetur.
1582 3600 1755 3666 Quam

177 3695 466 3750 mortalem
499 3695 661 3750 fuisse
689 3735 702 3760 ,
733 3695 862 3750 etin
895 3694 1247 3765 plurimorum
1278 3693 1629 3762 perditionem
1653 3732 1667 3756 ,
1701 3693 1755 3746 in

177 3787 386 3843 nullius
418 3797 594 3841 autem
623 3787 969 3842 salvationem
991 3801 1038 3846 ,a
1069 3799 1128 3841 se
1171 3785 1373 3854 absque
1401 3785 1507 3838 nlla
1555 3785 1756 3840 disvre-

178 3879 336 3932 tione
363 3878 675 3932 intentatam
708 3880 970 3948 denegare
995 3892 1100 3932 non
1138 3884 1332 3946 potest.
1371 3877 1445 3930 De
1475 3892 1596 3944 .qua
1625 3877 1756 3930 satis

174 3967 314 4038 egit,
339 3977 391 4020 ut
421 3982 478 4021 se
508 3968 701 4021 valeret
735 3975 1022 4037 contegere
1056 3974 1164 4020 tam
1194 3966 1261 4021 de
1285 3965 1591 4036 apostolica:
1614 3966 1756 4020 sedis

181 4057 476 4120 calumnia,
502 4058 726 4112 dicendo
755 4059 822 4112 ab
851 4059 1036 4113 eadem
1085 4066 1268 4113 saneta
1309 4058 1436 4112 sede
1483 4057 1626 4112 illam
1661 4074 1756 4112 ex-

176 4146 722 4202 communicationem
746 4148 1100 4217 praeiuditam,
1117 4148 1281 4202 etsibi
1298 4147 1414 4202 fore
1427 4148 1718 4203 auctrieem
1737 4166 1749 4200 :

177 4250 344 4305 quam
372 4237 690 4292 et.dicendo
717 4253 879 4306 super
923 4253 1010 4293 me
1035 4237 1166 4292 falsa
1201 4256 1214 4292 :
1253 4239 1410 4308 quasi
1439 4253 1540 4309 ego
1571 4239 1645 4294 illi
1700 4248 1756 4294 et

177 4330 430 4400 exemplo
466 4330 766 4385 faciendam
795 4331 1146 4397 ostenderim,
1193 4339 1248 4387 et
1293 4333 1460 4388 verbo
1489 4333 1754 4404 agendam

180 4420 498 4486 docuerim;
532 4430 794 4492 quatenus
844 4422 1194 4478 exitiabiliter
1229 4423 1406 4494 egisse
1431 4439 1462 4477 a
1511 4438 1601 4479 me
1645 4437 1756 4479 non

176 4521 367 4587 posset
393 4514 662 4586 redargui.
697 4515 805 4571 Sed
829 4531 936 4586 quo
965 4514 1142 4572 fructu
1163 4557 1179 4582 ,
1224 4531 1289 4572 ac
1312 4515 1466 4584 cujus
1489 4515 1756 4572 mercedls

1784 3285 1830 3349 C

1863 2036 2094 2092 intendit
2139 2041 2206 2092 ad
2237 2039 2515 2095 offerentis
2567 2041 2845 2108 animum,
2902 2056 3064 2111 quam
3116 2041 3185 2098 ad
3216 2058 3280 2098 ea
3324 2057 3444 2117 quae

1861 2129 2180 2186 offeruntur.
2217 2152 2234 2184 ι
2263 2132 2399 2188 Hinc
2429 2133 2816 2204 B._Gregorius
2845 2152 2858 2188 :
2903 2152 2921 2186 ι
2960 2134 3044 2191 Ab
3069 2136 3443 2206 omnipotente

1861 2224 1973 2279 Deo
2013 2241 2206 2281 munus
2251 2242 2359 2281 non
2403 2227 2686 2297 accipitur,
2718 2228 2861 2297 quod
2886 2229 3051 2284 corde
3099 2228 3336 2300 obligato
3381 2228 3440 2283 in

1861 2317 2064 2371 malitia
2091 2318 2356 2374 offertur:
2407 2321 2534 2390 quia
2567 2335 2727 2376 omne
2771 2321 2916 2391 quod
2968 2321 3080 2378 Deo
3129 2320 3330 2388 datur,
3369 2334 3441 2377 ex

1859 2406 2040 2460 dantis
2075 2415 2252 2464 mente
2277 2417 2553 2478 pensatur,
2607 2413 2736 2480 quia
2766 2411 2820 2464 in
2873 2411 2959 2466 his
3011 2426 3230 2482 quoquo
3259 2410 3442 2470 animo

1859 2508 2138 2568 gerantur,
2168 2499 2448 2570 ignoratur
2487 2515 2518 2555 a
2563 2501 2845 2572 proximis.
2878 2502 3035 2574 Apud
3064 2503 3233 2558 Deum
3276 2502 3441 2574 igitur

1858 2589 2001 2644 bona
2031 2605 2157 2645 vera
2191 2594 2536 2648 commendat
2580 2593 2808 2650 intentio
2842 2608 3012 2665 pura:
3043 2595 3299 2666 quoniam
3330 2610 3440 2662 non

1855 2688 1943 2750 est
1968 2682 2132 2736 arbor
2151 2682 2291 2736 mala
2324 2683 2531 2740 faciens
2560 2684 2796 2741 fructum
2823 2687 3042 2758 bonum.
3069 2687 3249 2741 Arbor
3291 2702 3442 2742 nam-

1859 2787 1964 2842 que
2015 2774 2210 2840 homo,
2246 2773 2455 2832 fruetus
2504 2784 2684 2831 autem
2710 2793 2902 2848 .opera
2931 2787 3058 2833 sunt
3087 2778 3273 2848 ipsius.
3311 2797 3331 2831 ι
3379 2777 3437 2832 ln

1859 2865 2062 2935 apertis
2099 2875 2277 2920 autem
2319 2867 2474 2922 malis
2526 2883 2636 2923 non
2677 2877 2763 2924 est
2816 2885 3036 2926 necesse
3082 2869 3438 2925 intentionem

1859 2957 2137 3025 requirere
2164 2958 2537 3029 cordis:quia
2589 2976 2694 3016 non
2751 2969 2834 3016 est
2888 2963 3052 3017 arbor
3094 2962 3256 3028 bona,
3317 2975 3439 3031 qua:

1860 3047 1990 3102 facit
2012 3047 2218 3103 fructus
2241 3048 2430 3114 malos.
2461 3051 2764 3114 Dicitenim
2795 3051 3118 3120 Apostolus:
3148 3050 3438 3118 Manifesta

1861 3150 2036 3194 autem
2083 3150 2202 3194 sunt
2256 3157 2412 3210 opera
2464 3144 2638 3197 carnis
2684 3142 2841 3214 (Cal.
2895 3144 2990 3215 v);
3035 3154 3153 3212 post
3207 3159 3438 3213 quorum

1861 3232 2322 3289 enumerationem
2375 3235 2558 3290 subdit
2620 3235 2860 3306 spiritus
2891 3235 3118 3291 fructus.
3184 3235 3442 3292 lneonve-

1861 3321 2096 3377 nientem
2140 3340 2270 3395 ergo
2303 3326 2799 3396 interpretationem
2828 3328 3081 3396 przceepti
3113 3327 3324 3383 Domini
3369 3329 3438 3383 ad

1860 3414 2065 3481 primos
2095 3424 2346 3482 parentes
2377 3424 2618 3481 nostros,
2648 3431 2755 3470 non
2800 3416 3156 3472 humilitatem
3192 3432 3436 3487 quacun-

1859 3518 1964 3570 que
2012 3504 2356 3560 simulatione
2395 3507 2707 3572 collectam;
2749 3508 2841 3562 sed
2888 3508 3084 3561 nudam
3131 3509 3440 3578 superbiam

1858 3594 2028 3651 frater
2065 3597 2387 3654 l-lincmarus
2433 3615 2491 3655 se
2544 3600 2852 3654 excusando
2895 3599 2961 3654 de
3005 3615 3099 3653 sna
3131 3601 3440 3670 perniciosa

1855 3688 2417 3744 excommunicatione
2445 3691 2680 3744 ostendit
2721 3704 2734 3743 :
2769 3689 2920 3758 quia,
2964 3698 3024 3743 ut
3066 3689 3258 3745 beatus
3305 3677 3440 3746 dicit

1856 3779 2146 3848 Gregorius
2171 3781 2244 3850 (in
2270 3781 2400 3850 psal.
2431 3784 2610 3851 posuit,
2633 3798 2712 3852 ps.
2739 3782 2855 3853 Ill):
2891 3781 3086 3837 «'Verzc
3114 3781 3440 3838 humilitatis

1856 3871 2162 3924 testimonia
2223 3881 2386 3938 sunt,
2441 3879 2497 3925 et
2561 3873 2900 3942 iniquitatem
2949 3887 3104 3928 suam
3170 3888 3440 3944 quemque

1855 3975 2174 4030 cognoccre,
2213 3970 2270 4017 et
2321 3963 2594 4032 cognitam
2650 3977 2782 4018 voce
2835 3963 3189 4020 confessionis
3222 3963 3437 4034 aperire

1858 4053 1976 4125 [al.,
2005 4063 2060 4108 et
2089 4055 2396 4109 nunciatam
2423 4053 2788 4111 satisfactione
2833 4056 3160 4126 paenitentia:
3208 4053 3430 4130 delere].

1854 4144 1925 4198 At
1952 4155 2161 4211 contra,
2194 4148 2453 4202 usitatum
2495 4148 2714 4202 humani
2765 4148 2980 4218 generis
3024 4149 3216 4205 vitium
3246 4159 3348 4212 est,
3381 4157 3439 4204 et

1843 4236 2082 4292 .labendo
2132 4248 2413 4307 peccatum
2452 4239 2826 4303 committere,
2855 4249 2909 4293 et
2939 4239 3290 4296 commissum
3338 4253 3434 4294 ne-

1854 4329 2028 4398 gando
2057 4327 2346 4384 defendere
2371 4370 2386 4396 ,
2431 4338 2487 4384 et
2530 4331 2838 4385 convictum
2875 4328 3212 4385 defendendo
3252 4329 3435 4387 multi-

1847 4421 2056 4490 plicare
2085 4420 2179 4492 [αι.
2213 4429 2270 4477 et
2298 4422 2574 4492 vulgatum
2599 4422 2820 4478 defend.
2853 4420 3180 4493 multiplic.].
3233 4441 3254 4476 ι

1928 4515 2192 4570 Similiter
2230 4524 2287 4571 et
2328 4515 2571 4584 Apostoli
2623 4515 2949 4571 sententiam
2998 4514 3068 4570 ad
3113 4528 3273 4570 suum
3311 4528 3438 4572 sen-

177 4603 384 4660 intuitu
415 4604 558 4659 illam
583 4604 793 4672 fecerit,
822 4607 874 4660 in
903 4605 1077 4662 rotula
1130 4621 1227 4676 per
1252 4606 1584 4662 Clarentium
1608 4606 1750 4676 'mihi
1779 4629 1838 4696 ι)
1862 4624 1979 4666 sum
2018 4608 2281 4664 violenter
2307 4607 2607 4672 inﬂectens,
2639 4607 2771 4664 dicit
2796 4625 2810 4662 :
2859 4606 2970 4662 Lex
3007 4617 3216 4678 propter
3260 4616 3436 4664 tram-

177 4695 388 4751 directa
417 4696 701 4759 manifeste
745 4698 999 4763 denudat,
1052 4699 1240 4753 dicens
1264 4739 1279 4763 ,
1323 4699 1389 4753 ad
1418 4700 1754 4754 excusandas

175 4788 558 4844 excusationes
609 4789 664 4844 in
703 4791 960 4862 peccatis,
1010 4799 1070 4845 ut
1114 4790 1332 4860 impleat
1384 4797 1605 4858 peccata
1655 4805 1752 4845 sua

175 4892 420 4947 semper.
469 4896 486 4929 ί
534 4879 698 4934 Docet
743 4879 958 4949 quidem
1000 4894 1132 4948 papa
1187 4879 1491 4934 Alexander
1542 4878 1595 4932 in
1650 4879 1756 4933 fine

176 4983 293 5023 sua:
327 4969 602 5037 epistolae,
661 4969 802 5040 quod
839 4986 945 5026 non
1000 4978 1208 5025 tantum
1261 4971 1583 5026 attendenda
1629 4977 1757 5024 sunt

174 5073 302 5127 qute
333 5058 485 5122 fiunt,
516 5069 778 5128 quantum
827 5076 936 5132 quo
960 5060 1140 5116 animo
1195 5061 1346 5114 fiunt.
1398 5058 1601 5130 Nempe
1630 5075 1754 5115 cum

176 5149 286 5202 hoc
315 5151 640 5205 examussim
678 5161 787 5206 tam
835 5152 889 5206 in
919 5153 1071 5208 vobis
1095 5191 1112 5216 ,
1157 5165 1320 5221 quam
1367 5151 1421 5205 in
1475 5165 1565 5206 me
1593 5150 1758 5206 fuerit

177 5249 602 5309 perscrutatum,
633 5245 838 5314 patebit
867 5243 1008 5299 illico
1057 5243 1182 5299 inde
1227 5242 1498 5312 aequitatis
1545 5242 1753 5298 emolu-

176 5340 446 5386 ιιιοηιιιιη-
495 5353 513 5385 ι
558 5334 627 5406 Et
648 5350 768 5404 qua:
797 5343 1097 5406 sequuntur
1124 5348 1294 5406 usque
1343 5334 1410 5388 ad
1449 5335 1590 5390 hanc
1633 5350 1756 5390 sen-

179 5419 408 5476 tentiam
437 5439 450 5474 :
491 5441 511 5475 ‹
557 5424 710 5492 Quod
738 5441 844 5482 non
871 5441 980 5492 me,
1016 5441 1116 5496 pro
1144 5441 1230 5480 me
1258 5426 1437 5481 dicere
1485 5427 1710 5481 reamini
1738 5465 1754 5492 ,

176 5512 341 5582 quasi
390 5515 606 5584 propria
653 5517 963 5586 instigatum
1004 5516 1220 5585 injuria.
1247 5515 1402 5584 Quia,
1443 5515 1554 5572 Deo
1597 5525 1752 5582 teste,

176 5613 284 5672 pro
313 5606 552 5661 cavendo
575 5610 752 5677 potius
795 5610 1142 5666 ecclesiaStici
1168 5611 1370 5666 ordinis
1409 5611 1754 5677 detrimento,

177 5691 339 5747 vobis
377 5696 574 5762 scribo,
605 5699 682 5754 uti
720 5701 981 5771 scriptum
1026 5709 1146 5757 est:
1182 5700 1360 5757 Nolite
1409 5700 1581 5757 locum
1629 5701 1758 5756 dare

177 5779 396 5836 diabolo
428 5785 642 5855 (Ep/tes.
673 5791 767 5860 tv).
811 5809 832 5844 ι

261 5873 470 5941 Quibus
494 5881 673 5937 verbis
718 5891 902 5953 aperte
940 5886 1211 5953 ostendit,
1255 5901 1313 5942 se
1353 5883 1756 5946 sustinercnOn

1861 4715 2120 4770 grassare:
2175 4698 2344 4768 posita
2397 4707 2492 4752 est.
2538 4696 2668 4763 Quae
2701 4696 2853 4766 juxta
2893 4697 3062 4767 ipsius
3101 4711 3320 4754 sensum
3369 4697 3438 4752 ad

1859 4805 2019 4859 quem
2046 4790 2187 4844 illam
2213 4789 2453 4855 retorsit,
2487 4789 2560 4844 ita
2586 4789 2780 4858 exponi
2805 4796 3016 4858 potest,
3040 4801 3104 4844 ac
3126 4788 3174 4844 si
3200 4789 3435 4844 diceret:

1860 4879 2225 4950 Trangressus
2267 4879 2384 4934 sine
2423 4879 2613 4934 timore
2660 4877 2831 4947 legem
2863 4885 3052 4932 contra
3107 4878 3308 4948 legem,
3339 4888 3434 4928 ex-

1860 4967 2366 5024 eommunicationis
2417 4968 2570 5039 posui
2604 4968 2797 5035 legem,
2841 4981 3004 5037 quam
3045 4982 3142 5023 rex
3177 4966 3393 5022 timeret
3419 5002 3435 5025 ,

1859 5070 2030 5114 etme
2059 5059 2372 5129 contingere
2418 5074 2524 5112 non
2569 5059 2830 5113 auderet:
2871 5066 2928 5113 et
2975 5057 3276 5128 praedicans
3328 5070 3436 5109 non

1858 5149 2178 5215 furandum,
2217 5151 2381 5204 furari
2427 5165 2532 5224 non
2579 5149 2772 5216 timui;
2817 5158 2873 5205 et
2919 5147 3236 5202 abominans
3263 5144 3438 5212 idola,

1858 5245 2198 5314 sacrilegium
2262 5243 2384 5299 feci.
2455 5243 2658 5300 Deinde
2709 5257 2916 5313 ponens
2967 5240 3211 5311 Gregorii
3267 5239 3435 5293 verba

1855 5336 2212 5408 dicentis(lib.
2237 5352 2332 5402 vn,
2349 5335 2498 5406 epist.
2523 5336 2612 5405 6):
2646 5353 2666 5387 ι
2695 5333 2796 5401 Qui
2821 5349 2926 5389 non
2943 5331 3164 5403 corrigit
3184 5345 3438 5387 resecan-

1859 5429 1948 5495 da,
1974 5427 2282 5484 committit.
2319 5447 2337 5480 ι
2369 5427 2449 5481 Ac
2477 5426 2531 5482 si
2548 5434 2796 5496 patenter
2820 5425 3053 5480 diceret:
3074 5423 3130 5478 ln
3160 5435 3248 5476 me
3291 5435 3436 5475 rese-

1863 5520 2058 5584 canda,
2089 5518 2142 5573 in
2171 5518 2368 5572 multos
2386 5517 2903 5572 excommunicando
2931 5513 3198 5579 commisi,
3230 5520 3291 5566 ut
3334 5512 3437 5567 hoc

1864 5609 2010 5665 facto
2053 5624 2213 5664 nemo
2263 5609 2318 5663 in
2365 5623 2453 5662 me
2510 5607 2800 5662 resecando
2867 5605 3091 5660 auderet
3139 5603 3434 5674 corrigere.

1869 5700 2093 5756 Demum
2123 5701 2499 5772 subsequitur:
2547 5719 2566 5751 ι
2610 5700 2719 5754 Deo
2750 5707 2905 5764 teste,
2938 5711 3036 5770 pro
3072 5697 3313 5752 cavendo
3342 5711 3439 5766 po-

1869 5794 1976 5847 tius
2001 5793 2350 5850 ecclesiastici
2377 5792 2582 5848 ordinis
2616 5791 2941 5846 detrimento
2981 5787 3135 5845 vobis
3163 5788 3358 5848 scribo.
3412 5808 3430 5840 ι

1828 5884 2073 5950 ~Quihus
2118 5886 2298 5942 verbis
2346 5885 2623 5941 evidenter
2669 5884 2934 5952 ostendit,
2987 5898 3090 5954 qua
3141 5880 3438 5939 intentione
3513 5922 3515 5925 -
