4002 6296
561 395 668 454 023
1524 394 1854 454 HINCMARI
1890 393 2283 453 RHEMENSIS
2315 391 2831 450 ARCHIEPISCOPI
3719 394 3826 456 Εἳιῑ

564 513 711 568 illam
767 509 1374 591 cxcqmmunicationem
1424 507 1615 564 fecerit

563 602 1054 660 irrationabilitatis
1080 600 1520 670 castigationem,
1552 615 1752 656 vocans
1782 601 2137 656 ecclesiastici

562 697 771 750 ordinis
822 693 1226 756 detrimentum,
1266 701 1326 744 ut
1378 707 1470 747 rex
1525 691 1668 746 illam
1703 691 2140 746 excommunica-

564 790 764 843 tionem
785 783 1214 854 pertimesceret,
1243 791 1298 837 et
1324 781 1472 836 illum
1496 783 1844 838 rebellantem
1866 792 2052 837 contra
2081 797 2140 838 se

564 878 880 945 contingere
932 887 1040 926 non
1083 870 1305 926 auderet
1346 889 1359 926 :
1393 879 1447 926 et
1499 871 1633 943 ipse,
1682 872 1774 940 qui
1825 887 1922 941 pro
1950 871 2044 925 Dci
2075 871 2142 925 ti-

553 983 716 1024 more
745 981 802 1023 se
849 980 956 1020 non
991 963 1277 1020 cohibebat
1304 1004 1318 1024 ,
1367 978 1469 1018 nec
1517 963 1765 1032 distringi
1805 978 1835 1016 a
1869 978 2140 1033 quoquam

549 1060 845 1114 hominum
869 1064 1225 1120 revereretur,
1250 1062 1304 1108 et
1328 1054 1558 1123 propriae
1580 1053 1871 1108 voluntatis
1892 1062 2066 1108 motus
2085 1060 2144 1106 ut

565 1153 820 1216 libenter,
851 1149 926 1204 ita
954 1148 1116 1202 etiam
1146 1146 1367 1216 exsequi
1413 1155 1598 1216 posset
1624 1145 1870 1202 licenter.
1903 1145 2141 1200 Tandem

566 1243 809 1298 addidit:
850 1260 867 1292 ι
901 1240 1007 1296 Pro
1045 1240 1287 1294 cavendo
1325 1239 1674 1294 ecclesiastici
1728 1237 1933 1293 ordinis
1979 1236 2144 1291 detri-

563 1343 751 1391 mento
781 1334 933 1389 vobis
968 1332 1165 1397 scribo,
1208 1342 1267 1387 ut
1295 1332 1552 1401 scriptum
1586 1338 1670 1386 est
1699 1347 1714 1385 :
1745 1329 1922 1384 Nolite
1969 1329 2142 1383 locum

563 1427 692 1480 dare
730 1424 961 1480 diabolo.
1000 1443 1018 1476 ι
1072 1423 1224 1490 Quod
1258 1421 1498 1494 Apostoli
1552 1420 1917 1501 testimonium
1948 1459 1963 1485 ,
2015 1419 2143 1474 dum

566 1535 674 1571 non
703 1516 1023 1587 apostolico,
1055 1514 1148 1570 sed
1180 1513 1475 1583 apostatico
1505 1527 1666 1567 sensu
1714 1511 1768 1565 in
1801 1509 1965 1564 alium
1991 1509 2146 1580 jacu-

553 1607 678 1661 ‘lare
707 1606 897 1670 voluit,
923 1605 977 1660 in
1008 1603 1241 1674 seipsum
1266 1601 1508 1656 retorsit.
1537 1601 1692 1655 Sicut
1719 1599 1832 1669 ipse
1856 1598 2145 1668 Apostolus

553 1697 632 1751 ad
664 1695 923 1765 Ephesios
951 1703 1137 1765 aperte
1159 1692 1532 1755 demonstrat,
1564 1689 1788 1744 dicens:
1822 1687 2142 1752 Irascimini,

554 1798 612 1844 'et
653 1787 810 1842 nolite
849 1801 1060 1856 peccare
1101 1781 1279 1855 (Psal.
1320 1781 1417 1850 tv).
1472 1777 1563 1833 Sol
1602 1795 1705 1832 non
1749 1777 1950 1832 occidat
1989 1792 2146 1844 super

565 1854 900 1930 iracundiam
963 1854 1202 1928 restrain.
1262 1869 1440 1923 Nolite
1505 1867 1677 1922 locum
1737 1867 1862 1920 dare
1932 1863 2140 1919 diabolo
2169 1854 2217 1915 Β
2245 1877 2364 1931 aliis
2393 1877 2678 1948 episcopis,
2729 1854 3069 1932 εδαυχειοίηη
3112 1893 3235 1932 eum
3281 1879 3347 1932 ad
3395 1893 3483 1932 me

567 1963 782 2036 (Ephcs.
813 1965 909 2034 iv).
945 1983 963 2015 ‹
995 1962 1097 2017 Per
1127 1961 1279 2025 iram,
1313 1959 1489 2029 inquit
1515 1958 1822 2026 Gregorius,
1875 1956 1964 2009 lux
2002 1955 2142 2010 veri-

552 2059 696 2112 ‘tatis
719 2056 1004 2117 amittitur,
1028 2055 1152 2124 quia
1177 2068 1297 2108 cum
1323 2052 1486 2106 menti
1506 2050 1785 2106 iracundia
1814 2047 2143 2104 confusionis

565 2147 817 2203 tenebras
843 2146 1054 2208 incutit,
1097 2144 1220 2199 huic
1251 2143 1392 2198 Deus
1424 2141 1633 2197 radium
1679 2154 1790 2196 sua:
1817 2138 2144 2209 cognitionis

571 2236 876 2293 abscondit.
911 2255 930 2287 ι
965 2235 1080 2306 Ipse
1109 2248 1240 2304 ergo
1287 2233 1338 2287 in
1364 2248 1425 2288 se
1462 2232 1636 2287 locum
1666 2229 1880 2285 diabolo
1913 2227 2144 2300 principi

564 2327 934 2390 tenebrarum,
964 2324 1172 2381 scilicet
1211 2324 1575 2392 iniquitatum,
1631 2321 1887 2386 donavit,
1918 2319 2011 2390 qui
2061 2333 2147 2372 ra-

567 2424 716 2477 dium
740 2421 1060 2492 cognitionis
1108 2420 1235 2485 Dei,
1281 2419 1372 2488 qui
1397 2419 1484 2472 lux
1526 2426 1634 2479 est,
1668 2431 1766 2486 per
1811 2413 2144 2470 iracundiam

569 2515 735 2570 menti
757 2529 868 2568 suae
897 2511 1228 2568 confusionis
1277 2512 1526 2568 tenebras
1556 2509 1821 2574 incussit,
1853 2516 1913 2562 ut
1959 2507 2145 2561 videre

555 2620 674 2660 non
703 2612 909 2675 posset,
936 2619 1098 2673 quam
1125 2617 1377 2673 magnum
1405 2601 1605 2656 malum
1631 2600 1684 2654 in
1716 2614 1812 2655 sua
1839 2598 2142 2668 perniciosa

566 2695 1150 2761 excommunicatione,
1195 2694 1260 2749 de
1305 2708 1410 2764 qua
1454 2707 1513 2749 se
1559 2690 1866 2747 excusando
1900 2699 2142 2755 accusat,

560 2796 884 2856 perpetrare
913 2801 1018 2841 non
1065 2785 1411 2840 metuitzille
1445 2782 1870 2848 ecclesiasticas,
1911 2782 2019 2836 imo
2059 2782 2143 2835 di-

569 2877 722 2930 vinas
744 2875 888 2946 leges
914 2884 1251 2947 trangressus
1275 2883 1358 2930 est
1376 2915 1390 2941 ,
1415 2882 1468 2928 et
1497 2873 1673 2928 locum
1713 2873 1925 2929 diabolo
1967 2873 2142 2940 dedit,

568 2976 630 3021 ut
662 2967 780 3021 sine
819 2967 1084 3036 baptismo
1127 2974 1183 3022 et
1215 2965 1590 3020 communione
1617 2970 1860 3018 mortuos
1898 2962 2145 3017 homines

571 3068 818 3130 raperet;
873 3074 940 3113 ne
983 3058 1157 3113 locum
1197 3055 1540 3127 contingendi
1576 3070 1700 3111 eum
1762 3063 1950 3110 contra
1991 3069 2144 3108 suam

561 3151 899 3206 voluntatem
943 3150 1066 3219 quis
1113 3149 1314 3203 habere
1353 3146 1593 3201 auderet.
1628 3144 2012 3200 Verumtamen
2056 3159 2143 3198 se-

1666 528 1680 565 :
1724 511 1974 566 videlicet
2020 527 2131 566 sua:
2161 513 2207 572 Α
2235 519 2289 564 ct
2340 508 2808 577 archiepiscopos,
2869 513 2927 562 et
2981 506 3262 578 episcopos
3308 505 3579 561 veridicos
3639 515 3823 564 testas.

2307 601 2461 668 Quod
2485 601 2616 655 dicit
2646 608 2855 669 postea,
2888 598 3032 652 illam
3064 615 3093 653 a
3123 615 3208 653 me
3236 599 3406 653 fuisse
3448 598 3519 652 ab
3560 611 3631 652 eo
3675 598 3822 652 frau-

2238 693 2485 748 dulenter
2528 700 2822 755 extortam,
2855 706 2961 744 non
3006 699 3090 745 est
3119 705 3324 744 verum.
3362 688 3497 743 Nam
3526 689 3705 744 soluta
3735 706 3827 759 sy-

2237 782 2379 836 nodo
2409 781 2500 835 illa
2530 781 2634 844 die,
2674 780 2728 833 in
2757 780 3058 834 crastinum
3100 779 3491 842 convenientia,
3536 788 3824 849 postquam

2239 873 2468 928 domnus
2520 890 2613 928 rex
2661 877 2730 930 ab
2771 891 2833 930 ea
2882 875 3043 931 domo
3089 877 3447 938 abscesserat,
3505 884 3562 930 et
3610 876 3825 945 quidam

2240 967 2475 1038 episcopi
2507 968 2559 1023 in
2588 969 2772 1024 eadem
2796 971 2974 1035 domo,
3005 971 3144 1026 sicut
3173 971 3368 1039 cuique
3397 971 3682 1031 convenit,
3705 987 3823 1024 cum

2241 1075 2340 1118 suo
2368 1059 2536 1115 fratre
2567 1061 2888 1131 loquebatur
2919 1081 2932 1116 :
2977 1071 3032 1118 et
3057 1061 3327 1134 egojuxla
3352 1062 3650 1132 quamdam
3683 1062 3828 1116 fenc-

2244 1159 2412 1204 stram
2463 1160 2616 1207 stans
2658 1168 2780 1208 cum
2829 1152 2996 1208 fratre
3035 1153 3220 1208 Odone
3264 1152 3545 1221 loquebar,
3579 1151 3727 1206 venit
3762 1151 3827 1205 ad

2243 1256 2331 1295 me
2359 1241 2640 1297 Frotarius
2670 1244 3129 1312 archiepiscopus,
3176 1253 3230 1298 et
3274 1241 3482 1298 Aineas
3511 1242 3822 1312 episcopus,

2245 1341 2300 1387 et
2331 1333 2583 1388 dixerunt
2613 1335 2743 1389 mihi
2791 1351 2974 1390 coram
3009 1335 3214 1400 Odone,
3261 1335 3384 1404 quia
3435 1333 3617 1388 frater
3665 1333 3827 1387 Iliac-

2250 1439 2434 1480 marus
2481 1425 2640 1480 vellet
2681 1425 3034 1495 professionis
3072 1425 3253 1481 libello
3290 1425 3659 1487 subscribere,
3687 1434 3742 1477 et
3765 1425 3829 1479 de

2245 1513 2426 1570 domui
2455 1515 2598 1585 regis
2627 1517 2930 1570 obedientia
2963 1535 2976 1569 :
3009 1525 3064 1571 et
3089 1528 3330 1572 essemus
3364 1515 3506 1568 inter
3535 1529 3642 1567 nos
3681 1511 3829 1583 paci-

2247 1604 2335 1659 fici
2367 1605 2506 1660 sicut
2544 1614 2700 1675 pater
2741 1615 2795 1659 et
2821 1606 2985 1670 filius,
3029 1620 3094 1661 ac
3142 1605 3592 1674 archiepiscopus
3637 1614 3692 1656 et
3720 1602 3828 1672 epi-

2247 1712 2440 1766 scopus
2480 1712 2600 1753 esse
2638 1699 2852 1753 debent.
2885 1697 3038 1765 Quod
3079 1712 3180 1768 ego
3207 1705 3490 1767 gratanter
3531 1695 3748 1764 recepi;
3775 1702 3827 1746 et

2248 1787 2316 1842 ab
2342 1787 2446 1842 alia
2484 1787 2740 1853 fenestra,
2767 1775 2922 1857 iuxta
2961 1803 3122 1857 quam
3151 1786 3328 1841 stabat
3352 1786 3681 1840 lliucmarus
3710 1800 3826 1838 cum

3548 1893 3565 1929 :
3618 1887 3672 1930 ct
3719 1877 3827 1946 ipse

2248 1966 2573 2021 liincmarus
2609 1967 2785 2036 petiit,
2816 1975 2873 2021 ut
2923 1968 3110 2022 liceret
3158 1967 3233 2020 illi
3267 1967 3412 2036 loqui
3447 1966 3568 2020 solo
3617 1981 3826 2020 mecum
3877 1987 3897 2009 ι

2245 2055 2379 2112 solo.
2414 2056 2480 2110 Et
2512 2056 2711 2112 secessi
2742 2073 2864 2111 cum
2915 2046 2979 2112 eo
3002 2057 3158 2128 juxta
3205 2058 3462 2126 parietem
3510 2056 3743 2119 domus;
3773 2063 3825 2108 et

2243 2148 2380 2204 dixit
2413 2149 2566 2215 mihi,
2594 2149 2736 2219 quod
2763 2165 2862 2220 pro
2905 2165 2992 2204 me
3034 2149 3169 2204 nihil
3198 2149 3469 2204 dubitaret
3498 2148 3554 2202 in
3585 2147 3669 2201 illa
3709 2147 3827 2202 sub-

2245 2237 2555 2308 scriptione,
2601 2238 2692 2292 sed
2719 2253 2817 2309 pro
2841 2253 2906 2294 eo
2935 2239 3027 2309 qui
3056 2249 3179 2308 post
3217 2253 3302 2292 me
3330 2238 3438 2292 erit
3469 2238 3521 2291 in
3574 2235 3666 2290 illa
3708 2235 3826 2291 sub

2249 2328 2553 2397 metropoli.
2581 2328 2648 2382 Et
2675 2342 2776 2400 ego
2801 2329 2852 2384 ei
2903 2329 3173 2400 respondi,
3202 2338 3262 2384 ut
3299 2329 3388 2383 ille
3429 2329 3548 2398 Ipse
3597 2327 3825 2382 libellum

2246 2417 2476 2472 dictaret
2503 2417 2642 2472 sicut
2671 2416 2858 2485 vellet;
2886 2427 2941 2473 et
2966 2418 3120 2488 petiit
3147 2428 3203 2472 ut
3230 2433 3331 2488 ego
3359 2418 3511 2472 illum
3535 2419 3822 2473 dictare.

2246 2506 2315 2560 Et
2352 2507 2555 2562 reversi
2599 2521 2786 2562 sumus
2830 2507 2986 2562 simul
3021 2508 3088 2561 ad
3139 2507 3432 2563 fenestram
3471 2507 3633 2576 juxta
3671 2522 3826 2577 quam

2243 2593 2453 2651 Encas
2479 2605 2532 2650 et
2564 2593 2680 2651 Odo
2727 2595 2942 2650 stabant
2970 2614 2982 2650 :
3019 2604 3074 2649 et
3119 2595 3231 2650 dixi
3273 2595 3447 2651 Odoni
3477 2605 3538 2650 ut
3566 2598 3831 2666 acciperet

2246 2702 2374 2744 suas
2396 2687 2625 2754 tabulas,
2666 2695 2721 2743 et
2747 2688 3025 2759 exciperet
3053 2689 3110 2743 in
3141 2688 3248 2743 illis
3271 2688 3514 2743 libellum
3545 2689 3637 2744 cui
3659 2688 3828 2744 Hine-

2247 2793 2432 2833 marus
2454 2779 2676 2834 deberet
2719 2779 3083 2835 subscribere.
3133 2779 3199 2834 Et
3245 2780 3463 2850 excepit
3509 2779 3648 2843 Odo,
3696 2779 3833 2833 sicut

2250 2877 2376 2923 tunc
2402 2869 2560 2923 simul
2585 2869 2922 2924 dictavimus.
2955 2869 3021 2923 Et
3047 2870 3160 2924 dixi
3189 2868 3290 2936 illi,
3337 2879 3397 2923 ut
3437 2870 3712 2940 quidquid
3757 2869 3829 2923 ibi

2247 2958 2410 3013 vellet
2431 2968 2522 3014 aut
2545 2968 2776 3026 mutare,
2807 2969 2900 3014 aut
2925 2960 3263 3025 subtrahere,
3287 2968 3382 3014 aut
3418 2960 3642 3023 addere,
3683 2959 3830 3015 face-

2250 3057 2335 3103 ret
2359 3063 2374 3102 :
2402 3049 2541 3103 sicut
2565 3058 2620 3102 et
2649 3049 2851 3104 factum
2889 3058 2991 3104 est.
3037 3051 3105 3105 Et
3134 3051 3245 3106 dixi
3287 3066 3390 3120 ego
3437 3051 3638 3116 Odoni,
3671 3061 3735 3106 ut
3779 3053 3830 3104 in

2250 3139 2490 3194 crastino
2522 3139 2667 3193 illum
2697 3149 3010 3211 apportarct
3039 3141 3323 3211 scriptum,
3376 3151 3433 3197 et
3463 3144 3514 3197 in
3546 3144 3760 3214 synodo
3786 3142 3834 3196 ei

568 3245 804 3302 cundum
871 3215 1026 3298 sua—m
1085 3241 1494 3311 intelligentiam
1523 3281 1537 3304 ,
1606 3237 1851 3294 eamdem
1908 3235 2145 3305 Apostoli
2173 3215 2222 3281 ο
2252 3229 2578 3285 Hincmarus
2614 3232 3001 3286 subscriberet.
3050 3231 3376 3288 Ilincmarus
3401 3243 3582 3288 autem
3610 3249 3839 3304 respou-

561 3333 898 3388 sententiam
948 3331 1246 3387 adulterino
1288 3347 1448 3386 sensu
1498 3330 1587 3384 hic
1660 3330 1879 3399 posuit:
1931 3343 2036 3397 qua
2083 3326 2150 3380 de

572 3438 736 3480 causa
765 3425 818 3479 in
850 3425 1070 3496 synodis
1101 3423 1281 3494 plures
1327 3421 1497 3477 fuisse
1522 3422 1763 3476 damnati
1797 3421 2063 3490 leguntur.

1121 3531 1348 3588 CAPUT
1395 3531 1609 3586 XXXII.

574 3622 1033 3705 Refertur-magna
1059 3639 1181 3694 pars
1211 3621 1444 3705 epislqlte
1485 3620 1763 3705 fﬁncmarj
1791 3619 2151 3705 Lautlune‘nsi's

645 3690 710 3776 de
751 3690 1126 3764 subscriptione
1146 3690 1304 3765 quam
1347 3692 1467 3761 fecit
1492 3691 1546 3745 in
1587 3692 1784 3763 synodo
1831 3690 1970 3761 apud
2019 3692 2154 3744 Atti-

646 3780 765 3819 ntac
771 3781 879 3819 um.

644 3876 713 3931 Et.
732 3875 791 3931 in
832 3876 1010 3930 rotula
1027 3891 1203 3946 iquam
1232 3877 1364 3931 mihi
1396 3891 1494 3930 xvr
1526 3875 1752 3931 Kalend.
1783 3874 1953 3931 Iulias
1985 3874 2151 3940 misit,

577 3967 653 4021 ita
683 3963 911 4019 scribit:
944 3983 964 4014 ε
1000 3963 1135 4030 Quia
1164 3980 1249 4019 me
1271 3981 1412 4035 saepe
1450 3966 1518 4020 de
1546 3966 1940 4034 subscriptione
1968 3965 2155 4019 redar—

575 4057 762 4130 guitis,
798 4075 817 4108 ι
842 4065 890 4110 et
919 4066 1111 4110 ccetera
1126 4073 1243 4125 quae
1267 4058 1423 4110 habes
1450 4059 1586 4110 inter
1609 4056 1853 4126 epistolas
1880 4056 2156 4109 Hincmari

578 4145 967 4210 Laudanensis,
1009 4154 1147 4200 torno
1183 4143 1420 4211 CXXIV,
1460 4161 1620 4216 usque
1664 4149 1730 4199 ad
1761 4164 1791 4196 ι(
1832 4145 1942 4200 Deo
1971 4145 2152 4215 propi-

579 4236 748 4290 tiante
798 4250 1069 4304 nunquam
1131 4242 1350 4290 acturus
1391 4249 1486 4290 ero
1535 4253 1555 4285 ι
1603 4232 1785 4306 Pergit
1835 4234 2154 4290 Hincmatm

577 4324 880 4381 Rhcmensis
904 4339 922 4378 :

645 4417 843 4474 Contra
873 4434 994 4490 quae
1021 4419 1281 4490 scriptum
1323 4429 1444 4476 est:
1499 4439 1519 4473 ε
1569 4422 1736 4479 Filius
1783 4423 1978 4479 stultus
2023 4423 2155 4477 dicit

577 4524 640 4565 se
667 4526 787 4566 esse
826 4511 1054 4581 justum,
1084 4511 1178 4568 sed
1222 4513 1424 4568 exitum
1455 4528 1611 4570 suum
1655 4531 1760 4570 non
1804 4517 1989 4570 abluit.
2029 4537 2047 4569 ι
2083 4516 2150 4571 Et

2255 3324 2355 3388 dit,
2379 3325 2502 3393 quia
2531 3323 2696 3379 febris
2721 3325 2869 3380 illum
2893 3327 3168 3394 tangebat,
3192 3335 3250 3381 et
3276 3328 3458 3383 statim
3484 3343 3542 3383 se
3569 3328 3698 3382 inde
3729 3328 3840 3384 vel-

2255 3415 2326 3468 let
2365 3415 2680 3476 deliberare.
2726 3426 2785 3471 ut
2823 3418 3138 3488 sanguinem
3187 3427 3372 3488 posset
3401 3420 3668 3473 minuere.
3726 3419 3841 3490 Ego

2254 3515 2432 3558 autem
2471 3507 2607 3576 jussi
2635 3505 2876 3562 Odonem
2908 3509 2987 3562 ire
3032 3510 3099 3562 ad
3127 3507 3514 3564 Cancellarium
3569 3509 3755 3578 regis,
3790 3519 3846 3564 et

2255 3599 2501 3666 accipere
2530 3599 2596 3653 ab
2638 3599 2727 3654 illo
2764 3615 3170 3670 pergamenum,
3203 3610 3260 3656 et
3285 3600 3760 3663 atramentarimn,
3793 3609 3847 3653 et

2254 3689 2513 3744 scriberet
2556 3690 2704 3744 illum
2745 3693 2874 3745 cito.
2916 3692 3124 3747 Interea
3171 3692 3283 3747 dixi
3324 3689 3515 3752 Euam,
3565 3689 3659 3742 cui
3700 3699 3849 3744 tunc

2255 3781 2591 3835 auscultabat
2648 3781 3006 3847 llincmarus,
3051 3784 3193 3852 quod
3243 3783 3432 3836 melius
3468 3790 3612 3834 esset
3673 3790 3744 3834 nt
3792 3783 3845 3833 in

2255 3875 2490 3928 crastina
2531 3884 2899 3944 exspectaret;
2929 3885 2986 3930 et
3014 3876 3370 3945 persuadente
3404 3872 3576 3927 linea
3608 3874 3846 3941 nequit}

2254 3963 2335 4016 vit
2359 3963 2431 4016 ita
2465 3961 2810 4018 Hincmarus.
2841 3964 2907 4018 Et
2941 3965 2995 4017 in
3026 3965 3262 4018 crastina
3292 3965 3510 4018 veniens
3536 3961 3590 4015 in
3623 3963 3844 4031 synodo

2243 4055 2532 4123 professus
2577 4064 2664 4108 est
2709 4056 3003 4110 secundum
3034 4055 3186 4124 quod
3229 4055 3286 4109 in
3329 4053 3418 4108 illo
3453 4051 3631 4106 libello
3661 4051 3845 4106 conti-

2255 4151 2432 4197 netur.
2488 4143 2554 4198 Et
2605 4145 2916 4215 porrigente
2956 4144 3064 4200 sibi
3111 4143 3299 4200 Odone
3342 4157 3595 4214 pennam,
3643 4156 3844 4196 coram

2247 4238 2533 4301 omnibus,
2582 4237 2725 4290 sicut
2779 4245 2905 4290 tunc
2948 4237 3147 4306 paruit,
3193 4236 3367 4290 cidem
3415 4234 3592 4289 libello
3638 4245 3846 4304 sponte

2256 4326 2614 4396 subscripsit;
2649 4335 2703 4380 et
2730 4326 2865 4395 regi,
2895 4334 2950 4380 et
2978 4325 3110 4380 mihi
3148 4341 3307 4380 manu
3340 4339 3436 4380 sua
3464 4325 3740 4394 porrexit.
3781 4323 3846 4377 Et

2257 4425 2384 4471 tunc
2411 4416 2636 4471 domnus
2658 4432 2753 4472 rex
2776 4432 2962 4486 pacem
2984 4417 3056 4472 illi
3089 4417 3236 4473 dedit
3264 4435 3276 4470 :
3306 4425 3363 4471 et
3383 4431 3480 4487 ego
3501 4426 3624 4486 post
3653 4415 3840 4471 illum.

2255 4505 2311 4560 In
2333 4506 2574 4560 crastino
2609 4515 2790 4561 autem
2817 4515 3108 4577 antequam
3134 4508 3191 4562 in
3223 4508 3440 4562 domum
3465 4506 3763 4570 intrarent,
3793 4508 3846 4560 in

559 4599 698 4655 aliis
719 4602 1056 4672 interpositis
1076 4603 1142 4659 ad
1180 4603 1323 4660 hanc
1348 4618 1503 4659 suam
1531 4603 1978 4677 subscriptionem
2015 4607 2147 4662 resi-

2253 4614 2414 4668 quam
2440 4599 2676 4669 episcopi
2697 4599 2988 4654 convenire
3028 4598 3336 4665 debebant,
3381 4597 3697 4653 Bardaicus
3725 4600 3846 4668 epi-

510 4686 513 4690 ’
577 4688 717 4757 livit,
748 4692 971 4748 dicens:

561 4820 565 4822 .
628 4799 672 4831 .‹
708 4780 786 4835 Ac
816 4781 861 4834 si
905 4781 1068 4836 etiam
1104 4781 1167 4838 in
1197 4783 1595 4855 subscriptione
1637 4785 1726 4840 illa
1755 4785 1955 4856 aliquid
1986 4785 2152 4842 habe-

577 4877 730 4924 retur
773 4870 915 4938 quod
948 4869 1085 4925 forte
1132 4872 1474 4930 intolerabile
1505 4873 1672 4931 foret.
1726 4894 1748 4929 ι
1930 4875 2149 4946 Reliqua

559 4962 701 5015 .item
727 4960 890 5015 lector
917 4961 1068 5016 liabet
1096 4963 1186 5016 ubi
1220 4981 1405 5035 supra.

1110 5071 1334 5129 CAPUT
1381 5074 1614 5131 XXXIII.

578 5161 902 5218 [Iincmarus
925 5163 1340 5235 archiepiscopus
1374 5168 2005 5238 superioresobjectiones
2032 5186 2151 5224 vera

829 5251 1002 5288 rerum
1029 5243 1294 5305 gestarum
1326 5238 1627 5290 narratione
1649 5237 1902 5292 dissolvit.

554 5354 561 5360 -
647 5321 814 5390 Cujus
843 5323 1008 5379 verba
1037 5321 1350 5394 singillatim
1383 5339 1782 5380 reccnseamus.
1807 5325 1949 5381 Dicit
1971 5326 2027 5382 in
2053 5342 2150 5382 ea-

559 5413 700 5468 dem
723 5413 950 5484 synodo,
969 5414 1147 5483 primo
1168 5412 1434 5470 violenter
1456 5429 1553 5483 per
1578 5415 1781 5486 regiam
1801 5425 2148 5486 potestatem,

576 5510 633 5555 et
677 5513 865 5571 postea
910 5501 1282 5558 fraudulenter
1329 5520 1358 5557 a
1407 5519 1494 5558 me
1539 5503 1705 5560 fuisse
1752 5506 1821 5560 ab
1863 5505 1955 5562 illo
1985 5508 2154 5578 ipsam

578 5591 1026 5660 subscriptionem
1059 5602 1347 5648 extortam.
1367 5593 1611 5650 «Domnus
1639 5610 1754 5660 rex,
1797 5596 1907 5650 Deo
1929 5599 2154 5666 gratias,

580 5690 634 5734 et
663 5690 896 5746 aetatem,
927 5691 980 5738 et
1010 5685 1356 5754 sapientiam,
1392 5697 1446 5743 et
1471 5689 1748 5752 virtutem,
1773 5698 1830 5742 et
1857 5688 2032 5744 locum
2061 5705 2158 5759 pro

584 5785 644 5823 se
679 5773 1033 5839 respondendi
1072 5776 1233 5830 habet
1273 5795 1285 5829 :
1319 5786 1375 5832 et
1403 5779 1467 5834 de
1489 5779 1594 5834 hoc
1623 5779 1768 5834 facto
1793 5778 1972 5846 plures
1999 5781 2182 5853 habet

2254 4706 2450 4762 scopus
2478 4693 2530 4746 in
2577 4690 2683 4746 alia
2721 4691 2883 4745 domo
2922 4705 3134 4746 mecum
3172 4691 3423 4762 loquens,
3466 4691 3849 4745 secretissime

2253 4782 2391 4838 dixit
2430 4783 2586 4850 mihi,
2627 4785 2770 4854 quod
2822 4783 3147 4840 Hincmarus
3194 4784 3328 4840 mihi
3373 4783 3620 4839 mittebat
3669 4799 3845 4836 un

2251 4873 2534 4945 parvulum
2565 4876 2846 4944 scriptum,
2889 4884 3079 4946 petens
3110 4884 3172 4931 ut
3210 4876 3263 4931 ei
3311 4875 3743 4931 subscriberem.
3783 4873 3848 4928 Et

2244 4963 2488 5022 occulte,
2505 4962 2652 5018 illum
2683 4964 2813 5019 mihi
2838 4965 3016 5031 dedit;
3057 4979 3159 5034 ego
3189 4973 3371 5022 autem
3397 4964 3545 5019 illum
3590 4966 3846 5035 suscepi,

2253 5063 2306 5108 et
2336 5054 2388 5108 in
2415 5054 2590 5108 sinum
2614 5068 2793 5108 meum
2829 5055 2975 5109 misi.
3005 5054 3175 5122 Quem
3204 5065 3392 5126 postea
3423 5069 3529 5109 non
3558 5054 3698 5124 legi,
3747 5071 3846 5109 an—

2246 5154 2471 5217 tequam
2516 5146 2566 5200 in
2608 5147 2695 5200 via
2746 5161 2944 5212 essem,
2988 5163 3095 5218 qua
3148 5149 3215 5203 ad
3269 5149 3601 5203 mansionem
3661 5162 3850 5201 meam

2255 5235 2515 5291 redibam.
2569 5235 2636 5292 Et
2679 5252 2865 5292 coram
2913 5237 3108 5296 Odulfo
3155 5240 3407 5312 episcopo
3463 5239 3558 5310 qui
3611 5254 3850 5296 mecum

2249 5325 2388 5392 ibat,
2443 5325 2678 5396 primum
2725 5326 2868 5382 idem
2922 5329 3183 5400 scriptum
3239 5329 3439 5400 relegi;
3494 5338 3696 5399 postea
3751 5344 3854 5386 nec

2257 5416 2600 5484 Hincmarus,
2643 5433 2744 5474 nec
2769 5420 2966 5490 aliquis
2993 5420 3129 5477 alius
3163 5422 3290 5477 inde
3313 5437 3524 5477 mecum
3566 5421 3853 5476 rationein

2260 5508 2466 5564 habuit.
2499 5508 2701 5564 Verum
2750 5519 2806 5565 et
2854 5511 3177 5567 Frcdericus
3216 5512 3503 5584 presbyter
3551 5511 3851 5576 Ilarduici,

2260 5613 2496 5668 unquam
2532 5598 2600 5654 de
2627 5599 2718 5654 illo
2745 5600 2926 5658 libello
2962 5618 3173 5658 mecum
3217 5603 3381 5658 ullam
3431 5605 3711 5660 rationem
3743 5621 3858 5662 non

2261 5690 2471 5744 habuit.
2499 5690 2566 5744 Et
2599 5707 2698 5760 per
2730 5693 2892 5748 talem
2937 5693 3204 5759 fraudem,
3235 5697 3376 5752 sicut
3418 5697 3646 5764 auditis,
3699 5714 3860 5753 eam-

2264 5779 2384 5833 dem
2406 5780 2852 5853 snbseriptionem
2891 5785 2958 5840 ab
2983 5800 3048 5840 eo
3081 5787 3305 5842 extorsi.
