3958 5398
72 374 198 436 615

859 373 1109 435 OPUSC.
1142 369 1234 430 ΕΤ
1271 369 1492 430 EPIST.
1532 371 1599 428 IN
1635 368 1863 429 CAUSA
1902 370 2234 433 HINCMARI
2267 374 2573 437 LAUDUN.

3247 381 3359 439 636.

128 492 137 573 ί
154 487 316 557 Quod
369 484 503 545 dicit
556 484 700 543 illam
765 486 1157 559 professionem
1182 527 1200 554 ,
1256 495 1548 556 antequam
1619 483 1669 540 ei
1697 485 1746 560 Α
1776 491 1927 573 retur
1956 485 2177 555 aliquid,
2208 489 2351 558 quod
2387 488 2529 549 forte
2558 489 2894 548 intolerabile
2927 490 3088 561 foret,
3118 491 3182 548 B.
3212 506 3356 565 papa

76 581 480 647 subscriberet,
504 597 658 637 suam
678 581 896 635 donuun
919 591 1184 652 portasse,
1208 597 1312 635 non
1343 591 1428 636 est
1455 595 1667 635 verum.

78 673 233 739 Quia
271 682 556 743 postquam
587 669 703 727 Odo
732 673 1171 744 cpiscopuseam
1211 672 1264 727 in
1318 670 1516 745 tabulis
1556 670 1671 724 suis

79 763 330 833 excepit,
376 758 632 832 scriptam
677 758 1001 818 llincmarus
1035 763 1181 817 illam
1213 778 1318 816 non
1363 761 1537 829 vidit;
1582 776 1672 815 us-

79 868 309 923 quequo
334 866 426 909 xvr
457 848 575 907 Kal.
603 851 709 907 Jul.
737 852 771 907 3
815 854 1124 909 llidlt'llOlllS
1147 854 1320 909 eidem
1348 852 1671 925 professioni

81 949 145 1001 in
189 946 398 1018 synodo
441 960 623 1000 coram
655 945 1019 1015 nmuibusqui
1054 944 1344 1000 adfuerunt
1386 944 1670 1016 episcopis,

80 1045 144 1093 et
193 1054 378 1092 coram
411 1036 607 1090 domno
653 1051 780 1106 rege
810 1035 1131 1105 subscripsit
1162 1054 1176 1090 :
1212 1045 1270 1091 et
1296 1036 1493 1090 domno
1539 1036 1671 1107 regi,

80 1142 157 1182 ac
210 1125 340 1181 mihi
380 1125 639 1195 porrexit,
689 1135 743 1179 et
773 1125 821 1179 ci
869 1124 924 1179 in
974 1125 1180 1195 synodo
1209 1123 1486 1195 exemplar
1535 1124 1676 1182 illius

80 1218 314 1275 donavi.
347 1218 403 1272 In
446 1218 684 1273 crastino
725 1226 928 1281 autem,
972 1218 1024 1272 id
1062 1227 1147 1274 est
1190 1234 1257 1273 xv
1307 1217 1427 1273 Kal.
1483 1218 1670 1281 Julias,

82 1308 326 1364 domnus
359 1306 660 1363 Harduicus
706 1306 1166 1377 archiepiscopus,
1203 1306 1294 1362 tali
1336 1307 1496 1362 modo
1534 1308 1677 1362 sicut

80 1403 355 1474 prtemisi,
384 1401 622 1456 libellum
649 1401 716 1454 ab
737 1416 802 1454 eo
831 1400 958 1455 mihi
989 1399 1256 1454 directum
1301 1399 1466 1453 dedit.
1498 1399 1563 1453 Et
1595 1400 1677 1453 nio

83 1493 168 1548 liii
198 1501 409 1564 postea,
442 1490 677 1560 quandiu
719 1490 772 1544 in
798 1489 1069 1544 Atliniaco
1108 1488 1325 1555 fuimus,
1359 1489 1483 1544 inde
1513 1489 1677 1544 llinc-

85 1602 284 1643 Inarus
312 1586 396 1642 vel
429 1587 610 1649 verbo,
648 1584 731 1640 vel
783 1584 987 1655 scripto
1032 1584 1289 1654 quiddam
1334 1585 1465 1640 mihi
1514 1586 1672 1640 dixit.

80 1677 196 1746 Qui
228 1679 439 1734 etiamsi
469 1678 597 1732 mihi
617 1676 822 1746 aliquid
852 1676 975 1731 inde
1008 1676 1259 1743 dixisset,
1289 1662 1677 1745 responderem

84 1768 169 1823 illi
200 1784 267 1825 ex
313 1767 552 1823 Iacobo:
587 1766 750 1832 Petis,
792 1775 841 1821 ct
885 1782 988 1820 non
1012 1766 1225 1837 accipis,
1257 1782 1317 1821 eo
1360 1766 1499 1836 quod
1543 1766 1677 1821 male

1773 570 2078 629 Alexander
2126 574 2199 630 illi
2244 592 2460 632 manum
2506 579 2828 650 porrigeret.
2883 580 3175 639 Videamus
3216 596 3358 654 quo-

1772 664 1933 719 modo
1965 664 2038 720 illi
2069 668 2380 735 conveniat,
2421 678 2479 724 et
2522 686 2742 726 manum
2788 668 2864 727 illi
2915 673 3157 745 porrigat
3205 674 3354 746 quod

1774 750 1835 807 S.
1865 752 2173 811 Alexander
2197 758 2456 815 docrevit.
2488 760 2577 816 Ait
2599 762 2744 817 enim
2769 763 2821 817 in
2847 764 3072 833 epistola
3098 764 3353 822 omnibus

1774 843 2094 901 orthodoxis
2119 859 2219 916 per
2262 847 2505 904 diversas
2554 851 2864 921 provincias
2910 852 3141 909 Domino
3174 854 3357 911 famu-

1775 930 2014 992 lantibus
2039 936 2210 1007 (epist.
2244 937 2340 1009 l):
2380 957 2400 990 ι
2432 939 2529 996 Est
2554 942 2718 996 etiam
2748 944 2931 999 ethoc
2957 944 3026 1003 ad
3055 945 3195 1000 hanc
3229 959 3359 1002 sau-

1776 1034 1921 1080 ctam
1967 1027 2234 1098 perlatum
2292 1029 2474 1087 sedem
2527 1034 2669 1103 quod
2716 1036 2882 1105 pudet
2909 1037 3121 1103 dicere;
3165 1045 3221 1091 et
3247 1051 3355 1092 non

1776 1116 1951 1172 solum
1994 1119 2342 1186 sacerdotali,
2383 1122 2478 1179 sed
2531 1125 2694 1180 etiam
2737 1127 2884 1182 omni
2921 1126 3233 1183 Christiano
3260 1142 3359 1184 no—

1778 1206 1910 1261 mini
1937 1217 2021 1263 est
2047 1208 2345 1267 inimicum.
2371 1212 2427 1268 ld
2453 1222 2557 1279 est,
2592 1215 2731 1286 quod
2759 1217 3045 1273 nonnullos
3074 1219 3359 1291 episcopos

1780 1305 1871 1351 aut
1897 1299 2206 1356 sacerdotes
2231 1308 2326 1355 aut
2356 1312 2500 1359 metu
2548 1306 2897 1377 compellunt,
2934 1316 3029 1362 aut
3071 1308 3124 1363 vi
3168 1316 3356 1366 extor-

1777 1396 1967 1457 quent,
2021 1399 2112 1444 aut
2156 1390 2346 1448 fraude
2397 1393 2692 1464 decipiunt,
2745 1396 2954 1467 aliquos
3003 1397 3360 1456 confessionis

1779 1491 1891 1533 sua:
1921 1480 1973 1534 in
2003 1481 2228 1538 aleram
2258 1487 2657 1556 partemgquam
2685 1484 2939 1555 debeant,
2981 1499 3071 1543 aut
3106 1505 3205 1560 pro
3234 1498 3360 1547 sua-

1780 1590 1900 1631 rum
1949 1591 2052 1629 non
2106 1577 2458 1647 requisitione
2507 1594 2723 1648 rerum;
2773 1591 2885 1647 aut,
2923 1583 3068 1653 quod
3118 1583 3361 1639 deterius

1779 1683 1885 1740 est,
1933 1674 2090 1728 alieni
2139 1673 2344 1731 erroris
2399 1685 2578 1731 sectas
2631 1675 2755 1748 [al.,
2799 1693 2899 1748 pro
2945 1678 3106 1734 alieni
3153 1678 3362 1735 erroris

1782 1764 1978 1840 secta],
2009 1766 2310 1836 scripturas
2339 1756 2541 1832 facere,
2570 1777 2627 1823 et
2653 1769 2890 1840 propriis
2928 1770 3178 1827 manibus
3200 1770 3360 1826 robo-

80 1860 225 1929 pelis
275 1860 415 1933 (Jac.
466 1859 569 1928 tv).
623 1858 761 1926 Quia
808 1856 1064 1927 iniustum
1115 1866 1277 1927 atque
1312 1858 1678 1912 irrationabilc
1704 1828 1757 1917 Β
1785 1872 1931 1923 rare,
1981 1865 2037 1912 et
2086 1873 2271 1912 coram
2326 1858 2537 1930 populis
2588 1859 2819 1915 recitare
2874 1869 3038 1929 atque
3089 1858 3361 1917 confiteri.

82 1961 198 2018 est,
229 1962 289 2006 ut
333 1951 770 2021 archiepiscopus
813 1965 843 2004 a
890 1950 1065 2006 sacris
1110 1950 1410 2005 cauonibus
1458 1951 1680 2005 exorbi-

81 2052 220 2098 tans
262 2041 542 2098 excedenti
586 2042 840 2112 episcopo
885 2037 1262 2113 sull‘raganeo,
1304 2049 1358 2097 et
1387 2056 1417 2095 a
1443 2057 1502 2094 se
1530 2042 1677 2095 ordi-

81 2144 247 2200 nato,
282 2134 636 2205 professionis
683 2150 746 2189 ac
797 2134 1214 2204 subscriptionis
1248 2148 1359 2188 sum
1389 2132 1567 2188 libello
1594 2150 1680 2187 sa-

80 2226 348 2281 tisfaciat.
374 2224 525 2281 Sicut
549 2225 693 2280 enim
723 2225 1017 2281 secundum
1052 2224 1417 2295 Seripturam,
1443 2223 1626 2278 minor
1647 2239 1677 2278 a

80 2318 304 2389 majore
349 2317 688 2373 benedicitur
724 2335 740 2372 :
788 2317 862 2372 ita
907 2333 1128 2389 prorsus
1180 2316 1359 2372 minor
1390 2332 1422 2370 a
1455 2315 1679 2384 majore,

77 2420 145 2463 et
174 2426 285 2464 non
314 2410 485 2480 major
508 2425 539 2464 a
568 2408 1086 2479 minorejtnlicatttr,
1112 2408 1332 2476 ligatur,
1346 2416 1400 2463 et
1414 2407 1645 2463 solvitur
1659 2422 1687 2465 ζ.

77 2501 239 2556 sicut
267 2512 321 2556 et
350 2502 403 2555 in
428 2501 661 2557 decretis
690 2500 753 2554 Β.
783 2500 982 2557 Gelasii
1015 2499 1438 2554 demonstratur.

167 2591 249 2646 De
270 2607 335 2647 eo
359 2591 500 2661 quod
545 2592 930 2662 subsequitur:
964 2610 984 2641 1
1039 2589 1171 2645 Nam
1216 2589 1361 2645 sicut
1381 2587 1496 2658 jam
1525 2590 1691 2646 vobis

77 2682 375 2751 rescripsi,
424 2681 492 2735 ad
541 2681 685 2737 illam
741 2681 1006 2753 synodum
1063 2696 1162 2751 pro
1209 2680 1565 2750 responsione
1612 2682 1709 2759 ad,

76 2766 308 2828 litteras
358 2772 541 2828 domui
605 2772 886 2842 apostolici
946 2788 1033 2829 me
1086 2772 1334 2828 vocasti:
1385 2775 1453 2828 ad
1515 2789 1679 2844 quam

73 2864 343 2931 veniens,
371 2880 480 2920 non
504 2864 649 2919 illam
679 2878 766 2920 me
793 2864 994 2919 intrare
1016 2864 1372 2934 permisistis;
1403 2865 1498 2920 sed
1523 2873 1697 2921 extra.

74 2955 269 3022 fores,
294 2963 354 3010 ut
380 2954 661 3028 privilegio
682 2963 875 3010 vestra:
907 2956 1054 3011 sedis
1083 2955 1485 3019 subseriberem
1526 2972 1680 3012 man-

73 3046 290 3105 dastis.
324 3065 344 3098 ι
381 3046 557 3112 Dicat,
588 3059 685 3117 per
713 3061 873 3116 quem
898 3046 1004 3101 hoc
1039 3046 1114 3100 illi
1158 3054 1313 3101 extra
1357 3045 1501 3104 fores
1529 3063 1682 3102 man-

72 3136 253 3202 davi;
285 3146 341 3194 et
364 3134 634 3203 ostendat,
663 3136 934 3206 quomodo
963 3150 1152 3191 verum
1172 3149 1294 3192 esse
1315 3135 1678 3206 possit,-quo-

72 3225 243 3282 niam
269 3225 336 3281 ad
359 3225 623 3297 synodum
639 3224 890 3291 veniens,
907 3223 1183 3282 nonillttm
1212 3238 1333 3280 eam
1353 3238 1462 3293 ego.
1476 3226 1680 3281 intrare

70 3314 456 3387 permiserim.
508 3313 644 3370 Nam
692 3320 977 3383 postquam
1023 3311 1095 3370 ad
1136 3312 1467 3369 Attiniacum
1509 3308 1678 3375 venit,

69 3404 531 3476 quandoeunque
564 3402 617 3456 in
669 3402 877 3474 synodo
906 3400 1128 3466 fuimus,
1157 3408 1214 3455 et
1250 3400 1366 3470 ipse
1393 3398 1635 3455 interfuit
1662 3420 1677 3453 ;

63 3502 143 3549 et
162 3507 357 3548 coram
380 3493 471 3547 illo
492 3491 546 3547 in
585 3491 792 3563 synodo
818 3506 880 3545 ea
906 3505 1026 3560 quae
1055 3489 1302 3546 semelet
1320 3490 1560 3546 secundo
1581 3504 1693 3560 pro

63 3581 456 3659 dissolvendis
483 3581 651 3655 ipsius
683 3581 861 3653 impiis
892 3579 1332 3649 colligationibus
1357 3580 1424 3634 ad
1466 3592 1590 3634 eum
1611 3595 1680 3635 ex

62 3673 417 3748 evangelica
443 3674 689 3748 veritate,
717 3681 769 3728 et
810 3688 879 3728 ex
914 3671 1148 3729 decretis
1191 3671 1499 3741 apostolica:
1536 3670 1681 3725 sedis

63 3750 467 3829 decreveram,
515 3763 714 3818 reiecta
762 3762 1001 3818 fuerunt.
1044 3761 1114 3816 Et
1149 3763 1202 3818 in
1249 3762 1458 3833 synodo
1498 3776 1682 3816 eorum

66 3860 201 3928 illo,
235 3856 492 3911 omnibus
531 3853 896 3920 audientibus,
940 3851 1154 3909 Otulfus
1195 3853 1480 3922 episcopus
1522 3852 1685 3919 dixit,

66 3936 218 4025 eum
259 3962 406 4018 smpe
443 3946 663 4012 dicere,
693 3945 834 4000 sicut
876 3952 941 3999 et.
987 3943 1078 3999 alii
1115 3958 1238 3998 cum
1290 3957 1355 3997 eo
1387 3943 1683 3998 audiebant

65 4038 356 4114 episcopi,
382 4038 523 4109 quod
563 4037 773 4109 plenam
795 4037 1024 4093 buccam
1050 4036 1116 4092 de
1138 4051 1277 4107 aqua
1302 4052 1407 4092 non
1440 4036 1685 4095 valerent

71 4133 187 4189 illa.
212 4145 336 4200 qua:
358 4128 700 4201 legebantur.

155 4220 319 4289 Quod
351 4220 482 4276 dicit
507 4236 565 4276 se
596 4219 965 4292 respondisse,
1010 4219 1136 4290 quia
1170 4233 1445 4288 nunquam
1487 4229 1678 4278 contra

70 4309 441 4385 privilegium
493 4324 720 4375 meum,
772 4310 917 4379 quod
966 4308 1021 4362 in
1076 4307 1394 4378 metropolis
1444 4310 1679 4369 civitatis

68 4400 359 4477 dignitate
403 4400 609 4470 accepi,
641 4399 862 4457 fecisset
905 4416 921 4453 :
962 4413 1060 4456 vos
1099 4397 1359 4469 iudicate,
1389 4399 1438 4455 si
1487 4411 1679 4460 contra

1780 1948 2007 2021 Aliquos
2035 1950 2223 2004 dicunt
2264 1953 2577 2007 carceribus
2617 1961 2673 2008 et
2710 1953 2997 2023 ergastulis
3038 1954 3260 2019 recludi,
3302 1963 3364 2010 ut

1781 2039 1972 2095 saltem
2000 2040 2085 2095 his
2118 2041 2292 2095 territi
2331 2042 2541 2098 insidiis
2591 2043 2809 2099 devicnt
2856 2044 3068 2100 Domini
3112 2047 3367 2101 sacerdo.

1782 2122 1883 2195 tes,
1924 2138 1979 2184 et
2023 2132 2136 2186 suis
2165 2130 2385 2187 faveant
2430 2133 2812 2190 voluntatibus.
2846 2154 2865 2186 ι
2900 2135 2967 2191 Et
2992 2136 3363 2207 plurimisos.-

1779 2220 1964 2290 pitulis
1994 2222 2330 2292 interpositis
2354 2225 2551 2279 iterum
2594 2226 2720 2281 hinc
2749 2226 2882 2284 dicit
2922 2229 2989 2283 ad
3016 2228 3216 2294 locum,
3242 2245 3363 2300 quas

1780 2311 2106 2370 iiincmarus
2151 2316 2570 2375 adulterantium
2611 2319 2785 2378 modo.
2814 2321 3078 2379 in.rotula
3121 2338 3218 2378 sua
3265 2338 3363 2393 po-

1781 2405 1937 2460 suit:
1992 2426 2010 2459 (
2063 2407 2328 2466 Similiter
2374 2410 2425 2467 si
2459 2409 2765 2479 huiusmodi
2818 2415 3065 2484 personis
3115 2417 3363 2486 quaedam

1782 2500 2065 2568 scriptura:
2111 2504 2490 2572 quoquomodo
2531 2520 2629 2579 per
2677 2513 2907 2572 metum,
2959 2515 3052 2561 aut
3093 2506 3362 2573 fraudem,

1781 2602 1875 2647 aut
1900 2608 1997 2664 per
2030 2594 2135 2652 vim
2166 2605 2395 2652 extortae
2418 2595 2641 2664 fuerint,
2671 2598 2845 2653 velut
2878 2613 2939 2655 se
2980 2599 3212 2656 liberare
3239 2614 3367 2671 pos-

1781 2696 1924 2751 sent,
1971 2702 2293 2757 quocunque
2340 2688 2419 2747 ab.
2466 2690 2547 2746 eis
2601 2690 2923 2761 conscripta:
2966 2689 3067 2745 vel
3096 2689 3389 2749 roboratus-

1780 2775 1984 2834 fuerint
2038 2780 2275 2851 ingenio,
2340 2781 2409 2835 ad
2467 2781 2671 2836 nullum
2725 2783 2806 2839 eis
2849 2782 3222 2854 prtejudieium
3271 2791 3375 2840 aut

1779 2876 2164 2927 noeumentum
2192 2870 2481 2943 provenire
2509 2885 2799 2928 censemus
2831 2889 2847 2927 :
2875 2887 3053 2944 neque
3080 2871 3368 2931 ullam.”

1780 2957 2080 3026 infamiam,
2105 2970 2201 3016 aut
2243 2962 2590 3030 calumniam,
2631 2973 2724 3020 aut
2768 2981 2800 3019 a
2832 2966 3364 3037 suisscquestratio-

1780 3064 1903 3103 nem
1933 3049 2110 3118 bonis,
2140 3067 2376 3122 unquam
2409 3062 2632 3109 auctore
2665 3053 2885 3121 domno,
2920 3063 2981 3111 et
3006 3058 3211 3113 sanctis
3236 3071 3368 3129 apo-

1706 3138 1937 3239 Gstolis
1962 3153 2260 3209 eorumque
2289 3143 2719 3209 successoribus,
2757 3146 3032 3203 sustinere
3078 3148 3363 3217 permitte-

1786 3244 1926 3284 mus.
1956 3230 2252 3289 Confessio.
2279 3247 2409 3288 vero
2447 3233 2502 3288 in
2549 3233 2747 3292 talibus
2795 3251 2901 3294 non
2950 3237 3227 3308 compulsa
3266 3239 3367 3293 sed

1782 3330 2078 3397 spontanea
2111 3321 2226 3378 fieri
2270 3323 2466 3380 debet:
2518 3325 2638 3395 ipso
2680 3337 2972 3385 attestante
2999 3332 3091 3401 qui
3120 3332 3196 3386 ait
3229 3351 3244 3386 :
3278 3331 3364 3387 Ea:

1783 3415 1940 3469 corde
1966 3416 2104 3472 enim
2143 3417 2427 3486 procedunt
2466 3418 2778 3487 homicidia,
2803 3420 3088 3490 adulteria,
3128 3423 3365 3493 fornica-

1784 3505 1971 3569 tiones,
2004 3504 2339 3576 blasphemia:
2361 3507 2577 3580 (Matth.
2610 3511 2726 3577 xv),
2756 3519 2812 3568 et
2836 3522 3052 3579 caetera,
3096 3510 3217 3584 qua:
3240 3522 3370 3567 sunt

1785 3597 1852 3650 ad
1880 3598 1995 3651 lucc
2024 3598 2366 3667 pertinentia.
2390 3600 2500 3655 Nec
2528 3611 2732 3657 tantum
2760 3606 3084 3661 attendenda
3105 3616 3369 3677 suntquae

1786 3687 1941 3751 fiunt,
1986 3696 2248 3754 quantum
2279 3704 2386 3758 quo
2428 3692 2611 3747 animo
2643 3693 2794 3749 fiant.
2826 3716 2846 3748 ι
2884 3696 2951 3750 ΕΙ.
2994 3697 3154 3765 paulo
3197 3708 3318 3769 post
3349 3717 3375 3752 :-

1791 3795 1809 3827 ι
1849 3774 2002 3830 Unde
2030 3785 2085 3831 et
2120 3775 2250 3830 illud
2279 3787 2381 3844 est,
2406 3781 2547 3849 quod
2591 3782 2851 3840 Dominus
2890 3786 2957 3845 ad
2985 3786 3398 3843 muneraAhcl-V

1787 3864 2043 3934 respexit,
2073 3874 2124 3919 et
2159 3881 2263 3920 non
2293 3869 2362 3924 ad
2401 3868 2568 3938 Cain;
2622 3872 2746 3942 quia
2795 3874 2968 3946 magis
3020 3877 3252 3932 attendit
3298 3878 3368 3934 ad

1784 3953 2062 4012 offerentis
2090 3957 2356 4028 animum,
2391 3977 2558 4034 quam
2592 3964 2658 4021 ad
2696 3981 2757 4023 ea
2786 3982 2906 4037 qua:
2934 3967 3274 4032 oﬂ'et‘uutur..
3303 3991 3355 4027 »φ

1852 4047 2210 4108 Conferamus
2250 4054 2418 4112 verba
2444 4054 2515 4116 B,
2534 4056 2828 4113 Alexandri
2853 4075 2976 4116 cum
3001 4060 3365 4130 professione,

1718 4134 1721 4137 ’
1783 4157 1845 4200 ac
1874 4143 2271 4216 subscriptione
2297 4145 2598 4207 Hincmari.
2627 4148 2935 4209 Alexander
2960 4153 3089 4210 dicit
3129 4154 3393 4210 nonnuln-

1781 4229 1863 4287 los
1883 4231 2173 4306 episcopos.
2193 4233 2287 4290 vel
2303 4237 2640 4304 sacerdotes,
2665 4249 2760 4294 aut
2787 4251 2938 4299 metu
2968 4243 3239 4314 compelli,
3260 4260 3355 4305 aut
3382 4289 3386 4292 ι

1780 4324 1832 4378 vi
1868 4326 2199 4394 extorqueri,
2233 4335 2327 4382 aut
2369 4326 2557 4385 fraude
2596 4332 2793 4403 decipi,
2826 4333 3035 4405 aliquas
3064 4338 3365 4397 confessio-

1780 4415 1865 4471 nis
1890 4430 2001 4470 sute
2027 4415 2081 4470 in
2118 4416 2342 4472 alteram
2375 4429 2583 4489 partem
2636 4438 2801 4492 quam
2829 4424 3080 4492 debeant,
3121 4440 3217 4485 aut
3254 4446 3361 4502 pro

66 4491 436 4566 privilegium
485 4491 962 4561 metropolitanum
1023 4491 1081 4546 in
1127 4491 1214 4549 bis
1273 4507 1394 4563 qua:
1447 4492 1674 4550 audistis

1781 4519 2004 4561 suarum
2029 4519 2135 4559 non
2174 4508 2526 4576 requisitione
2556 4491 2758 4575 rerum,
2791 4523 2903 4580 aut,
2934 4518 3078 4588 quod
3117 4491 3366 4579 deterius

67 4581 474 4656 quoquomodo
506 4580 716 4637 fecerit.

151 4669 322 4738 Quod
351 4670 482 4737 dicit
515 4685 574 4726 se
602 4672 785 4726 sedem
829 4667 1179 4741 apostolicam
1222 4670 1523 4745 appellasse
1550 4690 1567 4731 :,
1594 4672 1677 4733 di-

65 4772 182 4833 cat
211 4763 335 4832 quis
374 4762 423 4817 ei
455 4763 807 4830 contradixit,
840 4768 900 4815 ut
933 4775 1085 4817 suam
1113 4762 1529 4836 appellationem
1567 4778 1684 4821 non.

63 4864 475 4927 prosequeretu
484 4869 531 4907 r.

150 4940 318 5007 Quod
346 4940 499 5007 dicit,
531 4955 637 5011 qua
678 4940 906 4996 domnus
931 4955 1026 4994 rex
1063 4956 1183 4997 mea
1233 4942 1474 4999 factione
1520 4942 1680 5001 i’nsti-
1714 4942 1717 4943 ⁷

63 5044 270 5106 gates,
300 5032 388 5103 qui
434 5031 609 5105 priori
643 5030 729 5087 die
775 5030 1004 5096 dixerat,
1055 5047 1113 5086 se
1154 5033 1288 5091 nihil
1334 5036 1408 5092 illi
1458 5049 1527 5089 ex
1575 5049 1671 5090 sua

63 5134 242 5196 parte
287 5124 655 5189 discredere;
704 5129 761 5178 et
808 5129 993 5191 postea
1051 5122 1201 5180 illum
1256 5127 1494 5185 minatus
1541 5132 1627 5181 est
1655 5139 1675 5179 :

67 5214 266 5271 domui
296 5213 437 5287 regis
462 5210 754 5281 responsio
781 5207 979 5262 valebit
1006 5210 1274 5272 sufficere.

149 5305 297 5354 nam!
324 5305 480 5354 dicit-
534 5299 666 5354 auia
711 5300 791 5354 sui
840 5299 1084 5354 homines
1131 5317 1456 5354 coepi-nmm-
1496 5321 1673 5354 rewa-

1780 4607 1893 4661 est,
1920 4593 2080 4650 alieni
2110 4598 2316 4654 erroris
2341 4608 2537 4668 sectas,
2570 4603 2870 4674 scripturas
2897 4607 3097 4676 facere,
3128 4620 3186 4668 et
3226 4627 3369 4683 proa

1778 4687 1913 4758 priis
1942 4686 2191 4742 manibus
2229 4689 2507 4758 roborare,
2551 4701 2607 4747 et
2650 4708 2831 4753 coram
2864 4699 3077 4771 populis
3129 4704 3369 4760 recitare

1780 4786 1945 4851 atque
1988 4776 2259 4833 confiteri.
2308 4780 2377 4838 Et
2414 4781 2740 4843 Hincmarus
2764 4790 3043 4859 professus
3066 4804 3175 4860 est,
3200 4801 3367 4863 atque

1780 4867 2105 4939 subscripsit
2153 4867 2257 4926 hoc
2307 4873 2512 4931 modo:
2563 4874 2733 4950 LEgo
2782 4880 3108 4940 Hinemarus
3150 4885 3368 4941 Laudo-

1781 4961 1970 5017 nensis
1995 4956 2248 5017 Ecclesia:
2276 4963 2573 5035 episcopus
2589 4969 2784 5026 amodo
2809 4981 2864 5028 et
2891 4973 3145 5042 deinceps
3167 4976 3379 5031 domno

1778 5050 1988 5109 seniori
2017 5061 2141 5104 meo
2181 5047 2377 5110 Carolo
2410 5052 2527 5122 regi
2560 5052 2639 5108 sic
2668 5057 2838 5117 fidelis
2879 5071 2936 5118 et
2979 5061 3240 5117 obediens
3274 5076 3368 5117 so-

1776 5145 2022 5202 cuttdum
2080 5139 2446 5206 ministerium
2487 5158 2668 5201 meum
2709 5164 2824 5219 ero,
2869 5155 3013 5210 sicut
3056 5152 3221 5207 homo
3271 5169 3372 5209 suo

1775 5234 2017 5302 seniori,
2069 5235 2127 5286 et
2168 5230 2460 5310 episcopus
2489 5247 2588 5304 per
2625 5247 2835 5296 rectum
2864 5238 3104 5309 suo’regi
3130 5242 3375 5297 essedo-

1773 5319 1859 5354 Iun
1946 5332 1965 5354 ι
1985 5345 2007 5354 ρ.
2034 5320 2312 5354 η-ἷυῖιοηῖΑ
2346 5326 2629 5354 εις-ηυυ-ηηξ
2657 5340 2857 5354 ...ι-..-κ
2877 5332 3051 5354 ,ιε.-..ε
3087 5332 3271 5354 _..-..2._
3285 5333 3324 5354 ,ε

2968 5348 3051 5354 ρ..-
3087 5346 3271 5354 --.Α-.--
3285 5348 3371 5354 --.Α
