4002 6296
636 268 744 327 627

1597 277 1931 335 nmmum
1969 263 2364 338 RIIEMENSIS
2401 282 2927 346 ARClilEPlSCOPi
3704 309 3768 366 σεε

637 385 872 441 debent:
908 399 1012 443 nec
1036 386 1239 459 aliquid
1280 387 1353 445 ibi
1383 399 1540 446 sonat
1567 388 1637 447 de
1673 391 2012 449 confessione
2052 392 2108 448 in
2139 393 2213 447 al-
2243 395 2292 457 Α
2321 395 2585 456 dicentem
2615 417 2682 457 ex
2704 417 2803 457 sua
2831 417 3088 474 persona:
3111 425 3127 458 ι
3151 404 3304 462 Certe
3323 407 3473 466 sinon
3487 425 3769 481 nocetextom

639 486 814 535 teram
842 487 1049 550 partem
1090 495 1252 550 quam
1275 479 1487 549 debeat,
1521 498 1698 556 neque
1731 499 1832 555 pro
1860 501 2079 541 suarum
2109 501 2218 542 non

639 572 992 642 requisitione
1031 587 1234 640 rerum,
1263 589 1438 646 neque
1481 576 1550 631 de
1580 577 1747 632 sectis
1776 577 1937 632 alieni
1972 577 2215 633 erroris:

640 674 746 717 nec
773 675 898 716 eum
946 661 1256 732 quisquam,
1313 673 1374 719 ut
1419 666 1809 734 subscriberet,
1855 677 1948 722 aut
1998 669 2051 724 in
2100 684 2220 725 car-

637 763 795 816 cere,
853 761 948 806 aut
1000 753 1056 807 in
1105 754 1380 826 ergastulo
1446 756 1699 822 reclusit,
1755 768 1814 814 ut
1858 759 1942 814 his
1995 759 2219 815 territus

637 845 879 910 insidiis,
918 847 1132 902 Domini
1161 847 1406 904 deviaret
1451 851 1706 907 sacerdos
1726 891 1740 919 ,
1766 859 1822 906 et
1850 852 2218 908 voluntatibus

561 964 574 971 —
636 931 830 990 alienis
853 933 1082 992 faveret.

1181 1031 1408 1087 CAPUT
1443 1032 1683 1090 XXXIV.

937 1117 1194 1190 Ejusdem
1219 1123 1549 1192 refutationis
1574 1127 1918 1181 continuatio.

712 1227 794 1286 De
848 1245 915 1286 eo
969 1232 1114 1301 quod
1151 1233 1350 1289 ibidem
1395 1236 1777 1308 subsequitur:
1814 1257 1832 1290 ι
1871 1239 1928 1294 Si
1965 1256 2071 1295 non
2097 1250 2222 1296 sunt

638 1327 854 1376 tantum
899 1322 1224 1378 attendenda
1253 1339 1373 1395 quae
1399 1326 1564 1392 fiunt,
1596 1337 1856 1398 quantum
1888 1345 1994 1399 quo
2040 1331 2220 1386 animo

636 1409 801 1477 ﬁant;
829 1426 937 1482 quo
983 1413 1164 1469 animo
1203 1429 1303 1485 ego
1346 1415 1475 1471 illud
1524 1417 1764 1483 fecerim,
1816 1434 1987 1489 neque
2028 1436 2219 1491 parum

635 1503 814 1558 ueiens
837 1505 1034 1575 poterit
1062 1505 1315 1576 ignorare
1341 1525 1356 1560 :
1387 1508 1478 1578 qui
1513 1509 1676 1563 etiam
1711 1508 1878 1564 multo
1908 1511 2060 1581 plura
2094 1521 2220 1566 tunc

633 1607 812 1650 essem
856 1595 1118 1664 facturus,
1145 1608 1206 1652 ut
1234 1614 1383 1653 meos
1412 1598 1503 1669 qui
1532 1600 1735 1654 innoxii
1771 1608 1943 1665 erant,
1977 1609 2031 1655 et
2058 1616 2220 1656 causa

634 1686 742 1742 mei
769 1688 1235 1758 opprimebantur,
1267 1705 1479 1760 possem
1515 1690 1765 1746 liberare.
1805 1711 1823 1744 ›
1857 1691 2058 1748 Paulus
2084 1708 2216 1762 apo-

634 1777 806 1834 st‘olus
850 1779 1020 1835 dicit:
1062 1779 1174 1835 Lex
1209 1799 1312 1836 non
1340 1791 1414 1838 est
1462 1783 1631 1850 posita
1654 1783 1840 1853 justis,
1870 1786 1958 1840 sed
2006 1786 2219 1855 injustis

637 1868 689 1940 (ι
717 1866 854 1924 Tim.
883 1871 946 1942 ι).
980 1872 1047 1927 Ει
1072 1872 1199 1929 hinc
1229 1871 1288 1929 S.
1322 1873 1434 1930 Leo
1460 1876 1591 1931 dicit
1617 1875 1864 1932 scribens
1897 1878 1965 1933 ad
2000 1863 2250 1933 Raven-'

634 1959 786 2015 nium
814 1961 987 2033 (epist.
1019 1963 1109 2034 90)
1135 1983 1148 2019 :
1180 1982 1199 2016 ι
1229 1963 1381 2022 Justo
1403 1967 1601 2036 quippe
1629 1967 1748 2022 ideo
1775 1968 1973 2024 dicitur
2002 1969 2085 2025 lex
2113 1986 2219 2026 non

635 2064 757 2109 esse
784 2054 978 2124 posita,
1005 2057 1129 2126 quia
1160 2073 1405 2112 normam
1433 2059 1810 2129 prteceptionis
1850 2060 2039 2131 implet
2077 2061 2221 2130 judi-

635 2145 723 2200 cio
747 2145 1060 2202 voluntatis.
1087 2168 1105 2200 ι
1125 2148 1182 2204 Si
1211 2151 1293 2204 sui
1323 2152 1414 2222 qui
1447 2167 1570 2206 eum
1597 2151 1665 2206 ad
1693 2151 2004 2206 Pauliacum
2047 2153 2218 2208 secuti

633 2231 872 2303 fuerunt,
891 2238 1321 2295 rewadiaverunt
1339 2255 1437 2313 per
1461 2241 1650 2313 legem,
1667 2243 1808 2313 quod
1835 2251 2022 2298 contra
2048 2242 2220 2315 legem

635 2327 1056 2394 commiserunt,
1087 2329 1294 2386 innoxii
1343 2347 1450 2388 non
1478 2342 1663 2400 erant;
1698 2342 1754 2389 et
1787 2333 2014 2390 domnus
2041 2352 2136 2391 rex
2162 2346 2223 2391 ut

633 2414 828 2472 noxios
857 2417 1182 2490 distringere
1208 2417 1409 2488 jussit:
1440 2431 1702 2492 quantum
1727 2424 1990 2480 audemus
2017 2425 2217 2492 dicere,

635 2512 827 2561 contra
874 2509 1085 2577 regium
1130 2511 1491 2567 ministerium
1537 2513 1686 2569 fecit.
1736 2512 1791 2568 Si
1834 2514 2044 2584 judices
2087 2515 2221 2587 regii

633 2603 828 2650 contra
860 2596 1036 2668 legem
1063 2599 1335 2666 innoxios,
1380 2603 1525 2658 velut
1572 2603 1765 2660 noxios
1805 2603 2220 2673 distrinxerunt,

633 2688 1084 2755 praevaricatores
1128 2689 1263 2763 legis
1306 2691 1568 2748 fuerunt:
1612 2694 1658 2749 si
1702 2694 1937 2751 arbitros
1981 2693 2220 2770 [arbitri]

635 2775 911 2842 innoxios,
942 2778 1088 2835 velut
1116 2781 1308 2837 noxios
1331 2782 1736 2852 iudicaverunt,
1765 2785 2142 2841 auctoritatem
2167 2797 2221 2841 et

636 2865 816 2921 locum
858 2867 1044 2938 iudicii
1092 2872 1344 2928 amittere
1394 2886 1727 2932 meruerunt.
1755 2876 1898 2945 Quia
1947 2894 2076 2935 vero
2121 2895 2220 2934 nec

638 2955 775 3026 ipse,
808 2972 909 3014 nec
950 2959 1148 3032 aliquis
1191 2978 1432 3030 suorum,
1477 2981 1536 3021 se
1584 2975 1712 3023 tunc
1760 2969 1813 3022 in
1862 2968 2070 3038 judicio
2110 2972 2220 3040 pati

635 3048 1008 3120 przejudicitnn
1035 3053 1350 3111 reclamavit
1373 3071 1388 3110 :
1415 3066 1468 3111 et
1495 3057 1553 3113 S.
1583 3056 1876 3130 Gregorius
1898 3076 2038 3131 saepe
2067 3061 2218 3130 juxta

639 3139 786 3210 leges
825 3149 881 3197 et
921 3158 1158 3201 canones
1201 3147 1479 3204 terminari
1523 3149 1762 3205 decrevit
1798 3150 2042 3220 judicia:
2077 3163 2128 3209 et
2156 3170 2223 3210 ex
2253 3121 2298 3184 Ο

638 3231 1088 3302 interpretatione
1133 3236 1266 3309 legis
1313 3237 1536 3296 Honorii
1582 3250 1638 3296 et
1668 3242 1956 3299 Theodosii
2003 3247 2221 3313 dicitur,

638 3322 893 3390 quoniam
912 3342 931 3376 ι
952 3327 1262 3398 quicunque
1283 3331 1425 3400 quod
1449 3331 1504 3385 in
1526 3330 1732 3400 judicio
1757 3334 2069 3390 adversario
2089 3352 2226 3406 pra:-

641 3421 799 3468 scn—te
829 3429 934 3470 non
968 3419 1203 3487 repetiit,
1232 3429 1419 3489 postea
1459 3422 1526 3478 de
1561 3423 1754 3479 eadem
1789 3440 1847 3480 re
1873 3425 2022 3480 litem
2061 3428 2220 3483 aliam

639 3516 748 3557 non
779 3505 978 3573 poterit
1015 3507 1291 3564 inchoare.
1339 3509 1534 3582 Legem
1585 3513 1886 3578 conculcat,
1915 3517 2005 3585 qui
2037 3526 2225 3572 contra

639 3587 833 3666 legem,
868 3598 1110 3670 legaliter
1130 3601 1392 3671 judicata,
1419 3604 1581 3659 etiam
1611 3606 1836 3677 scripto,
1861 3608 2099 3662 rediviva
2130 3609 2226 3665 lite

643 3689 984 3746 condemnat.
1019 3693 1135 3748 ι-Ει
1164 3695 1289 3763 quia
1331 3710 1589 3764 personas
1629 3698 1873 3768 privatas
1899 3715 2024 3755 suos
2055 3701 2228 3756 homi-

641 3793 740 3837 nes
769 3795 954 3839 contra
980 3785 1151 3855 legem
1182 3787 1545 3856 distrinxissc,
1567 3790 1653 3845 vel
1674 3789 1949 3860 iudicasse
1975 3792 2223 3849 llincma-

641 3889 741 3931 rus
779 3878 1010 3946 probare
1059 3893 1164 3933 non
1207 3889 1425 3949 potest:
1469 3891 1716 3949 constat,
1754 3884 1797 3940 si
1842 3885 1926 3940 sui
1977 3885 2224 3942 homines

639 3966 884 4038 legaliter
912 3970 1296 4036 rewadiarunt,
1327 3973 1472 4040 quod
1498 3983 1684 4028 contra
1726 3975 1899 4046 legem
1937 3979 2227 4034 commise-

639 4068 802 4124 runt,
854 4061 1061 4114 innoxii
1104 4076 1208 4115 non
1242 4062 1474 4119 fuerunt.
1508 4065 1576 4118 Et
1619 4066 1711 4135 qui
1744 4065 1948 4138 [supple
1989 4069 2140 4141 dicit]
2171 4086 2229 4126 se

641 4150 968 4205 conduxisse
997 4150 1150 4217 illos,
1183 4161 1244 4207 ut
1269 4168 1394 4209 eum
1419 4155 1488 4209 ad
1514 4155 1864 4211 commissum
1911 4158 2040 4212 illud
2087 4161 2228 4230 quod

643 4246 1098 4312 rewadiaverunt,
1123 4259 1501 4318 sequerentur,
1517 4250 1609 4320 qui
1640 4251 1786 4306 noxii
1811 4250 1960 4308 fuere
1980 4254 2222 4322 probati:

643 4335 906 4392 innoxius
933 4337 1033 4393 rite
1059 4338 1163 4395 dici
1195 4356 1300 4396 non
1325 4349 1534 4410 potest,
1567 4350 1622 4398 et
1644 4341 1837 4399 noxius
1868 4343 2116 4401 innoxios
2143 4345 2224 4400 fa-

644 4441 768 4481 cere
797 4441 897 4482 suo
927 4429 1236 4486 testimonio
1261 4429 1468 4500 nequit.

717 4515 794 4571 De
843 4519 944 4574 hoc
989 4521 1132 4590 quod
1178 4520 1341 4586 dicit,
1386 4521 1445 4576 S.
1501 4521 1823 4593 Gregorium
1873 4523 2153 4594 scripsisse
2194 4539 2228 4578 a

643 4603 902 4675 Pompeio
930 4609 1183 4680 episcopo
1213 4628 1233 4662 ε
1270 4612 1545 4678 cruciate,
1579 4598 1927 4684 cremataque.
1956 4613 2097 4668 fame
2131 4629 2224 4669 cx—

645 4709 791 4754 to-rta
822 4699 1163 4757 confessione
1188 4701 1477 4775 [extortam
1509 4703 1952 4776 confessionem]:
1984 4724 2002 4757 ›
2043 4720 2140 4759 nos
2173 4705 2226 4759 in

647 4789 739 4846 illa
771 4791 976 4862 synodo
1017 4793 1150 4848 satis
1181 4809 1446 4865 superque
1491 4794 1641 4851 illum
1685 4795 1921 4851 vidimus
1949 4795 2231 4866 corpulen-

645 4891 788 4949 tum,
841 4892 1014 4954 atque
1052 4883 1395 4951 confessum;
1439 4885 1495 4942 et'
1549 4883 1656 4942 non
1709 4888 2008 4942 cruciatum
2055 4902 2231 4957 neque

646 4981 898 5029 necatum
946 4972 1087 5027 fame
1114 4966 1173 5026 ut
1198 4970 1545 5051 profiteretur
1577 4990 1640 5029 ac
1675 4975 2063 5041 subscriberet,
2092 4975 2230 5030 vidi-
2271 4979 2274 4982 ’

648 5079 769 5119 mus
795 5063 878 5120 vel
908 5063 1246 5118 audivimus.

708 5154 800 5209 De
823 5154 926 5209 hoc
953 5153 1096 5224 quod
1129 5153 1298 5208 dicit:
1329 5161 1358 5206 ἰ
1401 5153 1562 5210 Certe
1605 5156 1651 5211 si
1697 5171 1802 5210 non
1833 5164 1991 5211 nocet
2019 5163 2231 5212 extorta

650 5246 938 5312 confessio,
963 5262 1072 5302 non
1099 5247 1254 5302 obest
1281 5255 1490 5302 extorta
1517 5248 1858 5317 subscriptio.
1895 5268 1913 5298 ι
1947 5247 2084 5303 Ρυιο
2115 5247 2228 5303 cla-

653 5352 802 5393 mare
827 5353 973 5394 nunc
999 5347 1188 5393 contra
1231 5337 1384 5392 illum
1423 5339 1490 5392 de
1529 5339 1694 5402 cado,
1726 5347 1776 5392 et
1823 5339 2152 5394 clamaturos
2178 5339 2230 5394 in

653 5429 836 5483 divino
846 5429 1050 5498 judicio
1071 5430 1330 5485 ducentos
1351 5429 1756 5498 quatuordecim
1784 5439 2010 5484 sanctos
2033 5428 2234 5498 cpisco-
2278 5431 2282 5436 ’

655 5531 772 5585 pos,
805 5519 895 5586 qui
926 5518 979 5572 in
1025 5519 1434 5590 Carthaginiensi
1484 5519 1711 5574 concilio
1753 5518 2109 5574 decreverunt
2131 5557 2146 5581 ,
2177 5526 2235 5570 ut

665 5625 684 5656 ι
719 5607 761 5662 si
791 5607 914 5677 quis
939 5618 1126 5665 contra
1149 5627 1300 5666 suam
1323 5609 1734 5682 professionem,
1763 5611 1846 5665 vel
1876 5609 2230 5678 subscriptio-

662 5710 787 5752 nem
812 5699 1018 5754 venerit
1046 5701 1099 5755 in
1131 5701 1326 5773 aliquo,
1362 5703 1476 5774 ipse
1514 5717 1574 5759 se
1617 5703 1822 5759 honore
1849 5700 2102 5771 privabit.
2125 5719 2141 5752 ›
2169 5699 2235 5757 Et

2319 487 2609 556 confessio,
2639 508 2745 546 non
2774 495 2928 549 obest
2954 504 3164 551 extorta
3191 497 3489 569 subscriptio
3517 520 3528 556 :
3559 493 3578 556 ›Δ
3602 509 3679 564 nisi
3697 527 3770 581 pe-

2319 579 2602 636 nitentiam
2628 583 2820 652 egerit,
2848 585 3011 640 credo
3038 586 3185 640 illum
3216 588 3350 644 inter
3374 590 3466 645 alia
3489 593 3547 649 de
3575 594 3654 652 hoc
3671 579 3769 658 mea.

2320 670 2476 727 dacio
2501 673 2569 729 ab
2606 675 2807 730 eisdem
2844 677 3047 733 sanctis
3073 679 3330 750 episcopis
3365 678 3673 749 iudicandum.
3703 692 3768 746 Sed

2319 771 2373 820 et
2402 781 2430 820 a
2467 767 2626 822 beato
2651 767 2912 840 Gregorio
2938 772 3390 828 condemnandum
3407 815 3420 839 ,
3447 776 3527 846 qui
3552 771 3768 850 scripsitad

2321 855 2686 914 Theoctistam
2724 862 3003 930 patriciam
3031 861 3089 933 (ι.
3129 879 3205 928 Ill,
3232 881 3308 930 ep.
3337 863 3448 934 59):
3476 886 3491 918 ί
3521 865 3568 920 Si
3594 871 3662 938 qui
3693 885 3770 928 sunt

2320 951 2412 1020 qui
2437 952 2654 1020 dicunt,
2683 955 2807 1024 quia
2854 956 3162 1025 compulsus
3192 957 3442 1028 quispiam
3471 961 3770 1020 necessitatesc

2320 1041 2882 1110 anathematizaverit,
2913 1045 3271 1100 anathematis
3304 1046 3498 1102 vinculo
3521 1065 3608 1104 non
3631 1056 3768 1121 teneri,

2321 1130 2423 1200 ipsi
2453 1131 2553 1186 sibi
2586 1143 2749 1189 testes
2777 1145 2920 1200 sunt,
2953 1137 3078 1205 quia
3103 1136 3387 1192 Christiani
3425 1155 3517 1194 non
3544 1147 3768 1214 sunt:quia

2320 1217 2608 1290 ligamenta
2655 1232 2853 1278 sanctae
2879 1225 3136 1280 Ecclesiae
3175 1228 3324 1281 vanis
3351 1242 3404 1282 se
3430 1228 3653 1286 :eslimant
3670 1248 3771 1288 coin-

2323 1310 2466 1364 tibus
2497 1312 2705 1367 solvere
2732 1333 2744 1368 :
2783 1329 2846 1369 ac
2885 1331 2982 1383 per
3020 1317 3123 1371 hoc
3154 1332 3251 1372 nec
3279 1317 3621 1373 absolutionem
3643 1331 3771 1376 sancta:

2322 1403 2597 1469 Ecclesiae,
2625 1421 2786 1474 quam
2835 1415 3056 1476 praestat
3106 1407 3376 1475 ﬁdelibus,
3399 1422 3557 1462 veram
3581 1420 3726 1478 putant,
3742 1411 3770 1466 si

2323 1494 2425 1564 liga
2436 1504 2581 1550 turas
2606 1496 2720 1564 ejus
2743 1495 2924 1552 valere
2954 1514 3057 1551 non
3081 1498 3361 1552 aestimant.
3385 1497 3560 1552 Contra
3581 1514 3681 1568 quos
3696 1499 3768 1553 diu-

2325 1586 2432 1639 tius
2451 1585 2829 1656 disputandum
2854 1603 2959 1641 non
2983 1595 3086 1652 est,
3104 1588 3228 1658 quia
3253 1603 3345 1658 per
3363 1587 3523 1642 omnia
3543 1588 3768 1658 despicieadi

2325 1683 2378 1732 et
2404 1679 2889 1734 anathematizandi
2913 1689 3060 1746 sunt,
3084 1690 3138 1735 et
3161 1681 3300 1736 unde
3321 1697 3375 1736 se
3403 1680 3561 1736 fallere
3580 1683 3766 1737 veritatem

2325 1771 2574 1838 credunt,
2608 1771 2732 1828 inde
2776 1772 2828 1826 in
2868 1772 3105 1842 peccatis
3155 1773 3264 1828 suis
3309 1771 3763 1842 veraciusligantur.»

2323 1861 2392 1917 Et
2435 1862 2710 1933 aliquanto
2741 1865 3024 1934 superius:
3056 1883 3075 1916 ‹
3115 1864 3182 1919 Et
3211 1865 3331 1935 quia
3362 1864 3402 1919 si
3427 1864 3643 1934 compulsi
3664 1863 3765 1933 aliqui

2323 1954 2389 2010 de
2418 1955 2612 2024 quibus
2641 1955 3198 2024 reprchendebantur,
3241 1956 3641 2010 anathematizarc
3662 1955 3765 2010 sedi-

2323 2056 2532 2112 cerent,
2558 2048 2917 2102 anathetnatis
2948 2048 3163 2103 vinculo
3193 2049 3334 2103 nullo
3362 2051 3504 2105 modo
3527 2049 3669 2104 teneri.
3687 2045 3764 2101 Etsi

2324 2146 2453 2189 sunt
2493 2136 2584 2206 qui
2632 2137 2934 2191 certissime
2964 2137 3091 2191 talia
3123 2138 3386 2203 sentiunt,
3425 2138 3496 2192 vel
3523 2146 3672 2200 tenent,
3691 2136 3764 2204 quia

2323 2224 2613 2281 Christiani
2642 2243 2744 2282 non
2772 2238 2918 2292 sunt,
2946 2228 3172 2282 dubium
3205 2244 3306 2312 non
3329 2239 3406 2283 est
3428 2246 3439 2282 :
3461 2243 3622 2296 eosque
3641 2235 3764 2294 etego,

2324 2325 2374 2372 et
2403 2322 2594 2374 omnes
2622 2317 2875 2374 catholici
2901 2319 3164 2391 episcopi,
3192 2330 3348 2390 atque
3376 2321 3589 2372 universa
3611 2315 3764 2370 Ecclesia

2325 2413 2847 2468 anathematizamus
2873 2454 2888 2479 ,
2923 2413 3050 2483 quia
3081 2415 3292 2469 veritati
3323 2412 3561 2469 contraria
3587 2408 3764 2470 sentiunt,

2325 2511 2379 2554 et
2405 2503 2677 2558 contraria
2707 2503 3019 2573 loquuntur.
3045 2524 3061 2557 ι
3087 2503 3193 2560 Sed
3219 2513 3271 2560 et
3297 2505 3416 2558 mihi
3437 2503 3525 2556 alia
3543 2497 3767 2555 mendaciter

2328 2593 2616 2663 impingit:
2647 2595 2738 2649 sed
2768 2602 2823 2649 et
2851 2611 3014 2665 super
3040 2597 3300 2668 scriptum
3325 2595 3539 2665 quaedam
3560 2592 3765 2653 «Μίκων

2327 2694 2410 2740 tra
2442 2701 2560 2755 qua:
2589 2685 2808 2758 longum
2835 2696 2917 2743 est
2942 2688 3076 2742 mihi
3125 2689 3356 2744 scribere
3377 2728 3390 2752 ,
3422 2694 3471 2740 et
3494 2683 3614 2740 vobis
3635 2680 3764 2735 audire.

2867 2798 3098 2856 CAPUT
3139 2799 3350 2856 XXXV.

2330 2887 2484 2953 Quod
2528 2890 2682 2961 tertio
2721 2900 2930 2944 vocatus
2971 2891 3046 2961 ad,
3089 2891 3341 2961 synodum
3384 2905 3474 2942 non
3509 2883 3766 2954 respondit,“

2629 2960 2745 3014 ideo
2775 2961 2991 3013 tractari
3013 2960 3164 3014 debet
3195 2971 3249 3014 ut
3279 2970 3542 3013 contumax.

2398 3051 2536 3107 Ecce
2578 3050 2785 3106 audivit
2834 3057 3013 3105 vestra
3058 3050 3403 3114 fraternitas,
3429 3043 3642 3118 quomodo
3673 3047 3707 3093 et
3735 3037 3766 3089 in

2328 3143 2546 3212 quantis
2575 3141 2842 3210 scriptura
2885 3139 3069 3196 fratris
3119 3141 3386 3196 lIincmari
3430 3140 3490 3193 sit
3529 3135 3706 3190 mendax.
3727 3127 3766 3180 Ει

2329 3234 2470 3289 sicut
2493 3247 2660 3288 sacrm
2688 3231 2833 3301 leges
2860 3231 3062 3297 dicunt,
3091 3232 3217 3303 quia
3245 3231 3342 3286 hoc
3370 3231 3416 3285 in
3441 3227 3637 3284 omnibus
3655 3217 3768 3275 causis

2329 3331 2589 3379 statutum
2613 3332 2723 3389 est,
2764 3331 2824 3376 ut
2849 3323 3175 3392 scripturam
3223 3323 3444 3394 prolator
3467 3319 3667 3373 allirmet:
3689 3322 3767 3363 nam

2329 3417 2373 3471 si
2402 3417 2448 3470 is
2473 3416 2562 3486 qui
2590 3415 2914 3486 scripturam
2941 3416 3190 3485 protulit,
3219 3415 3331 3484 ejus
3359 3429 3451 3468 non
3470 3403 3689 3498 astruxerit

2328 3507 2566 3570 ritatcm,
2615 3515 2675 3560 ut
2715 3506 2965 3562 falsitatis
2997 3523 3156 3562 reum
3185 3523 3300 3562 esse
3335 3501 3621 3560 retinendum.
3658 3491 3706 3544 Et
3737 3491 3773 3540 in

2327 3595 2558 3653 concilio
2577 3595 2868 3665 Eplicsino,
2887 3605 2940 3650 ct
2965 3594 3404 3658 Chalcedonensi,
3418 3591 3544 3647 sedet
3562 3585 3599 3638 in
3616 3579 3768 3678 quinia,

2329 3703 2394 3742 ac
2420 3695 2571 3742 sexta
2599 3688 2823 3758 synodo,
2861 3688 3099 3757 pr0priis
3143 3686 3416 3758 scripturis
3450 3671 3771 3739 etsubscript'to-

2330 3779 2487 3832 nibus
2511 3779 2624 3833 suis
2661 3777 2959 3842 convictos,
3000 3778 3372 3847 nullorumque
3408 3774 3589 3828 aliorum
3622 3769 3774 3847 300"!“

2331 3870 2530 3924 lienem
2581 3869 2666 3924 vel
2710 3867 3144 3923 testificationem
3211 3865 3529 3936 requisitam,
3568 3846 3769 3943 secundm}!

2331 3975 2514 4015 sacras
2561 3959 2739 4031 leges,
2789 3960 3029 4014 dicentes
3077 3961 3415 4030 quoscunque
3457 3941 3648 4006 convinci
3684 3948 3771 3992 scrt-

2329 4061 2486 4123 ptura
2516 4052 2599 4108 vel
2632 4051 2877 4116 testibus,
2913 4051 3144 4122 legimus
3169 4053 3432 4106 damnatos
3459 4041 3607 4096 fuisse.

2401 4141 2508 4198 Sed
2564 4150 2620 4197 et
2673 4141 2831 4197 tertio
2881 4151 3135 4208 vocatos,
3189 4150 3243 4196 et
3285 4137 3455 4193 venire
3485 4127 3772 4214 detractantes,

2331 4234 2555 4305 {quanto
2600 4237 2772 4308 magis
2816 4245 2937 4307 post
2981 4243 3058 4290 tot
3097 4250 3161 4289 ac
3194 4242 3364 4288 tantas
3400 4206 3773 4313 cotnmottitiOIteSTi

2329 4329 2476 4382 omni
2510 4329 2834 4384 sacerdotali
2883 4329 3057 4383 oflicio
3101 4327 3264 4382 etiam
3314 4323 3538 4377 absentes
3571 4309 3774 4397 inveniatis

2333 4419 2446 4472 fore
2475 4419 2738 4488 privatos.
2758 4419 2866 4475 Sed
2893 4431 2944 4474 et
2966 4418 3224 4474 Joannem
3248 4411 3520 4471 Antiochia:
3538 4402 3669 4460 tertia:
3687 4391 3775 4448 sedis

2330 4511 2664 4582 episcopum,
2693 4513 2820 4582 quia
2842 4511 3208 4581 blasphemias
3225 4519 3401 4565 contra
3427 4497 3636 4573 Cyrillum
3655 4495 3776 4580 secuti-

2331 4602 2413 4658 (ἴω
2453 4604 2602 4659 sedis
2625 4605 3087 4674 archiepiscOpum
3115 4619 3211 4674 per
3242 4599 3444 4656 libellos
3469 4587 3642 4648 emisit,
3675 4583 3776 4674 ιετξιθ

2332 4705 2607 4761 vocatum,
2636 4703 2689 4749 et
2729 4710 2836 4749 non
2877 4695 3162 4750 adeuntem
3188 4691 3491 4763 Ephesinam
3516 4674 3712 4752 synodum
3730 4663 3776 4763 1:3:

2335 4789 2511 4859 gintus
2544 4787 2739 4842 ibidem
2788 4783 2959 4842 fuisse
3002 4783 3523 4842 excommunicatum.
3559 4759 3774 4859 i‘iecnont:l

2336 4854 2650 4933 l)ioscorum
2699 4878 2948 4932 secundae
2993 4878 3138 4932 sedis
3178 4870 3530 4929 Alexandrina:
3563 4854 3776 4950 ερὶεεξνέίῗ

2337 4971 2476 5025 inter
2503 4977 2720 5034 caetera,
2757 4969 3011 5038 quoniam
3040 4969 3294 5022 adversus
3329 4959 3592 5032 regularem
3611 4942 3774 5038 Ol‘dﬂl‘”:l

2277 5057 2280 5061 ’
2333 5070 2387 5118 et
2416 5060 2836 5117 ecclesiasticam
2873 5060 3045 5130 egerit
3069 5057 3394 5126 disciplinam
3424 5069 3436 5104 :
3465 5049 3642 5110 insul)cr
3671 5033 3777 5130 cui?)

2335 5153 2465 5223 quia
2495 5151 2690 5206 multos
2731 5123 2937 5206 libellos
2966 5149 3153 5220 plenos
3183 5123 3527 5220 iniquitatibus
3551 5123 3774 5223 Δοοηῑη-ίξς

2335 5235 2735 5314 chiepiscopum
2773 5258 2929 5298 suum
2960 5242 3143 5311 prima:
3172 5237 3310 5293 sedis
3337 5241 3524 5300 magna?
3548 5214 3779 5344 Remis:

2395 5335 2404 5344 .
2471 5336 2482 5344 -
2842 5335 2852 5344 ¹
2941 5334 2968 5344 ⁷.
3034 5333 3046 5344 ⁸
3224 5329 3244 5344 ¹’
3377 5342 3388 5344 -
3402 5340 3440 5344 γι-
3491 5323 3645 5344 οηιηιηε
3701 5335 3726 5344 ν.

2334 5311 2636 5390 ctissimum
2663 5344 2716 5389 et
2743 5333 3195 5404 sapientissimum
3224 5329 3463 5386 Leonem,
3491 5311 3776 5404 δίιῬίυδξθῗξῗῗ

2340 5384 2636 5390 “mm—w—
2669 5384 2715 5389 --
2744 5384 3102 5404 "rm-ww.
3451 5384 3456 5386 ν
3544 5405 3552 5414 _
3728 5384 3772 5402 -.

2337 5426 2585 5480 siasticos
2633 5425 2958 5480 conculcans
3011 5435 3241 5477 canones
3292 5418 3341 5472 in
3387 5384 3780 5524 concihoholzﬂ‘ﬂ;

2337 5517 2603 5586 privatum
2652 5515 2799 5570 omni
2850 5511 3167 5569 sacerdotali
3216 5489 3627 5606 mihist-etim}:

2335 5574 2652 5662 beatissimo
2680 5605 2857 5660 Leone
2885 5619 2981 5675 per
3007 5601 3236 5658 vicarios
3265 5611 3384 5652 suos
3409 5593 3455 5646 in
3476 5583 3628 5642 eadem

2337 5697 2542 5768 synodo
2571 5664 3029 5763 Chalcedonensi;
3060 5705 3111 5752 et
3153 5683 3579 5762 tertio'vocaturn.
3611 5674 3703 5736 (ιυιιι
3723 5664 3760 5712 δ’
