4002 6296
172 245 290 304 629

965 243 1210 331 OPUSC:
1238 241 1340 327 ET
1375 239 1596 300 EPIST.
1633 241 1704 299 1N
1738 240 1964 301 CAUSA
2004 240 2338 301 HINCHARI
2371 238 2677 303 LAUDUN.
2757 266 2763 273 κ

3340 226 3445 327 (ξεί)

172 340 329 412 ιωξιο
357 360 418 411 s‘e
459 362 792 425 prtcseutarc
829 356 1183 431 contempsit,
1234 355 1512 411 absentem
1541 352 1767 424 legimus
1797 355 1844 416 Α
1871 354 1917 411 si
1942 371 2057 411 rem
2086 356 2387 427 probasset,
2410 355 2639 411 alterum
2661 352 2706 409 si
2733 367 2839 408 non
2863 362 3006 409 esset
3031 354 3099 409 ab
3128 362 3445 409 accusatore

172 450 357 505 fuisse
404 448 739 503 damnatum.
788 445 987 501 Verum
1036 447 1104 502 de
1159 447 1299 502 trina
1350 445 1769 502 commonitione
1868 447 2168 513 convictus,
2192 463 2297 504 non
2322 448 2376 504 id
2406 447 2548 518 quod
2574 444 2799 516 iustitiae
2828 454 2911 501 est
2950 446 3108 518 iudex
3137 454 3441 517 sequatur;

173 557 357 600 sacra:
388 540 534 612 leges
563 539 771 605 dicunt,
798 539 1108 610 quicunque
1142 538 1318 594 tribus
1360 536 1772 593 auctoritatibus

169 634 384 703 iudicis
413 641 731 697 conventus,
761 631 848 687 vel
872 631 1044 686 tribus
1070 630 1263 686 edictis
1300 630 1366 686 ad
1389 628 1627 698 iudicem
1659 628 1774 682 fuc-

177 724 257 778 rit
288 730 639 794 provocatus,
667 727 759 775 aut
782 736 889 775 uno
911 736 1010 791 pro
1037 720 1287 774 omnibus
1312 719 1693 790 peremptorio,
1720 717 1772 771 id

178 825 273 871 est
297 815 445 886 quod
470 827 691 869 causam
722 811 1038 881 exstinguit,
1064 809 1226 865 fuerit
1250 819 1531 873 evocatus,
1558 819 1612 864 et
1640 823 1775 879 prte-

179 911 425 967 sentiam
468 904 798 977 suam'apud
847 920 970 961 eum
1010 903 1270 974 iudicem,
1300 919 1330 958 a
1357 918 1465 973 quo
1493 903 1541 958 ei
1571 903 1775 957 denun-

182 999 390 1058 tiatum
412 1009 513 1065 est,
544 998 803 1055 exhibere
828 996 1081 1061 noluerit,
1111 995 1370 1051 adversus
1393 1010 1516 1049 eum
1543 994 1697 1064 quasi
1722 993 1773 1047 in

180 1099 571 1149 contumacem
616 1086 847 1160 iudicari
907 1095 1104 1158 potest.
1152 1086 1403 1153 Quinimo
1458 1099 1558 1138 nec
1598 1094 1773 1139 retra-

183 1180 331 1236 ctari
365 1195 460 1250 per
487 1178 899 1250 appellationem
932 1178 1143 1248 negotia
1188 1184 1443 1246 possunt,
1472 1176 1684 1245 quoties
1722 1175 1775 1229 in

184 1277 573 1324 contumacem
621 1267 783 1323 fuerit
809 1265 1106 1335 iudicatum
1154 1265 1223 1320 ab
1251 1279 1313 1320 ea
1345 1263 1613 1321 sententia
1656 1278 1777 1335 qua:

187 1359 462 1414 adversus
512 1365 859 1413 contumaces
913 1357 1036 1411 data
1094 1363 1208 1422 est;
1255 1369 1431 1424 neque
1482 1351 1774 1425 appellari,

184 1461 376 1518 neque
419 1447 473 1502 in
503 1446 721 1517 duplum
772 1445 1015 1501 revocari
1061 1453 1260 1515 potest.
1290 1443 1357 1499 Et
1391 1444 1518 1499 hinc
1550 1442 1609 1497 S.
1637 1440 1775 1498 Gre-

184 1541 384 1612 gorius
416 1540 482 1595 ad
512 1537 804 1595 Maximum
844 1538 1219 1596 Salonitanum
1259 1539 1569 1609 episcopum
1623 1538 1683 1609 (ι.
1723 1554 1776 1605 v,

183 1629 352 1699 epist.
397 1628 565 1697 103):
616 1646 636 1680 ‹
690 1629 806 1693 lta,
869 1628 1075 1699 inquit,
1137 1625 1257 1696 fac,
1308 1638 1371 1684 ut
1430 1628 1497 1685 ad
1559 1628 1780 1684 venien-

1870 537 1963 591 sed
1992 537 2118 592 dum
2147 538 2438 593 miseretur
2468 536 2569 602 rei,
2600 535 2814 591 damnet
2838 535 3177 606 probantem,
3203 545 3299 591 aut
3317 536 3442 591 dum

1871 626 2170 681 accusatori
2202 624 2343 681 favet
2378 626 2469 696 qui
2498 627 2729 697 probare
2765 641 2869 680 non
2901 627 3090 697 possit,
3119 626 3335 681 addicat
3365 625 3450 680 in-

1872 714 2112 771 noxium.
2141 715 2254 772 Non
2286 726 2459 786 potest
2487 717 2653 786 igitur
2679 718 2794 772 ltrec
2835 717 2937 771 dici
2959 717 3105 788 iusta
3138 717 3446 774 misericor-

1871 807 1999 862 dia:
2032 806 2085 861 iu
2124 806 2236 877 ipsa
2280 806 2518 862 Ecclesia
2560 806 2649 861 ubi
2683 808 2914 861 maxime
2958 794 3205 862 misereri
3250 809 3406 863 decet
3431 850 3449 873 ,

1874 897 2047 959 teneri
2083 914 2244 969 quam
2289 899 2521 953 maxime
2567 899 2730 954 debet
2756 898 2927 953 forma
2954 897 3199 967 justititc,
3232 916 3299 955 ne
3329 902 3452 971 quis

1873 1006 1902 1045 a
1925 991 2203 1047 consortio.
2217 991 2610 1047 communionis
2630 990 2927 1055 abstentus,
2955 992 3102 1048 brevi
3125 991 3459 1064 lacrymula;

1876 1090 2038 1152 atque
2063 1082 2131 1137 ad
2161 1090 2371 1152 tempus
2401 1089 2608 1153 parata,
2640 1082 2721 1137 vel
2749 1082 2912 1137 etiam
2943 1083 3287 1138 uberioribus
3312 1082 3451 1165 deii-

1875 1172 1978 1227 bus
2002 1171 2465 1238 communionem,
2494 1187 2654 1242 quam
2687 1171 2931 1243 plurimis
2977 1171 3135 1228 debet
3177 1173 3454 1244 postulare

1878 1264 2230 1335 temporibus,
2267 1262 2512 1319 facilitati
2551 1264 2849 1319 sacerdotis
2888 1271 3229 1335 extorqueat.
3264 1246 3465 1321 Nonne:

1877 1370 2001 1411 cum
2038 1355 2130 1410 uni
2173 1355 2414 1425 indulget
2443 1355 2681 1426 indigno,
2713 1353 2971 1424 plurimos
3002 1354 3128 1409 facit
3168 1354 3235 1409 ad
3278 1355 3453 1425 prola-

1878 1447 2082 1519 psionis
2117 1447 2422 1517 contagium
2452 1447 2775 1518 provocari?
2813 1446 3043 1503 facilitas
3085 1446 3230 1502 enim
3261 1446 3452 1511 veniae,

1879 1538 2209 1593 incentivum
2239 1537 2437 1593 tribuit
2455 1536 2821 1607 delinquendi.
2862 1536 2975 1593 Hoc
3001 1553 3067 1593 eo
3107 1539 3308 1594 dictum
3348 1547 3455 1605 est,

1879 1638 1942 1686 ut
1966 1629 2202 1685 sciamus
2231 1628 2528 1685 secundum
2556 1629 2778 1685 verbum
2808 1629 2925 1696 Dei,
2956 1629 3254 1685 secundum
3290 1629 3457 1684 ratio-

187 1717 330 1775 dum
380 1718 608 1789 amplius
635 1716 747 1787 iam
786 1733 966 1774 moras
1011 1734 1119 1774 non
1162 1719 1379 1792 ingeras
1417 1738 1432 1775 :
1465 1734 1533 1775 ne
1562 1719 1677 1790 ipsa
1722 1727 1775 1775 te
1803 1704 1852 1765 Β
1883 1734 2028 1785 nem,
2051 1719 2467 1791 dispensandam
2499 1733 2618 1774 esse
2646 1720 3069 1776 misericordiam
3099 1719 3457 1776 debitoribus.

186 1809 376 1879 magis
410 1810 651 1864 absentia
702 1808 997 1864 obnoxium
1046 1810 1129 1865 his
1170 1825 1291 1880 qua:
1339 1810 1613 1876 dicuntur,
1641 1810 1779 1866 assi-

188 1906 329 1968 gnet
359 1911 374 1951 :
400 1907 456 1953 et
493 1912 590 1953 nos
625 1897 768 1953 inter
793 1899 908 1955 haec
941 1914 1034 1954 reo
1070 1896 1192 1971 [at.,
1220 1900 1273 1955 in
1307 1908 1359 1955 te
1391 1902 1505 1958 haec
1532 1900 1647 1974 res]
1672 1915 1777 1955 non

189 1989 375 2046 solum
404 1999 622 2061 propter
645 1991 786 2045 dicta
816 1991 1043 2046 crimina
1086 2006 1206 2063 quae
1240 2006 1475 2063 purgare
1509 1991 1781 2047 subterfu-

191 2085 300 2157 gis,
334 2085 429 2140 sed
456 2086 618 2140 etiam
646 2093 868 2157 propter
895 2086 1265 2142 inobedientia:
1292 2085 1503 2156 culpam
1523 2126 1538 2151 ,
1570 2085 1779 2152 durius,

190 2175 411 2231 scilicet
435 2182 493 2229 ut
517 2175 570 2230 in
602 2186 974 2231 contumacem
1003 2172 1173 2249 cogat
1191 2192 1255 2232 ex
1280 2177 1508 2232 concilio
1535 2176 1674 2231 ferre
1691 2175 1781 2246 ju-

190 2268 429 2324 dicium.
459 2286 478 2321 ι
506 2266 575 2323 Et
616 2266 677 2324 S.
720 2267 1045 2324 leestinus
1087 2269 1154 2325 de
1200 2270 1338 2324 trina
1390 2268 1673 2325 vocatione
1713 2268 1779 2323 ad

192 2357 513 2414 Nestorium
542 2358 618 2415 ita
658 2360 1070 2431 scrips‘it(epist.
1117 2361 1210 2433 5):
1258 2362 1492 2432 «Itaque
1538 2361 1783 2433 quamvis

189 2450 312 2522 iam
337 2449 501 2505 frater
525 2448 757 2522 Cyrillus
777 2453 1027 2507 secundis
1054 2463 1106 2507 te
1135 2453 1376 2524 epistolis
1397 2451 1517 2525 [al.,
1544 2452 1781 2523 epistolis

196 2542 346 2614 suis]
376 2550 584 2599 asserat
624 2557 745 2599 esse
793 2554 1149 2613 conventum,
1196 2545 1462 2625 intelligas
1506 2545 1626 2601 volo
1664 2554 1786 2615 post

195 2635 437 2707 primam
466 2643 521 2691 et
558 2635 851 2692 secundam
897 2636 1060 2703 illius,
1103 2646 1158 2694 ct
1194 2639 1337 2694 banc
1386 2637 1782 2707 correptionem

197 2735 469 2791 nostram,
495 2740 656 2796 quam
692 2734 905 2782 constat
929 2741 1050 2782 esse
1071 2728 1183 2797 iam
1214 2727 1450 2792 tertiam,
1476 2728 1543 2783 ab
1570 2727 1787 2781 univer—

196 2816 365 2872 sitate
388 2815 595 2888 collegii
619 2826 675 2873 et
703 2827 970 2873 conventu
1002 2817 1436 2874 Christianorum
1467 2826 1518 2873 te
1560 2831 1784 2887 prorsus

194 2922 328 2963 esse
354 2906 683 2977 seiunctum;
728 2908 830 2965 nisi
874 2925 1000 2965 mox
1039 2924 1102 2964 ea
1133 2924 1253 2980 quae
1282 2908 1421 2963 male
1449 2907 1590 2963 dicta
1617 2913 1741 2962 sunt
1765 2945 1780 2968 ,

196 3000 567 3071 corrigantur,
590 3000 691 3055 nisi
718 3001 770 3056 in
796 3017 917 3057 eam
943 3002 1083 3057 viam
1109 3002 1319 3068 redeas,
1354 3016 1513 3072 quam
1537 2999 1783 3056 Christus

197 3106 328 3148 esse
349 3090 470 3165 [al.,
499 3107 557 3149 se
577 3090 825 3151 Christus
856 3094 1000 3168 esse]
1019 3102 1265 3151 testatur.
1303 3113 1320 3145 ι
1354 3093 1420 3148 Ει
1450 3093 1576 3147 item
1606 3092 1658 3146 in
1688 3107 1780 3146 ea-

198 3183 328 3238 dem
358 3184 614 3254 epistola:
663 3204 682 3238 c
729 3186 1035 3258 Persequar
1078 3185 1236 3259 plane
1266 3185 1476 3241 Domini
1517 3184 1621 3240 mei
1663 3182 1784 3257 [al.,

199 3275 335 3331 boni
369 3275 608 3351 Domini]
635 3277 807 3334 fidelis
840 3295 1025 3335 servus
1050 3279 1296 3335 inimicos
1327 3296 1339 3332 :
1372 3292 1492 3333 cum
1520 3277 1787 3347 Propheta

200 3377 436 3435 asserat,
468 3386 561 3426 eos
586 3372 711 3427 odio
747 3387 805 3428 se
827 3372 1005 3430 odisse
1039 3371 1279 3443 perfecto
1305 3368 1476 3444 (Psal.
1500 3368 1784 3440 cxxxvm).

201 3455 434 3513 Honeor
469 3475 657 3515 rursus
701 3460 869 3516 altero
901 3461 1156 3533 loquente
1177 3501 1192 3526 ,
1225 3476 1292 3515 ne
1340 3475 1574 3529 parcam.
1618 3458 1789 3526 Quem

199 3549 291 3605 vis
320 3566 451 3622 ergo
498 3553 781 3623 respiciam
828 3552 949 3626 [al.,
989 3569 1147 3623 quem
1183 3554 1272 3609 bic
1294 3568 1395 3624 ego
1421 3551 1671 3625 respic.],
1703 3552 1790 3607 cui

204 3640 435 3697 honoris
458 3643 658 3717 aliquid
685 3660 914 3710 servem,
944 3646 1159 3715 quando
1183 3646 1361 3717 agitur
1385 3654 1446 3699 ut
1472 3646 1603 3700 mihi
1629 3645 1791 3700 totius

206 3732 323 3801 spei
351 3747 483 3786 mea:
510 3716 671 3788 causa
697 3734 947 3789 tollatur?
970 3756 985 3787 ι
1019 3733 1191 3805 Ipsius
1220 3716 1272 3789 in
1309 3734 1601 3805 Evangelio
1626 3735 1790 3789 verba

206 3830 341 3875 sunt
370 3820 599 3887 Domini,
628 3824 825 3893 quibus
870 3825 945 3879 ait
990 3840 1096 3879 non
1130 3824 1231 3880 sibi
1272 3832 1506 3895 patrem,
1540 3840 1645 3880 non
1683 3840 1792 3878 ma-

208 3918 375 3976 trem,
402 3926 506 3965 non
539 3912 695 3978 filios,
728 3928 835 3969 non
858 3912 1092 3983 aliquam
1122 3913 1571 3968 necessitudinem
1596 3912 1793 3968 debere

206 4004 454 4074 prteponi
478 4004 692 4074 (Matth.
722 4006 800 4075 χ).
826 4005 919 4061 Est
940 4006 1083 4061 enim
1113 4004 1425 4076 frequenter
1460 4005 1583 4061 talis
1620 4006 1794 4076 pictas

208 4110 276 4151 ex
302 4112 412 4166 qua
444 4105 699 4152 nascatur
734 4098 981 4168 impietas
1007 4116 1020 4153 :
1054 4113 1177 4154 cum
1207 4100 1454 4154 vincente
1494 4113 1681 4154 earum
1708 4096 1791 4153 af-

209 4190 359 4245 fectu
404 4191 585 4245 carnis
616 4190 870 4245 cltaritati
911 4191 985 4247 illi
1041 4206 1161 4262 qua:
1208 4191 1349 4248 Deus
1397 4200 1515 4259 est,
1558 4191 1796 4249 Charitas

210 4282 548 4351 praeponitur
587 4281 905 4352 corporalis.
941 4281 1009 4337 Et
1056 4280 1114 4338 S.
1162 4282 1481 4338 Ambrosius
1508 4283 1562 4338 in
1590 4283 1796 4353 psalmo

210 4385 382 4425 cxvm
410 4390 423 4424 :
455 4390 473 4422 ι
508 4373 604 4426 Est
620 4369 764 4442 iusta
788 4372 1192 4437 misericordia,
1215 4382 1270 4428 et
1296 4381 1380 4429 est
1408 4373 1570 4429 etiam
1599 4371 1795 4442 iniusta

212 4459 613 4515 misericordia.
641 4460 881 4531 Denique
908 4463 960 4517 in
991 4462 1109 4533 lege
1152 4463 1412 4532 scriptum
1446 4461 1621 4516 estde
1660 4476 1795 4531 quo-

110 4570 115 4571 ί
214 4556 367 4609 dam.
398 4555 515 4611 Non
544 4557 890 4613 miserebitur
934 4558 1097 4613 illius.
1127 4557 1193 4612 Et
1235 4558 1287 4612 in
1321 4556 1459 4611 libro
1489 4556 1795 4628 Regnorum

1811 3061 1854 3119 C

1823 4408 1874 4467 D

215 4644 374 4717 legis,
407 4647 533 4716 quia
575 4647 701 4703 Sanl
746 4656 1032 4720 propterea
1073 4648 1336 4704 contraxit
1363 4646 1643 4710 oll‘ensam,
1671 4647 1831 4716 quia,

214 4736 514 4791 miseratus
540 4746 624 4792 est
648 4738 796 4809 Agag
821 4738 1055 4793 hostium
1082 4753 1285 4810 regem,
1317 4753 1475 4808 quem
1503 4736 1797 4807 proltibueo

216 4837 301 4883 rat
347 4832 615 4885 sententia
650 4831 830 4886 divina
873 4831 1074 4886 servari
1109 4829 1163 4903 (1
1187 4830 1313 4901 Reg.
1352 4831 1469 4897 xv).
1511 4829 1578 4884 Et
1606 4828 1648 4884 si
1678 4827 1800 4898 quis

215 4919 452 4975 latronis
478 4921 601 4977 [iliis
625 4921 1043 4992 deprecantibus
1070 4932 1268 4988 motus,
1307 4928 1363 4975 et
1388 4919 1640 4991 lacrymis
1671 4934 1800 4975 con-

210 5008 367 5082 iugis
392 5009 509 5078 ejus
532 5010 724 5075 flexus,
751 5011 1134 5067 absolvendum
1156 5018 1326 5081 putet,
1355 5010 1441 5066 cui
1471 5009 1610 5065 adsit
1638 5009 1807 5064 latro-

218 5099 441 5152 cinandi
471 5098 715 5164 adectus,
743 5114 922 5156 nonne
948 5100 1263 5155 innocentes
1301 5098 1464 5154 tradit
1496 5096 1682 5163 exitio,
1708 5096 1802 5165 qui

219 5191 421 5247 liberet
455 5192 745 5247 multorum
786 5193 948 5248 exitia
997 5191 1357 5261 cogitantem?
1395 5189 1554 5247 Certe
1598 5188 1644 5243 si
1691 5188 1806 5257 gla-

219 5281 376 5337 dium
406 5282 668 5352 reprimit,
714 5282 889 5340 vincla
935 5282 1208 5348 dissolvit;
1252 5297 1351 5337 cur
1393 5280 1543 5335 laxat
1591 5278 1802 5344 exsilia,

218 5389 324 5430 cur
370 5373 726 5431 latrocinandi
779 5391 885 5448 qua
929 5382 1109 5447 potest
1155 5373 1504 5429 clementiore
1553 5370 1642 5426 via
1694 5385 1839 5441 non.

219 5462 390 5533 eripit
434 5463 776 5531 facultatem,
817 5465 909 5535 qui
953 5464 1280 5520 voluntatem
1325 5470 1650 5532 extorquere
1694 5474 1805 5515 non

222 5555 442 5627 potuit?
468 5555 669 5613 Deinde
695 5534 1028 5622 iuterduos,
1059 5558 1162 5612 hoc
1189 5564 1305 5622 est,
1339 5563 1713 5612 accusatorem
1750 5534 1837 5617 et:

226 5660 382 5702 reum
408 5686 425 5713 ,
452 5645 573 5718 pari
610 5645 850 5717 periculo
880 5646 947 5704 de
973 5646 1145 5716 capite
1172 5645 1541 5711 decernentes,
1576 5643 1806 5700 alterum

1880 1810 2118 1867 Medicus
2147 1811 2261 1881 ipse
2299 1811 2346 1867 si
2375 1811 2643 1882 serpentis
2683 1811 2912 1867 interius
2949 1811 3190 1867 vulneris
3220 1796 3477 1867 inveniat.

1880 1903 2213 1970 cicatricem,
2241 1919 2364 1959 cum
2395 1904 2589 1960 debeat
2614 1917 2861 1960 resecare
2908 1904 3106 1960 ulceris
3134 1904 3323 1959 vitium
3345 1943 3360 1969 ,
3387 1916 3459 1959 ne

1880 1998 2043 2054 latius
2067 2006 2277 2069 serpat,
2324 2007 2503 2052 tamen
2534 2013 2565 2052 a
2611 1996 2827 2053 secandi
2856 1997 3153 2067 urendiqnc
3185 1994 3462 2069 proposito

1880 2088 2136 2161 lacrymis
2181 2088 2406 2144 inflexus
2446 2089 2635 2161 aegroti
2682 2088 3092 2145 medicamentis
3127 2097 3291 2161 tegat,
3317 2083 3463 2159 quod

1882 2177 2026 2235 ferro
2066 2178 2412 2250 aperiendum
2452 2187 2811 2234 eratznonne
2857 2179 2958 2233 ista
3005 2178 3212 2233 inutilis
3252 2177 3465 2235 miseri-

1882 2275 2065 2330 cordia
2086 2283 2189 2338 cst,
2223 2275 2267 2328 si
2296 2284 2517 2345 propter
2548 2275 2766 2330 brevem
2801 2275 3079 2331 incisionis
3108 2276 3190 2331 vel
3230 2276 3461 2332 ustionis

1882 2364 2119 2421 dolorem
2148 2379 2343 2434 corpus
2362 2364 2581 2420 omnino
2604 2364 2867 2430 tabescat,
2896 2365 3018 2419 vitm
3045 2380 3168 2421 usus
3194 2363 3462 2421 intereat?

1883 2452 2051 2509 Recte
2074 2454 2238 2525 igitur
2260 2462 2313 2509 et
2342 2453 2597 2510 sacerdos
2625 2454 2837 2518 vulnus,
2870 2470 2936 2509 ne
2980 2455 3143 2510 latius
3184 2464 3383 2527 serpat,
3428 2472 3460 2510 τι

1884 2553 1998 2601 toto
2038 2559 2265 2616 corpore
2294 2544 2569 2609 Ecclesiae,
2601 2544 2755 2615 quasi
2801 2544 2976 2601 bonus
3009 2544 3273 2611 medicus,
3298 2545 3460 2601 debet

1884 2638 2186 2705 abscidere,
2218 2649 2274 2696 et
2318 2639 2745 2711 prodere‘virus
2791 2640 3038 2695 criminis
3084 2640 3229 2711 quod
3275 2639 3469 2708 lateat,

1884 2747 1989 2786 non
2021 2731 2204 2788 fovere
2231 2749 2244 2786 :
2274 2748 2343 2788 ne
2367 2731 2493 2786 dum
2524 2748 2689 2787 unum
2716 2731 3109 2787 excludendum
3150 2745 3257 2786 non
3285 2740 3465 2801 putat,

1883 2822 2066 2894 plures
2088 2825 2276 2892 dignos
2301 2823 2485 2889 faciat,
2513 2837 2649 2894 quos
2672 2822 2924 2878 excludat
2952 2821 3018 2876 ab
3049 2820 3310 2883 Ecclesia.
3334 2821 3464 2878 Jure

1883 2932 2013 2988 ergo
2041 2916 2329 2988 Apostolus
2351 2916 2535 2971 divino
2560 2931 2658 2971 nos
2678 2914 2929 2970 hortatur
2949 2914 3214 2986 exemplo,
3239 2914 3423 2971 (licens
3448 2933 3483 2995 ε.

1894 3011 2023 3068 Vide
2050 3030 2171 3084 ergo
2191 3011 2467 3067 bonitatem
2493 3021 2540 3065 et
2562 3010 2885 3065 severitatem
2917 3008 3043 3073 Dei;
3070 3008 3122 3062 in
3149 3023 3235 3062 eos
3255 3008 3465 3076 quidem

1885 3108 1975 3178 qui
1998 3106 2312 3171 ceciderunt,
2334 3104 2689 3168 severitatem;
2715 3103 2770 3158 in
2793 3112 2841 3158 te
2868 3112 3042 3157 autem
3066 3102 3346 3157 bonitatem
3370 3142 3386 3168 ,
3418 3102 3467 3159 si

1887 3198 2233 3269 permanseris
2255 3196 2308 3249 in
2340 3197 2569 3250 bonitate
2596 3193 2769 3266 (Rom.
2793 3195 2895 3266 χι).
2933 3212 2951 3247 ›
2985 3193 3052 3248 Εῑ
3084 3203 3308 3249 sanctus
3334 3192 3472 3248 Gre-

1889 3287 2072 3357 gorius
2095 3288 2147 3341 in
2176 3286 2374 3357 Regula
2411 3283 2665 3355 pastorali
2697 3283 2865 3355 (parte
2897 3300 2979 3349 nt,
3019 3301 3134 3354 cap.
3168 3284 3221 3349 l,
3252 3284 3466 3341 admon.

1888 3377 2014 3445 25):
2054 3396 2072 3427 ‹
2102 3374 2382 3440 Malorum,
2418 3375 2624 3443 inquit,
2657 3388 2778 3427 cum
2814 3372 3030 3427 incaute
3059 3371 3312 3428 amicitiis
3354 3372 3487 3439 εἰη-ι,

1891 3466 2089 3538 gimur,
2137 3467 2305 3537 culpis
2351 3465 2596 3537 ligantur.
2647 3462 2800 3520 Unde
2845 3462 3110 3533 Jo‘saphat
3153 3464 3246 3533 qui
3288 3470 3367 3519 tot
3400 3462 3470 3521 de

1893 3569 2142 3615 anteacta
2188 3559 2292 3614 vita
2344 3558 2631 3629 praeconiis
2666 3556 2951 3619 attollitur,
2984 3556 3051 3610 de
3096 3556 3282 3610 Achab
3329 3553 3470 3626 regis

1893 3650 2145 3705 amicitiis
2173 3664 2309 3720 pene
2336 3649 2609 3718 periturus
2656 3647 2965 3719 increpatur
2999 3660 3014 3700 :
3053 3646 3138 3701 cui
3174 3661 3206 3700 a
3237 3644 3472 3700 Domino.

1892 3754 1990 3810 per
2015 3739 2328 3810 prophetam
2352 3737 2578 3791 dicitur:
2600 3734 2771 3802 Impia
2790 3736 2987 3806 pra’bes
3010 3733 3294 3798 auxilium,
3312 3742 3359 3787 et
3387 3732 3471 3788 Itis
3542 3754 3551 3759 ·

1892 3834 1983 3905 qui
2022 3832 2239 3886 oderunt
2284 3831 2566 3885 Dominum
2597 3829 2830 3883 amicitia
2865 3826 3137 3898 jtmgeris;
3180 3835 3229 3881 et
3276 3825 3471 3880 idcirco

1893 3922 2029 3976 iram
2053 3922 2261 3993 quidem
2295 3920 2503 3975 Domini
2544 3918 2859 3984 merebaris;
2897 3918 2986 3972 sed
3025 3917 3158 3971 bona
3187 3931 3344 3987 opera
3387 3915 3472 3970 in-

1895 4021 2044 4067 venta
2074 4019 2193 4065 sunt
2226 4010 2280 4063 in
2313 4018 2383 4075 te,
2428 4024 2487 4061 eo
2530 4007 2669 4078 quod
2718 4006 2995 4061 abstuleris
3040 4004 3184 4059 lucos
3230 4003 3296 4057 de
3332 4012 3480 4058 terra

1894 4099 2040 4157 Iuda
2085 4097 2171 4170 (II
2222 4098 2354 4153 Par.
2410 4099 2543 4167 xix).
2596 4114 2614 4149 ι
2660 4093 2727 4150 Ει
2779 4094 2831 4148 in
2873 4093 3092 4148 ltomilia
3139 4090 3469 4162 Evangelii:

1902 4210 1920 4243 ι
1956 4189 2202 4255 Multum,
2232 4187 2427 4258 inquit,
2453 4194 2551 4249 est,
2588 4182 2730 4255 quod
2764 4183 3015 4257 carnales
3044 4180 3270 4238 affectus
3296 4181 3475 4237 inten-

1900 4282 2100 4337 tionem
2147 4280 2346 4335 mentis
2393 4277 2756 4339 diverberant,
2806 4272 3026 4344 eiusque
3075 4272 3249 4329 aciem
3287 4271 3480 4327 obscu-

1899 4380 2060 4435 rant;
2091 4368 2184 4424 sed
2228 4382 2333 4422 non
2365 4366 2637 4422 declinant
2657 4382 2686 4421 a
2716 4373 2864 4421 recto
2893 4363 3130 4432 itineris,
3158 4362 3252 4435 qui
3292 4375 3478 4418 arcam

1902 4460 1996 4515 Dei
2024 4468 2242 4528 portant
2266 4460 2320 4513 in
2343 4466 2542 4514 mente.
2565 4476 2585 4508 ι

1972 4551 2040 4606 Et
2087 4565 2154 4605 ne
2198 4550 2320 4618 quis
2355 4548 2532 4612 dicat,
2564 4547 2779 4602 beatum
2822 4544 3172 4601 C(elestinum
3218 4544 3285 4601 de
3321 4545 3487 4600 tertia.

1904 4639 2323 4697 commonitione
2348 4637 2632 4708 scripsisse
2671 4636 2739 4690 ad
2781 4633 3085 4690 Nestorium
3114 4634 3427 4690 luereticum
3464 4652 3477 4687 :

1906 4731 2287 4792 attendendum
2312 4739 2395 4785 est
2422 4729 2563 4799 quod
2589 4726 2804 4782 llilarus
2849 4741 2981 4797 papa
3009 4726 3137 4781 dicit
3166 4724 3337 4797 (epist.
3376 4723 3432 4794 ‘2)
3464 4741 3477 4776 :

1911 4814 1947 4881 «⁷
1970 4826 2107 4894 Quia
2155 4840 2261 4880 non
2306 4822 2483 4878 minus
2515 4822 2566 4876 in
2594 4830 2902 4899 sanctarum
2935 4817 3282 4874 traditionum
3307 4814 3483 4870 deliu-

1902 4918 2089 4988 quitur
2117 4915 2424 4971 sanctiones
2447 4953 2462 4978 ,
2494 4926 2652 4982 quam
2686 4910 2738 4965 in
2770 4906 3021 4978 iniuriam
3058 4906 3224 4978 ipsius
3265 4903 3479 4960 Domini

1902 5007 2197 5079 prosilitur.
2237 5025 2255 5057 ι
2296 5002 2362 5057 Ει
2401 5000 2702 5071 huiusmodi
2735 5006 3113 5071 prtcsumptor,
3148 4994 3239 5064 qui
3271 4994 3326 5048 in
3352 5008 3480 5047 san-

1903 5105 2112 5153 ctarum
2135 5093 2481 5150 traditionum
2507 5090 2853 5161 pertinaciter
2876 5085 3177 5143 sanctiones
3197 5081 3491 5152 delinquit,

1905 5202 2012 5243 non
2037 5186 2179 5241 inter
2199 5182 2494 5240 catholicos
2522 5191 2605 5236 est
2628 5178 3037 5251 computandas,
3066 5173 3158 5231 sed
3187 5190 3310 5231 cum
3338 5173 3483 5228 schi-

1905 5277 2096 5334 smatis
2144 5286 2229 5330 est
2270 5270 2746 5330 condemnandus:
2787 5268 2912 5340 quia
2962 5268 3104 5322 sicut
3142 5266 3196 5321 in
3249 5263 3485 5321 decretis

1907 5367 2218 5441 apostolica:
2257 5366 2401 5423 sedis
2431 5365 2692 5435 scriptum
2716 5372 2835 5428 est,
2860 5360 3105 5432 quisquis
3137 5357 3486 5415 schismatico

1907 5459 2220 5523 assenserit,
2237 5455 2614 5514 scltismaticus
2628 5468 2748 5511 esse
2770 5451 2952 5524 negari
2968 5466 3071 5505 non
3094 5449 3310 5520 poterit.
3327 5448 3480 5516 Quod

1904 5552 2010 5608 etsi
2036 5564 2224 5607 omnes
2256 5545 2586 5611 sacerdotes,
2622 5552 2678 5600 et
2698 5543 2930 5598 mundus
2958 5541 3239 5606 assentiat,
3267 5541 3505 5623 damnas

1907 5643 1983 5699 tio
2006 5638 2408 5700 consentientes
2437 5634 2678 5701 involvit,
2708 5648 2813 5691 nou
2835 5630 3334 5706 pmvaricationcm
3354 5645 3503 5719 con:
