4002 6296
507 290 602 352 631

506 490 760 562 borescit,
783 513 904 552 cum
933 495 1182 567 generale
1211 495 1268 548 fit
1288 509 1353 550 ex
1377 495 1605 565 privato.
1629 494 1742 552 Hoc
1760 485 1910 550 enim
1935 495 2076 549 Deus

505 590 744 644 omnium
765 587 1046 658 judicavit,
1072 586 1163 657 qui
1193 595 1526 656 peccatorem
1559 588 1813 641 mundum
1838 585 2076 656 generali

505 680 706 734 diluvio
733 678 1025 732 interemit.
1059 677 1126 730 Et
1159 676 1246 730 his
1271 677 1460 731 beatus
1487 675 1732 732 Gelasius
1755 675 1990 732 concinit
2020 674 2074 728 in

505 769 737 824 decretis
773 767 927 822 suis:
969 767 1106 822 sicut
1155 764 1439 820 manifeste
1484 781 1552 823 ex
1597 765 1713 837 eius
1760 756 1938 820 verbis
1987 763 2076 819 hic

502 873 717 929 possem
749 847 1071 923 Ostendere,
1109 857 1152 912 si
1197 855 1559 926 prolixitatem
1612 871 1720 915 non
1755 856 2069 912 devitarem.

500 965 778 1024 Conclusio
819 985 924 1039 qua
965 976 1288 1039 monstratur
1327 985 1431 1022 non
1464 967 1700 1022 obstante
1728 966 2074 1038 appellatione

960 1038 1088 1107 ferri
1112 1054 1260 1107 posse
1280 1039 1610 1092 sententiam.

568 1126 697 1184 Haec
721 1127 904 1184 omnia
943 1127 1332 1199 suprascripta,
1377 1135 1436 1182 ut
1464 1142 1607 1198 smpe
1633 1123 2070 1191 commemoravi,

497 1233 604 1273 non
644 1232 808 1274 causa
853 1232 1097 1273 mearum
1145 1216 1497 1286 iniuriarum,
1541 1217 1636 1273 sed
1677 1217 2073 1272 evindieatione

495 1307 773 1378 dignitatis
795 1307 926 1362 mihi
957 1308 1258 1364 commissa:
1277 1308 1611 1378 metropolis,
1633 1315 1820 1362 contra
1847 1307 2069 1361 fratrem

496 1395 847 1452 Hincmarum
883 1397 1138 1452 contexui
1173 1416 1186 1452 :
1220 1411 1321 1454 nec
1365 1413 1546 1453 sacras
1579 1397 1726 1467 leges
1756 1406 1812 1450 et
1858 1396 2072 1466 regulas

494 1488 686 1558 collegi
715 1489 974 1546 adversus
1015 1503 1138 1546 eum
1181 1491 1235 1546 in
1279 1491 1458 1546 causis
1490 1489 1724 1561 propriis
1754 1490 2070 1545 intentando

489 1575 774 1647 judicium,
799 1580 892 1635 sed
918 1581 1248 1636 ostendendo
1270 1581 1604 1651 qualitatem,
1628 1597 1690 1635 ac
1710 1581 2066 1652 quantitatem

493 1683 716 1724 suorum
745 1685 1088 1738 excessuum,
1117 1679 1173 1726 et
1203 1687 1446 1726 mearum
1475 1673 1984 1739 commonitionum;
2012 1682 2067 1728 et

888 356 896 364 _
1460 293 1790 369 lllNCl-IAIU
1827 287 2222 364 assumas
2258 255 2774 354 ARCHIEPISCOPt

505 397 700 464 sensus
727 405 972 464 absolvit.
996 404 1112 463 Non
1147 405 1290 462 enim
1319 406 1522 462 crimen
1554 407 1834 487 minuitur,
1864 406 1957 463 sed
1987 419 2070 460 ro-
2101 406 2148 466 Λ
2180 401 2351 458 tribus
2403 404 2770 475 promulgatas
2833 402 3128 471 labamus,
3178 420 3286 461 non
3345 406 3604 467 debemus
3649 427 3760 469 no-

3638 307 3751 366 653

2179 508 2302 546 vum
2341 493 2477 549 inire
2513 502 2829 560 tractatum,
2867 493 2951 550 vel
2988 509 3184 550 novum
3218 505 3536 566 exspectare
3564 502 3754 558 cousi-

2178 583 2327 636 lium.

2246 671 2384 743 (Lib.
2410 689 2474 728 ιν
2501 691 2640 745 cap.,
2663 690 2714 730 c.
2739 675 3155 747 34.)Necetiam
3183 678 3367 734 sedem
3397 683 3754 751 apostolicam

2175 763 2231 818 in
2271 765 2594 834 requirendo
2621 766 2948 836 inquietare,
2977 768 3116 823 sicut
3143 767 3204 824 8.
3236 769 3586 827 [utioceutius
3609 789 3752 829 scri-

2172 851 2310 908 hens
2331 855 2398 908 ad
2427 854 2742 911 Macedones
2764 857 3044 928 episcopos
3066 859 3198 916 dia't
3216 859 3389 929 (epist.
3412 861 3502 932 9.7)
3529 881 3542 917 :
3574 883 3595 914 ς
3612 863 3755 920 Cum

2173 941 2392 1010 stepius,
2432 941 2623 1010 inquit,
2652 945 2821 1013 repeti
2845 943 3093 1001 fecissem
3124 945 3276 1017 (quin
3306 949 3512 1018 scripta
3536 957 3752 1021 vestra)
3839 972 3848 981 ·

2174 1029 2385 1085 adverti
2413 1033 2528 1086 sedi
2567 1033 2900 1104 apostolicae,
2927 1032 2996 1089 ad
3041 1051 3203 1105 quam
3250 1036 3467 1104 relatio,
3497 1040 3654 1107 quasi
3682 1041 3756 1096 ad

2171 1128 2337 1190 caput
2363 1121 2754 1188 Ecclesiarum,
2794 1125 2959 1179 missa
3000 1128 3278 1192 currebat,
3322 1129 3440 1184 fieri
3471 1130 3754 1201 iniuriam,

2173 1209 2329 1278 cujus
2373 1213 2555 1269 adhuc
2604 1215 2659 1269 in
2708 1215 3018 1284 ambiguum
3065 1218 3337 1272 sententia
3383 1219 3700 1276 duceretur.
3727 1239 3749 1274 ι

2172 1298 2240 1356 Ει
2275 1302 2342 1357 ad
2387 1303 2622 1360 Felicem
2665 1303 3028 1360 Nucerianum
3080 1308 3389 1378 episcOpum
3441 1312 3611 1381 (epist.
3639 1312 3706 1382 ὅ)
3735 1331 3753 1366 :

2176 1412 2195 1445 ι
2225 1394 2540 1466 Stupuimus
2565 1398 2886 1468 prudentem
2915 1398 3094 1452 virum
3135 1399 3203 1454 de
3231 1399 3324 1454 his
3351 1399 3586 1456 voluisse
3613 1418 3753 1458 etin—

2169 1485 2371 1552 sulere,
2400 1503 2519 1557 quae
2547 1488 2796 1544 omnibus
2830 1497 2960 1543 sunt
2984 1499 3132 1544 certa
3162 1490 3369 1546 ratione
3400 1504 3704 1562 comperta.
3727 1513 3752 1546 ι

2169 1574 2236 1628 Ει
2267 1575 2326 1630 8.
2351 1575 2593 1633 Zosimus
2623 1579 2791 1650 (epist.
2823 1580 2875 1651 ί)
2903 1598 2916 1633 ;
2955 1597 2974 1631 c
3005 1580 3152 1635 Sciat
3180 1582 3426 1651 quisquis
3455 1584 3578 1650 hoc,
3605 1593 3754 1654 post-

2168 1664 2342 1732 posita
2389 1665 2632 1732 Patrum,
2677 1674 2731 1721 et
2759 1667 3066 1736 apostolica:
3110 1670 3255 1724 sedis
3290 1673 3616 1726 auctoritate
3658 1689 3755 1727 ne-

493 1759 690 1830 quibus
731 1776 796 1816 ac
829 1763 1043 1831 quantis
1069 1763 1555 1818 constitutionibus
1601 1763 1932 1833 pertinacem
1963 1765 2063 1820 ob-

2169 1751 2419 1823 glexerit,
2447 1769 2476 1808 a
2511 1757 2665 1811 nobis
2711 1757 3006 1812 districtius
3028 1757 3402 1825 judicandum,
3429 1769 3484 1814 et
3521 1761 3628 1816 loci
3666 1764 3752 1817 sui

489 1851 624 1921 jecit
652 1862 1039 1924 contemptum.
1083 1855 1275 1909 Vestra
1313 1870 1444 1910 vero
1491 1856 1599 1910 Deo
1632 1857 1825 1925 placita
1873 1859 2065 1912 unani-

495 1943 676 2008 mitas,
717 1959 901 1999 coram
946 1960 1005 2000 se
1047 1945 1266 2000 recitata
1297 1946 1536 2018 vigilanti
1586 1948 1855 2002 discernat
1900 1949 2066 2004 libra-

495 2031 677 2087 mine:
707 2033 830 2102 quia
860 2033 984 2088 licet
1012 2035 1380 2090 sacerdotibus
1417 2051 1648 2091 canones
1683 2036 1929 2107 ignorare
1958 2053 2066 2092 non

495 2121 684 2189 liceat;
713 2123 880 2179 levior
909 2133 1085 2180 tamen
1117 2125 1293 2182 fuerat
1315 2141 1487 2191 error,
1518 2128 1559 2182 si
1588 2143 1685 2198 per
1711 2129 2065 2199 ignorantiam

495 2212 823 2284 deliquisset,
851 2231 1013 2286 quam
1042 2231 1204 2282 nunc,
1251 2218 1374 2287 quia
1408 2222 1583 2273 sciens
1620 2227 1674 2274 et
1720 2219 1957 2289 prudens
1996 2234 2064 2274 ex

493 2304 720 2359 consilio
747 2315 802 2360 et
829 2306 1007 2361 studio
1037 2322 1315 2362 sacrarum
1348 2308 1646 2380 regularum
1674 2324 1770 2379 per
1790 2319 2065 2364 contuma-

493 2396 632 2450 ciam
671 2405 1036 2469 transgressor
1060 2400 1266 2464 existit,
1295 2415 1520 2470 quarum
1557 2401 1851 2455 custodiam
1889 2410 1943 2455 et
1974 2401 2065 2455 ob-

493 2489 852 2546 servationem
897 2490 1230 2562 professione
1277 2508 1342 2548 ac
1390 2494 1782 2563 subscriptione
1833 2510 1927 2549 sua
1968 2495 2061 2549 ﬁr-

493 2579 679 2633 mavit.
711 2581 914 2652 Duplici
940 2596 1068 2654 ergo
1098 2591 1250 2639 reatu
1280 2592 1491 2638 tenetur
1520 2585 1803 2652 astrictus;
1833 2587 1924 2656 qui
1957 2601 2063 2645 non

490 2669 666 2726 solum
687 2680 871 2728 contra
893 2674 1280 2730 venerabilium
1306 2675 1549 2741 Patrum,
1573 2675 1666 2730 sed
1689 2676 1850 2730 etiam
1874 2685 2060 2730 contra

495 2774 590 2814 sua
633 2762 846 2819 venisse
899 2765 1112 2820 decreta
1164 2773 1365 2823 temere
1421 2765 1818 2836 comprobatur.
1870 2767 2059 2822 Utrum

492 2852 658 2922 igitur
703 2853 811 2910 Deo
865 2854 1044 2910 medio
1091 2857 1299 2926 prolata
1355 2859 1654 2924 sententia,
1698 2871 1820 2912 eum
1869 2859 2060 2912 debeat

490 2944 814 3014 percellere;
850 2962 917 3001 an
953 2947 1216 3002 veraciter
1262 2956 1753 3019 recognoscentem,
1795 2955 1852 3002 et
1883 2947 2059 3001 humi-

493 3034 617 3088 liter
645 3036 1032 3106 supplicantem
1069 3036 1368 3101 absolvere,
1405 3035 1566 3092 salvis
1593 3044 1899 3092 sanctorum
1935 3051 2058 3091 con-

2169 1844 2393 1900 tninime
2422 1845 2629 1900 dubitet
2665 1847 2768 1901 sibi
2815 1863 2921 1902 non
2969 1857 3220 1903 constare
3249 1851 3542 1916 rationem,
3570 1853 3618 1906 si
3645 1853 3752 1910 hoc

2166 1944 2322 2005 putat
2354 1946 2475 2007 post
2523 1946 2602 1992 tot
2647 1940 3040 2010 prohibitiones
3069 1942 3286 2011 impune
3319 1958 3476 2011 posse
3525 1946 3745 1999 tentari.

2167 2026 2514 2080 Contumelia:
2559 2030 2702 2082 enim
2746 2030 2922 2084 studio
2968 2030 3047 2094 lit,
3095 2033 3352 2100 quidquid
3400 2034 3750 2090 interdictum

2167 2117 2324 2170 toties
2374 2129 2684 2188 usurpatur.
2714 2139 2732 2170 ι
2793 2119 2860 2174 Εῑ
2915 2119 2971 2174 8.
3010 2120 3331 2176 Οωιθειίηιιε
3382 2125 3561 2192 (epist.
3612 2127 3743 2196 ll}:

2172 2224 2190 2257 ι
2221 2211 2348 2274 Qua:
2377 2212 2518 2265 enim
2549 2227 2579 2264 a
2608 2212 2764 2266 nobis
2793 2226 2879 2266 res
2913 2212 3074 2283 digna
3120 2213 3443 2282 servabitur,
3474 2216 3524 2270 si
3557 2217 3748 2271 αἰθρη-

2165 2298 2350 2352 talium
2382 2315 2570 2354 norma
2598 2301 3038 2368 constitutorum,
3066 2318 3163 2372 pro
3206 2304 3512 2374 aliquorum
3563 2306 3743 2374 libitu,

2163 2385 2378 2441 lit-entia
2401 2389 2609 2458 populis
2629 2390 2889 2459 permissa
2912 2389 3263 2461 frangatur?»
3289 2393 3356 2446 Et
3378 2393 3506 2447 item
3530 2396 3744 2467 (ibid):

2168 2496 2184 2525 ε
2215 2479 2345 2543 Quae
2385 2479 2530 2533 enim
2565 2480 2678 2534 sola
2719 2479 3102 2537 admonitionis
3132 2484 3452 2540 auctoritate
3477 2502 3600 2540 non
3630 2503 3747 2542 cor-

2164 2567 2409 2636 rigimus,
2432 2584 2654 2625 necesse
2673 2581 2756 2625 est
2771 2586 2866 2640 per
2885 2573 3236 2629 severitatem
3252 2585 3641 2646 congruentem
3664 2593 3746 2633 re-

2161 2657 2298 2728 gulis
2326 2659 2677 2716 vindicemus.
2713 2679 2733 2712 ι
2758 2661 2827 2716 Et
2845 2661 2996 2732 (Leo,
3020 2679 3102 2732 ep.
3129 2663 3181 2734 1)
3205 2681 3218 2717 :
3251 2683 3268 2713 σ
3295 2663 3416 2719 ideo
3438 2668 3627 2720 omnia
3655 2668 3744 2722 de-

2160 2748 2381 2802 cretalia
2407 2751 2698 2806 constituta
2726 2761 2832 2806 tam
2864 2753 3034 2808 beata:
3073 2754 3458 2810 recordationis
3483 2757 3744 2811 hinocen-

2163 2837 2245 2903 tii,
2276 2853 2439 2908 quam
2489 2841 2728 2895 omnium
2774 2841 3121 2897 decessurum
3153 2853 3463 2900 nostrorum
3509 2862 3637 2914 qua:
3679 2849 3742 2901 de

2159 2928 2546 2984 ecclesiasticis
2593 2928 2910 2996 ordinibus,
2949 2940 3035 2997 et,
3084 2947 3352 2988 canonum
3402 2935 3743 3006 promulgata

2160 3029 2288 3074 sunt
2334 3021 2666 3090 disciplinis,
2713 3022 2791 3076 ita
2840 3037 2870 3076 a
2908 3031 3088 3078 vestra
3141 3024 3426 3079 dilectione
3477 3028 3741 3081 custodiri

493 3089 1010 3194 ciliorum‘statutis,
1047 3135 1101 3182 et
1143 3127 1450 3198 apostolicae
1476 3127 1618 3182 sedis
1648 3126 1959 3197 pontificum
1993 3142 2058 3180 ex

2166 3109 2359 3165 debere
2389 3110 2704 3166 mandamus
2741 3128 2754 3164 :
2785 3121 2874 3178 ut,
2921 3112 2965 3167 si
3005 3113 3127 3181 quis
3163 3113 3218 3167 in
3259 3113 3346 3168 illa
3383 3116 3738 3178 commiserit,

489 3216 692 3272 eisdem
739 3219 912 3275 sacris
957 3219 1254 3274 canouibus
1281 3218 1656 3290 promulgatis,
1692 3228 1747 3273 et
1781 3228 2061 3274 reservato

498 3320 596 3375 per
633 3308 812 3362 omnia
847 3309 1035 3378 prima:
1063 3318 1119 3364 et
1162 3309 1468 3379 apostolicae
1497 3310 1639 3366 sedis
1666 3309 1961 3381 privilegio,
1997 3324 2062 3365 ac

493 3395 822 3452 Rhemortnn
853 3399 1163 3469 metropolis
1184 3399 1305 3468 jure
1342 3420 1356 3456 :
1397 3400 1538 3470 quod
1565 3414 1632 3454 ex
1672 3415 1759 3455 me
1801 3409 1903 3466 est,
1934 3415 2061 3454 con-

492 3486 633 3553 silio,
662 3496 715 3542 et
735 3488 940 3558 judicio
980 3499 1174 3546 vestrae
1204 3491 1574 3546 unanimitatis
1615 3491 1931 3546 committo:
1963 3505 2061 3560 pro

493 3579 711 3634 modulo
740 3595 860 3636 meo
878 3595 1109 3650 sequens
1134 3581 1276 3636 dicta
1299 3582 1360 3636 B.
1401 3580 1676 3638 Ctelestini
1707 3581 1777 3636 ad
1802 3580 2059 3650 Cyrillum

491 3670 805 3740 episcopum
834 3671 901 3727 de
928 3669 1176 3727 Nestorio
1205 3671 1522 3744 (Ctelestiu.,
1550 3688 1631 3742 ep.
1658 3669 1747 3737 l0,
1788 3671 1924 3740 apud
1965 3669 2061 3724 Ba-

443 3757 448 3760 ’
489 3775 610 3815 ron.
638 3777 727 3816 an.
764 3761 891 3834 431)
933 3779 948 3817 :
986 3781 1005 3814 ‹
1039 3761 1262 3829 Studeo,
1310 3763 1512 3834 inquit,
1545 3761 1711 3833 quieti
1757 3760 2058 3827 catholicae,

488 3851 679 3906 studeo
715 3852 990 3921 pereuntis
1019 3851 1208 3920 saluti,
1240 3853 1284 3908 si
1318 3863 1496 3908 tamen
1525 3852 1756 3908 voluerit
1799 3851 2060 3922 aegritudi-

488 3958 612 3998 nem
641 3943 910 3998 conﬁteri.
935 3943 1087 4009 Quod
1119 3944 1239 3999 ideo
1274 3945 1523 4010 dicimus,
1553 3959 1620 3999 ne
1651 3944 1848 4000 volenti
1893 3943 2060 3997 corri-

488 4047 616 4102 gere
645 4031 767 4104 [al.,
807 4045 866 4086 se
906 4030 1222 4102 corrigere],
1266 4031 1491 4086 forsitan
1518 4033 1707 4086 deesse
1756 4032 2055 4087 videamur.

487 4124 625 4178 Nam
671 4124 720 4178 si
757 4132 814 4178 et
852 4121 1008 4178 nobis
1053 4121 1172 4194 [al.,
1207 4124 1305 4179 etsi
1350 4132 1404 4177 et
1450 4121 1627 4192 nobis]
1672 4122 2059 4178 sustinentibus

488 4231 671 4281 uvam,
700 4216 882 4285 spinas
909 4214 1009 4270 sibi
1054 4213 1346 4277 addiderit,
1383 4212 1664 4281 impleatur
1693 4212 2057 4278 manentibus,
2083 4208 2085 4210 ’

490 4307 709 4363 statutis
738 4307 1010 4378 prioribus
1053 4306 1134 4361 sui
1178 4305 1354 4360 fructu
1398 4303 1616 4373 iudicii,
1657 4303 1873 4373 colligat
1914 4306 2059 4376 quod

488 4397 639 4454 sulco
666 4396 929 4452 diabolico
967 4394 1274 4460 seminavit,
1303 4409 1409 4448 non
1456 4402 1642 4450 nostro
1686 4393 1935 4460 consilio,
1962 4394 2057 4448 sed

487 4507 547 4546 se
572 4491 843 4562 periturus
877 4497 1115 4547 auctore.
1168 4487 1365 4542 Probat
1410 4485 1533 4559 [al.,
1570 4485 1787 4557 probet]
1825 4501 1922 4540 nos
1961 4500 2057 4541 ve-

378 4572 390 4578 ’
489 4584 636 4637 loces
679 4583 842 4652 pedes
885 4581 953 4636 ad
1008 4579 1384 4636 effundendum
1442 4579 1755 4648 sanguinem
1806 4592 1910 4633 non
1958 4576 2057 4630 ha-

494 4677 644 4741 bere,
671 4674 890 4744 quando
908 4673 1011 4728 sibi
1041 4673 1201 4726 etiam
1243 4671 1536 4728 remedium
1581 4681 1873 4742 cognoscat
1910 4669 2060 4724 obla-

489 4782 622 4825 tum.
647 4788 666 4822 ι
699 4768 765 4822 Et
805 4768 918 4822 haec
947 4767 1066 4822 dico
1093 4781 1198 4821 non
1239 4765 1594 4836 prtejudicans
1635 4774 1827 4820 vestrte
1861 4763 2060 4819 delibe-

488 4859 709 4924 rationi,
740 4866 920 4911 utrum
943 4855 1098 4924 juxta
1141 4857 1254 4910 haec
1296 4856 1354 4910 Β.
1385 4855 1659 4910 (Ζωιθειίιιί
1707 4855 1869 4910 verba
1904 4870 2059 4909 vera-

489 4949 625 5004 citer
653 4959 1068 5018 recognoscens,
1091 4953 1146 4997 et
1173 4944 1446 4997 humiliter
1469 4944 1794 5013 supplicans,
1822 4944 2058 5010 absolvi;

489 5053 557 5091 an
587 5050 684 5107 pro
716 5044 821 5090 tam
858 5033 1064 5088 diutina
1094 5032 1359 5101 pertinaci
1401 5034 1454 5087 in
1498 5043 1804 5102 contemptu
1848 5042 2062 5088 sancta-

490 5143 610 5183 rum
660 5125 960 5198 regularum
1005 5122 1380 5193 permansione
1428 5122 1618 5177 debeat
1650 5123 1887 5193 percelli.
1925 5123 2059 5191 Quia

491 5219 633 5274 sicut
671 5233 699 5271 a
734 5216 933 5289 regulis
985 5213 1300 5283 praestitutis
1343 5213 1411 5268 de
1461 5215 1622 5268 certis
1658 5226 1714 5269 et
1759 5214 2062 5270 manifestis

495 5309 675 5365 causis
703 5324 822 5378 quae
849 5308 900 5361 in
942 5305 1084 5360 nullo
1123 5305 1278 5358 nobis
1328 5312 1454 5358 sunt
1498 5304 1659 5358 dubia
1697 5305 1780 5359 vel
1826 5305 2058 5360 obscura

494 5401 633 5456 nulla
676 5409 769 5454 aut
821 5394 1143 5468 negligentia
1204 5404 1297 5448 aut
1344 5395 1757 5465 praesumptione
1801 5396 2058 5450 debemus

491 5491 792 5555 discedere,
821 5491 958 5544 sicut
993 5489 1103 5543 Leo
1131 5488 1197 5541 ad
1228 5485 1571 5540 Anastasium
1598 5485 1846 5540 scribens
1880 5485 2054 5554 (epist.

494 5581 584 5652 84)
623 5581 895 5635 decrevit:
936 5580 1007 5633 ita
1055 5579 1122 5633 de
1159 5577 1352 5647 quibus
1395 5575 1700 5631 difliuitivas
1745 5574 2056 5638 sententias,

498 5689 616 5746 qua:
661 5671 804 5727 nulla
849 5681 1072 5742 lmssunt
1119 5671 1325 5728 ratione
1377 5669 1621 5738 convelli,
1651 5685 1680 5724 a
1721 5667 1924 5725 sanctis
1962 5665 2063 5721 Pa-

2160 3199 2373 3252 veniam
2401 3199 2504 3254 sibi
2531 3200 2784 3272 deinceps
2809 3201 3020 3256 noverit
3047 3203 3316 3272 denegari.
3341 3222 3361 3255 i
3391 3203 3461 3257 Et
3487 3204 3740 3259 Gelasius

2161 3292 2261 3364 (ep.
2290 3294 2418 3364 ll):
2452 3314 2470 3347 ι
2503 3294 2647 3358 Satis
2685 3296 2962 3368 indignum
3000 3305 3102 3363 est,
3133 3312 3454 3367 quemquam
3483 3299 3567 3352 vel
3608 3313 3742 3369 pon-

2162 3383 2380 3450 titicem,
2417 3385 2501 3440 vel
2543 3386 2794 3441 ordinum
2845 3388 3320 3457 subsequentium,
3363 3389 3497 3442 hanc
3543 3391 3738 3445 obser-

2159 3473 2394 3528 vantiam
2427 3474 2683 3542 refutare,
2713 3491 2876 3546 quam
2908 3477 2967 3530 Β.
2997 3477 3141 3532 Petri
3175 3478 3358 3532 sedem
3385 3478 3555 3531 videat
3604 3481 3742 3533 edo-

2160 3581 2323 3622 cere:
2360 3567 2598 3637 satisque
2624 3569 2952 3624 conveniens
2973 3569 3063 3634 sit,
3096 3577 3154 3622 ut
3194 3577 3361 3625 totum
3399 3584 3590 3638 corpus
3627 3570 3733 3624 Ec-

2158 3657 2336 3713 clcsite
2361 3658 2416 3712 in
2443 3659 2546 3714 hac
2578 3659 2796 3716 sibimet
2832 3661 3209 3732 observatione
3239 3661 3532 3724 concordet,
3560 3677 3738 3729 quam

2160 3748 2268 3804 illic
2297 3749 2474 3820 vigere
2513 3751 2844 3819 conspiciat,
2881 3750 2970 3805 ubi
3003 3750 3259 3806 Dominus
3288 3751 3533 3804 Beck-site
3562 3751 3738 3806 totius

2159 3840 2336 3908 posuit
2379 3839 2760 3910 principatum.
2797 3860 2816 3893 ι
2870 3841 2939 3896 Ει
2997 3842 3124 3895 item
3167 3859 3182 3896 :
3243 3861 3261 3893 ι
3289 3841 3402 3895 Non
3454 3858 3592 3909 opus
3637 3842 3738 3896 fuit

2161 3943 2298 3983 nova
2340 3931 2572 3998 synodo;
2598 3945 2722 3985 cum
2752 3930 2951 4009 veteris
2969 3930 3245 3984 constituti
3271 3930 3598 3985 suﬂicieuter
3621 3931 3739 3984 hac

2160 4017 2333 4074 forma
2361 4021 2754 4089 praescriberet.
2780 4039 2800 4073 ι
2832 4020 2898 4074 Ει
2919 4021 3046 4074 item
3071 4036 3086 4074 :
3123 4039 3142 4072 ‹
3173 4018 3454 4090 Nunquam
3497 4021 3736 4090 cessisse

2159 4113 2505 4168 manifestum
2542 4122 2656 4182 est,
2698 4112 2936 4184 qualibet
2982 4113 3303 4168 necessitate
3344 4119 3591 4183 cogente,
3642 4125 3735 4165 no-

2158 4205 2319 4272 viter,
2342 4222 2462 4276 qute
2490 4205 2705 4261 fuerant
2729 4204 3016 4262 salubriter
3041 4204 3354 4268 constituta,
3381 4211 3730 4258 temerasse»

2159 4295 2228 4351 Et
2251 4295 2310 4350 S.
2339 4297 2630 4367 Gregorius
2658 4298 2723 4351 ad
2753 4297 2998 4366 Sergium
3025 4295 3360 4348 defensorem
3402 4292 3577 4362 (epist.
3605 4292 3730 4360 10):

2168 4402 2186 4435 ι
2216 4384 2274 4439 Si
2316 4385 2476 4439 homo
2533 4399 2705 4451 esses,
2743 4393 2836 4438 aut
2881 4383 3115 4453 aliquam
3164 4383 3556 4437 districtionem
3607 4379 3734 4453 ιρι..

2162 4475 2563 4548 discretionem]
2631 4477 2943 4542 habuisses,
2983 4476 3056 4530 ita
3122 4473 3384 4544 regularis
3439 4472 3734 4541 disciplina:

2162 4567 2438 4621 debuisses
2483 4576 2665 4621 custos
2711 4567 2962 4628 existere,
3011 4572 3070 4618 ut
3111 4578 3175 4618 ea
3213 4579 3332 4632 quae
3385 4561 3490 4615 illic
3541 4562 3733 4616 illicita

2161 4657 2595 4721 committuntur,
2639 4664 2766 4711 ante
2816 4655 3050 4708 vindicta
3097 4653 3422 4723 corrigeret,
3454 4665 3622 4719 quam
3665 4651 3732 4703 ad

2161 4763 2261 4802 nos
2299 4761 2487 4801 eorum
2536 4746 2758 4799 nuntius
2817 4744 3186 4815 perveniret»
3224 4743 3292 4796 Et
3335 4749 3460 4812 post
3504 4753 3725 4809 pauca:

2169 4860 2188 4894 ι
2217 4841 2350 4895 Nam
2381 4841 2427 4896 si
2473 4840 2711 4909 quolibet
2751 4839 2909 4894 modo
2953 4837 3007 4892 in
3058 4837 3162 4892 hac
3201 4853 3260 4891 re
3307 4834 3604 4904 negligens,
3649 4831 3728 4884 vel

2163 4931 2340 4986 lentus
2372 4929 2663 4993 exstiteris,
2691 4928 2762 4982 ita
2793 4928 2844 4980 in
2872 4936 2923 4981 te
2949 4925 3345 4981 districtissime
3373 4921 3588 4976 noveris
3616 4919 3730 4972 vin-

2163 5023 2481 5084 dicandum,
2522 5026 2579 5072 ut
2616 5018 2759 5086 quod
2788 5032 2854 5071 ex
2887 5025 2940 5072 te
2979 5015 3178 5078 nescis,
3214 5028 3373 5083 pinna
3419 5010 3596 5080 possis
3638 5024 3722 5063 se-

2165 5123 2326 5168 cante
2377 5109 2506 5182 (aL,
2572 5105 2880 5178 reserante]
2940 5119 3288 5174 cognoscere.
3317 5121 3337 5154 ι
3388 5101 3452 5155 Et
3498 5101 3725 5154 domnus

2165 5206 2431 5260 Adrianus
2460 5216 2592 5270 papa
2625 5200 2676 5253 in
2709 5199 2954 5268 epistola,
2976 5200 3117 5253 sicut
3145 5197 3391 5262 audistis,
3421 5193 3727 5262 nuperrime

2160 5299 2361 5352 directa
2389 5312 2403 5347 :
2442 5312 2460 5343 ι
2489 5291 2774 5353 Fideliutn,
2816 5291 3023 5360 inquit,
3056 5289 3318 5344 relatione
3344 5283 3722 5356 comperimus,

2159 5388 2301 5456 quod
2335 5394 2420 5438 tua
2463 5382 2774 5437 fraternitas
2803 5381 3040 5436 debitum
3083 5381 3320 5448 vigorem
3365 5378 3418 5431 in
3454 5371 3720 5444 provincia

2162 5472 2450 5530 Rhemcnsi
2477 5488 2579 5526 non
2610 5471 2837 5540 agitans,
2867 5470 3031 5523 multa
3064 5466 3480 5538 reprehensione
3524 5459 3722 5530 digitis-

2163 5567 2296 5623 sima
2327 5584 2358 5620 a
2402 5564 2506 5617 tuis
2552 5561 3090 5631 comprovincialibus
3131 5558 3521 5613 convalescant.
3563 5550 3722 5617 Cujus

2165 5660 2239 5716 rei
2272 5656 2442 5728 gratia
2482 5654 2862 5726 negligentiam
2887 5663 3121 5710 vestram
3149 5652 3232 5707 bis
3263 5645 3569 5720 apostolicis
3590 5640 3720 5696 alla-
