3958 5398
104 317 220 375 635

893 319 1134 381 OPUSC.
1174 323 1266 382 ET
1300 319 1514 378 EPIST.
1554 320 1624 377 IN
1661 318 1888 377 CAUSA
1928 322 2258 384 IIINCMARI
2298 327 2603 388 LAUDUN.

3267 333 3376 395 634

108 436 258 494 tibus
284 435 606 502 excitamus,
634 443 708 492 ut.
741 439 1036 494 secundum
1071 439 1498 494 venerandorum
1527 451 1697 491 cano-
1724 435 1773 495 Δ
1801 443 1856 492 et
1890 440 2106 497 retinet.
2131 462 2150 495 ι
2199 445 2372 515 Quam
2418 447 2683 518 synodum
2735 445 3116 506 Sardicensem
3165 459 3379 520 aposto-

106 545 243 582 num
276 528 508 599 regulas,
545 529 618 582 ita
644 529 884 584 omnium
911 531 1133 585 omnino
1159 527 1689 598 comprovincialium

108 627 332 673 tuorum
382 617 658 688 synodice,
687 619 835 674 salvo
887 628 1087 675 sancta:
1135 618 1391 673 Romana:
1436 617 1693 673 Ecclesia:

107 705 414 777 privilegio,
452 720 664 762 reseces
683 706 835 772 vitia,
867 716 930 762 ut
949 708 1214 778 privilegii
1241 709 1318 762 tui
1341 723 1525 763 coram
1560 707 1690 769 Deo.

110 805 410 867 nostroque
427 794 634 864 judicio
662 811 767 851 non
797 799 1057 854 merearis
1079 799 1348 855 sustinere
1361 798 1686 869 iacturam.»

184 889 256 944 Et
286 889 412 958 quia
441 887 609 944 frater
654 888 980 948 Hincmarus
1005 907 1147 964 saepe
1189 908 1297 946 non
1344 892 1398 946 in
1429 891 1694 948 canonico

101 979 337 1049 judicio,
365 993 466 1035 nec
511 995 609 1050 pro
653 981 818 1037 certis
862 983 1062 1048 causis,
1113 983 1208 1039 sed
1253 999 1351 1055 pro
1398 982 1562 1037 animi
1611 981 1697 1037 sui

111 1071 374 1153 motibus,
404 1071 772 1142 irregulariter
798 1074 978 1129 sedem
1008 1075 1356 1146 apostolicam
1380 1074 1693 1145 appellavit,

109 1168 170 1214 et
199 1161 448 1230 prosequi
477 1161 888 1232 appellationem
938 1179 1114 1230 suam,
1143 1165 1307 1220 etiam
1340 1163 1698 1235 irregularem

112 1249 394 1320 neglexit:
425 1251 470 1306 si
505 1251 827 1322 regulariter
853 1269 998 1309 nunc
1039 1254 1313 1325 appellare
1341 1254 1588 1318 voluerit,
1617 1252 1700 1309 sic

110 1339 386 1394 submisse
411 1347 468 1395 et
507 1348 807 1411 temperate
835 1341 1011 1414 legum
1039 1352 1095 1399 et
1122 1359 1390 1399 canonum
1438 1352 1564 1400 sunt
1604 1357 1700 1398 ex-

110 1428 408 1498 sequenda:
435 1431 735 1497 sententias,
766 1441 827 1486 ut
854 1441 910 1488 et
941 1433 1057 1502 ipse
1092 1435 1340 1489 comedat
1371 1431 1577 1489 fructus
1599 1433 1701 1489 via:

111 1534 250 1602 sum,
281 1521 502 1593 suisque
528 1523 769 1579 consiliis
797 1532 1096 1591 saturetur,
1128 1534 1184 1580 et
1218 1527 1376 1582 sedes
1399 1525 1698 1597 apostolica

111 1615 418 1668 secundum
445 1630 630 1670 sacros
673 1631 926 1683 canones,
953 1627 1015 1672 ut
1057 1617 1276 1689 dignum
1319 1627 1420 1681 est,
1469 1619 1700 1674 honore-

115 1712 232 1769 tnr;
264 1715 320 1760 et
345 1720 445 1761 nos
477 1721 578 1777 pro
604 1707 957 1764 dissolutione
983 1709 1248 1780 regularis
1279 1709 1580 1780 disciplinm
1612 1727 1699 1766 re-

111 1795 312 1865 dargui
355 1813 461 1852 non
499 1813 825 1856 mereamur.
870 1799 1005 1855 Nam
1046 1801 1111 1856 de
1157 1801 1511 1871 appellatione
1558 1802 1698 1857 Con-
1731 1785 1773 1844 Β

110 1887 390 1944 stantinus
421 1888 558 1962 Aug.
609 1893 675 1945 ad
725 1891 1029 1946 Catulinum
1075 1892 1314 1948 decrevit
1364 1894 1466 1947 hoc
1517 1893 1696 1948 modo.

117 1996 139 2028 c
168 1978 493 2036 “oratorias
533 1981 845 2048 dilationes,
893 1983 1376 2053 frustratoriasqne
1424 1999 1531 2038 non
1589 1993 1699 2038 tam

111 2071 514 2141 appellationes
549 2088 712 2144 quam
756 2073 1148 2130 ludiﬁcationcs
1190 2075 1401 2129 admitti
1434 2091 1538 2129 non
1572 2090 1702 2130 con-

111 2161 284 2216 venit.
314 2160 446 2217 Nam
475 2163 613 2218 sicut
638 2163 774 2219 bene
796 2163 1189 2234 appellantibus
1217 2164 1403 2233 negari
1434 2163 1697 2218 auxilium

111 2269 229 2309 non
255 2264 496 2324 oportet;
528 2256 603 2311 ita
629 2256 715 2312 bis
760 2267 949 2312 contra
984 2271 1120 2325 quos
1163 2256 1357 2310 merito
1399 2255 1700 2326 judicatum

110 2354 224 2411 est,
254 2345 488 2401 inaniter
517 2347 933 2418 provocantibus
963 2347 1167 2402 dilferri
1209 2347 1348 2401 bene
1395 2355 1544 2416 gesta
1594 2361 1701 2400 non

111 2435 296 2490 decet.
331 2454 351 2488 ι
401 2434 470 2490 Et
521 2451 588 2491 ex
640 2428 1088 2508 interpretatione
1135 2436 1269 2506 legis
1315 2434 1698 2501 Valentiniani,

114 2523 386 2589 Valentis,
417 2533 472 2580 et
500 2524 747 2582 Gratiani
794 2527 932 2599 Aug.
973 2527 1042 2582 ad
1071 2525 1399 2581 Claudium:
1443 2525 1556 2580 Lex
1601 2525 1702 2580 ista

111 2615 224 2668 hoc
253 2613 423 2670 dicit:
455 2614 782 2687 Gronopium
813 2617 1124 2687 episcopum
1166 2633 1196 2671 a
1225 2615 1408 2671 multis
1436 2616 1705 2686 episcOpis

111 2700 290 2758 fuisse
318 2703 654 2771 damnatum,
679 2713 735 2760 et
767 2706 1038 2762 studuisse
1075 2722 1220 2769 eum,
1256 2715 1380 2761 ante
1413 2704 1703 2774 judicium,

110 2793 447 2848 sententiam
485 2809 605 2864 qua:
646 2794 1044 2866 proferebatur,
1071 2795 1430 2866 appellatione
1471 2810 1704 2865 suspen-

107 2883 250 2938 dere
275 2901 290 2938 :
323 2898 352 2937 a
380 2901 484 2954 qua
509 2887 795 2951 sententia,
817 2887 942 2958 quia
959 2887 1104 2959 juste
1132 2887 1341 2958 prolata
1375 2888 1581 2954 fuerat,
1607 2903 1705 2958 ap-

109 2974 326 3044 pellare
345 2976 564 3032 minime
578 2977 869 3034 debuisset.
890 2979 945 3034 In
963 2993 1066 3050 qua
1085 2994 1210 3036 eum
1236 2979 1387 3052 gravi
1409 2979 1628 3046 mulcta,
1653 2979 1705 3035 id

108 3077 202 3124 est
228 3069 618 3142 quinquaginta
650 3071 816 3126 libras
845 3072 1054 3144 argenti
1099 3072 1369 3128 addictum
1413 3073 1577 3128 fuisse
1618 3073 1704 3127 di-

111 3161 214 3213 cit.
261 3159 392 3227 Quae
443 3169 620 3216 tamen
672 3176 881 3216 summa
936 3163 1105 3232 ipsius
1143 3161 1376 3227 muletae,
1415 3179 1520 3217 non
1573 3163 1702 3218 ﬁsco

107 3247 379 3317 prodesse
417 3247 568 3319 jussa
614 3259 730 3314 est,
772 3251 867 3304 sed
915 3250 1242 3321 pauperibus
1282 3253 1514 3322 erogari.
1549 3251 1706 3308 Unde

106 3339 419 3411 apostolica
465 3341 623 3396 sedes
673 3341 979 3405 discernet,
1024 3341 1071 3396 si
1108 3341 1384 3413 appellans
1424 3343 1709 3412 episcopus

105 3434 321 3488 bonam
371 3447 590 3488 causam
628 3433 866 3497 habebit,
906 3433 1055 3489 velut
1098 3434 1339 3490 decrevit
1379 3432 1708 3490 Sardicense

104 3521 407 3578 concilium
436 3523 579 3595 (can.
605 3524 698 3596 5):
735 3543 754 3576 ι
781 3523 860 3590 Si,
893 3524 1162 3594 inquiens,
1197 3523 1394 3594 aliquis
1422 3524 1708 3594 episcopus

98 3612 393 3685 judicatus
433 3612 596 3668 fuerit
626 3614 682 3668 in
712 3613 892 3683 aliqua
929 3629 1113 3680 causa,
1142 3623 1197 3670 et
1228 3623 1383 3684 putat
1418 3631 1478 3669 se
1509 3614 1706 3668 bonam

101 3717 345 3761 causam
375 3705 600 3771 habere,
632 3711 694 3758 ut
736 3704 933 3759 iterum
977 3705 1264 3760 concilium
1303 3712 1617 3768 renovetur,
1662 3705 1708 3758 si

102 3794 281 3851 vobis
337 3792 579 3863 placeat,
630 3793 803 3850 sancti
877 3793 1028 3850 Petri
1101 3793 1326 3863 apostoli
1390 3791 1708 3848 memoriam

105 3889 473 3948 bonoremus,
498 3891 559 3938 ut
585 3883 854 3938 scribatur
878 3885 947 3939 ab
975 3884 1060 3940 bis
1099 3885 1192 3954 qui
1241 3897 1466 3939 causam
1495 3883 1709 3938 exami-

107 3982 346 4041 narunt,
386 3971 528 4030 Julio
563 3973 810 4032 Romano
859 3975 1156 4045 episcopo:
1194 3983 1251 4030 et
1289 3975 1334 4030 si
1381 3973 1714 4044 judicaverit

109 4065 494 4124 renovandum
543 4079 664 4122 esse
697 4066 996 4136 judicium,
1046 4073 1358 4128 renovetur.
1403 4071 1460 4119 et
1503 4064 1594 4119 det
1616 4063 1710 4135 ju-

112 4160 295 4215 dices.
336 4156 395 4212 Si
435 4165 616 4213 autem
666 4157 978 4229 probaverit
1027 4157 1192 4214 talem
1225 4171 1347 4212 esse
1378 4169 1620 4220 causam,
1651 4166 1713 4211 ut

115 4267 232 4308 non
284 4249 608 4307 rell-iccutur
651 4265 718 4306 ea
760 4266 882 4322 quae
935 4258 1056 4305 acta
1113 4258 1242 4306 sunt
1278 4265 1293 4303 :
1335 4263 1457 4319 quae
1513 4249 1709 4304 decre-

114 4342 297 4405 verit,
341 4342 656 4397 conﬁrmata
709 4350 890 4397 erunt.
923 4360 942 4392 ›
999 4340 1067 4396 Et
1101 4341 1227 4396 hinc
1276 4340 1331 4395 in
1379 4338 1564 4395 can.4
1592 4339 1710 4394 et?

115 4433 267 4489 ordo
311 4433 682 4503 appellationis
749 4432 985 4502 episcopi
1035 4439 1159 4501 post
1213 4429 1521 4500 episcopale
1566 4429 1711 4500 judi-

115 4527 270 4580 cium
301 4525 376 4578 ad
411 4523 760 4594 apostolicam
791 4524 972 4578 sedem
1011 4521 1356 4577 describitur.
1402 4520 1575 4587 Quem
1618 4532 1713 4573 eo-

115 4621 248 4674 dem
297 4616 455 4672 modo
505 4617 908 4687 exsequendum
960 4612 1328 4677 Innocentius,
1373 4609 1708 4674 Bonifacius,

115 4717 176 4764 et
211 4706 328 4762 Leo
352 4707 404 4761 in
430 4706 661 4762 decretis
688 4705 800 4761 suis
827 4719 895 4760 ex
941 4703 1144 4758 eisdem
1192 4701 1367 4756 sacris
1411 4699 1714 4757 eanonibus

117 4795 466 4868 apertissime
486 4795 979 4867 promulgaverunt.
1001 4790 1157 4847 Unde
1179 4798 1232 4845 et
1248 4789 1496 4846 Gclasius
1522 4787 1716 4846 scribit

117 4890 308 4958 (epist.
353 4888 437 4958 Il)
482 4907 496 4943 :
550 4906 569 4940 ι
599 4885 931 4943 Conﬁdimus
976 4884 1117 4953 quod
1158 4883 1340 4938 nullus
1391 4884 1504 4955 jam
1560 4896 1718 4936 vera-

117 4981 265 5034 citer
296 4976 630 5033 Christianus
660 4977 869 5046 ignoret
905 4971 1325 5042 uniuscujusque
1355 4970 1552 5046 synodi
1586 4985 1714 5026 con-

118 5073 406 5135 stitutum,
448 5070 593 5141 quod
646 5065 969 5123 universalis
1020 5064 1276 5119 Ecclesia:
1335 5064 1588 5138 probavit
1639 5079 1722 5121 as-

807 5172 911 5182 -Αιιη
958 5153 1213 5182 ΑιξηιιηΜἸ
1263 5159 1431 5182 Μαι-2-
1490 5155 1716 5182 ΑυηΑο-ιιξ

1793 528 1898 585 lica
1946 532 2102 588 sedes
2135 529 2242 604 ~per
2304 535 2488 591 Osium
2538 537 2974 604 Cordubensem,
3020 549 3077 598 et
3120 539 3376 597 Gentium

1795 618 2166 689 Capuensem,
2209 632 2266 678 et
2317 625 2662 696 Calepodium
2712 628 3119 701 Neapolitanum
3163 633 3378 701 episco-

1793 724 1911 780 pos,
1942 725 2070 767 suos
2116 713 2350 770 vicarius
2383 717 2765 774 conﬁrmavit:
2793 728 2849 775 et
2889 720 3128 778 Ecclesia
3175 720 3376 777 nihilo-

1797 800 1980 858 minus
2020 803 2383 875 subsequente
2437 808 2812 866 conﬁrmatam
2851 812 3025 868 tenuit
3067 826 3299 884 semper,
3325 822 3382 869 ct

1795 892 2016 951 retinet.

2483 975 2706 992 ξ

2063 1032 2511 1098 SENTENTIA
2559 1036 3110 1100 DEPOSITIONIS

2195 1151 2508 1198 BINCMABI
2546 1157 2795 1198 lAUDUN
2807 1158 2976 1200 ENSIS

1869 1233 1947 1288 Ab
1976 1232 2266 1291 Hincmaro
2287 1237 2682 1308 metropolitano
2708 1237 2983 1294 Rhemensi
3003 1240 3056 1294 in
3082 1238 3302 1294 concilio

2240 1327 2557 1382 Duziacensi
2585 1331 2948 1398 pronuntiata.

2146 1417 2302 1482 (Apud
2328 1417 2502 1482 Labb.,
2536 1419 2718 1472 Coucil.
2741 1429 2854 1472 tom.
2881 1421 3042 1484 VIII.)

1869 1523 2192 1580 Ilinemarus
2215 1523 2544 1580 Rhemorum
2567 1525 2848 1595 episc0pus
2869 1525 3007 1579 dixit
3031 1543 3044 1578 :
3091 1523 3378 1594 Nunquam

1799 1615 1992 1671 vellem
2039 1617 2091 1672 in
2137 1630 2260 1672 eum
2305 1630 2392 1670 me
2426 1614 2676 1684 judicare
2715 1624 3026 1687 oporteret;
3082 1624 3135 1671 et
3179 1615 3383 1669 utinam

1804 1726 1905 1767 nec
1929 1711 2184 1767 ordinare
2207 1709 2546 1780 contigisset,
2579 1709 2646 1764 de
2676 1724 2784 1779 quo
2804 1722 3018 1779 semper
3041 1707 3216 1770 timui,
3242 1704 3386 1777 quod

1803 1823 1947 1863 nunc
1988 1808 2182 1870 video,
2229 1815 2516 1876 postquam
2562 1818 2687 1859 eum
2727 1802 2829 1859 sibi
2871 1802 3126 1858 saeculum
3167 1799 3386 1870 rapuit,

1801 1905 1859 1953 et
1901 1896 1951 1950 ei
1996 1895 2314 1966 frequenter
2354 1894 2613 1964 scriptum
2653 1891 2918 1964 praedixi:
2961 1891 3066 1958 Qui
3101 1889 3284 1944 mentis
3311 1894 3390 1942 est

1801 1988 1972 2052 durat,
1999 1996 2202 2040 corruet
2225 1987 2280 2040 in
2304 1984 2504 2040 malum
2530 1983 2714 2055 (Prov.
2743 1982 2961 2052 xxvut).
2987 1980 3094 2038 Sed
3120 1980 3245 2052 quia
3274 1979 3391 2050 ipse

1802 2079 1905 2134 sibi
1934 2079 2195 2149 judicium
2232 2076 2358 2132 ferri
2383 2076 2602 2146 exegit:
2644 2084 2828 2130 vestra
2867 2072 3197 2129 unanimitas
3219 2070 3387 2134 dicat,

1803 2171 1850 2225 si
1873 2186 1970 2239 ego
1996 2185 2095 2238 pro
2117 2168 2414 2240 praemissis
2453 2167 2634 2222 causis
2678 2180 2800 2219 eum
2839 2165 3172 2233 judicavcro,
3209 2169 3388 2214 utrum

1803 2273 1900 2314 vos
1943 2258 2092 2312 illum
2137 2272 2349 2312 mecum
2394 2253 2726 2309 unanimiter
2755 2251 3090 2320 judicabitis,
3132 2267 3198 2304 an
3239 2248 3392 2305 non?

1807 2348 1870 2403 Et
1909 2347 2222 2420 singillatim
2277 2346 2548 2416 episcopis
2593 2343 3083 2414 respondentibus,
3140 2358 3199 2397 se
3241 2341 3390 2395 illum

1804 2457 1910 2495 una
1950 2457 2075 2496 cum
2129 2456 2196 2496 eo
2239 2438 2623 2509 judicaturos,
2687 2435 3012 2491 Hincmarus
3057 2434 3390 2488 Rhemorum

1803 2534 2091 2605 cpiscopus
2132 2531 2303 2587 dixit:
2352 2529 2420 2585 Et
2461 2541 2748 2602 postquam
2793 2540 2892 2598 ego
2929 2524 3154 2595 judicio,
3201 2539 3392 2580 secun-

1805 2623 1933 2677 dum
1978 2635 2185 2676 morem
2225 2618 2655 2676 ecclesiasticum
2696 2615 3100 2685 subscripsere,
3148 2611 3390 2668 subscri-

1804 2711 1945 2767 betis
1989 2725 2203 2766 mecum
2244 2707 2420 2764 eidem
2459 2705 2708 2776 judicio?
2767 2704 3221 2774 Responderunt,
3264 2699 3391 2770 quia

1805 2801 1947 2872 quod
1990 2815 2111 2856 cum
2152 2814 2217 2855 eo
2249 2797 2637 2869 iudicaverint,
2677 2810 2736 2851 se
2775 2793 2932 2863 juxta
2973 2807 3179 2848 morem
3223 2790 3396 2844 eccle-

1807 2893 2084 2948 siasticum
2126 2890 2244 2946 fore
2287 2889 2712 2960 subscripturos.
2760 2885 2827 2940 Et
2869 2893 2994 2938 tunc
3019 2883 3170 2938 lecta:
3193 2878 3397 2935 suntin

1807 2986 2015 3060 synodo
2041 2986 2108 3042 ab
2129 2983 2420 3056 Adalgario
2443 2983 2671 3038 diacono
2693 2978 2978 3036 sententia:
3000 2989 3288 3045 canonum.
3321 2972 3396 3026 ita

1807 3095 1871 3134 eo
1892 3079 2132 3133 dicente:
2153 3076 2501 3131 Sardicenses
2517 3085 2754 3128 canones
2775 3068 3133 3124 decreverunt
3147 3065 3287 3133 (can.
3302 3062 3356 3126 5)
3380 3079 3396 3116 :

1817 3191 1833 3222 t
1868 3169 1940 3225 Ut
1981 3168 2025 3223 si
2067 3165 2264 3236 aliquis
2309 3163 2596 3232 episcopus
2629 3159 2906 3229 judicatus
2932 3156 3096 3212 fuerit
3137 3154 3190 3207 in
3219 3151 3398 3222 aliqua

1811 3275 1996 3323 causa,
2043 3267 2099 3312 et
2139 3263 2292 3327 putet
2334 3269 2394 3309 se
2431 3254 2628 3309 bonam
2673 3265 2891 3306 causam
2932 3249 3155 3309 habere,
3200 3252 3261 3299 ut
3301 3243 3403 3297 ite-

1814 3370 1932 3408 rum
1977 3348 2268 3406 concilium
2310 3352 2627 3408 renovetur,
2686 3342 2731 3396 si
2777 3339 2932 3395 vobis
2988 3337 3166 3409 placet
3225 3334 3402 3390 sancti

1812 3445 1958 3502 Petri
2005 3440 2323 3498 memoriam
2370 3440 2738 3498 bonoremus,
2784 3441 2845 3487 ut
2888 3430 3160 3486 scribatur
3203 3428 3272 3482 ab
3317 3426 3404 3481 bis

1811 3537 1904 3609 qui
1948 3550 2169 3591 causam
2208 3532 2615 3594 examinarunt,
2659 3527 2802 3584 Iulio
2843 3527 3090 3581 Romano
3127 3525 3402 3594 episcopo,

1812 3635 1866 3680 et
1907 3624 1954 3678 si
1992 3611 2317 3691 judicaverit
2359 3617 2730 3672 renovandum
2773 3629 2892 3670 esse
2925 3611 3224 3684 judicium,
3244 3625 3405 3664 reno-

1813 3723 1990 3778 vctur,
2033 3720 2090 3766 et
2126 3713 2217 3766 det
2254 3709 2468 3780 indices
2514 3725 2529 3761 :
2577 3708 2622 3763 si
2651 3716 2839 3762 contra
2886 3702 3202 3776 probaverit
3244 3700 3403 3755 talem

1813 3820 1932 3861 esse
1954 3819 2194 3866 causam,
2223 3810 2409 3855 utnon
2434 3797 2761 3854 refricentur
2804 3811 2870 3850 ea
2914 3809 3035 3866 qua:
3079 3800 3200 3847 acta
3243 3797 3401 3855 sunt;

1814 3909 1936 3966 qum
1978 3893 2303 3956 decreverit,
2329 3889 2654 3945 conﬁrmata
2679 3895 2859 3941 erum.
2900 3905 2918 3937 ι
2965 3884 3033 3938 Et
3057 3880 3407 3937 Innocentius

1815 4000 1951 4056 papa
1993 3982 2230 4036 decrevit
2270 3981 2442 4053 (epist.
2471 3977 2557 4049 l),
2602 3985 2663 4032 ut
2694 3995 2713 4028 ι
2745 3975 2805 4031 Si
2847 3973 3086 4046 majores
3126 3986 3303 4027 causae
3349 3969 3406 4023 in

1817 4073 1996 4130 medio
2025 4071 2229 4128 fuerint
2253 4069 2540 4134 devolutaz,
2569 4067 2635 4122 ad
2661 4067 2844 4123 sedem
2870 4063 3239 4136 apostolicam,
3267 4060 3408 4114 sicut

1815 4164 2054 4236 synodus
2113 4163 2341 4226 statuit,
2403 4169 2458 4216 ct
2497 4167 2654 4214 vetus
2697 4155 3032 4213 consuetudo
3079 4150 3200 4226 [al.,
3245 4151 3408 4205 beata

1815 4252 2086 4326 consuet.]
2110 4254 2293 4322 exigit,
2324 4259 2444 4321 post
2459 4247 2726 4318 judicium
2748 4243 3052 4316 episcopale
3077 4241 3368 4297 referatur.
3385 4259 3404 4291 i

1815 4349 1882 4402 Et
1908 4345 2218 4400 Bonifacius
2252 4357 2389 4414 papa
2423 4341 2554 4395 dicit
2577 4339 2752 4410 (epist.
2779 4337 2877 4407 2):
2911 4354 2930 4388 ι
2964 4333 3074 4390 Nos
3098 4347 3197 4402 per
3218 4345 3411 4386 omnes

1813 4434 2125 4508 provincias
2165 4433 2376 4486 litteras
2421 4429 2736 4499 dirigemus,
2765 4443 2833 4482 ne
2871 4417 3276 4481 excusationem
3305 4421 3410 4476 sibi

1817 4522 2173 4598 ignoratiouis
2206 4521 2327 4591 jure
2355 4518 2621 4574 Maximus
2662 4512 2942 4581 obtendat,
2986 4523 3047 4570 ut
3084 4514 3150 4568 ad
3191 4512 3412 4583 provin-

1815 4615 1958 4670 ciam
1983 4611 2170 4666 venire
2191 4617 2442 4680 cogatur,
2482 4616 2537 4661 et
2581 4605 2692 4660 illic
2733 4620 2794 4660 se
2835 4603 3133 4660 constituto
3176 4615 3413 4671 pnesen-

1819 4712 1937 4758 tare
1972 4700 2195 4773 judicio.
2243 4696 2514 4768 Quidquid
2541 4701 2722 4748 autem
2747 4702 2927 4750 vestra
2949 4692 3190 4748 cbaritas
3216 4690 3282 4744 de
3310 4689 3413 4742 hac

1819 4807 1984 4847 causa
2029 4787 2245 4844 duxerit
2283 4785 2719 4851 decernendum,
2768 4800 2894 4840 cum
2938 4783 3006 4839 ad
3046 4798 3146 4838 nos
3185 4779 3414 4835 relatum

1821 4881 2010 4949 fuerit,
2050 4889 2260 4943 nostra,
2304 4887 2367 4932 ut
2405 4877 2689 4940 condecet,
2731 4889 2956 4932 necesse
2981 4884 3064 4931 est
3087 4870 3417 4927 auctoritate

1827 4972 2094 5029 ﬁrmetur.
2128 4987 2148 5022 ι
2216 4966 2284 5020 Et
2325 4965 2541 5022 S.'Leo
2588 4977 2731 5035 papa
2785 4963 3024 5020 decrevit
3063 4959 3236 5031 (epist.
3283 4953 3416 5022 87):

1832 5083 1852 5117 ί
1887 5064 1944 5120 Si
1987 5075 2128 5134 qum,
2155 5059 2428 5130 inquiens,
2455 5059 2579 5116 alia:
2622 5057 2950 5113 emerserint
2983 5065 3182 5111 causa,
3210 5061 3329 5114 qua:
3354 5044 3422 5098 ad

1829 5168 2028 5182 -a-e-..a
2075 5150 2437 5180 nnn‘nogn-.-_-
2518 5161 2566 5178 Α.
2616 5149 2682 5178 ῆι.
2727 5147 3072 5176 ΔΛκΑΑ-λῖηυνὶ
3115 5135 3425 5174 ηονίῖηρςὶηί
