4002 6296
614 252 725 314 εδδ

1612 243 1943 329 ΗΙΝΟΜΑΙΚΙ
1979 238 2374 297 RIIEMENSIS
2409 235 2929 325 ARCHIEPISCQPI

2197 238 2374 296 ENSIS
2409 235 2929 325 ARCHIEPISCQPI
3711 243 3777 302 836

690 361 846 425 Time
881 367 1209 423 llincmarus
1242 338 1690 431 metropolitanus
1727 359 2057 413 Rhemorum
2094 355 2206 426 epi-
2233 359 2278 414 Α
2308 350 2452 407 sedis
2478 365 2661 422 papae,
2694 352 3035 416 lliucmarus,
3065 347 3385 411 llarduicus,
3413 347 3670 420 Remigius,
3694 353 3782 409 Fro.

621 473 821 530 scapus
845 459 1050 530 legens,
1075 454 1248 511 dixit:
1290 452 1612 506 lliucmarus
1643 449 1972 504 Rhemorum
1997 448 2206 517 episco-

620 566 725 626 pus
786 550 1135 606 Hiucmarum
1199 546 1460 600 hactenus
1521 541 1777 596 Ecclesia:
1833 539 2206 594 Laudunensis

621 645 938 717 episcopum
991 637 1318 708 evangelica:
1370 634 1631 699 veritati,
1691 640 1852 700 atque
1899 629 2208 701 apostolica:

620 732 934 793 auctoritati
981 731 1034 786 in
1078 724 1374 800 pertinacia
1413 723 1847 796 praesumptionis
1886 722 2086 777 illicitae
2114 735 2208 774 ex-

626 820 1145 889 communicationis
1183 827 1628 890 repugnatorem;
1675 825 1732 872 et
1767 824 2078 872 sanctorum
2118 827 2206 866 ca-

623 935 828 975 nonum
870 916 1302 972 venerandorum
1346 909 1732 984 conciliorum,
1775 916 1831 962 et
1867 906 2206 960 decretorum

622 1015 768 1071 sedis
808 1014 1139 1090 apostolica),
1175 1027 1242 1064 ex
1277 1009 1479 1064 eisdem
1530 1003 1704 1062 sacris
1741 999 2040 1080 canonibus
2084 1013 2206 1068 pro-

623 1107 1009 1178 mulgatorum,
1035 1112 1530 1173 transgressorem;
1577 1104 1631 1148 ct
1665 1074 2023 1148 ecclesiastici
2064 1090 2209 1144 ordi-

624 1199 708 1254 nis
745 1213 810 1252 ac
847 1195 1110 1268 regularis
1151 1190 1448 1258 disciplina:
1490 1188 1543 1242 in
1588 1193 1898 1252 contemptu
1940 1179 2207 1250 privilegii

621 1303 734 1344 sua:
776 1285 1089 1356 metropolis
1130 1290 1316 1337 contra
1353 1293 1564 1334 sacram
1609 1275 1878 1328 Nicaznam
1918 1272 2206 1343 synodum,

621 1388 927 1447 contraque
967 1386 1161 1431 caetera
1214 1381 1403 1427 sancta
1448 1367 1717 1431 concilia,
1765 1374 1821 1418 et
1860 1365 2074 1419 decreta
2119 1375 2206 1415 se-

622 1473 708 1528 dis
762 1471 1069 1542 apostolicze
1126 1481 1321 1521 novum
1370 1463 1854 1532 impugnatorcm:
1910 1453 2209 1510 veternosis

622 1566 1245 1633 fmcilms‘corruptum,
1297 1553 1577 1612 seditionis
1619 1551 1826 1606 scilicet
1869 1547 2094 1610 Chorre,
2146 1561 2210 1601 ac

622 1665 744 1728 post
784 1654 1014 1710 Nicaeum
1064 1649 1256 1722 synodi
1308 1643 1789 1704 constitutionem,
1849 1639 2206 1710 quorumdam

623 1746 988 1818 subiectorum
1032 1739 1343 1798 rebellionis
1378 1745 1571 1793 contra
1616 1736 1855 1806 potiores
1895 1747 2021 1786 suos
2060 1745 2207 1784 resn-
2242 1717 2281 1774 Β

623 1839 976 1902 scitatorem;
1036 1845 1089 1890 et
1140 1841 1330 1887 contra
1377 1829 1620 1885 ordinem
1670 1823 2101 1881 ecclesiasticum
2146 1834 2210 1872 ac

623 1928 928 2000 regularem
972 1925 1312 1995 disciplinam
1357 1921 1721 1992 professorem
1767 1931 1831 1970 ac
1873 1914 2208 1981 subscripto-

625 2034 774 2085 rem;
822 2032 1033 2073 necnon
1075 2025 1132 2072 et
1172 2013 1452 2070 canonicm
1498 2006 1847 2080 professionis
1890 2021 1951 2058 ac
1975 2001 2213 2058 subscri-

624 2113 828 2184 ptionis
872 2127 984 2168 sua:
1023 2110 1539 2182 praevaricatorem;
1595 2119 1871 2171 sacraeque
1919 2100 2214 2168 Scripturae

625 2205 1072 2268 adulteralorem,
1116 2210 1172 2256 et
1203 2201 1490 2256 verborum
1529 2195 1917 2252 catholicorum
1957 2193 2215 2244 interver-

625 2315 839 2363 sorem,
886 2305 941 2352 et
982 2295 1480 2366 imposturatorem.
1539 2288 1722 2358 Regia:
1768 2284 2031 2353 siquidem
2082 2280 2213 2334 sub—

620 2390 867 2461 jectioui,
912 2396 966 2444 et.
1009 2384 1438 2442 honorificentire
1481 2389 1668 2436 contra
1713 2376 1952 2446 regulam
1999 2380 2216 2441 aposto-

627 2483 786 2539 licam
828 2481 1242 2543 resultatorem;
1291 2477 1566 2547 perjurum
1610 2484 1849 2541 quoque,
1877 2467 2211 2526 seditiosum,

629 2585 685 2630 et
711 2588 892 2628 rerum
935 2570 1237 2625 alienarum
1279 2581 1344 2620 ac
1388 2562 1702 2617 facultatum
1729 2570 2098 2629 pervasorem,
2128 2567 2217 2605 ca-

633 2663 1037 2726 Iumniatorcm,
1083 2675 1145 2714 ac
1184 2655 1502 2729 injuriarum
1540 2668 1724 2718 reum;
1769 2661 1822 2705 et
1857 2656 1976 2720 post
2003 2644 2215 2700 tertiam

627 2762 966 2818 vocationem
1009 2774 1037 2813 a
1083 2754 1500 2826 metropolitano
1540 2767 1638 2807 suo
1679 2750 1744 2804 ad
1786 2746 2048 2818 synodum
2091 2756 2220 2798 evo-

630 2860 844 2917 catum;
892 2849 1131 2918 itemque
1174 2847 1241 2901 ab
1279 2846 1393 2914 ipsa
1432 2841 1636 2915 synodo
1660 2855 1757 2910 per
1783 2847 1885 2903 ter,
1914 2837 2084 2891 ternis
2106 2834 2219 2905 epi-

629 2940 830 3011 scopis,
873 2937 1153 3006 ternisquc
1195 2931 1551 3004 Prcshyteris,
1589 2944 1655 2984 ac
1693 2927 1861 2982 ternis
1901 2925 2220 2980 diaconibus

631 3034 831 3086 iterum
871 3035 1190 3090 evocatum,
1239 3024 1292 3077 in
1337 3021 1541 3076 diutina
1583 3016 1921 3074 contumacia
1959 3031 2054 3070 sua
2099 3029 2221 3084 per-

872 3067 1190 3090 ...V..........,
1337 3067 1541 3076 um...“

632 3121 886 3177 tinaciter
911 3118 1311 3190 persistentem,
1354 3121 1410 3167 et
1445 3127 1550 3167 non
1588 3109 2026 3180 resipisceutcm;
2067 3113 2119 3159 et
2149 3103 2213 3158 ad
2243 3067 2289 3126 Ο

631 3212 844 3283 objecta
886 3209 988 3265 sibi
1029 3205 1352 3278 regulariter
1389 3202 1716 3276 respondere
1756 3205 2213 3254 contemnentem.

632 3300 740 3357 Per
764 3300 1048 3355 Dominum
1083 3307 1325 3353 nostrum
1355 3291 1535 3349 Jcsum
1564 3293 1860 3354 Christum,
1885 3289 2036 3354 cujus
2059 3304 2219 3339 cvan-

634 3389 820 3462 gelicae
853 3389 1099 3454 veritati,
1139 3386 1404 3457 pertinaci
1445 3383 1864 3454 prresumptiono
1905 3378 2221 3446 perniciosa:

636 3479 1220 3537 excommunicationis
1258 3475 1597 3546 repugnavit,
1638 3471 1842 3540 judicio
1886 3467 2056 3521 sancti
2102 3464 2222 3533 Spi-

635 3573 808 3637 ritus,
855 3570 945 3640 qui
993 3571 1207 3624 locutns
1250 3575 1333 3621 est
1371 3565 1422 3618 in
1467 3561 1790 3618 beatissimis
1836 3555 2121 3627 apostolis,
2169 3561 2223 3606 et

639 3663 950 3735 apostolica:
991 3660 1136 3716 sedis
1183 3657 1568 3729 pontificibus,
1629 3666 1860 3722 quorum
1922 3648 2220 3709 doctrinm,

636 3767 800 3827 atque
838 3753 1074 3810 decretis
1113 3766 1278 3806 causa
1317 3763 1429 3802 suae
1467 3744 1676 3816 injuria:
1703 3741 1991 3798 crudeliter
2017 3747 2069 3792 et
2097 3753 2225 3792 con—

635 3846 928 3901 tumaciter
985 3842 1264 3904 obviavit,
1326 3838 1622 3893 secundum
1677 3848 1867 3888 sacros
1908 3839 2222 3884 sanctorum

636 3933 994 3990 conciliorum
1032 3944 1270 3985 canones
1295 3927 1497 3995 Spiritu
1547 3925 1638 3978 Dei
1683 3923 1948 3983 conditos,
1972 3928 2024 3972 et
2061 3916 2226 3970 totius

638 4024 827 4080 mundi
871 4021 1177 4076 reverentia
1219 4026 1604 4079 consecratos,
1669 4013 1864 4082 quibus
1916 4025 2055 4080 saepe
2099 3995 2223 4062 cor-

638 4121 844 4182 reptus,
889 4119 946 4165 et
984 4123 1089 4162 non
1137 4112 1440 4168 correctus,
1483 4102 1760 4157 niultoties
1801 4097 2124 4153 resultavit:
2170 4103 2226 4151 et

640 4201 763 4259 ideo
804 4201 920 4272 ipse
955 4206 1142 4254 contra
1185 4211 1243 4252 se
1285 4194 1469 4249 elicuit
1506 4191 1822 4246 canonicam
1860 4185 2226 4242 damnationis

638 4291 871 4364 proferri
910 4291 1276 4346 sententiam:
1321 4282 1614 4357 episcopali
1650 4284 1853 4336 honore
1877 4296 1938 4334 ac
1966 4279 2226 4348 dignitate

2311 444 2500 508 tarius,
2529 442 2806 506 Wlfadus,
2853 441 3154 502 Bertull’us,
3193 439 3509 504 Adalardus,
3547 441 3780 513 Ansegisus,

2306 531 2537 597 Franco,
2579 533 2941 604 Hildegarins,
2973 530 3294 595 Adventius,
3324 529 3640 595 Gislebertus,
3663 533 3779 598 llodo,

2306 623 2638 686 Rainelmus,
2680 625 3042 695 Engcnoldus,
3074 621 3333 681 Joannes,
3364 619 3672 687 Waltharius,
3695 623 3783 677 Wil-

2305 715 2562 781 lebertus,
2582 715 2950 778 Hildeboldus,
2969 713 3261 777 Bcrardus,
3281 712 3781 783 lngilwinus,episcopi,

2307 808 2397 878 qui
2423 822 2544 862 cum
2571 807 2904 862 diversarum
2929 805 3283 860 ecclesiarum
3309 803 3506 872 legatis,
3531 803 3576 857 in
3595 807 3782 874 synodum

2308 900 2447 968 apud
2495 899 2786 953 Duziacum
2835 896 3163 952 llhemensis
3207 895 3501 965 parochias,
3548 893 3595 948 in
3635 899 3781 951 nomine

2308 989 2510 1046 Christi
2539 988 2910 1044 convenimus.

2363 1104 2644 1181 :Diutinis,
2685 1121 2748 1159 ac
2789 1104 3008 1165 multis,
3057 1101 3522 1172 gravissimisque,
3564 1108 3692 1171 atque
3711 1102 3781 1160 fre-

2308 1196 2595 1266 quentibus
2615 1197 2681 1249 ab
2703 1195 3004 1250 insolentiis
3025 1192 3304 1247 llincmari
3324 1191 3781 1258 Lautltinensis,vm-

2310 1289 2544 1342 tionibus
2573 1287 2795 1358 fatigati,
2829 1301 2990 1356 quem
3020 1299 3122 1339 nec
3148 1283 3573 1352 metropolitanus
3597 1299 3710 1346 suus,
3725 1285 3782 1353 qui

2308 1380 2607 1451 orphanum
2637 1379 2869 1448 benigne
2900 1377 3050 1432 illum
3081 1376 3312 1431 nutrivit
3339 1415 3353 1441 ,
3403 1376 3453 1428 in
3499 1375 3703 1430 clericum
3734 1387 3783 1431 lo.-

2309 1468 2501 1533 toudit,
2523 1469 2717 1525 litteris
2738 1470 2990 1534 erudivit,
3015 1484 3112 1538 per
3133 1466 3374 1537 singulos
3395 1467 3586 1538 gradus,
3601 1466 3781 1522 electione

2308 1560 2436 1616 cieri
2488 1571 2542 1616 et
2588 1561 2758 1631 plebis
2799 1559 3178 1615 Lauduuensis
3209 1557 3490 1623 Ecclesize,
3527 1574 3628 1613 cum
3663 1557 3782 1613 favore

2311 1655 2494 1709 domui
2526 1655 2664 1724 regis
2685 1653 2884 1716 Caroli,
2918 1653 2986 1707 ad
3016 1653 3229 1723 apicem
3259 1651 3578 1722 episcOpatus
3597 1651 3780 1719 provexit,

2313 1746 2608 1802 multifario
2654 1745 2946 1815 multisque
2992 1745 3169 1800 modis
3217 1752 3270 1799 et
3320 1743 3505 1803 verbis,
3553 1752 3599 1796 et
3639 1742 3782 1810 scriptis

2311 1838 2740 1901 commonitum,
2788 1836 3062 1904 corrigere
3111 1850 3218 1889 non
3264 1834 3452 1903 potuit.
3502 1832 3779 1898 Quentdomni

2313 1929 2480 1984 nostri
2510 1928 2650 1999 regis
2671 1927 2848 1982 Caroli
2874 1926 3184 1996 benignitas
3205 1924 3482 1977 multorum
3501 1921 3779 1976 bcnelicionim

2313 2021 2723 2093 largitionibus,
2766 2023 2829 2076 "et
2879 2017 3362 2088 castigationibus,
3413 2015 3472 2068 ad
3511 2012 3776 2091 episcopalem

2316 2113 2814 2173 mansuetmlinem,
2860 2120 2914 2165 et
2956 2109 3281 2180 gravitatem
3314 2106 3564 2159 attrahere
3589 2120 3670 2158 non
3692 2116 3778 2170 pre

2315 2203 2478 2256 valuit
2510 2222 2521 2256 :
2565 2212 2619 2257 et
2657 2219 2754 2256 nec
2791 2203 2937 2270 ipse,
2986 2216 3165 2268 neque
3203 2196 3611 2267 metropolitanus
3633 2191 3775 2248 suusad

2317 2293 2418 2347 hoc
2447 2309 2568 2347 eum
2601 2291 2927 2362 compellere
2953 2297 3274 2361 potuerunt,
3305 2296 3361 2339 ut
3387 2284 3575 2339 clericis
3599 2298 3647 2336 ac
3669 2281 3777 2344 laicis,

2316 2384 2513 2454 quibus
2544 2383 2740 2453 injuste
2767 2383 2992 2445 fecerat,
3020 2378 3168 2449 quod
3193 2377 3297 2439 lex,
3331 2385 3380 2429 et
3401 2374 3582 2444 justitia
3607 2371 3776 2431 dictabat,

2318 2476 2648 2531 restitueret.
2689 2472 2792 2526 Sed
2825 2473 3005 2542 potius
3033 2471 3346 2539 quicunque
3371 2467 3432 2520 ad
3461 2480 3632 2536 regem,
3659 2461 3716 2514 vel
3737 2461 3777 2512 ad

2319 2566 2794 2635 metropolitanum
2834 2579 2992 2617 suum
3035 2578 3097 2616 se
3146 2569 3333 2616 contra
3379 2572 3487 2611 cum
3531 2550 3774 2615 reclamaril,

2319 2674 2658 2728 nequaquam
2682 2656 2938 2718 cessavit,
2957 2655 3133 2707 donec
3154 2667 3249 2706 eos
3270 2649 3467 2719 penitus
3485 2641 3772 2701 exterminavit.

2319 2748 2419 2804 Cui
2457 2748 2620 2803 etiam
2665 2743 2951 2816 synodalcs
2982 2742 3361 2814 iuvectiones,
3401 2745 3452 2791 ut
3482 2751 3507 2788 a
3537 2728 3774 2788 contumacia

2320 2847 2377 2895 et
2405 2839 2620 2894 levitate
2649 2853 2742 2892 sua
2777 2835 3160 2905 resipisceret,
3186 2841 3242 2886 et
3266 2829 3452 2884 bonum
3482 2838 3660 2885 nomen,
3684 2815 3775 2888 quod

2321 2932 2618 3004 apostolica
2663 2929 2841 2998 regula
2879 2927 3201 2996 episcopum
3240 2923 3400 2976 etiam
3436 2918 3495 2972 ab
3519 2917 3587 2971 his
3607 2907 3774 3000 quiforis

2323 3034 2471 3088 sunt,
2504 3024 2705 3077 habere
2728 3019 2878 3088 jubet
2907 3018 2956 3089 (I
2991 3018 3132 3072 Tim.
3164 3018 3268 3083 in),
3299 3026 3490 3068 morum
3515 3005 3773 3078 proldtateet

2323 3115 2529 3169 ordinis
2565 3113 2644 3166 sui
2688 3111 2948 3181 religione
2985 3109 3270 3171 obtinere,
3307 3115 3358 3158 et
3387 3104 3604 3157 bonorum
3627 3104 3773 3163 operum

2321 3204 2623 3271 exemplum
2676 3202 3052 3254 demonstrare
3105 3196 3371 3258 studeret,
3415 3186 3672 3262 persuadere
3707 3192 3771 3232 non

2323 3302 2632 3365 potuerunt.
2684 3295 2853 3360 Quem
2894 3292 3055 3345 etiam
3103 3291 3333 3344 humana
3368 3278 3631 3338 verecundia
3658 3289 3678 3326 a
3703 3269 3774 3323 Suis

2325 3384 2859 3454 reprehensihilibns,
2889 3391 2943 3434 et
2971 3378 3410 3450 improbabilibus
3439 3371 3621 3429 actibus,
3647 3369 3686 3412 IIl
3706 3371 3774 3410 non

2323 3477 2717 3545 vituperaretur
2746 3471 3107 3526 ministerium
3141 3477 3378 3523 nostrum
3402 3459 3628 3517 extrahere
3647 3445 3777 3516 ncqui-

2323 3576 2537 3622 verunt.
2577 3565 2744 3632 Quem
2776 3573 2967 3618 vestrm
3002 3572 3282 3632 postremo
3312 3551 3567 3629 apostolica:
3586 3538 3775 3614 epistolre.

2324 3661 2741 3721 obtestationes,
2789 3667 2843 3711 ct
2881 3655 3335 3710 commonitiones
3381 3646 3623 3714 corrigere.
3658 3642 3699 3687 ει
3729 3628 3778 3683 εδ

2326 3747 2684 3804 obedientiam
2713 3747 2950 3802 debitam
2978 3744 3201 3800 flectere
3229 3758 3329 3798 non
3357 3738 3610 3810 potuerunt.

2397 3860 2637 3915 Tandem
2675 3858 2818 3928 quod
2857 3871 2960 3910 non
3003 3857 3125 3910 sine
3161 3854 3359 3926 gemitu
3401 3856 3449 3903 et
3485 3840 3626 3899 cordis
3651 3831 3776 3886 (101οω

2326 3950 2592 4013 dicimus,
2635 3948 2889 4018 quoniam
2934 3946 3084 4000 aliud
3127 3941 3649 4000 medicamentumque
3670 3933 3772 4018 satia:

2328 4047 2498 4102 retur,
2532 4039 2770 4108 reperire
2813 4036 3187 4104 nequivimus,
3235 4034 3300 4088 ab
3343 4028 3512 4084 ordine
3551 4006 3772 4074 sacerdotali

2327 4130 2656 4184 removimus
2679 4145 2693 4181 :
2729 4127 2871 4182 sicut
2897 4127 2950 4180 in
2977 4135 3253 4196 gestorum
3279 4119 3411 4176 serie
3433 4109 3644 4170 sanctitas
3659 4105 3774 4196 rei!“

2328 4223 2596 4285 inveniet,
2639 4235 2802 4290 quam
2846 4235 2942 4289 per
2980 4220 3128 4273 hunc
3166 4219 3411 4273 fratrem,
3450 4213 3498 4260 et
3521 4186 3774 4255 venerabilem

2329 4288 2702 4381 coepiscopum
2737 4288 2983 4364 nostrum
3014 4307 3305 4362 Actardum
3326 4343 3341 4368 ,
3378 4297 3461 4368 qui
3493 4288 3774 4381 nobiscunt‘rt“

639 4385 912 4456 privatum
952 4381 1177 4452 judicio,
1228 4387 1282 4432 et
1321 4377 1468 4432 omni
1515 4372 1832 4429 sacerdotali
1877 4370 2056 4424 officio
2100 4385 2224 4438 spo—
2254 4413 2301 4472 Β
2329 4362 2819 4472 gyhodo’
2857 4362 3168 4454 agam-“mi
3198 4362 3656 4453 veslém-dirigimus.
3689 4362 3774 4432 Quia

639 4476 832 4536 liatum
874 4479 1149 4534 decerno:
1196 4481 1473 4529 reservato
1522 4486 1618 4540 per
1660 4469 1839 4522 omnia
1876 4465 2014 4534 juris
2059 4465 2222 4534 privi-

640 4571 784 4645 legio
826 4572 1010 4627 domui
1045 4571 1117 4627 ct
1163 4567 1344 4624 Patris
1384 4565 1556 4622 nostri
1603 4562 1866 4626 Adriani,
1916 4559 2222 4629 apostolicae

641 4681 710 4722 ac
762 4664 950 4735 prima:
1004 4662 1147 4718 sedis
1203 4676 1400 4731 papm:
1469 4658 1611 4712 sicut
1668 4653 1808 4708 sacri
1873 4651 2224 4704 Sardicenscs

641 4771 880 4816 canones
921 4755 1298 4818 decreverunt,
1344 4758 1399 4806 et
1443 4749 1684 4820 ejusdem
1730 4744 2040 4815 apostolicae
2080 4741 2223 4795 sedis

641 4846 927 4923 pontifices
967 4843 1332 4907 Innocentius,
1375 4839 1705 4901 Bonifacius,
1746 4834 1876 4899 Leo,
1916 4850 1981 4887 ex
2019 4833 2221 4902 eisdem

644 4936 819 4996 sacris
846 4932 1145 4991 canonibus
1172 4930 1674 5001 promulgaverunt.

1523 5044 1638 5056 c.—

988 5091 1383 5192 EPISTOLA
1425 5126 1869 5198 SYNODALIS

1095 5250 1179 5291 AD
1213 5247 1542 5290 ADRIANUM
1570 5244 1779 5288 PAPAM

752 5332 868 5393 Sub
895 5332 1102 5388 nomine
1138 5329 1346 5384 concilii
1379 5327 1716 5382 Duziaceusis
1751 5325 1814 5378 ab
1845 5322 2131 5377 Hiucmaro

1188 5423 1466 5480 Rhemensi
1492 5423 1703 5489 scripta.

1176 5515 1340 5578 (Apud
1367 5513 1540 5576 Labb.,
1568 5511 1707 5572 ibid.)

720 5596 954 5656 Domino
973 5597 1316 5654 sanctissimo
1338 5613 1400 5652 ac
1422 5592 1863 5651 reverentissimo
1878 5591 2026 5647 Patri
2044 5587 2238 5646 Adria-

655 5703 762 5757 no,
808 5699 1006 5747 sancta:
1035 5685 1312 5749 cathOlica:
1343 5698 1395 5746 et
1425 5687 1733 5760 apostolicae
1762 5686 2018 5757 Bonnam
2045 5683 2245 5756 prima

2333 4494 2533 4550 diutius
2564 4506 2663 4546 nec
2691 4492 2790 4544 sibi
2824 4489 3112 4544 commissa
3145 4483 3409 4544 Ecclesia,
3433 4488 3537 4547 qua:
3562 4466 3638 4522 sub
3658 4473 3702 4513 60
3721 4466 3774 4504 ἴθ’

2331 4587 2426 4641 luti
2465 4585 2566 4639 sub
2601 4582 2922 4653 gravissimo
2959 4581 3104 4634 fasce
3141 4577 3410 4649 gemebat,
3451 4566 3578 4620 illum

2331 4694 2430 4732 nec
2450 4677 2671 4730 aliarum
2687 4672 3052 4731 Ecclesiarum
3076 4679 3328 4727 rectores,
3348 4663 3454 4716 sine
3473 4643 3775 4721 reprehens"me

2333 4766 2646 4822 insolentias
2676 4765 2792 4834 ejus
2824 4762 2998 4825 ferre;
3032 4774 3131 4814 nec
3159 4756 3314 4826 regia:
3336 4741 3580 4819 dig'malis
3599 4732 3771 4834 Wfﬁn?

2333 4813 2645 4822 -..ην-μω---
2683 4813 2787 4834 ηη
2949 4813 2957 4814 κ
2985 4813 2998 4825 ,
3118 4813 3122 4814 κ
3218 4813 3249 4826 υ
3390 4813 3412 4819 -

2330 4857 2412 4911 vel
2453 4857 2604 4925 regni
2646 4853 2995 4916 unanimitas,
3027 4849 3144 4917 ejus
3177 4837 3565 4914 inquietudinem
3597 4837 3646 4877 ³ο
3670 4813 3774 4925 (ἔθυέ

2343 4904 2412 4911 ._-
2455 4904 2604 4925 ,νοη-
2983 4904 2995 4916 .
3053 4904 3072 4917 .
3247 4904 3264 4914 .

2331 4952 2673 5004 norationem
2709 4946 2977 5001 sustinere
3006 4942 3236 4997 valebat.
3289 4937 3359 4990 De
3385 4928 3556 5000 quibus
3584 4904 3772 5004 ιιιιευάίψξξ

2329 5053 2379 5096 et
2408 5039 2559 5110 juxta
2593 5038 2955 5108 pluralitatem
2983 5035 3208 5088 aliorum
3231 5028 3542 5082 excessum“.
3563 5009 3605 5062 i“
3628 4989 3773 5110 lirari?

2329 5140 2603 5201 gestorum
2630 5127 2768 5184 serie
2795 5141 2964 5196 pauca
2997 5119 3278 5178 invenietis
3301 5134 3313 5168 ε
3344 5110 3458 5181 (1"ia
3481 5112 3526 5158 ⁸³
3545 5109 3620 5168 pro

2331 5177 2603 5201 ουν-ν--ηη
2631 5177 2764 5184 -ν---
2795 5177 2843 5196 ,η
2997 5177 3028 5178 ρ
3360 5177 3376 5181 -
3691 5177 3698 5184 .
3757 5185 3762 5190 .

2331 5217 2700 5280 risbrevitate
2722 5260 2736 5284 ,
2765 5219 3022 5289 quoniam
3057 5215 3222 5270 isdem
3256 5207 3550 5289 Hincmat‘uf
3573 5177 3772 5289 θθηδξίίᾚῗ

2338 5269 2408 5280 --υ
2437 5269 2698 5278 ηψπ-η
2723 5269 2736 5284 .
2771 5269 3021 5289 -.ηρ----κη
3061 5269 3065 5270 ν
3739 5270 3750 5286 ,

2338 5315 2442 5370 sibi
2483 5314 2569 5366 die
2610 5311 2778 5365 uoluit
2803 5309 2990 5364 venire
3019 5306 3086 5360 ad
3116 5299 3400 5374 synodum;
3444 5295 3492 5341 et
3520 5269 3771 5374 don‘nnftsﬁ‘

2338 5419 2461 5460 cum
2489 5401 2810 5472 quibusdam
2841 5395 3108 5466 episcopis
3134 5391 3198 5446 ad
3223 5378 3518 5450 collo‘l“ium

2489 5443 2810 5472 q................
2844 5443 3106 5466 Ἴηηντ--
3233 5443 3244 5444 ,
3373 5443 3384 5450 ,
3633 5448 3642 5458 ι

2338 5512 2435 5567 pro
2466 5492 2904 5550 reconciliatione
2935 5489 3163 5542 filiorum
3193 5481 3322 5551 ejus,
3347 5471 3407 5527 ad
3440 5443 3772 5569 patrem“

2337 5539 2393 5642 et
2423 5585 2640 5640 fratrem
2669 5595 2824 5637 suum
2855 5578 3110 5634 festinare
3140 5565 3480 5627 accelerahat;
3514 5561 3569 5604 ne

2339 5622 2393 5642 et.
2423 5622 2640 5640 ..μων-ι.
2670 5622 2824 5637 σιω...
2855 5622 3110 5634 ww..-"
3141 5622 3228 5627 ﬂ“
3741 5624 3748 5636 Ἲ

2339 5677 2599 5735 seditione
2640 5688 2805 5730 carne
2849 5671 3174 5742 propinquos
3217 5662 3349 5718 inter
3375 5666 3427 5710 se
3460 5622 3748 5708 cotttpttgllami
