4002 6296
187 287 304 345 657

972 295 1222 355 OPUSC.
1262 292 1353 351 ΕΤ
1390 293 1606 352 EPIST.
1647 295 1713 352 ΙΝ
1753 295 1979 355 CAUSA
2022 299 2350 363 lllNCMARl
2388 307 2691 381 LAUDUN.

3362 321 3468 387 638

185 415 635 477 Christianorum
652 408 992 505 parricidalis
1011 412 1228 482 sanguis
1249 409 1615 505 effunderetur
1629 406 1778 505 [Ieg.,
1800 408 1857 505 Ἀ
1892 504 1895 505 ν
1920 502 1923 505 Δ
1956 412 2062 472 Sed
2096 426 2152 473 et
2179 418 2332 505 plura
2357 432 2482 478 sunt
2505 424 2632 491 alia,
2665 440 2786 496 quae
2812 426 2969 484 nobis
2989 427 3207 502 longum
3228 439 3313 488 est
3333 404 3470 491 scri-

188 505 564 580 eiunderet];
608 515 665 562 et
698 505 803 560 hac
831 486 912 559 de
955 516 1121 559 causa
1162 502 1513 558 ecclesiarum
1559 500 1652 557 Dei
1693 513 1784 555 res

192 604 563 666 scinderetur,
596 608 653 654 et
676 596 1018 654 sacerdotum
1059 612 1124 651 ac
1166 610 1451 652 servorum
1490 593 1587 649 Dei
1617 593 1785 649 l'acul-

191 704 341 753 tates
368 684 749 764 diriperentur,
784 698 840 747 et
867 704 1134 761 pauperes
1161 688 1634 760 depopularentur.
1672 684 1782 742 Ve-

185 801 318 844 rum
347 796 405 842 et
429 784 604 857 ipsum
634 782 982 839 llincmarum
1011 781 1078 837 ad
1103 782 1205 836 hoc
1232 781 1528 852 perducere
1554 778 1782 835 multum

190 878 514 933 laborantes
541 891 648 931 non
680 873 972 945 potuimus,
1004 881 1065 928 ut
1097 872 1393 929 secundum
1432 873 1696 926 rationem
1729 878 1785 926 et

192 969 581 1023 auctoritatem
613 966 678 1020 ad
706 965 916 1035 objecta
944 965 1045 1019 sibi
1072 965 1323 1019 redderet
1352 965 1636 1019 rationem.
1674 964 1784 1020 Sed

192 1059 561 1128 o’bstrependo
604 1053 955 1123 clamoribus,
999 1066 1054 1111 et
1094 1058 1389 1112 inconditis
1431 1058 1673 1119 vocibus.
1718 1072 1781 1114 ea

188 1166 321 1225 quae
347 1150 527 1207 verbis
553 1150 933 1216 conﬁtebatur,
960 1158 1017 1205 et
1044 1150 1095 1204 in
1130 1150 1347 1221 scriptis
1371 1149 1483 1204 suis
1509 1150 1784 1220 professus

188 1241 399 1309 merat,
430 1242 627 1296 iterum
658 1242 975 1314 denegabat,
1007 1249 1062 1296 et
1089 1256 1152 1296 ea
1181 1257 1301 1313 quae
1330 1251 1653 1314 negaverat,
1685 1241 1786 1298 itc-

191 1330 321 1392 rum
355 1334 644 1389 fatebatur.

264 1426 562 1497 Propterea
593 1425 888 1497 praemissis
931 1424 1356 1499 [prmtermissis]
1387 1427 1528 1493 aliis,
1578 1443 1698 1498 qua:
1732 1426 1785 1481 in

191 1512 483 1589 gestorum
528 1516 668 1571 serie
698 1515 1002 1581 invenietis,
1047 1523 1102 1571 et
1153 1530 1272 1585 qua:
1318 1516 1370 1571 in
1423 1516 1670 1587 plurimis
1701 1517 1784 1571 sui

190 1606 602 1680 metropolitani
642 1605 907 1677 epistolis,
961 1614 1016 1662 et
1053 1622 1174 1677 quae
1210 1607 1264 1662 in
1311 1608 1479 1678 ipsius
1507 1607 1785 1663 Hincmari

190 1698 421 1770 scriptis
443 1697 711 1753 habentur
740 1714 754 1752 :
799 1696 1122 1752 intermissis
1169 1697 1335 1752 etiam
1371 1696 1783 1768 quamplurimis

188 1789 558 1862 p1urimorum
583 1787 839 1858 querelis,
859 1788 952 1858 qui
973 1786 1113 1842 datis
1132 1786 1482 1857 petitionibus
1507 1788 1560 1843 in
1575 1791 1783 1861 synodo

190 1882 463 1936 adversus
488 1894 612 1935 eum
640 1877 1007 1950 querebantur
1026 1919 1041 1943 ,
1076 1886 1187 1933 tam
1214 1878 1282 1933 de
1298 1878 1525 1945 ,clericis
1546 1889 1601 1934 et
1631 1879 1782 1935 laicis

190 1969 447 2026 ecclesiae
475 1985 607 2037 suae,
635 1984 796 2041 quam
831 1977 887 2024 et
927 1968 994 2024 de
1037 1968 1383 2039 parochianis
1428 1970 1781 2041 presbyteris,

192 2073 250 2120 et
276 2064 468 2119 liberis
488 2063 818 2129 hominibus,
838 2077 946 2118 non
964 2061 1136 2117 solum
1159 2075 1269 2116 suae
1281 2062 1573 2131 parochias,
1595 2078 1782 2118 verum

190 2170 250 2218 et
310 2160 539 2216 aliarum
611 2159 1013 2231 parochiarum.
1074 2157 1385 2214 Intermissa
1431 2157 1785 2214 nihilominus

188 2254 415 2309 ratione
446 2254 510 2308 de
532 2267 688 2317 auro,
716 2260 771 2307 et
793 2251 1024 2323 gemmis
1061 2251 1472 2322 quamplurimis
1501 2261 1556 2307 et
1584 2251 1786 2321 pretio-

192 2346 311 2412 sis;
342 2353 396 2400 et
418 2343 598 2400 multis
623 2359 686 2399 ac
711 2343 878 2398 variis
905 2343 1239 2397 ornamentis
1267 2358 1333 2397 ex
1378 2358 1510 2398 auro
1554 2352 1609 2397 et
1635 2358 1785 2414 gem-

191 2437 307 2492 mis
337 2435 664 2505 compositis,
706 2434 903 2504 quibus
924 2432 1187 2489 Pardulus
1209 2434 1492 2505 episcnpus
1532 2435 1787 2490 decessor

194 2528 349 2584 illius
372 2527 540 2581 altare
565 2533 765 2581 saneta:
783 2524 965 2579 Mariae
990 2525 1364 2580 Laudunensis
1388 2525 1641 2580 Ecclesiae
1669 2526 1786 2595 pul-

195 2619 337 2673 cbre
367 2617 501 2672 satis
525 2615 738 2672 ornavit
779 2633 794 2670 :
827 2616 969 2685 quod
1000 2616 1101 2670 iste
1131 2615 1484 2671 defabricavit
1517 2634 1530 2670 :
1562 2625 1617 2671 et
1646 2616 1787 2671 sicut

196 2706 589 2763 ministeriales
618 2706 787 2776 ipsius
829 2707 1074 2762 ecclesiae
1102 2707 1312 2772 dicunt,
1346 2706 1473 2761 inde
1497 2722 1689 2777 umgas
1719 2706 1785 2761 ad

196 2809 409 2869 spatas,
436 2806 490 2854 et
512 2798 739 2863 balteos,
770 2805 837 2871 ett
855 2796 1111 2861 calcaria,
1142 2792 1305 2868 atque
1333 2797 1594 2868 ligaturas
1619 2798 1784 2854 hosa-

197 2905 345 2953 rum,
378 2905 515 2961 quas
548 2889 878 2945 hosobindas
930 2890 1137 2953 dicunt,
1191 2888 1310 2945 fieri
1334 2890 1527 2961 jussit;
1577 2899 1632 2945 et
1688 2906 1786 2946 suo

199 2982 389 3050 fratri,
416 2991 471 3037 et
511 2983 705 3054 quibus
731 2983 832 3039 sibi
880 2982 1083 3054 placuit
1124 2985 1288 3040 dedit.
1340 2983 1445 3041 Sed
1476 2995 1531 3039 et
1561 2985 1627 3040 de
1654 2976 1801 3041 auro'

200 3072 499 3144 purissimo
543 3089 610 3129 ex
658 3073 850 3140 calice,
895 3075 1036 3145 quod
1086 3074 1342 3146 praelatus
1371 3075 1626 3131 decessor
1654 3091 1786 3132 suus

200 3165 383 3220 eidem
414 3164 652 3219 ecclesiae
703 3164 950 3219 anmalit.
1003 3164 1222 3220 Necnon
1268 3175 1323 3221 et
1366 3166 1431 3221 de
1474 3165 1580 3220 alio
1630 3181 1786 3232 auro,

200 3269 397 3311 verum
426 3265 482 3310 et
523 3254 587 3311 de
610 3264 833 3327 argento
863 3255 1029 3325 ipsius
1053 3255 1325 3321 ecclesiae;
1375 3256 1469 3310 sed
1498 3262 1553 3309 et
1589 3254 1655 3309 de
1693 3269 1788 3309 ca-

201 3345 340 3404 sulis
364 3345 637 3418 pretiosis,
659 3361 791 3415 quas
806 3344 953 3401 dedit
972 3347 1165 3415 quibus
1186 3346 1285 3401 sibi
1313 3346 1482 3401 visum
1508 3342 1624 3400 fuit.
1653 3344 1790 3401 Nec-

202 3447 399 3491 nonet
436 3436 502 3490 de
529 3444 745 3491 sacrato
792 3450 972 3505 panno
1001 3436 1204 3506 optimo
1258 3448 1321 3489 ex
1371 3434 1541 3490 altare
1588 3442 1790 3490 sancta:

203 3525 411 3593 Maria},
435 3528 592 3597 quem
621 3524 685 3581 ad
724 3525 1009 3582 saeculares
1036 3542 1163 3581 usus
1193 3527 1338 3582 dedit
1363 3544 1377 3580 :
1406 3535 1462 3580 et
1488 3525 1592 3580 alia
1622 3524 1788 3596 pluri-

204 3634 316 3684 ma,
343 3633 465 3688 qua:
490 3616 558 3671 ad
589 3616 851 3673 rationem
898 3626 954 3672 et
987 3614 1377 3685 iudicationem
1418 3617 1635 3672 mittere
1678 3631 1786 3670 non

204 3708 603 3764 cOncurrimus.

280 3798 437 3853 Sicut
484 3814 583 3854 nec
628 3798 693 3854 de
731 3797 1086 3853 seditionibus
1113 3796 1254 3863 aliis,
1308 3803 1505 3866 praeter
1551 3810 1671 3850 eam
1720 3794 1789 3850 de

204 3897 315 3960 qua
372 3903 461 3945 rex
517 3907 642 3947 eum
692 3888 965 3947 accusavit
1008 3905 1107 3962 per
1153 3890 1504 3960 scripturam,
1548 3902 1787 3959 praesens

205 3990 530 4054 praesentem
585 3982 638 4038 in
685 3983 889 4054 synodo
932 4000 945 4037 :
980 3982 1034 4037 in
1076 3997 1304 4052 quarum
1349 3996 1455 4035 una
1505 3979 1618 4050 ipse
1660 3978 1786 4045 fuit,

205 4082 263 4129 et
313 4073 537 4129 veniens
582 4088 704 4128 eum
750 4073 994 4146 pluribus
1052 4073 1274 4129 armatis
1333 4072 1682 4138 hominibus,
1733 4078 1790 4126 et

207 4160 469 4232 permista
497 4159 639 4232 vulgi
671 4161 1030 4230 multitudine,
1059 4177 1182 4218 cum
1230 4161 1422 4233 gladiis
1458 4170 1514 4216 et
1553 4159 1786 4217 fustibus

206 4251 277 4305 ad
306 4265 557 4307 mansum
581 4251 671 4307 ubi
697 4253 889 4307 mulier
926 4254 1140 4310 comitis
1183 4254 1341 4324 regis,
1374 4255 1591 4308 nomine
1620 4246 1813 4308 Nort?

208 4340 421 4405 manui,
442 4340 509 4395 de
536 4349 691 4410 partu
738 4357 888 4398 more
934 4342 1168 4401 femineo
1189 4344 1427 4415 jaeebat,
1457 4343 1619 4415 ejecit
1661 4360 1783 4400 eam

1884 502 2056 561 bere:
2087 515 2293 565 tantum
2324 504 2399 567 "de
2439 514 2523 569 his
2560 530 2680 585 quae
2727 517 2779 571 in
2812 519 3072 588 petitione
3115 508 3294 579 domui
3325 527 3469 597 regis

1885 604 2073 654 contra
2103 615 2225 656 eum
2272 602 2327 657 in
2354 602 2563 674 synodo
2587 608 2711 662 data
2738 611 3098 671 continentur.
3126 612 3329 685 judicia
3359 624 3468 671 ter-

1886 692 2260 748 minavimus:
2317 707 2594 753 reservato
2633 713 2731 769 per
2777 692 2958 755 omnia
3003 700 3141 770 juris
3184 704 3468 778 privilegio

1885 784 2191 854 apostolica:
2221 784 2382 853 sedis,
2413 803 2477 843 ac
2513 800 2696 845 vestro
2725 790 2929 860 judicio
2960 811 2972 847 :
3005 794 3146 849 sicut
3166 797 3305 851 sacri
3334 797 3465 851 Sar-

1886 872 2132 933 dicenses
2169 894 2427 945 canones,
2451 889 2505 934 et
2528 881 2742 936 decreta
2769 882 2914 937 sedis
2937 885 3246 953 apostolicae
3283 887 3462 959 ponti-

1888 966 2414 1035 ﬁcum,lnnocentii,
2464 970 2748 1036 Bonifacii,
2796 983 2851 1028 et
2898 972 3115 1039 Leonis,
3163 991 3228 1030 ex
3259 977 3461 1032 eisdem

1886 1058 2057 1112 sacris
2083 1058 2377 1115 canonibus
2399 1061 2737 1131 promulgata
2757 1065 3072 1118 decernunt.
3099 1065 3172 1120 Ea
3194 1080 3325 1120 vero
3345 1080 3465 1134 quae

1886 1150 2333 1218 metropolitanus
2347 1168 2475 1207 suus
2496 1162 2546 1206 et
2567 1150 2679 1220 jam
2706 1153 2758 1207 in
2782 1154 2948 1210 altera
2973 1155 3121 1227 (Non
3134 1156 3464 1212 excultae/ie-

1886 1236 2012 1293 dula
2043 1239 2217 1294 oblata
2260 1243 2457 1312 synodo
2505 1243 2645 1312 apud
2688 1245 3052 1316 Atliniacum),
3095 1253 3151 1302 et
3196 1260 3369 1317 nuper
3409 1246 3464 1301 in

1887 1331 1989 1384 ista
2021 1330 2226 1403 synodo
2248 1334 2313 1386 ad
2336 1333 2727 1388 correctionem
2752 1335 2915 1401 illius,
2961 1351 3121 1405 quem
3148 1350 3245 1406 per
3270 1351 3329 1391 se
3356 1349 3465 1390 non

1886 1424 2101 1478 valebat
2130 1424 2425 1494 corrigere,
2462 1424 2684 1496 legenda
2732 1424 2948 1491 obtulit,
2993 1426 3195 1482 idcirco
3223 1425 3467 1481 auctori-

1890 1517 1986 1573 tati
2038 1526 2233 1573 vestrae
2281 1517 2583 1589 dirigimus,
2616 1527 2677 1573 ut
2700 1519 3009 1591 expressius
3033 1528 3089 1575 et
3112 1518 3334 1583 certius,
3369 1528 3463 1573 seu

1886 1608 2118 1680 plenius,
2144 1608 2339 1664 fastum
2379 1619 2433 1665 et
2457 1610 2623 1666 animi
2655 1611 2771 1681 ejus
2799 1611 3073 1676 duritiam,
3113 1617 3169 1665 et
3198 1609 3469 1666 irrevoca-

1887 1702 2050 1759 bilem
2090 1698 2258 1771 ipsius
2285 1701 2559 1757 Hincmari
2603 1701 2954 1773 pertinaciam
2995 1699 3365 1771 cognoscatis;
3409 1706 3467 1754 et

1812 1769 1860 1830 Β
1889 1809 1994 1848 non
2022 1808 2382 1864 praepropere,
2431 1793 2515 1848 vel
2567 1794 2877 1858 immutare,
2909 1808 2972 1847 ac
3003 1790 3325 1856 inconsulte,
3368 1788 3465 1845 sed

1886 1885 2018 1939 satis
2052 1893 2239 1940 coactc
2271 1899 2368 1939 nos
2395 1884 2447 1938 iu
2473 1898 2620 1948 eum,
2661 1884 2775 1954 ipso
2818 1881 3198 1954 compellente,
3242 1881 3468 1937 damna-

1886 1977 2050 2033 tionis
2080 1978 2397 2033 senteutiam
2421 1976 2733 2048 protulisse.

1961 2069 2113 2126 Unde
2147 2070 2344 2124 obnixe
2366 2085 2651 2139 precamur
2674 2076 2909 2123 vestram
2951 2066 3350 2131 auctoritatem,
3399 2071 3463 2119 ut

1890 2176 1920 2215 a
1950 2168 2101 2215 tanto
2129 2161 2287 2231 lmjus
2315 2161 2695 2232 incorrigibilis
2717 2163 2882 2231 pestis
2930 2161 3109 2226 taedio,
3167 2176 3264 2216 nos
3300 2160 3466 2215 etiam

1890 2267 1988 2307 suo
2014 2252 2238 2322 judicio,
2270 2267 2429 2321 quem
2468 2252 2680 2321 longius
2724 2260 3044 2323 supportare
3105 2252 3464 2322 nequivimus,

1888 2343 2120 2399 liberet:
2151 2346 2447 2399 secundum
2501 2343 2715 2398 decreta
2739 2342 2998 2399 Bonifacii
3037 2351 3090 2398 et
3132 2342 3352 2407 Leonis,
3402 2356 3468 2398 ea

1888 2453 2006 2507 quae
2021 2436 2172 2505 juxta
2193 2434 2619 2490 ecclesiasticum
2641 2450 2867 2499 morem,
2892 2443 3052 2504 prout
3076 2433 3461 2499 intelleximus,

1888 2547 1993 2586 non
2021 2530 2239 2584 inimico
2276 2529 2478 2593 animo,
2507 2527 2780 2598 velaliqua
2820 2527 3132 2598 cupiditate,
3176 2535 3265 2581 aut
3292 2524 3469 2596 gratia

1888 2624 2185 2695 depravati,
2211 2623 2355 2692 juste
2381 2631 2435 2675 et
2471 2621 2866 2677 rationabiliter
2895 2617 3259 2683 diliinivimus,
3285 2628 3465 2674 vestra

1890 2728 2105 2784 quoque
2135 2713 2400 2768 sententia
2435 2712 2759 2767 roborando.
2789 2711 2856 2766 Et
2885 2714 2928 2766 si
2970 2708 3129 2774 forte,
3160 2711 3302 2779 quod
3357 2723 3467 2764 non

1887 2812 2160 2874 putamus,
2176 2803 2349 2857 visum
2372 2803 2524 2861 vobis
2554 2801 2859 2856 necessario
2883 2799 3065 2865 fuerit,
3090 2807 3151 2855 ut
3170 2797 3466 2853 secundum

1891 2895 2252 2952 Sardicences
2278 2908 2516 2949 canones
2540 2891 2813 2948 renovetis
2829 2889 3118 2960 judicium,
3145 2898 3199 2946 et
3223 2890 3361 2944 detis
3381 2885 3471 2956 ju-

1891 2988 2057 3054 dices,
2082 2974 2367 3041 scribendo
2387 2983 2658 3055 episcopis
2680 2983 2770 3053 qui
2804 2984 2856 3037 in
2911 2979 3155 3037 ﬁnitimis
3179 2988 3236 3035 et
3278 2980 3470 3035 vicinis

1814 3107 1860 3171 Ο
1890 3078 2182 3151 provinciis
2216 3086 2361 3142 sunt,
2393 3083 2453 3132 ut
2481 3086 2535 3132 et
2554 3076 2653 3148 ipsi
2680 3074 2966 3145 diligenter
3016 3073 3237 3171 omnino
3284 3071 3467 3171 requi-

1897 3180 2037 3237 rant,
2057 3180 2112 3226 et
2132 3170 2286 3239 juxta
2311 3170 2470 3226 fidem
2492 3168 2741 3224 veritatis
2773 3165 3054 3222 dilliuiant.
3080 3163 3177 3221 Vel
3205 3164 3249 3219 si
3281 3163 3469 3219 decre-

1891 3263 2081 3317 veritis
2094 3263 2306 3317 mittere
2332 3276 2362 3315 a
2394 3261 2562 3316 latere
2590 3267 2773 3315 vestro
2793 3258 3055 3312 habentes
3083 3254 3463 3311 auctoritatem

1889 3366 2148 3418 vestram,
2179 3352 2414 3423 quicum
2444 3350 2712 3421 episcopis
2753 3348 3020 3418 judicent,
3076 3361 3141 3401 eo
3196 3346 3252 3401 in
3297 3342 3469 3416 gradu

1890 3445 2065 3501 adhuc
2088 3461 2192 3499 non
2224 3444 2472 3499 restitqu
2504 3483 2519 3508 ,
2547 3442 2688 3498 sicut
2718 3441 2859 3497 sacri
2902 3438 3257 3496 Sardicenses
3305 3450 3470 3493 eano-

1890 3551 1985 3593 nes
2011 3535 2349 3606 praecipiunt,
2375 3549 2480 3589 non
2510 3532 2816 3588 abnuimus.
2856 3531 3025 3594 Licet,
3056 3536 3316 3598 quantum
3345 3542 3467 3596 pos-

1890 3642 2100 3692 sumus,
2135 3626 2313 3681 rcdire
2358 3625 2424 3680 ad
2476 3616 2716 3679 labet-em
2744 3637 2852 3692 quo
2898 3622 2987 3677 diu
3022 3619 3204 3674 vexati
3255 3632 3464 3685 sumus,

1892 3719 2139 3786 refugere
2163 3715 2447 3784 cupiamus
2474 3729 2487 3765 :
2517 3721 2572 3766 et
2598 3727 2662 3766 ea
2696 3726 2816 3780 qua:
2844 3719 3064 3780 propter
3086 3707 3466 3765 verecundiam

1890 3804 2242 3862 sacerdotalis
2269 3802 2585 3857 reverentiae
2611 3802 2715 3872 tegi
2759 3801 2960 3871 potius,
2994 3814 3156 3871 quam
3200 3796 3466 3869 publicari

1890 3906 2160 3968 optamus,
2195 3896 2241 3951 si
2272 3893 2700 3960 valuerimus,ad
2716 3892 3069 3964 plurimorum
3095 3890 3340 3947 notitiam
3368 3889 3466 3946 de-
3494 3910 3498 3917 ί

1888 3988 2017 4044 ferri
2042 3986 2214 4043 modis
2243 3985 2494 4040 omnibus
2515 3983 2856 4039 resultemus.
2869 3978 3251 4037 Verumtamen
3265 3986 3468 4050 quanta

1887 4090 2173 4151 possumus
2195 4075 2495 4132 devotionis
2516 4073 2815 4129 humilitate
2833 4072 3195 4143 deposcimus,
3218 4080 3280 4126 ut
3302 4070 3468 4125 etiam

1889 4170 1944 4225 in
1972 4170 2075 4224 hac
2098 4182 2260 4223 causa
2302 4165 2460 4223 nobis
2484 4167 2804 4222 canonicam
2856 4162 3227 4220 diﬂinit‘ionem
3283 4172 3472 4216 serve-

1852 4332 1857 4336 ἰ
1888 4262 1978 4318 tis.
2020 4256 2285 4314 Videlicet
2321 4266 2380 4314 ut
2409 4258 2476 4324 si,
2502 4259 2645 4329 quod
2675 4273 2781 4312 non
2805 4256 3094 4319 credimus,
3145 4269 3209 4309 ea
3237 4266 3357 4324 quae
3380 4264 3470 4306 re-

1888 4354 2148 4427 gulariter
2178 4346 2525 4408 dillinivimus
2548 4359 2706 4421 prout
2731 4363 2915 4405 sacras
2944 4344 3157 4418 regulas
3197 4344 3468 4402 intellexi-

207 4432 360 4497 inde,
406 4440 464 4488 ei
488 4434 671 4489 omnia
710 4448 831 4505 (ιιιεε
880 4434 951 4491 ibi
980 4436 1186 4503 ilabUii,
1221 4451 1432 4503 aurum,
1476 4444 1783 4506 “geni-lim»
1813 4453 1864 4513 Ι)
1891 4462 2011 4503 mus
2034 4486 2049 4511 ,
2097 4445 2249 4500 vobis
2273 4443 2669 4514 prtesentaliter
2692 4456 2797 4496 non
2821 4438 3086 4510 placuerit
3128 4445 3311 4493 vestra
3340 4451 3468 4492 sen-

207 4522 556 4589 vestimenta,
592 4538 813 4596 pannos
850 4526 1132 4597 plurimos,
1163 4541 1454 4592 annonam,
1483 4530 1690 4593 vinum,
1737 4537 1793 4584 et

208 4617 430 4686 generis
456 4617 654 4687 diversi
697 4634 761 4674 ac
789 4635 952 4676 sexus
993 4620 1298 4691 pecuniam,
1327 4622 1444 4676 sine
1488 4622 1676 4688 misso,
1705 4621 1791 4677 vel

210 4706 432 4771 litteris,
470 4717 562 4763 aut
591 4709 758 4764 verbo
789 4712 950 4782 regis,
977 4711 1030 4765 in
1073 4698 1171 4766 sua
1205 4711 1482 4782 parochia,
1513 4721 1569 4766 et
1601 4713 1793 4768 missa-

212 4793 347 4857 ticn,
389 4795 463 4849 illi
491 4811 588 4866 per
612 4796 919 4852 violentiam
948 4798 1169 4854 abstulit
1204 4817 1217 4853 :
1265 4802 1406 4855 sicut
1450 4800 1503 4855 in
1531 4802 1792 4871 petitione

213 4883 390 4953 ipsius
410 4882 726 4941 Nortmanni
750 4887 905 4943 nobis
928 4896 1175 4958 porrecta
1203 4890 1255 4945 in
1300 4891 1506 4962 synodo
1543 4893 1792 4947 contine-

215 4984 324 5028 tur.
353 4973 409 5029 ln
439 4977 609 5031 altera
633 4993 763 5034 vero
786 4980 1049 5036 seditione
1068 4996 1187 5051 quae
1217 4983 1385 5052 ipsius
1418 4982 1663 5050 jussione
1692 4985 1793 5038 fuit

213 5065 513 5134 concitata,
550 5069 689 5123 sicut
734 5068 806 5125 illi
832 5071 1016 5127 dicunt
1042 5072 1133 5143 qui
1182 5074 1235 5129 in
1281 5090 1345 5130 ea
1379 5070 1616 5142 fuerunt,
1652 5093 1791 5132 unus

216 5152 384 5209 homo
410 5153 510 5211 fuit
551 5158 783 5214 occisus.
829 5159 961 5214 Nam
989 5162 1117 5232 quia
1167 5162 1395 5220 domnus
1448 5181 1543 5220 rex
1577 5167 1791 5221 cuidam

215 5246 453 5303 vassallo
473 5247 541 5303 de
559 5247 902 5307 Laudunensi
916 5252 1211 5323 episcopio,
1230 5253 1445 5311 nomine
1459 5255 1789 5321 Amalberto,
1818 5254 1821 5261 ’

216 5336 303 5390 e’ui
336 5337 656 5394 beneﬁcium
698 5339 927 5396 reddere
961 5338 1144 5410 jussit,
1186 5343 1328 5412 quod
1377 5345 1444 5401 ab
1485 5360 1551 5401 eo
1599 5345 1821 5416 injuste

216 5429 438 5495 tulerat,
463 5434 717 5505 prmeepit
741 5433 1046 5490 hominibus
1069 5436 1183 5492 suis
1210 5446 1267 5492 et
1297 5436 1514 5492 Familia:
1537 5439 1795 5510 episcopii

215 5520 593 5580 Laudunensis
616 5525 745 5580 illuc
779 5525 857 5580 ire
879 5540 1000 5580 cum
1021 5527 1188 5583 armis
1219 5535 1275 5584 et
1304 5527 1555 5594 fustibus,
1580 5539 1637 5585 ct
1671 5518 1821 5586 inde.

215 5615 371 5673 illum
419 5613 663 5686 ejicere?
693 5619 833 5674 sicut
877 5626 933 5673 et
973 5619 1173 5677 factum
1217 5628 1330 5689 est;
1384 5628 1439 5678 et
1485 5621 1667 5696 fugato
1707 5636 1794 5692 eo,

216 5722 358 5764 unus
383 5709 549 5767 homo
570 5711 641 5768 ibi
668 5710 766 5767 fuit
790 5711 1017 5769 occisus.

1895 4537 2059 4593 tentia
2091 4536 2370 4599 rohorare,
2395 4549 2501 4589 non
2529 4540 2686 4587 antea
2714 4531 3093 4586 communione
3121 4526 3468 4592 sacerdotali,

1894 4644 1923 4684 a
1949 4643 2054 4700 qua
2102 4634 2385 4698 separatus
2425 4633 2508 4680 est
2550 4623 2891 4687 restituatur,
2934 4630 3244 4691 antequam,
3278 4635 3471 4676 secun-
3504 4626 3507 4629 '

1893 4723 2021 4776 dum
2059 4718 2270 4789 regulas
2304 4725 2359 4771 et
2400 4716 2568 4785 leges,
2606 4714 2663 4769 in
2694 4713 2990 4782 provincia,
3040 4712 3095 4766 in
3136 4727 3243 4782 qua
3289 4724 3468 4767 causae

1894 4823 2080 4885 gestae,
2123 4823 2178 4867 et
2210 4812 2465 4882 judicata:
2509 4819 2665 4875 sunt,
2720 4807 3083 4875 requirantur.
3122 4804 3255 4872 Quia
3297 4816 3469 4872 usque

1896 4904 1962 4958 ad
1994 4912 2175 4958 nostra
2218 4909 2457 4972 tempora
2490 4901 2630 4954 nulla
2657 4897 2877 4953 Patrum
2908 4894 3222 4952 dillinitioue
3250 4895 3350 4947 hoc
3369 4892 3470 4948 Ec-

1896 4991 2076 5049 clesiis
2113 4989 2409 5048 Gallicanis
2442 4998 2497 5044 et
2524 4987 2753 5059 Belgicis
2781 4995 2867 5043 est
2894 4988 3210 5055 derogatum
3259 4984 3291 5034 ε’
3336 4995 3471 5050 prre-

1894 5085 2081 5142 sertim
2136 5083 2262 5154 quia
2309 5084 2527 5138 decreta
2571 5079 2810 5144 Nicama,
2874 5077 2990 5132 sive
3040 5072 3317 5129 inferioris
3345 5086 3469 5141 gra-

1895 5177 1998 5233 dus
2050 5176 2319 5240 clericos,
2374 5173 2489 5230 sive
2536 5172 2819 5243 episcopos
2858 5169 3023 5237 ipsos,
3075 5161 3466 5218 utAl‘ricanum

1896 5267 2089 5324 scribit
2124 5266 2413 5323 concilium
2441 5305 2457 5332 ,
2512 5264 2624 5320 suis
2691 5256 3126 5329 metropolitanis
3188 5254 3468 5323 aptissime

1899 5361 2311 5419 commiserunt.
2350 5358 2507 5415 Sicut
2554 5365 2605 5411 et
2629 5354 2688 5410 S.
2731 5349 3038 5407 Bonifacius
3067 5345 3313 5415 exponit,
3338 5345 3467 5398 seri-

1896 5457 2032 5513 bens
2082 5456 2150 5510 ad
2188 5451 2452 5510 Hilarium
2498 5451 2905 5507 Narbonensem
2953 5446 3260 5514 episcOpum
3293 5444 3463 5509 (epist.

1899 5546 1955 5619 '5)
1987 5560 2002 5600 :
2040 5564 2058 5597 ι
2094 5545 2358 5603 Convenit
2413 5560 2513 5600 nos
2540 5584 2556 5609 ,
2635 5542 2852 5613 inquit,
2936 5547 3282 5609 paternarum
3340 5550 3468 5586 san-

1826 5702 1829 5705 ,
1899 5638 2142 5694 ctiouum
2200 5636 2484 5707 diligentes
2528 5647 2649 5690 esse
2714 5629 2986 5687 Custodes.
3059 5626 3202 5681 Nulli
3263 5622 3469 5679 etenim

1894 5731 2116 5813 videtur
2142 5727 2413 5799 incognita
2442 5725 2639 5797 synbdi
2705 5721 3016 5782 constitutio
3062 5718 3321 5784 Nicaeum,
3351 5724 3479 5787 quat
