4002 6296
589 346 695 404 659

1575 339 1906 400 HINCMARI
1945 339 2340 401 RIIEMENSIS
2376 343 2893 403 ARCIIIEPISCOPI
3686 358 3754 413 (qu

595 466 667 520 ita
693 465 964 538 praecipit,
989 472 1054 520 ut
1071 462 1260 520 eadem
1282 458 1504 532 proprie
1561 457 1729 513 verba
1763 470 2051 526 ponamus.
2082 454 2186 510 Per
2210 460 2260 519 Α
2287 455 2370 510 vel
2402 457 2782 525 postulatione,
2809 455 3120 528 apostolica:
3157 459 3270 515 sedi
3318 459 3594 534 subreptum
3627 467 3754 537 l'ucrit,

597 571 1035 628 unamquamque
1057 552 1392 624 provinciam
1412 551 1502 621 jus
1532 547 1976 618 metropolitanos
2001 545 2184 617 singu-

596 651 682 706 ius
698 651 898 705 habere
919 648 1146 711 debere;
1182 660 1283 700 nec
1299 645 1552 713 cuiquam
1583 642 1718 696 duas
1737 655 1860 698 esse
1883 639 2001 711 [al.,
2027 652 2186 708 posse

599 739 746 812 esse]
774 738 1064 808 subjectos.
1093 736 1249 802 Quod
1271 735 1368 800 illi,
1398 735 1525 805 quia
1552 732 1712 788 aliter
1731 731 2058 786 credendum
2079 743 2187 783 non

598 841 705 899 est,
731 839 922 886 sancto
951 828 1158 899 Spiritu
1179 836 1504 900 suggerente
1519 827 1757 892 sibimet,
1791 830 2140 880 censuerunt.
2163 839 2182 873 ι

599 924 667 977 Et
692 921 854 992 paulo
876 929 1034 992 post:
1084 938 1104 971 ι
1141 919 1295 988 Quod
1327 918 1531 974 idcirco
1561 917 1812 981 dicimus,
1845 923 1906 970 ut
1941 914 2191 969 advertat

597 1015 846 1069 cbaritas
869 1022 979 1078 tua,
1015 1013 1152 1067 adeo
1179 1027 1279 1067 nos
1316 1025 1584 1066 canonum
1632 1016 1899 1080 praecepta
1946 1018 2188 1070 servare,

598 1115 658 1160 ιιι
683 1105 758 1160 ita
781 1104 1101 1161 constitutio
1129 1118 1347 1174 quoque
1379 1110 1566 1157 nostra
1622 1099 1870 1164 dilliniat,
1923 1105 2192 1168 quatenus

600 1196 1004 1268 metropolitani
1035 1195 1119 1250 sui
1160 1208 1495 1264 unaqu:eque
1521 1193 1806 1264 provincia
1836 1191 1888 1246 in
1940 1189 2194 1244 omnibus

605 1291 769 1347 rebus
803 1289 1203 1346 ordinationem
1234 1302 1451 1356 semper
1477 1293 1773 1355 exspectet.
1829 1282 2166 1337 Prndentissi

604 1401 694 1439 me
747 1383 890 1437 enim
922 1382 1096 1438 sancti
1133 1380 1326 1436 Patres
1376 1379 1548 1434 nostri
1584 1377 1993 1450 justissimcque
2039 1377 2194 1433 vide-

607 1483 759 1542 runt,
790 1494 809 1527 ι
839 1472 1234 1528 ntAfricanum
1258 1470 1547 1528 concilium
1597 1470 1665 1525 ad
1714 1468 2067 1525 leestiuum
2098 1481 2194 1537 pa-

607 1581 731 1635 pam
779 1566 997 1635 scripsit
1027 1563 1204 1637 leone.
1225 1563 1314 1634 Af.
1337 1578 1425 1634 ep.
1453 1562 1524 1617 ad
1549 1561 1793 1634 C(elest.]
1828 1579 1846 1612 ι
1877 1560 2195 1630 Quicunque

606 1634 822 1728 negotia
845 1634 900 1712 in
930 1634 1043 1712 suis
1064 1634 1204 1736 locis
1218 1656 1310 1736 ubi
1338 1662 1459 1710 orta
1481 1662 1625 1718 sunt,
1653 1651 1885 1708 ﬁnienda
1907 1669 1921 1706 :
1946 1665 2046 1706 nec
2071 1651 2196 1706 uni-

603 1749 804 1817 cuique
833 1748 1124 1818 prcvincia:
1146 1729 1379 1818 gratiam
1397 1744 1570 1800 sancti
1603 1743 1838 1815 Spiritus
1860 1742 2190 1808 defuturam,

2293 553 2348 597 ut
2381 545 2520 598 idem
2550 555 2892 616 contemptor
2923 556 2974 601 et
3003 548 3342 604 conculcatur
3363 567 3605 608 sacrorum
3643 574 3755 616 cano-

2289 649 2417 688 num
2450 637 2500 688 in
2531 636 2697 701 gradu
2725 636 3028 702 restitutus,
3053 647 3147 691 aut
3172 639 3223 692 in
3240 650 3439 695 nostras
3455 645 3698 711 provincias
3712 652 3755 705 ad

2291 724 2626 780 audientiam
2655 727 2965 781 remittatur
2985 767 3001 794 ,
3027 735 3123 783 aut
3158 728 3273 784 sine
3300 731 3546 787 audientia
3573 733 3616 788 in
3653 748 3757 794 roso.

2290 814 2499 870 tutionc
2524 831 2744 871 manere
2766 815 3042 885 jubeatur,
3069 825 3128 872 ut
3161 833 3283 874 cum
3319 819 3463 874 venia
3489 833 3635 878 vestra
3659 829 3756 883 dica-

2291 919 2432 970 mus,
2465 905 2694 961 ulterius
2719 907 2862 976 quod
2883 907 3053 962 isdem
3104 910 3173 964 ab
3208 909 3335 979 ipsis
3361 911 3662 971 ordinationis
3686 934 3755 974 sine

2290 993 2604 1064 primordiis
2633 1009 2851 1067 semper
2874 996 3144 1066 qmesivit,
3166 1008 3225 1052 ut
3249 999 3301 1054 in
3323 1001 3504 1056 nostris
3526 1005 3755 1072 provinciis,

2296 1081 2497 1138 nullius
2525 1085 2868 1141 coercitionis
2898 1096 3146 1156 respectu
3189 1089 3440 1159 quidquid
3473 1092 3625 1158 vellet,
3648 1094 3755 1152 licen-

2297 1183 2380 1228 ter
2401 1189 2563 1246 agcre
2586 1185 2788 1245 posset,
2817 1179 2996 1232 sciens
3027 1192 3126 1232 nos
3157 1177 3224 1233 de
3252 1179 3463 1250 singulis
3487 1181 3666 1238 Romam
3678 1186 3755 1241 mit-

2296 1275 2410 1323 tere
2435 1283 2540 1322 non
2566 1282 2762 1338 posse:
2801 1283 3084 1338 usquequo
3139 1269 3298 1325 iidem
3345 1274 3500 1327 sancti
3530 1270 3755 1331 Patresuo-

2294 1359 2429 1424 stri,
2466 1359 2558 1429 qui
2595 1361 2772 1416 adhuc
2821 1361 3102 1416 uobiscum
3155 1362 3209 1416 in
3259 1363 3370 1417 suis
3393 1365 3754 1421 constitutionibus

2295 1451 2503 1517 vivunt,
2529 1459 2584 1507 et
2612 1453 2908 1522 secundum
2940 1455 3211 1509 tramitem
3248 1465 3531 1512 sanctarum
3566 1456 3754 1513 Scriturat

2295 1556 2435 1604 rum,
2471 1541 2923 1613 traditionemque
2954 1543 3340 1614 apostolorum,
3364 1549 3604 1614 prmventi,
3628 1565 3672 1604 ac
3705 1549 3754 1604 in-

2293 1633 2482 1702 spirati
2511 1633 2684 1705 gratia
2711 1637 2882 1691 sancti
2915 1636 3178 1708 Spiritus,
3208 1639 3273 1695 tie
3301 1639 3600 1710 hujusmondi
3632 1644 3752 1702 factis.

2294 1741 2414 1794 quae
2438 1726 2694 1793 insolens,
2710 1738 2764 1784 et
2787 1739 3157 1802 transgressor
3178 1747 3442 1788 sacrarum
3470 1735 3628 1806 legum,
3647 1754 3754 1795 acro-

604 1816 968 1910 quaiaequitas
987 1856 1016 1894 a
1034 1816 1238 1894 Christi
1249 1836 1619 1894 sacerdotibus
1633 1842 1686 1891 et
1701 1836 1994 1905 prudenter
2005 1833 2184 1890 videa-

2171 1861 2191 1874 ,,
2221 1820 2267 1880 Β
2296 1816 2542 1888 gularum
2596 1817 2972 1878 Laudunensis
3026 1822 3348 1882 llincmartts
3391 1829 3595 1883 noscitur
3627 1845 3751 1901 perpo-

606 1939 719 1995 tur,
743 1939 802 1984 et
821 1928 1262 1991 constantissime
1284 1934 1552 1982 teneatur.
1577 1945 1596 1979 ι
1623 1925 1853 1981 Maxime
1869 1932 2048 1980 autem
2067 1939 2194 1979 cum

605 2021 928 2076 dillinitioue
957 2035 1022 2076 ac
1044 2020 1348 2091 patrocinio
1377 2027 1579 2074 sanctae
1601 2026 1658 2074 et
1681 2018 1992 2089 apostolicze
2024 2017 2190 2083 sedis,

603 2113 901 2170 secundum
929 2112 1080 2184 leges
1111 2120 1166 2166 et
1193 2111 1391 2166 Africa:
1441 2109 1735 2181 provineize
1774 2123 2030 2175 canones,
2063 2107 2194 2164 illud

605 2212 783 2258 ratum
812 2203 1000 2258 haberi
1025 2217 1184 2274 posse
1213 2201 1534 2257 ostendatur
1577 2199 1899 2270 iudicatum,
1935 2219 1954 2252 ι
1992 2199 2082 2255 ubi
2115 2210 2197 2256 te-

606 2277 774 2358 stium
811 2295 1133 2350 necessariae
1161 2309 1409 2365 personae
1434 2295 1642 2365 absque
1662 2309 1845 2360 sexus,
1877 2293 1963 2349 vel
2003 2307 2193 2349 senec-

604 2386 761 2450 tutis,
783 2401 876 2440 seu
903 2385 1257 2450 infirmitatis,
1281 2384 1365 2441 vel
1381 2384 1672 2440 multorum
1705 2384 1934 2440 aliorum
1967 2398 2194 2440 excusa-

606 2478 750 2533 tione
776 2477 1313 2546 impedimentorum,
1343 2485 1568 2548 possunt
1605 2475 1818 2532 adduci.
1850 2495 1869 2528 ι
1924 2475 2188 2543 Quoniam

603 2584 763 2624 nemo
791 2569 893 2623 nisi
930 2569 1336 2638 autscriptura,
1377 2575 1471 2622 aut
1530 2567 1798 2633 testibus,
1855 2565 2099 2637 lcgalitcr
2127 2579 2192 2621 ac

603 2659 924 2730 regulariter
949 2667 1126 2729 potest
1177 2657 1642 2714 convinci:sicut
1690 2657 2018 2712 Hincmarus
2076 2656 2190 2712 suis

601 2750 842 2820 scriptis,
869 2765 932 2804 ac
955 2749 1443 2819 subseriptionibus
1471 2789 1490 2816 ,
1524 2757 1580 2804 et
1605 2747 1815 2804 idoneis
1860 2747 2087 2804 testibus
2105 2754 2189 2804 cst

603 2841 657 2894 in
685 2839 890 2912 synodo
910 2855 1092 2895 coram
1116 2841 1272 2895 nobis
1295 2839 1597 2896 convictus.

677 2930 815 2998 Quia
845 2946 977 3002 ergo
1006 2947 1108 2986 nos
1135 2970 1150 2995 ,
1191 2939 1458 3000 quantum
1514 2930 1719 2986 scimus
1760 2938 1816 2986 et
1875 2945 2184 3002 possumus,

599 3022 938 3094 privilegium
969 3030 1170 3078 sanctae
1203 3037 1268 3077 ac
1285 3022 1475 3093 primm
1500 3022 1643 3077 sedis
1663 3021 1942 3094 Romamn,
1967 3031 2023 3078 et
2051 3038 2185 3077 cou-

599 3093 839 3180 servare,
872 3124 928 3170 et
959 3114 1255 3181 obaudire,
1289 3123 1346 3168 et
1387 3113 1649 3169 extollere
1699 3093 1968 3183 cupinius,
2023 3122 2185 3183 atque

2298 1917 2490 1974 trasse,
2515 1921 2662 1967 certa
2692 1913 2973 1982 przelixere
2991 1912 3222 1982 judicia,
3246 1933 3364 1972 cum
3391 1920 3578 1975 domino
3602 1921 3752 1992 indein-

2294 1999 2519 2057 dicaturi
2545 2003 2858 2071 adveniant,
2880 2005 2947 2062 de
2969 2008 3139 2078 ipsius
3165 2009 3217 2064 in
3247 2011 3512 2081 episcOpali
3533 2027 3628 2068 cum
3649 2029 3746 2069 ma...

2294 2093 2485 2148 ordine
2509 2097 2853 2166 perpetratis,
2880 2112 2944 2153 ac
2969 2102 3342 2169 pcrpetramlis
3364 2102 3639 2164 excessibus,
3662 2104 3750 2158 sicut

2293 2187 2556 2243 hactenus
2593 2189 2807 2246 actibus
2835 2191 2952 2262 ejus
2978 2192 3317 2249 conbibendo
3358 2211 3454 2250 non
3488 2197 3748 2250 communica-

2293 2281 2500 2347 vimus;
2536 2282 2608 2337 ita
2627 2282 2678 2336 in
2709 2283 3054 2353 postmodum
3085 2285 3230 2340 nulla
3258 2287 3323 2342 de
3355 2302 3417 2342 eo
3442 2286 3609 2356 judicia
3631 2287 3748 2340 decor-

2291 2388 2504 2439 nemus,
2517 2375 2599 2428 vel
2620 2377 3470 2448 quamcunqueproclamationem
3496 2378 3607 2447 apud
3629 2393 3748 2446 quotu-

2290 2477 2505 2533 cunque
2535 2464 2814 2520 faciemus.
2862 2467 3023 2521 Vivat
3066 2467 3168 2522 sibi
3200 2467 3333 2522 sicut
3374 2467 3491 2529 vnit,
3534 2466 3750 2522 consolante

2291 2555 2450 2611 nobis
2486 2571 2550 2612 ac
2595 2557 2916 2613 consulente
2987 2559 3273 2628 Apostolo,
3329 2559 3413 2630 qui
3459 2559 3598 2613 dicit:
3638 2556 3750 2610 Nolite

2290 2649 2676 2704 communicare
2707 2651 2948 2722 operibus
2997 2651 3341 2722 infructuosi:
3377 2651 3751 2712 ιειιεὺηιτιιιιι,ιιιιιο

2286 2740 2367 2810 gis
2392 2750 2438 2794 et
2465 2739 2762 2812 redargni'c
2785 2741 3002 2813 (Ep/tes.
3025 2742 3138 2819 ιη).
3165 2741 3380 2814 Egimus
3398 2741 3522 2796 enim
3545 2739 3596 2795 de
3611 2738 3674 2792 illo
3689 2751 3750 2807 pro

2287 2831 2505 2887 modulo
2523 2841 2730 2887 nostro.
2769 2832 2905 2900 Quia
2949 2833 3099 2888 sicut
3143 2834 3205 2888 B.
3253 2831 3537 2904 Augustinis
3572 2827 3749 2900 exponit,

2293 2940 2314 2974 ι
2362 2924 2573 2980 duobus
2606 2923 2784 2980 modis
2811 2940 2909 2980 nos
2935 2940 3044 2981 non
3081 2925 3314 2981 maculat
3348 2923 3518 2987 malus,
3544 2915 3751 2979 scilioemi

2287 3027 2392 3067 non
2425 3016 2832 3072 consentiamus
2853 3013 2972 3087 ejus
3000 3015 3262 3086 operibus
3287 3014 3466 3080 malis;
3492 3013 3590 3069 etsi
3620 3024 3667 3064 ea
3696 3020 3749 3061 re-

2286 3100 2635 3171 darguamus.
2677 3123 2696 3156 ι
2744 3104 2860 3160 Νοιι
2915 3106 3301 3162 consensimus
3353 3104 3573 3175 quidem:
3616 3099 3692 3153 imo
3712 3103 3748 3149 et

601 3207 919 3276 satagimus,
955 3226 972 3257 ι
1004 3221 1103 3276 pro
1147 3221 1247 3260 suo
1303 3203 1512 3260 scilicet
1553 3204 1858 3275 principatu
1885 3245 1900 3271 ,
1931 3219 2091 3274 quem
2116 3203 2178 3258 Β.
2209 3188 2254 3250 C
2285 3189 2402 3259 (illis
2425 3208 2586 3261 "Dem
2618 3193 3017 3266 relli‘rgllilllllsi
3050 3204 3108 3250 ει
3136 3211 3294 3265 (luem
3331 3194 3567 3262 εοιτίῧθτθ
3595 3199 3746 3276 “oni”

599 3296 793 3351 Petrus
822 3295 1096 3366 apostolus
1133 3295 1346 3350 Domini
1376 3310 1510 3352 voce
1540 3305 1880 3366 perceptum,
1937 3295 2187 3350 Ecclesia

602 3387 955 3442 nihilominus
970 3389 1335 3458 subsequente
1374 3396 1430 3443 et
1482 3388 1654 3443 tenuit
1695 3401 1909 3458 semper
1957 3398 2013 3443 et
2054 3389 2184 3443 reti-

599 3485 691 3534 net
718 3492 734 3532 :
759 3497 778 3529 ι
812 3487 993 3534 servet
1021 3487 1198 3534 vestra
1229 3479 1530 3549 paternitas
1561 3519 1578 3544 ,
1614 3487 1670 3534 et
1715 3493 1746 3532 a
1781 3479 1890 3533 Deo
1919 3479 1972 3532 in
2005 3481 2180 3550 prima

597 3571 727 3626 sede
748 3571 1038 3626 constituta
1071 3571 1368 3626 auctoritas
1396 3611 1413 3637 ,
1445 3571 1603 3626 nobis
1627 3611 1646 3636 ,
1677 3570 1802 3626 filiis
1826 3581 1881 3626 et
1925 3569 2184 3640 subjectis

598 3667 701 3724 sibi
726 3667 1000 3740 episcopis
1025 3667 1396 3724 ecclesiastica
1421 3665 1722 3736 privilegia,
1755 3679 1785 3718 a
1816 3665 1994 3721 sacris.
2025 3681 2185 3721 cano-

595 3761 778 3828 nibus,
808 3771 865 3816 et
903 3761 1101 3817 vestris
1150 3761 1554 3825 decessorihus,
1581 3774 1646 3814 ac
1691 3758 2182 3830 przedecessorihus

595 3859 936 3908 conservata.
962 3851 1241 3920 Quatenus
1269 3862 1325 3906 et
1355 3853 1650 3921 apostolica
1691 3851 1848 3907 sedes
1901 3853 2180 3922 proprium

595 3942 837 4014 vigorem
867 3945 1125 4006 retineat,
1154 3953 1210 3996 et
1230 3957 1258 3996 a
1281 3957 1339 3997 se
1368 3959 1626 3999 concessa
1658 3944 1782 3999 aliis
1807 3959 1903 3999 sua
1921 3943 2044 4011 jura
2075 3961 2180 3999 non

524 4059 533 4063 η
596 4032 826 4086 minuat.
858 4032 1012 4086 Sicut
1040 4030 1100 4083 Β.
1128 4029 1425 4100 Gregorius
1452 4034 1694 4087 scribens
1745 4034 1812 4088 ad
1840 4033 2180 4088 Dominicutn

595 4121 1080 4192 Carthaginensem
1107 4121 1417 4192 episcopum
1450 4121 1623 4194 [ερὶει.
1646 4123 1804 4195 59.];
1836 4143 1856 4175 ι
1903 4125 1977 4178 De
2005 4123 2182 4178 eccle-

595 4212 866 4277 siasticis,
896 4211 1097 4281 inquit,
1143 4211 1438 4282 privilegiis
1465 4211 1608 4282 quod
1643 4221 1822 4267 vestra
1865 4211 2186 4284 fraternitas,

594 4304 801 4369 scribit,
830 4303 932 4360 hoc
959 4305 1254 4376 postposita
1286 4304 1626 4362 dubitatione
1664 4313 1866 4371 teneat,
1892 4305 2016 4374 quia
2039 4305 2181 4359 sicut

593 4403 779 4450 nostra
801 4395 1141 4451 defendimus
1165 4437 1185 4462 ,
1221 4397 1293 4451 ita
1326 4397 1553 4469 singulis
1587 4397 1890 4468 quibusque
1920 4396 2178 4452 Ecclesiis

592 4499 691 4539 sua
732 4485 852 4555 jura
905 4500 1239 4543 servamus":
1273 4501 1375 4542 nec
1433 4487 1656 4543 cuilibet
1705 4488 1922 4543 favente
1978 4489 2171 4557 gratia,

2288 3283 2509 3348 tuitnus,
2535 3283 2834 3353 judicatum
2861 3301 2890 3338 a
2924 3286 3085 3341 nobis
3113 3287 3206 3342 Dei
3259 3285 3502 3340 mediante
3544 3275 3748 3336 sententia,

2285 3369 2619 3428 diilinitionis
2644 3383 2835 3429 vestra:
2856 3374 3068 3444 judicio
3111 3377 3574 3433 reservavimuszct
3603 3369 3748 3437 suhgco

2285 3471 2488 3517 storum
2521 3466 2684 3531 serie,
2710 3483 2830 3536 ipse
2853 3477 2972 3523 acta
2995 3478 3127 3524 sunt
3146 3485 3241 3540 per
3263 3465 3576 3524 venerabilem
3603 3458 3750 3528 cpisco-

2285 3569 2408 3623 pum
2457 3564 2700 3608 nostrum
2727 3557 3058 3622 Actat‘dunt,
3103 3560 3195 3629 qui
3225 3555 3528 3630 synodalibus
3549 3545 3748 3604 dillinitio-

2284 3643 2442 3697 nibus
2481 3645 2680 3699 nostris
2713 3646 2978 3713 interfuit,
3003 3649 3318 3718 paternilati
3362 3637 3748 3706 vestrmtlirigillllls

2286 3733 2479 3805 [Locus
2503 3737 2827 3810 corruptus].
2857 3739 3012 3806 Quod
3041 3751 3100 3795 et
3137 3742 3204 3796 de
3253 3737 3477 3795 Rotltado
3506 3733 3746 3788 iaceremus,

2281 3824 2326 3880 si
2358 3824 2547 3895 legatis
2579 3827 2780 3881 nostris
2827 3828 3056 3884 facultas
3092 3827 3395 3885 transeundi
3435 3824 3566 3894 Alpes
3602 3819 3640 3872 in
3675 3813 3746 3868 illis

2285 3917 2620 3987 temporibus
2647 3919 3052 3975 concederetur.
3080 3922 3295 3976 Credite
3322 3932 3440 3988 ergo
3470 3911 3570 3968 ﬁdei
3591 3913 3746 3967 nostra.

2282 4010 2406 4078 quia
2435 4025 2539 4064 non
2567 4009 2786 4064 inimico
2819 4011 3024 4076 animo,
3062 4012 3150 4066 vel
3201 4012 3374 4080 aliqua
3402 4004 3638 4076 cupiditate
3650 4036 3665 4062 ,
3684 4002 3745 4049 ali

2282 4101 2452 4172 gratia
2481 4101 2755 4168 depravati
2779 4116 2900 4156 cunt
2927 4102 3331 4171 judicavinms:
3365 4100 3448 4155 scd
3498 4097 3590 4166 ipso
3623 4085 3747 4145 multis

2281 4201 2338 4246 et
2375 4193 2645 4255 maximis,
2673 4204 2835 4262 atque
2862 4194 3088 4250 diutinis
3142 4195 3438 4249 excessibus
3476 4202 3557 4242 nos
3587 4174 3747 4248 00W

2283 4281 2426 4336 lente
2459 4301 2471 4335 :
2511 4297 2573 4336 ac
2604 4298 2700 4352 per
2735 4283 2835 4336 hoc
2856 4284 3060 4340 credite
3080 4326 3094 4349 ,
3117 4284 3267 4354 juxta
3305 4281 3608 4337 Sardicenscs
3635 4280 3746 4363 ωηιξ-

2283 4385 2402 4437 nes,
2433 4386 2591 4441 posse
2622 4372 2886 4439 sullicere,
2913 4374 3053 4429 sicut
3089 4375 3394 4446 regulariter
3419 4364 3599 4440 negotio
3617 4368 3744 4413 tenni-

2280 4479 2408 4518 num
2433 4464 2803 4533 imposuimus,
2829 4475 3072 4522 nostrum
3094 4465 3352 4536 judicium
3370 4469 3524 4517 vestra
3542 4451 3750 4510 roboraan

590 4575 733 4632 ultra
765 4592 926 4646 quam
974 4587 1215 4633 meretur
1262 4578 1571 4650 impertior;
1621 4593 1722 4634 nec
1750 4577 1842 4631 ulli
1890 4547 2008 4631 hoc;
2031 4577 2174 4646 quod
2202 4547 2254 4606 Β
2279 4557 2568 4650 εεηξςηιξει·

591 4666 677 4723 sui
705 4664 845 4735 juris
887 4675 989 4731 est,
1039 4669 1241 4723 ambitu
1282 4668 1592 4723 stimulante
1634 4668 1902 4738 derogabo
1929 4666 2048 4738 [αι.,
2083 4666 2177 4721 de-

589 4757 787 4829 rogo];
817 4758 912 4812 sed
951 4757 1145 4813 fratres
1176 4774 1325 4815 meos
1355 4760 1622 4815 honorare
1647 4774 1744 4830 per
1768 4758 1948 4814 omnia
1984 4759 2170 4827 cupio,

588 4848 778 4919 sicque
805 4847 997 4904 studeo
1039 4864 1134 4903 eos
1181 4851 1234 4902 in
1267 4850 1499 4905 honores
1539 4850 1764 4904 subvehi
1808 4847 1902 4921 [αι.
1925 4890 1937 4913 ,
1970 4848 2174 4903 honore

588 4940 835 5012 singulos
882 4939 1156 5011 subvehi],
1211 4941 1501 4995 dummodo
1541 4956 1648 4994 non
1696 4939 1802 5003 sit,
1847 4939 1988 5008 quod
2015 4937 2173 4994 alteri

575 5027 705 5101 jure
731 5031 801 5085 ab
830 5031 1004 5088 altero
1049 5031 1219 5100 possit
1256 5033 1472 5100 opponi.
1499 5051 1518 5083 ι
1557 5031 1622 5084 Et
1655 5030 1720 5084 ad
1748 5029 1991 5084 Natalem
2019 5027 2172 5084 Salo-

583 5121 832 5178 nitanum
868 5123 1220 5192 episcopum:
1255 5120 1457 5192 [imlch
1508 5122 1608 5186 10,
1658 5137 1738 5190 ep.
1781 5118 1897 5190 57.]
1950 5138 1968 5170 ι
2015 5118 2167 5185 Quod

584 5227 717 5268 vero
748 5211 930 5268 dicitis
960 5214 1156 5268 vestris
1194 5213 1525 5283 temporibus
1553 5210 1642 5284 [αι.
1667 5251 1683 5276 ,
1725 5216 1928 5266 nostris
1961 5221 2168 5280 tempo-

584 5303 782 5379 ribus]
804 5305 1003 5362 debere
1031 5305 1269 5368 servari,
1311 5320 1430 5376 qua:
1459 5320 1488 5360 a
1531 5305 1910 5360 decessoribus
1951 5319 2166 5375 quoque

580 5393 703 5468 [al.,
739 5411 768 5450 a
797 5396 931 5451 meis
962 5409 1175 5466 quoque
1191 5394 1424 5467 decessi
1443 5394 1636 5450 tradita
1653 5395 2158 5449 etcustoditasuut:

575 5488 721 5544 absit
756 5503 786 5542 a
812 5504 900 5564 me
925 5505 993 5543 ne
1013 5487 1212 5544 statuta
1240 5489 1504 5560 majorum
1531 5489 2004 5544 consacerdotilms
2026 5487 2166 5544 meis.

577 5578 634 5634 in
664 5581 904 5651 qualibet
933 5582 1161 5638 ecclesia
1201 5583 1492 5654 inlringam
1533 5601 1546 5637 :
1587 5584 1712 5654 quia
1741 5582 1872 5638 mihi
1903 5581 2160 5652 injuriam

571 5671 740 5744 jacio,
768 5673 814 5727 si
843 5671 1066 5728 fratrum
1097 5689 1338 5731 meorum
1360 5674 1484 5746 jura
1512 5676 1796 5747 portui-bo.
1825 5693 1844 5725 ι

643 5762 710 5820 Et
739 5764 786 5821 si
811 5765 970 5833 forte,
1009 5765 1152 5839 quod
1198 5767 1359 5837 absit,
1408 5767 1775 5841 cujuscunque
1817 5765 2161 5840 suggestione

2351 4647 2688 4719 (Ὲίοάοατᾱη
2742 4649 2782 4705 l.
2835 4664 2922 4716 ιιι,
2976 4667 3026 4706 c.
3075 4648 3191 4720 9.1.)
3222 4641 3560 4702 Venerabilem
3584 4625 3744 4692 denillne

2279 4735 2531 4804 fratrem,
2557 4747 2614 4793 et
2633 4739 3015 4811 coepiscopum
3065 4747 3306 4795 nostrum
3348 4723 3742 4818 Λοι³τ¹¹¹¹¹¹¹ν

2276 4825 2456 4883 clerus
2483 4836 2540 4883 et
2584 4828 2736 4898 plebs
2775 4830 3090 4900 metropolis
3126 4828 3370 4884 Ecclesia:
3397 4811 3741 4878 Turonensis.Ill

2273 4920 2461 4974 eadem
2493 4921 2720 4978 ecclesia
2750 4922 3102 4992 baptizatum,
3137 4930 3364 4981 tonsum,
3384 4922 3436 4970 et
3455 4906 3678 4966 nutritum.
3698 4905 3740 4947 ³ο

2275 5024 2374 5079 per
2405 5010 2644 5080 singulos
2688 5013 2886 5082 gradus
2917 5014 2984 5066 ad
3019 5013 3259 5067 ordinem
3290 5008 3588 5076 episcopallls
3611 4997 3743 5061 PM”

2273 5109 2440 5166 ctum,
2484 5104 2590 5159 sibi
2618 5105 2943 5160 iucardiuari
2993 5103 3236 5174 deposcit
3285 5119 3297 5152 :
3355 5101 3584 5167 quemque
3615 5083 3738 5134 res!“

2270 5194 2571 5264 paternitas
2598 5196 2754 5251 nobis
2786 5195 3255 5256 incardinaudum,
3283 5189 3434 5245 etiam
3461 5182 3504 5236 si
3525 5179 3642 5232 locus
3655 5175 3737 5220 θνα·

2271 5284 2413 5340 niret
2459 5285 2511 5340 in
2543 5287 2746 5341 nostris
2768 5286 3077 5358 regionibus
3105 5284 3156 5338 in
3185 5273 3446 5346 metropoli
3485 5265 3736 5360 r8001”.ng

2269 5377 2436 5441 davit,
2458 5379 2768 5433 auctoritati
2793 5347 2987 5434 vestra}
3013 5376 3346 5433 remittimus.
3371 5367 3605 5434 Quatenus
3625 5347 3733 5403 illum

2271 5469 2325 5524 in
2362 5469 2585 5539 prmfata
2632 5470 2937 5540 metropoli,
2975 5485 3062 5535 eo,
3111 5468 3156 5522 si
3207 5461 3351 5520 vobis
3392 5455 3559 5528 Place"

2266 5560 2730 5630 archiepiscopum
2758 5522 3134 5623 incardiuetis,
3158 5563 3215 5609 ut
3241 5559 3356 5623 post
3377 5522 3728 5640 ἀυσέ⁵⁵ξ¹¹¹¹ά¹ῗ¹ξε

2263 5652 2499 5722 praefata:
2531 5652 2813 5722 metropoli
2844 5652 3089 5708 ccclesite
3115 5647 3240 5704 cleri
3268 5659 3325 5699 ac
3349 5634 3497 5710 plebis
3516 5626 3729 5751 ekf-:33:

2264 5714 2406 5803 sicut
2427 5745 2627 5819 regula:
2654 5714 2826 5804 Sil-cm
2866 5743 3206 5817 praecipiunt,
3249 5745 3303 5792 et
3323 5739 3460 5788 vetus
3479 5714 3689 5801 ωυξιιςψε
