4002 6296
243 339 349 410 att

1029 339 1273 399 OPUSC.
1316 341 1404 398 ΕΤ
1441 341 1652 399 EPISC.
1691 340 1759 397 IN
1795 339 2022 397 CAUSA
2059 339 2390 401 IIINCSIARI
2429 345 2734 428 LAUDUN.

3403 356 3512 413 642

242 453 441 525 exigit,
471 469 500 509 a
528 454 880 526 sttﬂ'ragancis
903 464 958 511 et
985 457 1407 527 provincialibus
1427 457 1694 529 episcopis
1734 457 1833 512 ibi-
1857 456 1912 518 Α
1939 458 2152 527 tropoli,
2180 475 2269 524 eo,
2305 461 2350 515 si
2379 461 2530 516 vobis
2567 463 2762 531 placet,
2813 471 3002 520 tenore
3041 465 3511 538 arehiepiscopmn

243 542 375 597 dem
429 543 858 612 metrogmlitanis
903 546 1185 600 ordinetur
1230 547 1516 617 episcopus
1555 547 1827 618 (Adi-iatn,

243 652 332 701 cp.
362 635 398 688 Ξ
424 637 493 689 ad
536 636 694 706 cpisc.
733 638 918 706 synod.
951 635 1243 706 Sucasina.)
1274 640 1444 706 Quem
1487 641 1635 707 licet,
1675 640 1832 711 juxta

249 725 622 780 Autiochcuos
641 741 878 781 canones
900 725 1140 795 perfecto
1173 729 1427 794 concilio,
1454 738 1615 799 atque
1638 746 1831 786 secun-

245 815 383 870 dum
415 817 734 886 apostolicos
762 829 969 873 vestras
997 819 1204 875 litteras
1233 821 1444 875 vacanti
1470 821 1722 878 Ecclesiae
1747 823 1828 877 iu-

243 909 540 963 cardiuare
565 924 845 978 possemus
877 909 1035 980 :quia
1069 921 1247 966 tamen
1276 911 1607 967 Turonensis
1648 912 1833 968 Eccle-

245 999 332 1053 sia
373 1014 442 1054 ex
484 1000 705 1069 antiquo
746 1001 1082 1070 metropolis,
1108 1014 1164 1056 et
1189 1002 1333 1057 beati
1364 1003 1581 1059 Martini
1622 1004 1832 1062 meritis

247 1088 614 1146 famosissima
643 1101 697 1145 et
727 1093 1061 1150 honorabilis
1093 1111 1310 1167 semper
1346 1099 1573 1163 exstitit,
1616 1109 1672 1154 et
1697 1115 1832 1170 prae-

248 1180 404 1236 fatus
441 1181 611 1236 frater
653 1192 838 1238 uoster
883 1185 1152 1241 Actardus
1203 1188 1524 1244 venerabilis
1547 1189 1832 1261 episeOpus

248 1272 420 1341 genio
456 1272 600 1342 pallii
645 1283 671 1313 ι
719 1287 749 1326 a
797 1274 1128 1347 benignitate
1168 1289 1344 1332 vestra
1376 1288 1459 1333 est
1489 1280 1826 1335 honoratus:

249 1361 636 1416 rationabilius
676 1363 932 1430 vidimus,
975 1375 1030 1419 ut
1078 1367 1337 1435 petitione
1374 1368 1504 1423 eleri
1556 1384 1620 1425 ac
1661 1370 1830 1441 plebis

249 1449 430 1518 ipsius
449 1450 711 1518 ecclesiae,
741 1461 796 1508 ct
819 1469 1084 1509 consensu
1122 1466 1320 1512 nostrae
1345 1459 1736 1525 mtanbuitatis,
1768 1476 1832 1516 ac

249 1539 442 1596 favore
478 1541 659 1595 domni
691 1544 858 1597 nostri
905 1543 1083 1599 Caroli
1135 1546 1276 1617 regis
1317 1547 1534 1618 gloriosi
1561 1548 1828 1619 (Adriau.,

246 1630 408 1698 epist.
453 1631 546 1696 28,
586 1632 655 1685 ad
686 1631 911 1703 Cat-01.),
963 1649 1025 1690 ac
1069 1648 1242 1692 vestra
1282 1641 1605 1695 auctoritate
1656 1642 1828 1696 eidem

248 1720 626 1775 ineardiuctur
693 1721 963 1778 Ecclesiae.
1025 1725 1164 1782 Deus
1239 1739 1426 1783 noster
1487 1731 1829 1786 samctitatem

1934 547 2302 614 incardiuetis,
2351 562 2408 605 ut
2456 560 2575 621 post
2605 552 2885 608 decessum
2915 552 3080 620 illius,
3121 557 3358 625 praefatae
3398 573 3509 614 me-

1934 639 2126 708 tropoli
2169 641 2434 706 ecclesiae,
2479 642 2607 698 eleri
2638 652 2692 698 et
2722 644 2896 714 plebis
2921 645 3207 712 electione,
3233 647 3378 703 sicut
3426 663 3514 704 re-

1932 730 2069 800 gulae
2096 745 2264 786 sactae
2291 733 2628 802 praecipiunt,
2671 743 2727 789 et
2765 744 2922 792 vetus
2957 738 3292 794 consuetudo
3320 739 3510 809 exigit,

1932 831 1963 873 a
1993 818 2346 891 sull'ragancis
2399 831 2456 876 et
2511 823 2928 892 provincialibus
2975 827 3264 897 episcopis,
3309 828 3510 885 ibidem

1931 909 2378 979 metropolitanus
2405 911 2686 966 ordinetur
2705 912 3009 984 cpiscopus.
3027 914 3196 982 Quem
3218 915 3510 988 licetjuxta

1932 995 2297 1053 Autiocheuos
2319 1013 2554 1054 canones
2576 1001 2814 1070 perfecto
2845 1003 3096 1069 concilio,
3126 1015 3288 1076 atque
3317 1021 3511 1063 secun-

1932 1087 2058 1142 dum
2081 1088 2406 1157 apostolicas
2428 1100 2634 1146 vestras
2660 1091 2866 1147 litteras
2910 1095 3124 1149 vacanti
3153 1094 3397 1151 ecclesia:
3425 1096 3511 1152 itt-

1932 1177 2212 1233 cardinarc
2235 1195 2516 1250 possemus
2555 1196 2570 1236 :
2597 1191 2776 1237 tamen
2806 1183 2932 1252 quia
2957 1183 3290 1242 Turonensis
3315 1186 3504 1242 Eccle—

1931 1272 2010 1327 sia
2041 1288 2105 1328 ex
2137 1274 2359 1343 antiquo
2401 1276 2730 1345 metropolis,
2756 1288 2812 1332 et
2855 1277 2996 1334 beati
3027 1279 3246 1336 Martini
3292 1273 3504 1338 meritis

1932 1366 2313 1431 minosissima,
2339 1377 2394 1422 et
2420 1368 2748 1423 honorabilis
2774 1384 2986 1441 semper
3011 1373 3249 1438 exstitit;
3287 1383 3343 1428 et
3368 1389 3506 1444 prae-

1932 1455 2074 1512 fatus
2125 1456 2294 1512 frater
2341 1467 2525 1514 uoster
2549 1459 2814 1513 Actardus
2846 1463 3168 1518 venerabilis
3197 1464 3508 1534 episcOpus,

1930 1549 2086 1619 genio
2143 1549 2311 1618 pallii,
2353 1564 2383 1615 a
2435 1550 2762 1620 benignitate
2807 1563 2991 1606 vestra
3043 1563 3130 1608 est
3155 1555 3450 1609 honoratus
3492 1571 3507 1606 :

1931 1639 2305 1695 mtionabilius
2352 1639 2609 1705 vidimus,
2655 1649 2713 1693 ut
2759 1642 3016 1711 petitione
3053 1643 3182 1699 cleri
3229 1660 3294 1700 ae
3333 1643 3511 1714 plebis

1931 1732 2101 1802 ipsius
2132 1731 2397 1796 ecclesiae,
2423 1741 2477 1786 et
2499 1746 2762 1788 consensu
2794 1745 2992 1790 nostrae
3015 1737 3410 1801 unanimitatis,
3443 1750 3507 1792 ac

249 1821 494 1866 vestram
534 1827 648 1867 aevo
686 1812 924 1884 longiore
947 1827 1192 1871 orantem
1227 1833 1323 1888 pro
1359 1819 1512 1874 nobis
1540 1821 1828 1888 custodiat,
1863 1804 1906 1863 Β
1934 1821 2119 1878 favore
2148 1824 2327 1878 domui
2356 1823 2525 1878 nostri
2570 1822 2748 1878 Caroli
2798 1826 2940 1895 regis
2965 1826 3210 1896 gloriosi,
3247 1843 3280 1882 a
3323 1837 3506 1883 vestra

248 1903 475 1957 domine
532 1905 966 1961 reverentissime
1023 1907 1185 1963 Pater
1258 1909 1310 1964 in
1384 1910 1628 1966 Domino.
1698 1911 1832 1968 Data

251 2008 353 2047 vm
392 1993 513 2050 ldus
563 1993 867 2065 Septembr.
918 1999 1201 2068 praesentis
1231 2009 1440 2070 quartae
1492 2002 1826 2059 imlictionis.

470 2277 805 2338 EPISTOLA
853 2281 1181 2340 IIINCMARl
1229 2284 1622 2344 RIIEMENSIS

743 2450 811 2489 AD
851 2451 1120 2492 Λυιιιοικωι
1162 2452 1353 2493 ΡΛΙἎΜ.

643 2574 818 2653 (Δριιά
841 2589 1090 2643 Labbeutn
1121 2593 1205 2644 ubi
1239 2595 1428 2659 supra.)

321 2733 556 2792 Domino
601 2738 947 2794 sanctissimo
1011 2751 1068 2796 et
1119 2743 1558 2813 reverentissimo
1607 2742 1830 2801 Patrum

245 2823 402 2880 Patri
428 2825 686 2892 Adriano,
733 2828 916 2899 prima:
961 2831 1106 2888 sedis
1151 2833 1459 2903 apostolicae
1507 2844 1564 2890 et
1619 2837 1833 2890 univer-

217 2913 384 2974 salis
441 2917 694 2974 Ecclesiae
752 2934 947 2990 papae,
1003 2920 1368 2991 lliuctnar‘ts,
1438 2925 1655 2982 nomine
1725 2942 1834 2982 non

243 3008 453 3064 merito
478 3007 806 3066 Rhemorum
835 3011 1140 3083 episcopus,
1163 3029 1225 3070 ac
1248 3015 1425 3086 plebis
1453 3016 1544 3073 Dei
1575 3019 1829 3075 famulus.

323 3098 705 3156 Venerabilcm
759 3099 1018 3169 fratrem,
1059 3114 1116 3159 et
1160 3107 1538 3178 coepiscopum
1588 3120 1830 3166 nostrum
1857 3141 1903 3206 ο

243 3191 571 3259 Actardum,
597 3194 738 3248 sicut
763 3206 940 3250 vestra
965 3196 1205 3267 dignatio
1228 3200 1509 3270 exiguitati
1540 3203 1831 3258 meaelitte-

247 3281 328 3336 ris
356 3282 472 3338 suis
511 3285 762 3354 praecepit
805 3287 1048 3355 (Adrian.
1079 3290 1230 3358 epist.
1256 3290 1313 3356 4,
1359 3293 1428 3344 ad
1478 3292 1732 3363 Ilincnt.),
1776 3295 1829 3350 in

244 3373 461 3443 gremio
496 3375 802 3431 dilectionis
823 3380 1054 3449 suscepi,
1079 3391 1131 3434 et
1159 3397 1187 3434 a
1217 3383 1438 3453 paganis
1461 3381 1830 3451 Nortmauuis,

248 3479 462 3518 necnon
511 3475 564 3520 et
612 3483 640 3519 ιι
682 3468 1198 3536 psetulochristiauis
1253 3470 1585 3529 Ilrittouiluts
1620 3477 1687 3529 de
1731 3491 1827 3530 sua

244 3556 381 3610 Sede
405 3557 704 3627 expulsum,
736 3575 1004 3615 consensu
1035 3563 1476 3633 coepiscoporum
1505 3565 1828 3622 llhemensis

247 3646 565 3714 provinciae,
593 3663 655 3703 ac
682 3649 861 3705 favore
885 3651 1066 3706 domui
1110 3654 1276 3708 nostri
1319 3655 1496 3711 Caroli
1548 3657 1688 3728 regis
1715 3658 1830 3728 glo-

252 3739 405 3802 riosi,
460 3739 512 3793 in
570 3753 794 3796 vacante
845 3742 1071 3798 ecclesia
1135 3744 1474 3818 |.\lorincnsi|
1532 3747 1829 3805 alitecesces

248 3840 453 3883 nostrae
475 3829 647 3884 locutu
674 3831 1037 3896 sacrificandi,
1065 3843 1118 3886 et
1140 3834 1441 3904 episcopale
1471 3836 1826 3892 ministerium

243 3922 542 3991 peragendi
571 3924 810 3978 concessi
859 3941 874 3978 :
919 3934 976 3979 et
1028 3927 1320 3981 secundum
1355 3928 1706 3984 Sardiceuses
1735 3947 1828 3983 ca-

245 4027 424 4066 nones
447 4013 587 4081 (crm.
619 4013 674 4078 5,
721 4013 810 4080 l3,
851 4013 943 4084 2|)
994 4014 1314 4073 immoramli
1350 4017 1620 4073 licentiam
1653 4020 1772 4075 dedi
1809 4038 1823 4074 :

241 4106 396 4161 etde
434 4108 593 4161 rebus
637 4121 700 4163 ac
727 4108 1071 4165 facultatibus
1107 4109 1343 4178 ejusdem
1373 4112 1639 4178 ecclesiae,
1672 4113 1822 4183 larga

205 4205 208 4208 '
243 4195 622 4250 benevolentia
649 4197 1035 4253 humanitatem
1083 4199 1323 4255 exhiberi
1358 4203 1583 4273 praecepi
1612 4221 1625 4256 :
1656 4216 1826 4273 usque

238 4282 376 4338 dum
417 4295 575 4354 aptus
613 4286 674 4340 ’et
707 4287 1032 4342 conveniens
1077 4289 1179 4344 sibi
1229 4290 1378 4348 locus
1418 4293 1680 4358 eveniret,
1733 4293 1822 4348 ubi

239 4375 542 4431 secundum
574 4380 988 4448 praeceptionem
1012 4390 1245 4436 vestram
1271 4393 1448 4452 posset
1472 4383 1818 4439 iucardinari.

1934 1915 2260 1970 auctoritate
2285 1915 2458 1969 cidem
2497 1914 2614 1969 inca
2625 1915 2867 1970 rdinetur
2886 1916 3149 1973 ecclesiae.

2004 2007 2080 2060 De
2105 2019 2266 2060 causa
2293 2019 2422 2060 vero
2449 2005 2632 2060 fratris
2663 2005 2956 2069 lltucmari,
2995 2007 3322 2063 suflicicnter
3346 2008 3503 2064 vobis

1933 2108 2211 2168 gestorum
2252 2097 2424 2152 series
2448 2138 2461 2161 ,
2495 2114 2656 2167 qttatu
2685 2111 2784 2167 per
2817 2101 2961 2154 hunc
3001 2101 3358 2155 venerabilem
3403 2101 3508 2156 fra-

1937 2201 2072 2244 trem
2121 2197 2174 2244 et
2216 2191 2592 2260 coepiscopum
2641 2198 2879 2244 nostrmu
2912 2191 3239 2256 Actardum,
3269 2195 3508 2263 synodus

1935 2279 1988 2332 in
2016 2278 2266 2348 parochia
2311 2276 2600 2332 llhemeusi
2631 2291 2800 2347 nuper
2838 2278 3017 2333 habita
3039 2319 3056 2344 ,
3105 2290 3299 2334 vestrae
3327 2291 3510 2335 aucto-

1934 2369 2082 2425 ritati
2114 2369 2472 2432 transmittit,
2528 2367 2742 2437 plenam
2787 2368 3034 2422 notitiam
3083 2370 3366 2424 intimabit.
3409 2371 3507 2425 Cui

1933 2468 2054 2529 post
2077 2459 2256 2512 omnia
2284 2467 2430 2530 gesta
2455 2497 2473 2524 ,
2520 2472 2642 2528 quae
2682 2458 2750 2512 de
2778 2457 2867 2512 illo
2905 2460 3137 2529 gerenda
3170 2459 3349 2524 fuere,
3381 2477 3505 2516 eum

1839 2597 1847 2607 .
1933 2548 2058 2606 aliis
2078 2548 2346 2618 cpisc0pis
2373 2556 2428 2601 et
2452 2546 2817 2606 confratribtts
2845 2549 3065 2614 nostris,
3087 2549 3228 2620 apud
3251 2551 3514 2605 domuum

1935 2658 2118 2715 regem
2161 2644 2389 2700 obtinuit
2422 2645 2560 2716 lleg.
2585 2645 2786 2700 ridetur
2807 2645 3083 2719 obtinui],
3120 2655 3176 2700 ιιι
3200 2647 3508 2717 quicunque
3538 2649 3543 2656 “

1933 2738 2001 2794 de
2025 2737 2193 2804 clero,
2227 2738 2310 2792 vel
2335 2738 2401 2792 de
2441 2737 2640 2792 familia
2680 2737 3049 2793 Lamluuensis
3092 2738 3346 2793 Ecclesiae
3374 2753 3497 2794 cum

1935 2828 2027 2885 illo
2058 2843 2282 2900 pergere
2309 2827 2490 2893 vellet,
2517 2827 2790 2884 licentiam
2820 2829 3069 2884 haberet.
3105 2829 3273 2898 Quem
3300 2829 3505 2886 utinam

1934 2937 2041 2977 non
2063 2920 2336 2986 vidissem,
2379 2920 2600 2975 minime
2646 2929 2824 2975 autem
2867 2920 3016 2975 illum
3053 2935 3138 2976 me
3161 2921 3419 2977 ordinare
3448 2921 3506 2977 in

1933 3014 2242 3085 episcopum
2263 3012 2608 3082 contigisset,
2637 3027 2736 3082 per
2759 3027 2920 3083 quem
2953 3001 3161 3068 tantum
3197 3012 3510 3069 scamlalurn

1935 3103 1990 3158 in
2016 3113 2323 3158 nostrarum
2351 3102 2750 3173 provinciarum
2789 3102 3064 3168 ccclesiis,
3087 3111 3142 3159 et
3171 3103 3223 3158 in
3255 3117 3422 3174 regno
3454 3101 3509 3158 in

1933 3209 2039 3264 quo
2067 3195 2352 3266 «legimus,
2397 3195 2514 3250 sine
2558 3194 2665 3249 ulla
2706 3196 3035 3264 necessitate
3061 3205 3408 3259 commotum,
3451 3203 3509 3250 ct

1931 3280 2146 3335 diutino
2171 3290 2413 3350 tempore
2437 3279 2700 3335 hactenus
2721 3289 2806 3336 est
2843 3283 3212 3350 perduratura.
3266 3280 3417 3335 Adeo
3447 3287 3508 3334 ut

1932 3386 2037 3426 non
2089 3371 2530 3426 iuconvenienter
2572 3371 2638 3426 de
2664 3385 2731 3426 eo
2769 3371 2951 3428 dicere
3013 3385 3268 3442 possem:
3294 3370 3501 3427 Bonum

1936 3472 2054 3517 erat
2090 3464 2138 3519 ei
2158 3503 2173 3528 ,
2215 3463 2258 3518 si
2293 3473 2452 3518 natus
2484 3478 2589 3518 nou
2632 3462 2821 3519 fuisset
2853 3463 3012 3518 homo
3038 3463 3164 3519 ille:
3194 3463 3284 3534 qui
3313 3478 3411 3534 pro
3437 3477 3508 3520 eo

1930 3563 1989 3608 ut
2034 3551 2100 3607 ad
2139 3552 2495 3623 episcOpalem
2553 3552 2777 3622 gradum
2825 3561 3112 3622 provectus
3151 3552 3206 3606 in
3251 3553 3509 3622 religione

1931 3643 2218 3714 proliceret
2241 3683 2257 3709 ,
2303 3643 2404 3697 sub
2431 3631 2538 3712 qua
2575 3643 2808 3698 nutritus
2844 3641 3034 3704 fuerat,
3061 3655 3284 3711 pompas
3307 3651 3362 3696 et
3394 3641 3506 3697 ille-

1931 3736 2123 3790 cebras
2154 3733 2333 3789 saeculi
2361 3734 2523 3802 carpit
2548 3733 2732 3802 sequi,
2763 3743 2816 3788 ct
2843 3731 3258 3794 familiaritates,
3287 3745 3351 3786 ac
3378 3746 3508 3786 cou-

1930 3827 2176 3882 tuberuia
2205 3825 2545 3881 saecularium
2581 3824 2874 3890 delectari;
2915 3823 2981 3879 de
3017 3823 3248 3894 negotiis
3283 3821 3507 3877 saecula-

1927 3919 2079 3974 ribus
2119 3917 2605 3972 sermocinationes
2651 3913 3024 3984 frequentare;
3069 3912 3417 3982 cupiditatem
3446 3920 3504 3966 et

1925 4009 2232 4074 avaritiam,
2265 4025 2368 4064 non
2393 4007 2566 4062 solum
2593 4006 2832 4076 pecuniae
2853 4045 2868 4070 ,
2901 4003 2994 4060 sed
3017 4012 3070 4060 et
3095 4001 3414 4066 altitudinis,
3435 4015 3502 4056 ac

1931 4101 2101 4171 turpis
2136 4099 2270 4156 lucri
2297 4098 2658 4154 emolumenta
2688 4095 2916 4161 sectari;
2951 4108 3118 4157 meas,
3146 4101 3203 4148 et
3234 4106 3495 4161 quorum-

1893 4202 2137 4262 ‘cuuque
2205 4187 2572 4258 correptiones
2629 4193 2982 4256 aSpcruanter
3041 4191 3098 4238 et
3156 4181 3500 4251 indignanter

1925 4283 2170 4350 accipere
2195 4319 2210 4344 ,
2253 4288 2308 4334 et
2350 4278 2404 4332 iu
2433 4292 2594 4332 sensu
2639 4289 2704 4330 ac
2747 4272 3009 4343 sapientia
3052 4285 3147 4327 sua
3177 4270 3491 4332 confidere;

1926 4371 2067 4426 sicut
2091 4369 2263 4434 multi,
2292 4369 2424 4439 proli
2442 4365 2624 4421 dolor!
2655 4365 2709 4419 in
2737 4363 2940 4420 nostris
2963 4359 3274 4433 regionibus
3299 4358 3499 4414 sciunt.

240 4465 301 4523 In
331 4484 436 4539 qua
459 4479 685 4525 vacante
709 4469 937 4526 ecclesia
967 4471 1265 4528 aliteceseos
1297 4485 1494 4529 nostrae
1520 4477 1816 4531 secundum

1930 4462 1994 4518 Et
2023 4471 2081 4517 ut
2105 4461 2209 4516 alia
2241 4459 2468 4532 plurima
2511 4456 2822 4530 specialiter
2871 4463 3187 4524 computare
3227 4450 3502 4542 omittam,

240 4561 572 4630 apostolicus
623 4562 829 4618 litteras
855 4573 1081 4630 vestras,
1115 4565 1442 4621 incardinari
1479 4581 1583 4621 nou
1615 4567 1817 4636 potuit;

239 4652 371 4721 quia
404 4667 488 4708 res
517 4653 768 4710 Ecclesiae
813 4639 1191 4711 Nantucleusis
1237 4671 1266 4710 a
1317 4656 1538 4728 paganis
1572 4657 1817 4726 residua‘,

244 4743 403 4814 longe
431 4745 500 4797 ab
531 4744 771 4801 Ecclesia
813 4745 1104 4802 Morinensi
1162 4747 1489 4805 llbemorum
1528 4749 1820 4819 provinciae

157 4827 167 4888 ἲ
238 4834 469 4900 distant,
502 4846 555 4891 et
581 4837 632 4891 in
657 4837 862 4892 duabus
883 4839 1176 4908 provinciis
1203 4840 1520 4911 regulariter
1549 4841 1818 4898 conscribi

241 4939 350 4978 non
391 4935 623 4994 poterat.
664 4925 817 4983 Nune
850 4938 1030 4983 autem
1061 4929 1185 4999 quia
1228 4930 1406 4985 clerus
1436 4938 1491 4984 et
1525 4930 1674 4999 plebs
1710 4945 1822 4984 me-

195 5021 200 5024 '
241 5015 470 5085 tropolis
517 5015 771 5074 Ecclesia:
820 5018 1191 5084 Turonensis,
1245 5020 1297 5074 in
1345 5020 1534 5076 eadem
1585 5021 1818 5075 ecclesia

238 5106 598 5176 baptizatum,
642 5119 877 5178 tonsum,
921 5121 976 5167 ct
1006 5112 1290 5177 mttritum,
1323 5126 1388 5168 ac
1431 5127 1528 5182 per
1576 5112 1816 5184 singulos

240 5200 444 5270 gradus
467 5201 534 5256 ad
561 5203 804 5259 ordinem
828 5204 1169 5276 episcopatus
1195 5214 1526 5276 provectum,
1555 5204 1656 5260 sibi
1689 5217 1815 5260 eum

241 5289 574 5346 ineardinari
619 5292 880 5363 deposcit,
907 5309 1068 5365 quem
1110 5305 1288 5350 vestra
1320 5294 1614 5364 paternitas
1659 5295 1818 5351 nobis

238 5380 712 5449 incardinandum,
754 5382 916 5438 etiam
949 5384 992 5438 si
1038 5383 1188 5439 locus
1217 5384 1460 5439 eveniret
1510 5383 1562 5438 in
1617 5385 1820 5443 nostris

203 5469 554 5540 regionibus
593 5475 645 5529 in
689 5476 989 5547 metropoli,
1035 5477 1450 5542 connuemlavit,
1504 5476 1816 5533 auctoritati

193 5566 198 5571 ’
233 5573 438 5620 vestrae
472 5567 836 5626 remittimus:
875 5580 1142 5640 quatenus
1190 5569 1336 5626 illum
1369 5569 1420 5624 in
1449 5569 1668 5641 praefata
1706 5581 1818 5623 me-

1925 4573 2045 4630 quae
2079 4571 2175 4627 per
2205 4555 2386 4626 plures
2426 4566 2602 4608 annos
2645 4551 2699 4606 in
2747 4551 2958 4612 timore,
3000 4555 3057 4602 et
3093 4544 3272 4600 cordis
3293 4539 3500 4607 dolore,

1926 4648 1992 4703 de
2018 4645 2161 4701 illius
2180 4641 2420 4699 moribus
2443 4650 2500 4697 et
2529 4637 2970 4710 improbabilihus
2999 4633 3231 4700 actibus,
3262 4642 3316 4688 et
3337 4633 3500 4690 etiam

1927 4738 2161 4792 lnunaua
2214 4731 2538 4789 verecundia
2593 4731 2662 4784 de
2712 4723 3026 4784 insolentiis
3059 4723 3182 4794 eius
3222 4722 3498 4779 sustinui:

1921 4827 2216 4898 saepissime
2247 4824 2393 4880 illutn
2441 4831 2496 4878 et
2539 4819 2758 4885 verbis,
2803 4826 2857 4874 et
2884 4816 3132 4886 scriptis,
3160 4813 3501 4868 familiariter

1920 4927 1974 4974 et
2001 4931 2096 4988 per
2121 4929 2226 4982 me,
2261 4925 2316 4968 et
2343 4927 2439 4984 per
2465 4924 2780 4967 coummucs
2806 4906 3102 4963 fauniliares
3130 4916 3345 4960 nostros
3377 4918 3498 4958 eor-

1920 5010 2123 5081 ripieus
2142 5047 2160 5076 ,
2187 5018 2243 5064 et
2284 5007 2351 5062 ad
2377 5004 2831 5076 recognitionem,
2862 5015 2946 5056 vet
2979 4996 3369 5087 correctionem
3401 4993 3499 5087 ad-

1921 5101 2121 5156 ducere
2166 5113 2272 5154 non
2313 5096 2531 5161 valens;
2580 5095 2648 5150 de
2693 5093 2778 5150 his
2823 5105 2992 5163 pauca
3033 5085 3492 5147 conuncmorabo,

1921 5209 2044 5266 qlia:
2077 5203 2203 5248 ante
2247 5187 2662 5261 quadriennium
2708 5185 2760 5239 in
2791 5181 2944 5254 pejus
2965 5178 3252 5251 proficiens
3271 5215 3287 5240 ,
3317 5185 3372 5260 et
3401 5189 3496 5228 cs—

1924 5298 2200 5349 cresceus,
2227 5297 2352 5338 cum
2379 5280 2577 5335 virtute
2605 5277 2852 5332 laborare
2874 5272 3060 5343 cu-pit,
3090 5279 3147 5325 ut
3169 5267 3407 5325 caderet.

1993 5376 2167 5448 Ctepit
2187 5375 2331 5430 enim
2352 5371 2581 5428 clericos
2603 5379 2656 5425 et
2686 5366 2852 5422 laicos
2871 5405 2887 5431 ,
2916 5363 3006 5434 qtti
3031 5376 3154 5417 eum
3191 5359 3492 5427 elegerant,

1925 5485 2023 5542 per
2052 5467 2231 5522 varias
2257 5464 2572 5521 occasiones
2618 5460 2889 5531 afﬂigere;
2939 5466 2996 5512 et
3024 5454 3094 5550 ab
3115 5452 3215 5517 eis,
3241 5464 3362 5550 quae
3392 5449 3491 5550 ba-

1925 5541 2146 5627 bcbaut,
2175 5556 2261 5613 vel
2287 5555 2569 5624 acquirere
2603 5559 2882 5623 poterant,
2912 5562 3009 5620 per
3037 5545 3246 5604 diversa
3277 5541 3490 5612 ingenia

311 5755 343 5788 ⁸
369 5743 599 5804 Genium
622 5747 772 5817 pallii
797 5749 1009 5808 vocavit
1033 5747 1326 5820 Gregorius
1353 5747 1467 5820 (lib.
1500 5761 1594 5818 vn,
1614 5746 1764 5819 epist.
1799 5744 1920 5818 151)
1943 5743 2099 5804 dotes
2127 5738 2244 5814 eius
2267 5746 2323 5797 et
2347 5731 2792 5808 sig“i“c“‘i°"cs'
