4002 6296
547 395 726 456 διδ.

1507 386 1836 443 llINCMARI
1876 383 2267 442 RllEMENSlS
2305 363 2821 442 ARCHIEPISCOPI

3708 387 3817 442 θιι

552 509 867 579 subripere,
900 513 985 570 et,
1029 512 1089 559 ut
1112 501 1284 557 dicam
1314 487 1552 570 apertius
1575 540 1590 565 ,
1628 514 1855 568 rapere:
1892 498 2121 568 indeque
2149 499 2204 576 Α,
2225 495 2436 566 potuit:
2471 494 2563 550 sed
2605 505 2662 548 ut
2708 495 2870 550 homo
2917 492 3164 550 nesciens
3210 495 3350 565 quod
3389 495 3630 550 futurum
3659 506 3813 557 erat,

552 585 768 653 illos'de
799 597 938 660 loco,
988 595 1040 648 in
1083 607 1190 662 quo
1234 591 1420 645 nutriti
1461 589 1693 654 fuerant,
1727 589 2114 655 exterminare,

517 749 522 754 ,
552 699 608 743 et
634 687 768 741 alios
791 700 968 754 pravae
991 682 1258 752 opinionis
1288 696 1352 735 ex
1391 680 1618 734 diversis
1657 679 1946 749 provinciis
1984 681 2118 735 rcci-

547 792 697 846 pere.
737 774 890 829 Unde
936 773 1118 828 alllicti
1158 781 1262 826 tam
1309 771 1527 835 clerici,
1573 787 1734 840 quam
1764 770 1882 825 laici
1921 773 1987 826 de
2015 771 2116 826 sibi

546 863 836 923 commissa
867 865 1095 919 ecclesia
1119 904 1134 928 .
1166 871 1449 932 coeperunt
1489 878 1546 917 se
1585 863 1880 917 reclamare
1925 864 1991 916 ad
2019 863 2116 917 do-

545 975 734 1014 muum
769 972 971 1027 regem,
1002 965 1057 1010 et
1083 957 1150 1010 ad
1179 970 1352 1009 meam
1382 953 1726 1024 exiguitatem
1754 971 1766 1006 :
1796 968 1894 1022 pro
1923 953 2118 1023 quibus

515 1052 679 1107 satis
708 1065 974 1119 superque
1020 1047 1291 1112 laboravi;
1343 1045 1436 1101 sed
1478 1055 1570 1100 aut
1597 1061 1811 1115 parum,
1864 1054 1958 1100 aut
1988 1045 2118 1100 nihil

515 1140 774 1211 profeci.
843 1140 1017 1195 Isdem
1070 1147 1248 1193 autem
1279 1152 1406 1206 -pro
1461 1135 1844 1190 reclamatione
1897 1150 2115 1190 suorum

541 1233 826 1289 hominum
871 1239 1060 1286 contra
1129 1229 1384 1284 doumum
1437 1242 1614 1297 regem
1661 1234 1993 1291 commotus,
2051 1226 2119 1281 de

543 1325 705 1380 rebus
740 1340 769 1378 a
795 1322 1129 1378 Nortmanno
1162 1320 1384 1386 invasis,
1413 1335 1548 1389 quas
1572 1319 1684 1388 ipse
1717 1319 1826 1386 regi
1857 1318 1973 1373 sine
1996 1333 2117 1373 meo

541 1432 607 1472 ac
651 1416 1096 1484 eoepiscoporum
1141 1427 1384 1468 meorum
1438 1425 1706 1465 consensu
1749 1417 2113 1475 concesserat,

539 1516 602 1563 ut
630 1523 724 1562 eas
752 1505 1085 1561 Nortmanno
1111 1502 1456 1559 beneﬁciarct
1477 1542 1493 1567 ,
1524 1502 1663 1570 sicut
1691 1512 1746 1555 et
1772 1501 1883 1571 ipse.
1923 1501 1974 1555 in
2005 1502 2118 1556 suis

539 1597 759 1666 scriptis
806 1595 1045 1650 fatetur:
1079 1593 1225 1648 misit
1274 1592 1420 1646 illum
1469 1592 1607 1662 apud
1659 1601 1890 1645 vestram
1931 1602 2116 1647 aucto-

541 1689 780 1753 ritatem,
811 1705 899 1742 me
928 1685 1131 1751 inscio,
1175 1685 1293 1739 sine
1340 1683 1446 1738 ulla
1486 1684 1808 1738 necessitate
1835 1699 2113 1750 accusare,

506 1795 632 1850 ,per
673 1780 897 1835 missum
942 1793 1097 1833 suum
1142 1761 1447 1831 Celsanum.
1523 1775 1590 1830 Et
1643 1776 1918 1830 mandavit
1958 1776 2110 1840 mihi,

535 1871 678 1939 quod
713 1873 942 1924 domnus
973 1883 1066 1922 rex
1105 1881 1226 1922 eum
1252 1905 1268 1931 ,
1316 1877 1371 1920 et
1412 1879 1570 1919 omne
1617 1865 1943 1935 episcopium
1976 1864 2115 1919 Lau-

535 1961 794 2016 dunensis
843 1959 1096 2015 Ecclesiae
1119 1999 1134 2023 ,
1181 1957 1421 2026 exceptis
1462 1956 1744 2026 principali
1773 1956 2026 2020 ecclesia,
2058 1964 2112 2011 et

535 2054 794 2122 cpiscopii
832 2053 993 2107 domo
1016 2091 1031 2117 ,
1080 2057 1140 2105 et
1164 2050 1404 2104 claustro
1435 2047 1686 2112 fratrum,
1731 2047 2113 2118 proscripserit

535 2152 590 2198 et
619 2141 1032 2205 contis-caverit,
1066 2139 1191 2209 quia
1223 2139 1338 2208 ipse
1384 2137 1641 2192 saeculare
1671 2137 1931 2208 judicium
1963 2139 2113 2194 adire

531 2234 784 2288 noluerit.
823 2233 932 2304 Ego
962 2241 1139 2286 autem
1165 2231 1240 2285 illi
1272 2241 1332 2285 ut
1355 2231 1609 2301 episcopo
1637 2231 1890 2295 credens,
1919 2231 2111 2301 scripsi

535 2323 663 2378 inde
686 2324 884 2377 domno
930 2323 1040 2392 regi
1073 2321 1223 2392 plura
1249 2363 1264 2387 ,
1319 2331 1372 2376 et
1398 2322 1576 2376 minus
1604 2331 1795 2386 caute,
1825 2323 2113 2392 reprehen-

530 2415 663 2471 dens
691 2415 836 2470 illum
886 2415 954 2469 de
997 2413 1197 2483 injuste
1223 2413 1448 2483 judicio.
1512 2414 1580 2469 Et
1620 2414 1749 2484 quia
1796 2429 1900 2468 non
1949 2413 2022 2468 ita
2051 2429 2112 2470 se

529 2521 622 2562 res
644 2507 908 2572 habebat,
953 2507 1094 2562 sicut
1135 2507 1273 2563 idem
1302 2506 1627 2562 llincmarus
1664 2506 1793 2561 mihi
1823 2505 2112 2560 mandave-
2154 2570 2168 2587 ο

530 2608 640 2663 rat,
682 2609 735 2652 et
777 2606 960 2667 postea
993 2599 1108 2668 ipse
1151 2599 1361 2653 dixerat
1399 2616 1412 2651 :
1462 2607 1738 2668 assumpto
1770 2612 1835 2654 eo
1875 2612 2106 2663 mecum,

530 2689 654 2744 veni
712 2689 777 2742 ad
834 2689 1090 2742 don-.num
1140 2704 1356 2760 regem,
1413 2698 1468 2744 et
1493 2704 1598 2742 una
1630 2704 1751 2743 cum
1778 2689 2110 2759 coepiscopis

528 2780 732 2834 nostris
753 2820 770 2844 ,
803 2781 942 2834 sicut
968 2789 1125 2834 antea
1155 2822 1178 2844 ν
1201 2791 1255 2834 et
1281 2789 1464 2850 postea
1495 2781 1690 2848 smpius
1712 2781 1819 2850 egi,
1851 2781 2106 2835 domuum

530 2885 711 2940 regem
755 2871 802 2923 ei
847 2870 1162 2940 placabilem
1208 2870 1333 2924 feci.
1400 2869 1594 2924 Postea
1644 2885 1773 2924 vero
1820 2871 1936 2924 sine
1989 2885 2106 2926 mea

527 2963 884 3026 conscientia,
911 2963 992 3016 vel
1034 2978 1326 3026 consensu,
1373 2963 1518 3016 misit
1550 2963 1742 3016 iterum
1769 2962 1836 3016 ad
1867 2970 2105 3017 vestram

529 3055 911 3108 auctoritatem
937 3093 951 3118 ,
992 3067 1097 3106 non
1126 3053 1299 3107 solmn
1331 3068 1528 3121 regem,
1561 3053 1653 3107 sed
1685 3061 1737 3106 et
1766 3067 1851 3106 me
1881 3068 2104 3107 accusa-

533 3159 608 3206 re,
641 3144 780 3196 sicut
809 3159 860 3196 tn
891 3143 1195 3197 sanctitatis
1225 3151 1418 3197 vestra:
1441 3137 1643 3197 litteris
1663 3143 1861 3196 inveni.
1903 3143 1958 3197 lu
1987 3143 2107 3212 qui-

529 3235 632 3289 bus
687 3237 824 3288 intcr
871 3245 1064 3288 cietera
1109 3223 1420 3290 continetur
1463 3251 1476 3288 :

523 3323 666 3390 juris
690 3325 1012 3392 episcopalis
1040 3324 1090 3377 in
1120 3324 1428 3393 regionibus
1468 3325 1587 3378 istis
1615 3326 1828 3387 abutar,
1855 3335 1908 3378 et
1940 3323 2106 3379 llinc-

528 3430 714 3468 marus
756 3431 939 3484 nepos,
987 3425 1042 3470 et
1085 3417 1392 3484 a2quivocus
1424 3431 1596 3479 meus,
1628 3415 1947 3470 venerabilis
1975 3416 2110 3472 dun-

527 3515 674 3560 taxat
700 3509 984 3578 episcopus
1006 3548 1022 3574 ,
1051 3508 1190 3562 sicut
1217 3509 1443 3563 audistis
1469 3549 1484 3573 ,
1528 3524 1633 3562 non
1681 3509 1898 3561 minima
1935 3509 1984 3561 in
2013 3524 2106 3563 ec-

525 3595 689 3652 elesia
739 3611 836 3652 sua
881 3599 1112 3653 sustinet
1161 3597 1481 3652 detrimenta
1521 3617 1533 3651 :
1576 3597 1620 3652 si
1676 3613 1762 3651 me.
1799 3607 2106 3666 tepescente

527 3685 726 3741 nullam
754 3687 931 3757 potuit
971 3687 1391 3744 consolationem
1441 3689 1702 3743 invenire.
1735 3709 1752 3741 ι
1790 3688 1944 3744 Unde
1979 3690 2104 3758 jure

521 3789 718 3834 vestrae
743 3779 1051 3834 auctoritati
1083 3781 1330 3850 rescripsi
1378 3779 1502 3851 (non
1544 3793 1711 3836 exstat
1755 3784 1864 3837 ἠως
1901 3783 2101 3855 epist.),

523 3867 668 3938 quod
695 3882 800 3922 non
825 3878 908 3922 est
943 3868 1103 3922 modo
1131 3885 1352 3924 necesse
1385 3880 1646 3940 repetere.

597 3956 704 4012 Sed
736 3957 850 4026 ipse
878 3956 1204 4018 llincmarus
1231 3960 1371 4012 unde
1397 3963 1608 4015 cautior
1628 3972 1682 4014 et
1706 3963 1960 4017 humilior
1985 3980 2105 4019 esse

527 4046 824 4110 debuerat,
857 4045 1062 4100 scilicet
1108 4045 1174 4100 de
1220 4062 1336 4100 mea
1371 4048 1754 4104 intercessione
1782 4091 1796 4115 ,
1838 4061 1893 4104 et
1923 4053 2103 4108 donmi

527 4136 671 4204 regis
700 4134 1052 4205 benignitate,
1090 4135 1210 4189 inde
1242 4136 1416 4190 elatus
1445 4137 1498 4190 in
1530 4138 1858 4206 superbiam,
1887 4150 1938 4194 et
1961 4157 2105 4196 ama-

527 4243 621 4280 rus
644 4226 826 4280 animo
855 4225 1082 4306 ell'ectus
1107 4266 1122 4290 ,
1155 4243 1259 4281 non
1291 4228 1462 4281 solum
1493 4244 1553 4282 se
1581 4243 1684 4282 non
1711 4231 1948 4298 correxit
1967 4272 1980 4296 ,
2013 4235 2106 4287 sed

527 4317 684 4372 malis
711 4317 894 4387 pejora
951 4334 1163 4388 semper
1211 4321 1424 4390 adjecit.
1489 4320 1557 4374 Et
1603 4321 1727 4389 quia
1768 4323 1884 4377 suis
1926 4326 2105 4393 pravis

525 4409 734 4464 actibus
781 4419 835 4466 et
874 4411 1315 4480 improbabilibus
1361 4413 1603 4467 moribus
1648 4416 1955 4470 consentire
1997 4431 2103 4473 non

533 4501 710 4566 volui,
739 4514 797 4558 et
812 4506 1023 4560 incaute
1044 4506 1158 4560 suis
1181 4506 1474 4561 mendaciis
1502 4506 1657 4560 [idem
1681 4512 2096 4566 accommodare

2222 589 2382 643 istum
2409 605 2504 660 per
2532 591 2996 662 improvidenliam
3020 591 3261 648 ordinavi
3285 634 3299 657 ,
3330 602 3386 648 et
3411 593 3586 648 divini
3607 592 3812 661 judicii

2191 741 2194 746 _
2220 697 2325 736 non
2358 683 2538 754 injusti
2568 685 2814 740 minister
2839 685 3050 740 exstiti:
3080 687 3205 756 quia
3229 727 3244 750 ,
3275 686 3413 741 sicut
3460 686 3650 750 timeo,
3683 685 3814 740 aliis

2218 774 2455 842 peccatis
2477 774 2613 829 meis
2645 776 2745 829 hoc
2769 791 2888 830 esse
2911 777 3202 847 promerui.
3240 777 3564 846 Quanquam
3596 785 3653 830 et
3683 791 3813 830 san-

2220 867 2294 920 cti
2325 867 2552 934 apostoli
2604 883 2725 922 cum
2774 868 2834 922 Β.
2884 868 3176 939 Stephano,
3214 880 3268 924 ct
3296 869 3418 923 aliis
3458 869 3809 931 diaconilms,

2220 953 2499 1009 Nicolaum
2547 957 2943 1022 ordinaverint,
2983 974 3086 1021 nec
3129 967 3303 1013 tamen
3339 959 3497 1013 dictis
3538 966 3596 1010 ct
3643 957 3811 1012 {actis

2191 1109 2194 1112 ,
2220 1047 2368 1104 illius
2393 1049 2838 1120 improbabilibus
2868 1060 3050 1120 postea
3071 1051 3386 1113 manifestis,
3415 1065 3510 1120 per
3538 1065 3806 1104 manuum

2219 1153 2439 1193 suarum
2483 1139 2881 1208 impositionem
2930 1141 3463 1196 communicaverunt
3501 1139 3644 1211 (Act.
3703 1138 3806 1210 τι).

2193 1227 2374 1307 ‘Sicut
2415 1243 2518 1284 nec
2563 1228 2777 1284 Samuel
2824 1229 3035 1299 culpam
3071 1230 3339 1284 contraxit
3361 1230 3418 1290 in
3442 1228 3803 1284 ordinatione

2221 1320 2388 1375 Saul:
2421 1337 2581 1390 quem
2623 1320 2802 1376 divina
2842 1321 3084 1390 jussione
3133 1337 3164 1375 a
3227 1336 3286 1376 se
3321 1321 3653 1384 ordinatum,
3687 1329 3805 1374 et:

2218 1411 2450 1466 Domino
2496 1421 2680 1482 postea
2727 1411 2996 1481 abjectum
3044 1413 3344 1468 diutissime
3387 1411 3574 1476 ﬂevit,
3625 1411 3804 1466 veluti

2187 1517 2370 1576 Osaera
2398 1512 2586 1556 narrat
2614 1503 2838 1558 historia
2871 1503 2923 1574 (1
2954 1502 3081 1574 Reg.
3115 1504 3228 1574 xv).
3269 1503 3401 1570 Quia
3432 1513 3613 1556 autem
3639 1503 3803 1558 dice-

2215 1591 2347 1647 bant
2385 1593 2526 1662 quod
2573 1602 2822 1662 nepotem
2851 1609 3025 1646 meum
3067 1593 3376 1663 episcopum
3401 1591 3796 1657 ordinaverim,

2216 1698 2324 1736 non
2373 1682 2724 1736 attcndcbant
2767 1683 2888 1752 quia
2931 1693 2985 1737 et
3030 1683 3116 1736 alii
3166 1698 3262 1753 per
3291 1697 3375 1736 me
3399 1691 3527 1736 sunt
3555 1682 3800 1754 episcopi

2217 1771 2473 1836 ordinati,
2503 1771 2594 1841 qui
2625 1787 2728 1826 non
2757 1773 3025 1826 suntmibi
3055 1788 3216 1827 carne
3238 1772 3520 1842 propinqui
3547 1790 3561 1825 :
3587 1782 3644 1826 ct
3668 1773 3798 1840 quia

2150 1872 2192 1932 Β
2223 1879 2328 1917 non
2363 1863 2585 1936 impedit
2615 1866 2679 1918 ad
2707 1879 3029 1934 quemquam
3070 1865 3427 1919 ordinandum
3457 1865 3640 1918 carnis
3674 1880 3800 1934 pro-

2215 1956 2528 2024 pinquitas,
2578 1957 2622 2010 si
2668 1957 2998 2011 ordinandus
3035 1957 3195 2011 fuerit
3239 1957 3464 2020 electus,
3505 1969 3564 2010 et
3592 1957 3797 2026 petiws

2214 2047 2507 2101 secundum
2550 2047 2941 2102 ecclesiasticas
2971 2038 3200 2120 regulas.
3259 2049 3391 2102 Nam
3421 2057 3476 2103 et
3502 2048 3793 2104 Dominum

2213 2156 2243 2195 a
2269 2157 2396 2212 quo,
2442 2149 2497 2196 et
2543 2158 2639 2212 per
2684 2144 3057 2212 quem'cmpit
3095 2143 3668 2214 episcopatus,carne
3695 2143 3793 2198 sibi

2212 2231 2546 2302 propinquos
2575 2230 2802 2301 legimus
2827 2233 3105 2286 ordinasse
3127 2233 3430 2302 cpiscOpos.

2287 2323 2392 2379 Sed
2424 2323 2551 2378 licet
2593 2324 2646 2377 in
2689 2324 2794 2378 isto
2835 2333 3030 2392 nepote
3059 2340 3178 2378 meo
3207 2325 3408 2394 egerim
3442 2325 3590 2380 unde
3617 2340 3792 2396 gemo,

2211 2415 2337 2486 quia
2384 2415 2568 2470 nescio
2595 2415 2833 2484 qualiter
2873 2417 2938 2470 de
2979 2416 3104 2479 hoc,
3135 2425 3190 2470 et
3221 2417 3286 2470 de
3315 2417 3439 2471 aliis
3465 2418 3606 2472 meis
3636 2417 3793 2472 factis

2211 2506 2457 2560 terribilis
2489 2507 2542 2560 in
2572 2506 2803 2560 consiliis
2828 2522 2984 2576 super
3005 2505 3144 2574 ﬁlios
3167 2506 3434 2559 hominum
3465 2503 3640 2572 (Psal.
3667 2509 3789 2578 ur)

2214 2595 2268 2648 in
2298 2594 2510 2649 occulto
2537 2609 2634 2649 suo
2659 2595 2891 2665 judicio,
2918 2595 3008 2664 qui
3044 2595 3216 2664 posuit
3246 2579 3485 2648 tenebras
3515 2595 3790 2649 ιαιίιιιιηι

2212 2702 2366 2740 suum
2390 2683 2563 2755 (Psal.
2587 2686 2721 2755 xvn)
2756 2686 3036 2756 disponet:
3062 2686 3180 2758 scio
3226 2696 3404 2741 tamen
3447 2691 3788 2758 omnipoten-

2211 2785 2319 2830 tem
2363 2777 2704 2840 advocatum,
2752 2785 2807 2830 et
2853 2777 3256 2831 misericordem
3294 2774 3534 2844 iudicem
3560 2818 3574 2839 ,
3614 2796 3632 2827 ι
3671 2788 3789 2832 ante

2209 2883 2369 2938 quem
2395 2875 2476 2922 est
2503 2882 2664 2921 omne
2701 2865 3026 2921 desiderium
3053 2883 3230 2921 meum
3251 2908 3264 2930 ,
3297 2876 3353 2922 et
3379 2868 3618 2938 gemitus
3645 2884 3788 2922 meus

2210 2974 2314 3012 non
2361 2967 2442 3013 est
2492 2958 2838 3012 absconditus
2895 2956 3065 3029 (Psal.
3111 2958 3342 3030 xxxv“).
3382 2978 3401 3010 ι
3469 2959 3789 3015 Consolatur

2177 3039 2351 3103 'enim
2393 3065 2499 3114 me,
2539 3050 2665 3118 quia
2704 3049 2876 3119 recepi
2909 3065 3006 3119 pro
3040 3049 3127 3103 illo
3159 3058 3210 3102 ct
3234 3065 3328 3118 per
3356 3048 3509 3103 illum
3540 3051 3786 3120 duplicia.

2175 3213 2178 3216 q
2210 3141 2470 3209 Quoniam
2502 3143 2643 3195 sicut
2672 3150 2894 3196 sanctus
2923 3141 3051 3195 dicit
3075 3141 3369 3212 Gregorius
3399 3156 3416 3195 :
3449 3161 3466 3192 ‹
3500 3143 3652 3209 Quos
3681 3141 3788 3212 plus

1539 3253 1556 3285 ι
1586 3235 1764 3299 Quare
1802 3235 2103 3289 ministerio
2135 3254 2179 3316 ρ
2210 3235 2419 3288 caeteris
2446 3233 2734 3303 diligimus,
2772 3249 2894 3288 cum
2924 3234 2991 3287 ab
3029 3235 3107 3286 cis
3134 3234 3360 3288 adversa
3388 3234 3656 3303 patimur,
3683 3248 3790 3287 ma-

2203 3324 2380 3394 jorem
2411 3324 2649 3378 dolorem
2695 3324 2833 3378 mala
2864 3323 3016 3379 nobis
3045 3326 3312 3394 ingcmnt,
3363 3341 3530 3396 quam
3579 3341 3699 3395 quze
3726 3324 3789 3378 ab

2174 3419 2176 3424 ’
2209 3414 2444 3468 externis
2475 3415 2779 3468 inferuntur
2811 3433 2824 3468 :
2858 3423 2912 3470 et
2958 3415 3074 3484 plus
3120 3416 3170 3468 in
3224 3416 3378 3471 nobis
3427 3431 3490 3471 ea
3525 3426 3789 3471 tormenta

2208 3505 2439 3557 saaviunt
2469 3520 2587 3572 qum
2611 3505 2677 3557 ab
2707 3503 2812 3559 illis
2837 3505 3091 3574 patimur,
3151 3507 3217 3558 de
3261 3520 3484 3574 quorum
3509 3505 3793 3562 mentibus

2171 3669 2178 3672 _
2206 3593 2699 3664 prtesumebamus;
2730 3597 2855 3666 quia
2884 3611 3004 3650 cum
3035 3597 3232 3649 d..muo
3255 3597 3489 3666 corporis
3511 3596 3656 3650 mala
3683 3611 3789 3653 nos

2206 3689 2452 3742 cruciant
2477 3686 2689 3743 amissa:
2717 3689 3014 3743 charitatis.
3060 3688 3193 3742 lliuc
3227 3698 3311 3743 est
3343 3689 3484 3744 enim
3530 3690 3675 3756 quod
3721 3689 3789 3745 de

2204 3775 2339 3831 Juda
2374 3772 2634 3831 traditore
2681 3792 2778 3832 suo
2805 3791 2902 3847 per
2930 3775 3264 3848 psalmistam
3304 3777 3564 3832 Dominus
3612 3779 3783 3833 dicit:

2175 3859 2179 3862 ’
2208 3869 2274 3922 Et
2307 3869 2511 3940 quidem
2541 3870 2584 3924 si
2616 3869 2856 3924 inimicus
2887 3886 3029 3923 meus
3069 3871 3423 3924 ntaledia'issel
3453 3873 3604 3936 mihi,
3637 3874 3778 3925 susti-

2207 3960 2432 4012 nuissem
2453 3960 2656 4030 utique;
2681 3970 2726 4014 et
2749 3961 2792 4013 si
2813 3961 2854 4013 is
2875 3960 2966 4030 qui
2987 3961 3166 4014 oderat
3191 3977 3292 4024 me,
3316 3977 3475 4031 super
3494 3980 3578 4016 me
3603 3980 3781 4034 magna

2207 4048 2413 4104 locutus
2457 4051 2659 4119 fuisset,
2701 4051 3084 4106 abscondissem
3127 4069 3206 4106 me
3245 4053 3473 4122 forsitan
3503 4054 3572 4108 ab
3601 4071 3680 4112 co.
3714 4052 3781 4107 Tu

2208 4159 2322 4195 vero
2352 4143 2504 4198 homo
2536 4144 2822 4209 unanimis,
2870 4145 2980 4199 dux
3008 4161 3171 4208 meus,
3193 4146 3281 4215 qui
3318 4157 3366 4198 et
3409 4157 3566 4200 notus
3606 4162 3743 4200 meus
3764 4184 3779 4210 ,

2205 4232 2361 4286 simul
2388 4249 2586 4285 mecum
2625 4232 2800 4287 dulces
2838 4234 3076 4304 cupiebas
3107 4235 3246 4289 cibos
3272 4254 3290 4289 :
3317 4236 3371 4288 in
3393 4237 3551 4290 domo
3582 4236 3781 4291 Domini

2206 4321 2585 4377 ambulavimus
2624 4341 2739 4378 cum
2773 4309 3024 4381 consensu
3057 4325 3229 4396 (Psal.
3260 4328 3389 4397 Liv).
3425 4328 3488 4381 Et
3531 4344 3776 4384 rursum:

2179 4403 2184 4408 ’
2209 4410 2259 4464 11
2266 4429 2381 4465 ante
2407 4415 2548 4484 pacis
2580 4431 2708 4469 mea:
2723 4417 2776 4469 in
2803 4433 2902 4487 quo
2929 4417 3221 4487 sperabant,
3239 4427 3286 4470 et
3309 4419 3398 4488 qui
3419 4419 3605 4473 edebat
3630 4435 3777 4490 panes

2207 4519 2388 4566 meos,
2455 4507 2801 4577 magni/icavit
2866 4509 3142 4562 adversum
3189 4525 3270 4562 me
3307 4508 3776 4578 supplantationem

527 4592 730 4657 vitavi;
763 4595 870 4648 imo
893 4604 951 4650 et
974 4596 1122 4650 illum
1155 4598 1476 4669 redarguere
1506 4605 1644 4668 ccepi
1672 4617 1685 4653 :
1717 4601 1880 4656 etiam
1910 4613 2098 4658 contra
2125 4595 2179 4655 D
2206 4594 2378 4667 (Ρεαιο
2405 4597 2514 4668 XL).
2545 4617 2564 4650 ι
2598 4597 2678 4653 Ac
2703 4598 2746 4652 si
2775 4599 2842 4654 de
2870 4599 3131 4654 traditore
3177 4613 3276 4654 suo
3319 4600 3527 4669 apertis
3570 4602 3777 4655 vocibus

530 4697 618 4738 me
649 4684 1117 4742 irremediabiliter
1158 4702 1218 4742 se
1263 4690 1584 4755 commovit;
1631 4700 1686 4745 et
1726 4691 1874 4761 plura
1904 4703 1959 4747 et
1990 4710 2102 4750 ma-

520 4771 644 4843 jora
671 4773 924 4828 scandala
967 4783 1020 4830 et
1070 4777 1210 4846 regi,
1261 4787 1315 4832 et
1346 4794 1528 4849 regno,
1561 4781 1787 4846 etmibi,
1832 4799 1896 4838 ac
1923 4786 2106 4855 corpi-

525 4866 703 4935 scopis
733 4865 935 4920 nostris
957 4905 972 4930 ,
1019 4877 1074 4920 et
1119 4869 1360 4924 ecclesiae
1407 4887 1518 4926 sua:
1561 4882 1666 4926 tam
1697 4873 1910 4930 clericis
1937 4893 2104 4947 quam

525 4953 682 5010 laicis
710 4970 922 5026 semper
951 4957 1330 5014 accumulavit.

599 5048 665 5102 Et
691 5049 879 5103 horum
913 5049 1309 5115 scandalorum,
1338 5052 1464 5107 licet
1491 5070 1594 5110 non
1627 5057 1826 5125 apertis
1856 5060 2094 5128 vocibus,

525 5143 877 5197 seandalizati
925 5145 994 5198 ab
1042 5159 1128 5208 eo,
1185 5154 1241 5199 ut
1297 5149 1515 5210 audivi,
1555 5167 1640 5204 me
1669 5163 1943 5208 auctorem
1976 5171 2099 5212 esse

527 5233 777 5287 dicebant
828 5252 840 5286 :
898 5236 1152 5304 quoniam
1204 5251 1324 5290 eum
1375 5239 1581 5295 scilicet
1634 5253 1880 5312 nepotem
1918 5263 2096 5303 meum

495 5323 838 5390 episcopum
869 5328 1264 5381 ordinaveram.
1299 5329 1412 5382 Non
1443 5334 1804 5400 attendentes,
1838 5338 1960 5406 quia
1991 5354 2097 5393 non

528 5422 588 5466 ut
629 5410 821 5468 Judant
872 5415 1098 5470 electum
1149 5421 1396 5487 pnes-cuti
1439 5420 1644 5486 justitia
1681 5427 2014 5494 apostolum,
2045 5437 2101 5484 et

528 5500 658 5558 Saul
701 5521 881 5576 regem
920 5519 1103 5586 postea
1151 5512 1494 5591 reprobatutn
1521 5554 1536 5579 ,
1579 5515 1644 5593 de
1693 5533 1800 5586 quo
1841 5520 2100 5590 scriptum

527 5601 644 5647 est:
678 5595 803 5648 Erat
832 5598 907 5650 rir
935 5598 1128 5653 electus
1159 5611 1205 5654 et
1235 5602 1398 5657 bonus
1416 5644 1428 5666 ,
1463 5615 1511 5658 et
1534 5623 1636 5660 non
1660 5617 1771 5660 erat
1796 5610 1872 5662 uir
1893 5611 1956 5664 de
1977 5611 2103 5678 [iliis

531 5681 698 5739 Israel
721 5687 902 5740 melior
923 5689 1013 5742 illo
1044 5691 1092 5759 (I
1125 5689 1247 5762 Reg.
1283 5695 1379 5763 ix).
1420 5696 1564 5761 D.-us
1603 5698 1780 5765 omnia
1811 5701 1990 5756 sciens
2013 5718 2102 5758 or-

523 5777 755 5852 ~dinavit,
787 5787 840 5831 et
885 5781 1014 5834 nihil
1044 5783 1213 5850 culpm
1243 5790 1506 5840 contraxit
1535 5828 1548 5851 ,
1583 5789 1705 5858 quia
1735 5771 1960 5859 peccare
1997 5811 2100 5852 non

2205 4689 2351 4743 dicat
2382 4708 2394 4743 :
2431 4691 2908 4761 transgressionem
2957 4690 3073 4761 ejus
3114 4683 3263 4746 tanto
3299 4693 3523 4763 gravius
3568 4693 3777 4765 pertuli,

2205 4790 2406 4850 quanto
2447 4781 2586 4836 hanc
2626 4783 2693 4838 ab
2721 4799 2786 4837 eo
2827 4784 2918 4854 qui
2947 4799 3098 4839 meus
3131 4799 3253 4840 esse
3282 4785 3590 4851 videbatur,
3623 4786 3774 4842 sensi.

2275 4874 2372 4928 Cui
2401 4874 2564 4928 multa
2587 4884 2640 4930 et
2665 4875 3029 4945 multipliciter
3048 4885 3108 4931 ut
3127 4891 3186 4931 se
3209 4877 3531 4948 corrigeret,
3560 4879 3776 4950 scripsi:

2207 4979 2326 5034 qua:
2348 4965 2393 5020 si
2423 4965 2474 5019 in
2505 4981 2669 5020 unum
2701 4980 2896 5036 Corpus
2919 4965 3120 5022 fuerint
3142 4979 3492 5040 congregata,
3528 4986 3634 5025 non
3660 4976 3778 5040 puto

2205 5057 2432 5111 minoris
2477 5056 2589 5112 fore
2628 5057 2949 5124 voluminis,
2999 5074 3161 5128 quam
3201 5060 3443 5130 quinque
3489 5072 3618 5116 sunt
3666 5060 3777 5115 libri

2204 5147 2392 5217 Moysi.
2428 5148 2494 5202 Et
2536 5149 2653 5204 ideo
2698 5151 2764 5205 ad
2807 5152 3146 5206 scribendum
3188 5151 3262 5204 illi
3290 5168 3376 5206 me
3401 5154 3632 5218 contuli,
3662 5152 3776 5220 quia

2205 5240 2426 5294 sull‘erre
2459 5256 2564 5296 non
2603 5250 2833 5309 poterat,
2870 5257 2990 5312 qua:
3020 5241 3093 5296 illi
3125 5257 3155 5296 a
3188 5258 3273 5296 me
3301 5243 3650 5298 dicebantur.
3680 5241 3775 5297 Sed

2203 5347 2304 5386 nec
2333 5332 2396 5385 de
2423 5332 2529 5386 ullo
2559 5333 2776 5389 homine
2816 5335 3085 5404 patienter
3123 5334 3324 5404 aliquid
3369 5346 3552 5406 potest
3580 5336 3772 5398 audire,

2205 5431 2263 5476 ut
2288 5437 2501 5492 semper
2525 5439 2629 5478 non
2655 5425 2766 5494 ipse
2790 5425 3076 5496 loquatur;
3102 5426 3203 5480 nisi
3227 5442 3290 5481 ea
3317 5427 3389 5480 illi
3414 5427 3539 5498 quis
3566 5427 3771 5490 dixerit,

2206 5528 2324 5584 qua:
2352 5514 2403 5567 in
2427 5529 2524 5568 suo
2546 5515 2709 5571 corde
2742 5525 3044 5571 versantur.
3081 5516 3278 5571 Contra
3306 5533 3431 5588 qnze
3459 5518 3625 5573 etiam
3656 5517 3774 5573 scri-

2205 5613 2294 5675 pta
2325 5606 2438 5677 ipse
2472 5607 2638 5662 multa
2666 5609 3051 5680 multipliciter,
3079 5613 3137 5666 'et
3165 5611 3612 5667 irrationabiliter
3647 5608 3768 5666 mihi

2207 5697 2519 5768 rescripsit:
2551 5699 2740 5755 nolens
2763 5715 2828 5756 ea
2852 5716 2973 5771 quae
3008 5702 3083 5757 illi
3122 5703 3426 5759 scribebam
3472 5705 3556 5758 sic
3587 5702 3770 5758 intelli-

2205 5808 2353 5864 gere,
2402 5796 2539 5850 sicut
2586 5795 2786 5865 scripta
2819 5804 2972 5852 erant
3005 5814 3016 5850 :
3050 5797 3142 5852 sed
3171 5811 3285 5860 mc,
3329 5806 3382 5850 et
3427 5795 3540 5865 ipsa
3578 5796 3765 5866 scripta
