4002 6296
175 433 293 489 613

963 423 1204 482 OPUSC.
1247 421 1334 479 ET
1373 417 1590 478 EPIST.
1633 415 1698 470 IN
1736 414 1963 471 CAUSA
1999 415 2330 472 lllNCMARl
2370 415 2675 474 LAUDUN.

3345 413 3454 474 646

183 550 628 621 reprehendere,
667 551 720 602 et
750 542 1104 610 calumniari,
1135 549 1295 612 atque
1344 537 1590 595 refellere
1635 533 1777 589 labo-
1804 535 1853 592 A
1880 531 2098 600 pinquis
2127 541 2184 586 et
2226 532 2532 597 extraneis;
2566 547 2672 586 non
2705 539 2880 585 tamen
2929 544 3028 600 pro
3053 529 3242 586 eadem
3274 529 3455 588 chari-

182 642 374 695 rabat.

258 731 371 787 Per
417 743 538 799 quae
587 724 890 792 intelligens
942 721 1089 777 illum
1143 735 1263 776 esse
1319 716 1774 787 incorrigibilem,

181 821 360 879 statui
392 821 447 874 in
469 817 629 873 corde
652 831 793 879 meo,
817 813 1046 868 ulterius
1068 825 1154 866 me
1178 811 1318 880 apud
1351 809 1496 864 illum
1526 823 1632 862 non
1664 807 1776 860 ina-

187 914 342 968 niter
379 910 748 963 laboraturum
792 922 806 958 :
852 903 1040 957 videns
1072 902 1124 955 in
1165 917 1230 956 eo
1265 900 1496 970 impleri,
1532 899 1674 968 quod
1711 898 1776 950 de

193 1001 432 1055 Domino
479 996 757 1067 psalmista
801 993 930 1048 dicit
973 1009 986 1045 :
1038 990 1396 1044 Immissiones
1444 1005 1536 1058 per
1567 987 1777 1056 angelos

191 1091 401 1153 malos,
434 1089 569 1141 viam
607 1083 728 1154 fecit
766 1082 966 1137 semita:
1016 1081 1110 1134 ira:
1161 1095 1270 1132 sua:
1323 1077 1496 1149 (ἔδεαι.
1547 1076 1775 1144 Lxxvn).

199 1181 389 1242 s‘COI‘,
428 1176 601 1246 inquit
625 1173 942 1243 Gregorius,
989 1170 1245 1224 Dominus
1273 1168 1545 1238 prioribus
1572 1167 1780 1221 meritis

194 1277 582 1343 aggravatum,
616 1263 764 1334 juste
811 1261 1075 1333 permittit
1119 1260 1285 1314 etiam
1327 1257 1782 1326 subsequentibus

194 1361 566 1430 malignorum
610 1353 896 1424 spirituum
942 1350 1380 1421 persuasionibus
1425 1348 1535 1402 falli
1581 1365 1595 1403 :
1639 1346 1783 1416 quod

195 1450 334 1504 dum
367 1448 524 1518 digne
554 1445 608 1499 in
651 1441 810 1512 culpa
851 1441 1103 1504 trahitur,
1145 1449 1327 1494 reatus
1369 1437 1480 1508 jam
1524 1437 1576 1491 in
1625 1450 1782 1505 pmna

196 1537 539 1595 cumulatur.
585 1533 739 1589 Unde
783 1540 838 1588 et
877 1532 971 1586 ira:
999 1546 1109 1585 sua:
1136 1529 1363 1585 Domino
1393 1529 1533 1582 viam
1563 1526 1741 1582 facere
1756 1545 1780 1591 ',

198 1640 292 1687 est
318 1630 373 1684 in
397 1644 490 1684 eos
521 1627 610 1696 qui
654 1624 847 1695 punire
884 1623 938 1677 in
982 1637 1039 1676 se
1085 1637 1280 1676 causas
1307 1629 1452 1675 recte
1473 1618 1782 1683 noluerunt,

198 1722 457 1778 districte
486 1716 778 1786 iudicando
806 1713 1031 1768 dilatare
1060 1731 1072 1765 :
1102 1721 1162 1765 ut
1191 1711 1282 1781 qui
1318 1709 1602 1764 illuminati
1626 1723 1786 1778 agere

201 1823 362 1870 recta
409 1811 728 1873 noluerunt,
775 1807 921 1876 juste
961 1805 1147 1860 caecati
1187 1803 1362 1858 adhuc
1409 1801 1610 1856 faciant
1649 1801 1786 1854 unde

200 1903 445 1973 amplius
489 1899 666 1971 puniri
707 1873 1038 1953 mereantur.
1081 1896 1155 1950 De
1184 1895 1378 1964 quibus
1403 1893 1533 1947 dicit
1560 1891 1786 1960 Aposto—
1819 1873 1860 1932 Β

201 1994 296 2046 lus
340 2009 356 2044 :
396 1989 460 2044 Ut
500 1986 748 2058 impleant
798 1995 1007 2054 peccata
1039 2000 1136 2037 sua
1174 1997 1375 2053 semper
1405 1979 1456 2050 (Ι
1487 1981 1665 2033 Thess.
1702 1980 1786 2048 ιι).

200 2085 278 2138 Et
320 2082 446 2136 hinc
474 2093 605 2134 voce
633 2077 805 2148 angeli
837 2077 904 2130 ad
937 2076 1198 2132 Joannem
1224 2075 1420 2130 dicitur
1445 2087 1460 2126 :
1488 2073 1590 2137 Qui
1619 2081 1788 2136 nocet,

205 2179 398 2226 noceat
421 2168 633 2232 adhuc;
663 2177 709 2220 et
733 2166 820 2236 qui
847 2167 902 2218 in
931 2165 1171 2218 sordibus
1209 2173 1308 2227 est,
1334 2166 1595 2216 sordescat
1619 2161 1792 2213 adhuc

206 2262 396 2329 (Apoc.
429 2257 586 2325 xxii).
617 2255 680 2310 Et
707 2255 832 2309 hinc
874 2254 1040 2308 David
1085 2253 1162 2307 ait
1190 2271 1202 2306 :
1235 2253 1447 2322 Appone
1469 2251 1792 2322 iniquitatem

206 2345 370 2416 δῆμον
395 2346 718 2416 iniquitatem
739 2361 942 2410 eorum,
969 2351 1015 2398 et
1041 2360 1144 2396 non
1167 2343 1359 2396 intrent
1391 2343 1443 2395 in
1461 2341 1672 2410 justilia
1700 2349 1792 2392 tua

205 2434 390 2507 (Psal.
424 2433 635 2500 vattt).
666 2434 733 2488 Et
761 2432 885 2488 hinc
909 2448 1005 2502 per
1030 2432 1244 2502 Moysen
1276 2432 1472 2485 dicitur
1497 2448 1510 2484 :
1543 2427 1793 2484 Nondum

205 2524 471 2595 completa
490 2533 611 2579 sunt
630 2533 839 2592 peccata
864 2522 1291 2576 Amorrhworum
1314 2520 1464 2592 (Gen.
1497 2519 1611 2588 xv).
1657 2519 1795 2573 lliuc

209 2632 316 2688 per
341 2617 587 2670 eumdem
620 2614 837 2684 Moysen
868 2613 1126 2668 Dominus
1169 2613 1298 2668 dicit
1333 2629 1344 2664 :
1381 2611 1466 2665 Ea:
1486 2612 1631 2666 vinea
1659 2610 1794 2664 enim
1829 2605 1836 2612 ’

209 2707 590 2770 Sodomorum,
618 2707 734 2759 vitis
762 2721 974 2768 eorum;
1017 2715 1064 2757 et
1105 2720 1332 2773 propago
1379 2719 1558 2756 eorum
1591 2717 1655 2754 ea:
1693 2697 1796 2752 Go-

210 2806 454 2860 morrlia.
502 2799 610 2853 Uva
637 2816 815 2853 eorum
837 2816 934 2853 uva
959 2798 1120 2868 fellis,
1146 2807 1193 2852 et
1221 2801 1397 2851 botrus
1426 2795 1795 2850 amaritudinis

210 2897 365 2965 ipsis.
418 2889 595 2944 Furor
644 2891 932 2943 draconum
973 2891 1145 2942 vinum
1197 2904 1399 2952 eorum,
1449 2897 1495 2940 et
1546 2902 1794 2940 venenum

214 2987 466 3056 aspidum
507 2981 819 3035 insanabile.
871 2981 1063 3035 Nonne
1090 2981 1201 3034 Ita'c
1237 2981 1444 3033 condita
1487 2988 1606 3032 sunt
1655 2977 1794 3046 apud

212 3095 331 3141 me,
368 3087 417 3131 et
441 3074 645 3143 signata
689 3073 742 3126 in
782 3073 1042 3128 thesauris
1088 3073 1262 3126 meis?
1308 3071 1375 3124 In
1435 3071 1518 3123 die
1583 3068 1796 3122 ultionis

217 3171 441 3225 reddam
463 3171 536 3224 eis
557 3169 732 3239 (Deut.
766 3165 961 3236 xxxii).
998 3165 1065 3218 Et
1089 3163 1213 3234 quia
1245 3162 1410 3216 multa
1437 3177 1623 3214 eorum
1657 3160 1790 3212 mala

216 3262 487 3325 narravit,
515 3270 691 3315 tamen
717 3259 857 3312 illico
875 3255 1135 3326 adiunxit.
1167 3253 1229 3307 In
1251 3264 1474 3322 tempore
1494 3269 1595 3321 quo
1619 3251 1793 3319 lapsus

218 3354 382 3423 [inerit
413 3369 500 3422 pes
521 3367 698 3406 eorum
725 3348 920 3420 (ibid.).
958 3348 1024 3402 Et
1047 3345 1382 3400 atrocissima
1413 3352 1633 3412 peccata
1681 3343 1792 3394 illo-

219 3459 347 3499 rum
377 3443 758 3496 describuntur
782 3457 794 3492 :
822 3448 876 3495 et
905 3448 1081 3492 tamen
1116 3436 1182 3489 ad
1222 3435 1437 3488 ultionis
1463 3434 1603 3487 diem
1625 3433 1797 3486 adhuc

217 3534 560 3604 subsequens
608 3532 788 3602 lapsus
831 3529 1183 3600 adipiscitur,
1239 3541 1346 3596 quo
1399 3541 1583 3580 eorum
1631 3524 1798 3592 culpa:

219 3623 588 3680 cumulentur.
641 3620 848 3675 Habent
885 3617 998 3687 jam
1040 3616 1280 3685 quidem,
1309 3616 1451 3669 unde
1489 3614 1638 3667 feriri
1691 3631 1799 3668 iuc-

222 3721 455 3769 reantur
505 3729 518 3764 :
569 3711 660 3766 sed
715 3710 1014 3764 sustinetur
1053 3719 1232 3778 tamen
1281 3706 1460 3759 adhuc
1516 3713 1796 3774 peccatum

223 3818 504 3866 crescens,
531 3812 590 3856 ut
611 3809 897 3870 peccantes
926 3799 1096 3869 possit
1115 3799 1292 3852 acrior
1315 3798 1472 3866 culpa
1502 3795 1796 3850 cumulare.

221 3896 346 3952 Jam
376 3907 614 3950 meretur
639 3894 953 3962 supplicium
976 3901 1278 3961 peccatum,
1305 3900 1358 3944 et
1376 3905 1537 3944 causa
1563 3887 1796 3958 peceati:

224 3986 321 4040 sed
343 3992 686 4053 exspectatur
721 3982 910 4043 adhuc,
945 3989 1002 4034 ut
1025 3987 1366 4048 augmentum
1392 3977 1636 4046 supplicii
1657 3977 1798 4039 sub-,

222 4086 384 4146 roget
413 4082 688 4144 peccatum
733 4082 787 4128 et
806 4087 964 4142 poena
1000 4071 1230 4141 peccati.
1276 4070 1405 4136 Qua:
1437 4069 1489 4123 in
1529 4069 1618 4122 illo
1650 4084 1801 4122 com-

223 4166 366 4238 pleri
414 4164 624 4228 videns,
654 4179 750 4234 pro
791 4163 1006 4217 modulo
1052 4178 1170 4216 meo
1212 4162 1362 4231 sequi
1408 4160 1620 4214 decrevi
1658 4156 1801 4228 quod

227 4257 496 4312 Dominus
531 4255 662 4310 dicit
701 4271 714 4306 :
767 4253 891 4307 Non
940 4253 1138 4306 audivit
1181 4251 1402 4322 populus
1453 4266 1596 4304 meus
1633 4265 1802 4303 vocem

224 4364 427 4412 meum,
455 4359 504 4402 et
540 4346 710 4400 Israel
736 4363 838 4399 non
880 4345 1096 4399 intendit
1123 4345 1250 4397 milii
1273 4359 1292 4397 :
1325 4352 1372 4397 et
1391 4343 1568 4396 dimisi
1595 4357 1680 4396 eos
1723 4357 1800 4395 se-

224 4439 465 4493 cundum
515 4436 772 4495 desideria
820 4435 994 4489 cordis
1024 4450 1202 4488 eorum
1225 4449 1244 4487 :
1280 4432 1424 4486 ibunt
1462 4433 1518 4486 in
1554 4433 1803 4486 adinven-

225 4532 462 4587 tionibus
507 4531 616 4585 suis
645 4527 818 4600 (Psal.
855 4528 1038 4598 Lxxx).
1084 4527 1189 4581 Et:
1231 4523 1420 4582 Vocavi
1451 4534 1499 4578 et
1535 4523 1801 4588 renuistis,

224 4634 278 4679 et
311 4622 617 4691 despexistis
648 4637 797 4676 omne
817 4619 1090 4674 consilium
1119 4633 1310 4680 meum,
1343 4625 1389 4669 et
1423 4615 1801 4683 increpationes

226 4730 380 4768 nscas
415 4713 729 4783 neglexistis.
754 4709 1032 4766 Comedent
1059 4711 1220 4779 igitur
1242 4708 1568 4778 hujusmodi,
1599 4706 1802 4776 [ructus

227 4809 334 4862 vite
355 4821 487 4868 suae,
517 4804 726 4873 suisque
751 4800 982 4856 consiliis
1009 4799 1387 4854 saturabuntur
1409 4794 1588 4868 (Prov.
1618 4796 1677 4864 ι).
1712 4815 1729 4846 ι

306 4895 380 4951 Ει
406 4896 530 4965 quia
557 4894 668 4964 ipse
693 4891 1102 4952 Dominusdicit
1125 4910 1138 4944 :
1162 4889 1221 4944 Si
1251 4888 1432 4943 oculus
1461 4899 1582 4942 tuus
1606 4888 1804 4951 dexter,

231 4989 314 5044 vel
339 5005 527 5042 manus
554 4997 646 5040 tua
683 4987 897 5040 dextera
939 4982 1266 5042 scandalizat
1306 4992 1376 5046 te,
1403 4981 1602 5050 projice
1630 4997 1691 5033 ea
1714 4980 1806 5032 abs

231 5092 284 5135 te
317 5078 534 5150 (Matth.
559 5079 614 5149 ν)
645 5093 660 5131 :
695 5086 750 5133 et
775 5077 928 5133 odire
954 5091 1052 5130 nos
1077 5074 1354 5144 proximos
1380 5083 1595 5126 nostros
1617 5072 1808 5140 pra-ci-

232 5172 341 5241 pit,
366 5170 541 5224 adhuc
590 5178 772 5224 autem
815 5176 872 5222 et
917 5167 1152 5220 animam
1198 5173 1437 5216 nostram
1483 5161 1637 5231 (Luc.
1675 5163 1806 5218 xw).

239 5258 400 5314 Unde
427 5260 616 5314 beatus
641 5259 774 5312 dicit
811 5255 1100 5327 Gregorius
1132 5251 1336 5324 (Iwmil.
1387 5252 1452 5304 57
1498 5254 1549 5303 in
1586 5245 1807 5321 Evang.)

236 5351 370 5418 quia
402 5349 660 5402 amandus
690 5348 915 5418 quilibet
955 5349 1008 5402 in
1055 5346 1156 5400 hoc
1187 5345 1385 5397 mundo
1426 5343 1578 5396 nobis
1605 5355 1687 5397 est
1714 5345 1808 5396 ad-

237 5441 562 5495 versarius:
611 5440 704 5495 sed
736 5441 790 5493 in
829 5439 915 5494 via
947 5439 1038 5493 Dei
1070 5439 1372 5492 contrarius
1404 5453 1507 5490 non
1550 5437 1810 5489 amandus

234 5538 330 5587 est
355 5531 530 5595 nobis,
555 5531 719 5586 etiam
763 5531 1061 5601 proximus.
1108 5529 1242 5596 Quia
1295 5528 1418 5582 licet
1456 5529 1668 5581 amandi
1708 5528 1815 5580 sint

236 5621 497 5695 proximi,
531 5629 584 5678 et
625 5621 978 5692 impendenda
1029 5621 1266 5676 charitas
1313 5619 1584 5684 omnibus,
1609 5629 1663 5673 et
1693 5634 1818 5687 pro-

1878 632 1988 677 tate
2020 623 2071 676 in
2115 622 2207 676 Dei
2242 633 2327 676 est
2369 638 2552 675 amore
2584 621 2927 675 ﬂectendum.
2975 619 3109 687 Quia
3135 636 3233 691 pro
3259 619 3455 677 all'ectu

1877 713 2100 778 carnali,
2132 715 2272 766 sicut
2303 728 2401 768 ucc
2443 729 2619 766 vacca:
2657 713 2926 782 quondam
2974 721 3249 781 portantes
3271 728 3453 767 arcam

1878 805 2218 871 Bethsames,
2250 823 2354 860 non
2370 807 2641 860 declinant
2668 821 2697 860 a
2727 816 2876 861 recto
2899 806 3090 861 itinere
3120 806 3170 877 (Ι
3200 806 3326 877 Reg.
3355 809 3453 878 vi),

1878 897 1968 966 qui
1996 911 2178 950 arcam
2207 897 2296 950 Dei
2331 907 2541 966 portant
2572 898 2624 951 in
2652 906 2830 951 mente
2859 913 2873 950 :
2909 907 3297 967 cognoscentes
3328 899 3454 967 quia

1878 987 2184 1056 compassio
2208 988 2490 1056 proximis,
2508 997 2562 1041 et
2590 988 2852 1043 rectitudo
2874 988 3102 1041 debetur
3126 987 3292 1041 vitiis.
3327 988 3458 1054 Qure

1880 1078 2084 1132 idcirco
2123 1087 2312 1132 vestra:
2337 1079 2694 1132 sanctissiuun
2727 1079 3037 1134 auctoritati
3063 1079 3334 1145 scribens,
3368 1080 3459 1134 do-

1883 1168 1995 1223 lore
2041 1171 2219 1223 cordis
2262 1171 2626 1233 constrictus,
2669 1171 2735 1224 de
2778 1170 2866 1224 illo
2905 1185 3002 1240 per
3040 1185 3226 1225 vocem
3283 1171 3462 1226 luctus

1879 1259 2107 1313 emitto:
2150 1271 2208 1314 ut
2241 1262 2449 1323 sciatis,
2488 1270 2687 1331 quanta
2740 1277 2846 1317 non
2893 1261 3066 1316 solum
3111 1276 3234 1332 ego,
3265 1263 3362 1318 sed
3407 1271 3461 1319 et

1871 1349 2122 1425 ecclesiae
2146 1349 2539 1418 Cisalpinarum
2572 1350 2876 1418 regionum,
2903 1359 2959 1405 et
2981 1366 3101 1418 rex,
3141 1365 3204 1406 ac
3233 1366 3461 1424 regnum

1883 1449 2191 1493 nostrarum
2223 1439 2456 1507 partium
2482 1454 2578 1508 per
2601 1438 2748 1492 illum
2777 1440 3040 1496 hactenus
3064 1441 3461 1498 sustinuerunt.

1869 1529 2124 1606 “Suggero
2156 1530 2300 1582 enim
2353 1531 2666 1600 paternitati
2698 1539 2914 1597 vestrae,
2956 1531 3084 1601 quia
3137 1532 3374 1604 quandiu
3397 1531 3456 1589 in

1886 1620 1986 1673 hac
2011 1619 2220 1674 mortali
2245 1635 2406 1674 carne
2430 1620 2636 1685 vixero,
2680 1620 2821 1675 sicut
2854 1619 3308 1691 metropolitanus
3334 1637 3459 1677 cum

1885 1711 2136 1780 episcopo
2161 1711 2422 1764 rationem
2448 1711 2647 1765 habere
2668 1709 2846 1776 debet,
2874 1722 3135 1782 quantum
3162 1728 3229 1768 ex
3249 1729 3335 1770 me
3354 1721 3464 1781 est,

1889 1799 2096 1852 ncc'de
2137 1799 2415 1868 parochia,
2455 1813 2553 1853 nec
2590 1799 2656 1853 de
2683 1814 3004 1868 quacunque
3048 1815 3234 1866 causa,
3267 1810 3467 1858 metro-

1891 1889 2121 1960 politana
2157 1889 2516 1943 sollicitudine
2541 1929 2555 1954 ,
2591 1905 2714 1944 cum
2749 1889 2838 1944 illo
2874 1890 3036 1944 ullam
3072 1891 3338 1946 rationem
3360 1892 3460 1947 ha-

1889 1979 2026 2034 bebo
2051 1997 2064 2032 :
2087 1995 2246 2048 quem
2281 1979 2481 2034 diutius
2514 1980 2832 2034 insolentem
2873 1979 3100 2035 suﬂerre
3143 1996 3252 2035 non
3285 1981 3466 2038 valeo.

1891 2071 1957 2124 Et
1983 2071 2312 2126 tolerabilius
2342 2072 2468 2126 mihi
2499 2081 2602 2135 est,
2630 2072 2789 2125 etiam
2820 2073 3195 2142 corporaliter,
3222 2074 3462 2141 oculum,

1892 2171 1986 2215 aut
2062 2177 2279 2216 manum
2311 2203 2326 2226 ,
2395 2170 2490 2215 aut
2537 2162 2727 2232 pedem
2795 2162 3100 2218 abscisione
3174 2165 3464 2230 antittere,

1893 2273 2058 2327 quam
2093 2273 2214 2312 cum
2249 2256 2358 2320 illo,
2415 2271 2577 2326 quem
2629 2271 2725 2325 spe
2767 2256 3007 2327 gaudens
3068 2255 3252 2320 dilexi,
3297 2265 3354 2310 et
3400 2271 3466 2310 ea

1893 2364 2113 2420 gemens
2164 2348 2325 2417 diligo
2383 2359 2604 2418 prOpIer
2659 2348 2823 2402 Deum
2862 2385 2878 2410 ,
2941 2346 3006 2401 de
3059 2347 3172 2401 suis
3223 2345 3467 2401 insolen-

1894 2440 1984 2494 tiis
2008 2441 2382 2494 contentiones
2425 2439 2541 2492 sine
2578 2436 2684 2491 ulla
2733 2436 2966 2492 utilitate
3013 2450 3321 2492 conserere.
3345 2432 3468 2491 Jam

1893 2533 2034 2587 enim
2063 2533 2115 2587 in
2143 2532 2345 2596 multis,
2377 2540 2432 2586 et
2460 2547 2556 2601 per
2581 2531 2764 2602 plures
2805 2531 2874 2584 ab
2908 2543 2975 2585 eo
2995 2538 3210 2594 vexato,
3242 2544 3466 2586 necesse

1895 2631 1982 2678 est
2015 2622 2168 2688 mihi,
2201 2632 2260 2676 ut
2288 2637 2393 2678 non
2419 2622 2584 2687 rixas,
2610 2621 2707 2677 sed
2731 2621 2965 2692 quietem
2987 2619 3292 2688 exquiram.
3324 2618 3471 2687 Qua-

1895 2721 2051 2770 tenus
2079 2712 2172 2782 qui
2195 2713 2307 2782 jam
2336 2713 2626 2768 terminum
2663 2728 2840 2767 meum
2863 2720 3143 2781 exspecto,
3177 2711 3262 2766 vel
3298 2711 3351 2766 in
3375 2725 3471 2768 eo-

1896 2805 2018 2860 dem
2045 2803 2297 2867 termino,
2321 2818 2419 2871 per
2451 2803 2543 2858 Dei
2576 2802 3004 2857 misericordiam
3021 2801 3201 2856 dicere
3229 2799 3470 2871 possim:

1901 2895 2056 2949 Nunc
2083 2895 2302 2948 dimittis
2335 2910 2536 2948 servum
2566 2901 2734 2959 tuum,
2767 2891 3006 2958 Domine,
3051 2891 3339 2948 secundum
3365 2907 3478 2948 ver-

1897 2988 2017 3041 bum
2049 2998 2192 3041 tuum
2227 2988 2281 3040 in
2301 3003 2426 3055 pace
2462 2985 2614 3054 (Luc.
2645 2985 2706 3052 ι).

1966 3077 2230 3132 Cic-terum
2260 3087 2448 3131 vestra:
2471 3076 2816 3144 paternitatis
2837 3075 3135 3133 auctoritas
3153 3088 3324 3144 nuper
3343 3072 3476 3133 mihi

1901 3167 2106 3219 litteras
2151 3165 2295 3218 misit
2342 3166 2406 3218 de
2455 3168 2772 3235 presbytero
2818 3165 3085 3233 parochias
3122 3172 3341 3228 nostra},
3383 3177 3480 3218 no-

1889 3259 2043 3324 mine
2092 3257 2361 3326 Trisingo,
2403 3257 2718 3326 praecipiens
2747 3267 2806 3311 ut
2835 3257 3091 3326 plenariis
3135 3257 3352 3326 scriptis
3395 3270 3482 3312 re-

1902 3350 2169 3402 mitterem
2202 3346 2355 3400 vobis
2399 3348 2643 3402 notitiam
2693 3349 2760 3402 de
2800 3362 2962 3401 causa
3001 3347 3188 3416 ipsius.
3254 3347 3328 3402 De
3372 3361 3481 3417 quo

1899 3440 2040 3492 sicut
2079 3454 2138 3493 se
2188 3439 2262 3492 rei
2312 3438 2510 3492 veritas
2561 3438 2743 3502 habet,
2802 3448 2995 3492 vestra:
3036 3436 3348 3492 auctoritati
3393 3451 3484 3494 re-

1902 3529 2101 3583 scribo.
3181 3587 3184 3590 ξ

1971 3620 2223 3684 Quaedam
2259 3617 2426 3671 libera
2475 3616 2673 3670 femina
2701 3655 2718 3681 ,
2772 3632 2925 3672 soror
2975 3615 3211 3671 hominis
3258 3616 3480 3672 nomine

1902 3709 2113 3774 Livulli,
2143 3710 2209 3761 de
2247 3709 2360 3776 ipsa
2387 3707 2507 3760 villa
2541 3707 2593 3760 iu
2621 3722 2726 3774 qua
2759 3706 3013 3775 praefatus
3047 3707 3328 3776 Trisingus
3354 3721 3480 3776 pre-

1903 3803 2088 3870 sbyter
2139 3801 2314 3853 fuerat
2355 3800 2657 3862 ordinatus,
2703 3800 2910 3868 accepit
2963 3799 3214 3854 maritum
3259 3799 3481 3854 fratrem

1905 3893 2073 3960 ipsius
2125 3891 2164 3943 Τ
2174 3891 2359 3960 risingi
2422 3890 2721 3960 presbyteri
2775 3909 2788 3945 :
2837 3899 2893 3944 et
2957 3891 3058 3946 hac
3117 3888 3484 3945 familiaritate

1906 3983 2044 4036 idem
2093 3980 2371 4050 Trisingus
2423 3981 2584 4049 cmpit
2638 3979 2979 4049 frequentare
3024 3980 3243 4036 domum
3302 3981 3486 4036 fratris

1903 4075 2008 4130 sui.
2066 4074 2149 4136 Et,
2181 4074 2322 4128 sicut
2351 4073 2489 4127 idem
2519 4073 2780 4138 Livullus,
2808 4073 2898 4142 qui
2947 4073 3001 4127 in
3047 4074 3160 4143 ipsa
3205 4072 3328 4127 villa
3364 4079 3484 4128 ma-

1905 4168 2087 4230 nebat,
2120 4175 2173 4222 et
2195 4166 2504 4234 parochiani
2534 4176 2693 4235 atque
2714 4165 2875 4220 vicini
2906 4165 3144 4234 ejusdem
3177 4164 3479 4237 presbyteri

1905 4258 2177 4319 dicebant,
2205 4243 2327 4310 cum
2359 4257 2467 4310 lilia
2497 4258 2679 4311 uxoris
2707 4256 2892 4310 fratris
2937 4256 3041 4319 sui,
3096 4271 3257 4326 quam
3301 4256 3368 4311 de
3406 4254 3490 4311 al-

1907 4357 2021 4404 tero
2051 4350 2247 4404 marito
2273 4359 2603 4418 susceperat,
2635 4350 2800 4418 C(Bpit
2821 4351 3200 4403 concumbere.
3250 4348 3318 4403 Et
3346 4364 3489 4420 qua-

1906 4441 2030 4494 dam
2079 4441 2166 4495 die
2217 4441 2330 4510 ipse
2381 4442 2680 4510 presbyter,
2724 4451 2885 4509 atque
2935 4439 3192 4509 pmfatus
3246 4439 3491 4497 Livulfus

1828 4559 1880 4620 Ι)
1906 4539 2262 4596 perrexerunt
2299 4529 2367 4582 ad
2399 4529 2699 4593 castellum,
2725 4529 2868 4597 quod
2895 4527 3167 4582 Mosomus
3193 4529 3412 4597 dicitur,
3435 4538 3494 4586 et

1907 4620 2307 4674 inebriaverunt
2339 4635 2396 4673 se
2427 4620 2477 4673 in
2503 4620 2730 4687 quadam
2761 4620 2984 4674 taberna
3013 4629 3205 4675 contra
3239 4629 3488 4676 nostrum

1907 4709 2208 4780 episcopale
2250 4709 2594 4763 interdictum
2627 4727 2638 4761 :
2674 4710 2762 4778 qui
2810 4711 3139 4780 presbyteris
3179 4711 3382 4766 nostris
3432 4706 3488 4766 in

1907 4802 2158 4856 omnibus
2209 4801 2430 4870 synodis
2483 4800 2898 4865 interdicimus,
2953 4811 3013 4855 ut
3068 4801 3208 4857 sicut
3256 4817 3493 4858 canones

1912 4895 2151 4950 Africani
2205 4893 2470 4948 dilIiniunt
2523 4894 2691 4961 (conc.
2740 4893 2905 4962 Afric.
2937 4935 2953 4958 ,
2981 4893 3148 4965 (κιο)
3193 4913 3206 4948 :
3251 4913 3268 4944 ι
3297 4893 3493 4948 Clerici

1910 4986 2122 5049 edendi,
2151 4985 2232 5039 vel
2258 4985 2470 5039 bibendi
2496 5000 2658 5039 causa
2689 4985 2941 5041 tabernas
2963 5003 3070 5040 non
3102 4987 3490 5057 ingrediantur,

1917 5079 2018 5132 nisi
2051 5077 2500 5146 peregrinationis
2544 5076 2867 5133 necessitate
2895 5075 3176 5145 compulsi.
3207 5095 3226 5127 ι
3280 5075 3346 5129 Et
3391 5074 3495 5130 istc

1915 5171 2214 5240 presbyter,
2251 5167 2387 5236 gula:
2417 5185 2521 5221 non
2553 5168 3002 5238 peregrinationis
3032 5165 3384 5230 necessitate,
3425 5163 3494 5218 ad

1917 5260 2292 5314 iuebriandum
2341 5274 2399 5311 se
2432 5259 2710 5312 tabernam
2750 5257 2974 5311 intravit
3007 5273 3021 5308 :
3055 5255 3180 5323 quia
3227 5254 3364 5308 idem
3403 5267 3492 5307 ca-

1917 5349 2128 5403 stcllum
2154 5362 2257 5401 non
2287 5348 2514 5418 amplius
2538 5363 2699 5418 quam
2730 5357 2958 5416 quatuor
3003 5343 3250 5399 milliaria
3277 5359 3305 5397 a
3340 5358 3496 5397 man-

1916 5446 2068 5502 sione
2119 5448 2286 5518 ipsius
2335 5449 2631 5519 presbyteri
2673 5447 2855 5501 distat.
2907 5443 3258 5498 Revertentes
3309 5448 3490 5494 autem

1921 5541 2061 5594 idem
2111 5543 2392 5613 presbyter
2434 5553 2489 5597 et
2534 5541 2802 5604 Livull’us,
2846 5538 3006 5602 ebrii,
3045 5537 3114 5591 de
3149 5531 3371 5604 pragl‘ato
3403 5543 3496 5587 ct:-

1921 5633 2098 5700 stello,
2140 5643 2417 5704 cmperunt
2460 5634 2746 5689 verbosare
2790 5632 2932 5686 inter
2985 5645 3046 5685 se
3093 5643 3134 5692 ·,
3183 5626 3322 5682 sicut
3355 5622 3497 5682 ebrii

317 5753 359 5793 ι,
386 5740 458 5795 Se
489 5741 714 5814 premite
729 5737 1062 5814 ldeyaroles.
1097 5738 1242 5794 Dixit
1271 5739 1602 5810 Augustinus
1623 5739 1835 5801 Iuliano
1867 5760 1884 5801 :
1914 5743 2156 5805 lnaniter
2200 5749 2505 5814 verbosaris,
2537 5746 2640 5803 hoc
2680 5755 2786 5813 est,
2815 5745 3000 5802 multis
3027 5739 3268 5812 nugaris,
3299 5737 3394 5796 lib.
3431 5748 3496 5793 ιιι

239 5820 436 5866 contra
479 5808 606 5875 Jul.,
658 5808 853 5863 nfl‘o'.
