  <div class='ocr_page' id='page_1' title='image "/cluster/home/n/w/nwhite01/storage/ocr_20150623/126/hvd.32044015471675/314.png"; bbox 0 0 3958 5398; ppageno 0'>
   <div class='ocr_carea' id='block_1_1' title="bbox 1123 0 2726 180">
    <p class='ocr_par' dir='ltr' id='par_1_1' title="bbox 1123 0 2726 180">
     <span class='ocr_line' id='line_1_1' title="bbox 1123 0 2726 180; baseline -0.007 -81"><span class='ocrx_word' id='word_1_1' title='bbox 1390 54 1529 127; x_wconf 57' lang='grc' dir='ltr'><strong>ες-’β</strong></span> <span class='ocrx_word' id='word_1_2' title='bbox 1568 46 1617 122; x_wconf 48' lang='lat' dir='ltr'><strong>fr</strong></span> <span class='ocrx_word' id='word_1_3' title='bbox 1644 83 1718 97; x_wconf 60' lang='grc' dir='ltr'><strong>...η</strong></span> <span class='ocrx_word' id='word_1_4' title='bbox 1761 22 1928 110; x_wconf 57' lang='grc' dir='ltr'><strong>«ῥίῶ</strong></span> <span class='ocrx_word' id='word_1_5' title='bbox 1980 54 2047 93; x_wconf 56' lang='grc' dir='ltr'><strong>τι)</strong></span> <span class='ocrx_word' id='word_1_6' title='bbox 2066 0 2726 180; x_wconf 36' lang='grc' dir='ltr'><strong>γνυῇίείλιίλωί.</strong></span> 
     </span>
    </p>
   </div>
   <div class='ocr_carea' id='block_1_2' title="bbox 129 304 238 363">
    <p class='ocr_par' dir='ltr' id='par_1_2' title="bbox 129 304 238 363">
     <span class='ocr_line' id='line_1_2' title="bbox 129 304 238 363; baseline 0 0"><span class='ocrx_word' id='word_1_7' title='bbox 129 304 238 363; x_wconf 75' lang='lat'><strong>535</strong></span> 
     </span>
    </p>
   </div>
   <div class='ocr_carea' id='block_1_3' title="bbox 919 266 2646 357">
    <p class='ocr_par' dir='ltr' id='par_1_3' title="bbox 919 266 2646 357">
     <span class='ocr_line' id='line_1_3' title="bbox 919 266 2646 357; baseline -0.006 0"><span class='ocrx_word' id='word_1_8' title='bbox 919 299 1160 357; x_wconf 83' lang='lat' dir='ltr'><strong>OPUSC.</strong></span> <span class='ocrx_word' id='word_1_9' title='bbox 1201 298 1291 356; x_wconf 83' lang='lat' dir='ltr'><strong>ET</strong></span> <span class='ocrx_word' id='word_1_10' title='bbox 1327 297 1544 354; x_wconf 76' lang='lat' dir='ltr'><strong>EPIST.</strong></span> <span class='ocrx_word' id='word_1_11' title='bbox 1588 294 1653 351; x_wconf 74' lang='lat' dir='ltr'><strong>IN</strong></span> <span class='ocrx_word' id='word_1_12' title='bbox 1694 294 1921 351; x_wconf 66' lang='lat' dir='ltr'><strong>CAUSA</strong></span> <span class='ocrx_word' id='word_1_13' title='bbox 1962 266 2298 351; x_wconf 32' lang='lat' dir='ltr'><strong>Ill‘NCMARI</strong></span> <span class='ocrx_word' id='word_1_14' title='bbox 2340 293 2646 352; x_wconf 74' lang='lat' dir='ltr'><strong>LAUDUN.</strong></span> 
     </span>
    </p>
   </div>
   <div class='ocr_carea' id='block_1_4' title="bbox 3294 293 3400 353">
    <p class='ocr_par' dir='ltr' id='par_1_4' title="bbox 3294 293 3400 353">
     <span class='ocr_line' id='line_1_4' title="bbox 3294 293 3400 353; baseline -0.038 0"><span class='ocrx_word' id='word_1_15' title='bbox 3294 293 3400 353; x_wconf 81' lang='lat'><strong>586</strong></span> 
     </span>
    </p>
   </div>
   <div class='ocr_carea' id='block_1_5' title="bbox 128 406 3413 483">
    <p class='ocr_par' dir='ltr' id='par_1_5' title="bbox 128 406 3413 483">
     <span class='ocr_line' id='line_1_5' title="bbox 128 406 3413 483; baseline -0 -21"><span class='ocrx_word' id='word_1_16' title='bbox 128 418 236 477; x_wconf 71' lang='lat' dir='ltr'><strong>bus</strong></span> <span class='ocrx_word' id='word_1_17' title='bbox 263 411 620 475; x_wconf 66' lang='lat' dir='ltr'><strong>vocabantur,</strong></span> <span class='ocrx_word' id='word_1_18' title='bbox 648 420 705 464; x_wconf 93' lang='lat' dir='ltr'><strong>ut</strong></span> <span class='ocrx_word' id='word_1_19' title='bbox 742 412 885 481; x_wconf 89' lang='lat' dir='ltr'><strong>quod</strong></span> <span class='ocrx_word' id='word_1_20' title='bbox 911 422 1100 466; x_wconf 88' lang='lat' dir='ltr'><strong>contra</strong></span> <span class='ocrx_word' id='word_1_21' title='bbox 1127 412 1297 483; x_wconf 86' lang='lat' dir='ltr'><strong>legem</strong></span> <span class='ocrx_word' id='word_1_22' title='bbox 1341 410 1534 467; x_wconf 81' lang='lat' dir='ltr'><strong>fecisse</strong></span> <span class='ocrx_word' id='word_1_23' title='bbox 1575 426 1718 480; x_wconf 79' lang='lat' dir='ltr'><strong>quae-</strong></span> <span class='ocrx_word' id='word_1_24' title='bbox 1745 411 1794 471; x_wconf 78' lang='grc' dir='ltr'><strong>Λ</strong></span> <span class='ocrx_word' id='word_1_25' title='bbox 1821 406 1970 462; x_wconf 89' lang='lat' dir='ltr'><strong>illum</strong></span> <span class='ocrx_word' id='word_1_26' title='bbox 1998 423 2102 461; x_wconf 91' lang='lat' dir='ltr'><strong>non</strong></span> <span class='ocrx_word' id='word_1_27' title='bbox 2135 408 2685 469; x_wconf 79' lang='lat' dir='ltr'><strong>exeommunicarcm,</strong></span> <span class='ocrx_word' id='word_1_28' title='bbox 2733 406 2860 475; x_wconf 94' lang='lat' dir='ltr'><strong>quia</strong></span> <span class='ocrx_word' id='word_1_29' title='bbox 2906 418 3007 462; x_wconf 89' lang='lat' dir='ltr'><strong>nec</strong></span> <span class='ocrx_word' id='word_1_30' title='bbox 3047 418 3202 463; x_wconf 86' lang='lat' dir='ltr'><strong>meus</strong></span> <span class='ocrx_word' id='word_1_31' title='bbox 3251 421 3413 478; x_wconf 86' lang='lat' dir='ltr'><strong>paro-</strong></span> 
     </span>
    </p>
   </div>
   <div class='ocr_carea' id='block_1_6' title="bbox 126 505 1714 577">
    <p class='ocr_par' dir='ltr' id='par_1_6' title="bbox 126 505 1714 577">
     <span class='ocr_line' id='line_1_6' title="bbox 126 505 1714 577; baseline 0 -16"><span class='ocrx_word' id='word_1_32' title='bbox 126 510 414 569; x_wconf 79' lang='lat' dir='ltr'><strong>rchantar,</strong></span> <span class='ocrx_word' id='word_1_33' title='bbox 445 516 542 559; x_wconf 87' lang='lat' dir='ltr'><strong>aut</strong></span> <span class='ocrx_word' id='word_1_34' title='bbox 570 505 780 574; x_wconf 78' lang='lat' dir='ltr'><strong>legibus</strong></span> <span class='ocrx_word' id='word_1_35' title='bbox 801 507 1176 570; x_wconf 82' lang='lat' dir='ltr'><strong>emendarem,</strong></span> <span class='ocrx_word' id='word_1_36' title='bbox 1214 515 1306 560; x_wconf 86' lang='lat' dir='ltr'><strong>aut</strong></span> <span class='ocrx_word' id='word_1_37' title='bbox 1334 506 1579 577; x_wconf 87' lang='lat' dir='ltr'><strong>legaliter</strong></span> <span class='ocrx_word' id='word_1_38' title='bbox 1621 506 1714 561; x_wconf 84' lang='lat' dir='ltr'><strong>de-</strong></span> 
     </span>
    </p>
   </div>
   <div class='ocr_carea' id='block_1_7' title="bbox 127 594 1715 670">
    <p class='ocr_par' dir='ltr' id='par_1_7' title="bbox 127 594 1715 670">
     <span class='ocr_line' id='line_1_7' title="bbox 127 594 1715 670; baseline 0.001 -20"><span class='ocrx_word' id='word_1_39' title='bbox 127 596 434 660; x_wconf 84' lang='lat' dir='ltr'><strong>fenderent,</strong></span> <span class='ocrx_word' id='word_1_40' title='bbox 460 597 647 665; x_wconf 85' lang='lat' dir='ltr'><strong>fugere</strong></span> <span class='ocrx_word' id='word_1_41' title='bbox 675 594 821 650; x_wconf 88' lang='lat' dir='ltr'><strong>illum</strong></span> <span class='ocrx_word' id='word_1_42' title='bbox 860 596 1122 670; x_wconf 75' lang='lat' dir='ltr'><strong>oportuit,</strong></span> <span class='ocrx_word' id='word_1_43' title='bbox 1167 612 1234 651; x_wconf 91' lang='lat' dir='ltr'><strong>an</strong></span> <span class='ocrx_word' id='word_1_44' title='bbox 1279 611 1406 658; x_wconf 87' lang='lat' dir='ltr'><strong>non.</strong></span> <span class='ocrx_word' id='word_1_45' title='bbox 1450 612 1614 651; x_wconf 90' lang='lat' dir='ltr'><strong>causa</strong></span> <span class='ocrx_word' id='word_1_46' title='bbox 1662 598 1715 652; x_wconf 91' lang='lat' dir='ltr'><strong>in</strong></span> 
     </span>
    </p>
   </div>
   <div class='ocr_carea' id='block_1_8' title="bbox 125 686 1718 756">
    <p class='ocr_par' dir='ltr' id='par_1_8' title="bbox 125 686 1718 756">
     <span class='ocr_line' id='line_1_8' title="bbox 125 686 1718 756; baseline 0.003 -17"><span class='ocrx_word' id='word_1_47' title='bbox 125 693 382 756; x_wconf 87' lang='lat' dir='ltr'><strong>promptu</strong></span> <span class='ocrx_word' id='word_1_48' title='bbox 415 694 518 740; x_wconf 89' lang='lat' dir='ltr'><strong>est.</strong></span> <span class='ocrx_word' id='word_1_49' title='bbox 567 686 635 739; x_wconf 83' lang='lat' dir='ltr'><strong>Et</strong></span> <span class='ocrx_word' id='word_1_50' title='bbox 691 695 868 739; x_wconf 90' lang='lat' dir='ltr'><strong>utrum</strong></span> <span class='ocrx_word' id='word_1_51' title='bbox 909 687 1185 756; x_wconf 71' lang='lat' dir='ltr'><strong>praemissa</strong></span> <span class='ocrx_word' id='word_1_52' title='bbox 1225 687 1555 753; x_wconf 87' lang='lat' dir='ltr'><strong>testimonia,</strong></span> <span class='ocrx_word' id='word_1_53' title='bbox 1606 703 1718 743; x_wconf 68' lang='lat' dir='ltr'><strong>sua:</strong></span> 
     </span>
    </p>
   </div>
   <div class='ocr_carea' id='block_1_9' title="bbox 126 773 1714 847">
    <p class='ocr_par' dir='ltr' id='par_1_9' title="bbox 126 773 1714 847">
     <span class='ocr_line' id='line_1_9' title="bbox 126 773 1714 847; baseline 0.003 -20"><span class='ocrx_word' id='word_1_54' title='bbox 126 790 296 844; x_wconf 86' lang='lat' dir='ltr'><strong>quam</strong></span> <span class='ocrx_word' id='word_1_55' title='bbox 324 773 456 829; x_wconf 93' lang='lat' dir='ltr'><strong>dicit</strong></span> <span class='ocrx_word' id='word_1_56' title='bbox 502 774 887 844; x_wconf 88' lang='lat' dir='ltr'><strong>persecutioni,</strong></span> <span class='ocrx_word' id='word_1_57' title='bbox 914 790 1131 845; x_wconf 61' lang='lat' dir='ltr'><strong>suaeque</strong></span> <span class='ocrx_word' id='word_1_58' title='bbox 1156 791 1335 832; x_wconf 65' lang='lat' dir='ltr'><strong>causae</strong></span> <span class='ocrx_word' id='word_1_59' title='bbox 1363 791 1425 833; x_wconf 84' lang='lat' dir='ltr'><strong>ac</strong></span> <span class='ocrx_word' id='word_1_60' title='bbox 1450 792 1714 847; x_wconf 62' lang='lat' dir='ltr'><strong>personae,</strong></span> 
     </span>
    </p>
   </div>
   <div class='ocr_carea' id='block_1_10' title="bbox 126 863 1715 938">
    <p class='ocr_par' dir='ltr' id='par_1_10' title="bbox 126 863 1715 938">
     <span class='ocr_line' id='line_1_10' title="bbox 126 863 1715 938; baseline 0.003 -22"><span class='ocrx_word' id='word_1_61' title='bbox 126 863 218 918; x_wconf 81' lang='lat' dir='ltr'><strong>vel</strong></span> <span class='ocrx_word' id='word_1_62' title='bbox 238 864 603 933; x_wconf 77' lang='lat' dir='ltr'><strong>persecutoris</strong></span> <span class='ocrx_word' id='word_1_63' title='bbox 624 865 704 920; x_wconf 89' lang='lat' dir='ltr'><strong>sui</strong></span> <span class='ocrx_word' id='word_1_64' title='bbox 733 880 995 934; x_wconf 64' lang='lat' dir='ltr'><strong>personae,</strong></span> <span class='ocrx_word' id='word_1_65' title='bbox 1008 880 1169 935; x_wconf 85' lang='lat' dir='ltr'><strong>quam</strong></span> <span class='ocrx_word' id='word_1_66' title='bbox 1187 866 1494 936; x_wconf 70' lang='lat' dir='ltr'><strong>specialiter</strong></span> <span class='ocrx_word' id='word_1_67' title='bbox 1513 866 1715 938; x_wconf 78' lang='lat' dir='ltr'><strong>signat,</strong></span> 
     </span>
    </p>
   </div>
   <div class='ocr_carea' id='block_1_11' title="bbox 125 953 1717 1026">
    <p class='ocr_par' dir='ltr' id='par_1_11' title="bbox 125 953 1717 1026">
     <span class='ocr_line' id='line_1_11' title="bbox 125 953 1717 1026; baseline 0.003 -19"><span class='ocrx_word' id='word_1_68' title='bbox 125 956 229 1008; x_wconf 90' lang='lat' dir='ltr'><strong>sed</strong></span> <span class='ocrx_word' id='word_1_69' title='bbox 250 953 439 1009; x_wconf 88' lang='lat' dir='ltr'><strong>etaliis</strong></span> <span class='ocrx_word' id='word_1_70' title='bbox 464 955 712 1025; x_wconf 83' lang='lat' dir='ltr'><strong>personis</strong></span> <span class='ocrx_word' id='word_1_71' title='bbox 734 970 793 1009; x_wconf 90' lang='lat' dir='ltr'><strong>se</strong></span> <span class='ocrx_word' id='word_1_72' title='bbox 813 955 1263 1026; x_wconf 84' lang='lat' dir='ltr'><strong>persequentibus</strong></span> <span class='ocrx_word' id='word_1_73' title='bbox 1284 971 1315 1010; x_wconf 87' lang='lat' dir='ltr'><strong>a</strong></span> <span class='ocrx_word' id='word_1_74' title='bbox 1337 971 1396 1011; x_wconf 86' lang='lat' dir='ltr'><strong>se</strong></span> <span class='ocrx_word' id='word_1_75' title='bbox 1418 956 1717 1026; x_wconf 76' lang='lat' dir='ltr'><strong>designatis</strong></span> 
     </span>
    </p>
   </div>
   <div class='ocr_carea' id='block_1_12' title="bbox 124 1042 1717 1107">
    <p class='ocr_par' dir='ltr' id='par_1_12' title="bbox 124 1042 1717 1107">
     <span class='ocr_line' id='line_1_12' title="bbox 124 1042 1717 1107; baseline 0.003 -11"><span class='ocrx_word' id='word_1_76' title='bbox 124 1042 474 1107; x_wconf 81' lang='lat' dir='ltr'><strong>conveniant,</strong></span> <span class='ocrx_word' id='word_1_77' title='bbox 509 1059 577 1098; x_wconf 90' lang='lat' dir='ltr'><strong>an</strong></span> <span class='ocrx_word' id='word_1_78' title='bbox 600 1060 726 1105; x_wconf 90' lang='lat' dir='ltr'><strong>non,</strong></span> <span class='ocrx_word' id='word_1_79' title='bbox 755 1044 896 1099; x_wconf 83' lang='lat' dir='ltr'><strong>ratio</strong></span> <span class='ocrx_word' id='word_1_80' title='bbox 923 1043 1212 1100; x_wconf 80' lang='lat' dir='ltr'><strong>manifeste</strong></span> <span class='ocrx_word' id='word_1_81' title='bbox 1251 1044 1614 1102; x_wconf 83' lang='lat' dir='ltr'><strong>demonstrat.</strong></span> <span class='ocrx_word' id='word_1_82' title='bbox 1639 1044 1717 1100; x_wconf 88' lang='lat' dir='ltr'><strong>De</strong></span> 
     </span>
    </p>
   </div>
   <div class='ocr_carea' id='block_1_13' title="bbox 128 1134 1717 1208">
    <p class='ocr_par' dir='ltr' id='par_1_13' title="bbox 128 1134 1717 1208">
     <span class='ocr_line' id='line_1_13' title="bbox 128 1134 1717 1208; baseline 0.004 -21"><span class='ocrx_word' id='word_1_83' title='bbox 128 1134 261 1205; x_wconf 81' lang='lat' dir='ltr'><strong>fuga</strong></span> <span class='ocrx_word' id='word_1_84' title='bbox 282 1150 415 1190; x_wconf 84' lang='lat' dir='ltr'><strong>vero</strong></span> <span class='ocrx_word' id='word_1_85' title='bbox 442 1136 751 1201; x_wconf 83' lang='lat' dir='ltr'><strong>Athanasii,</strong></span> <span class='ocrx_word' id='word_1_86' title='bbox 780 1145 836 1192; x_wconf 87' lang='lat' dir='ltr'><strong>et</strong></span> <span class='ocrx_word' id='word_1_87' title='bbox 854 1136 1091 1206; x_wconf 86' lang='lat' dir='ltr'><strong>quando,</strong></span> <span class='ocrx_word' id='word_1_88' title='bbox 1123 1152 1189 1192; x_wconf 88' lang='lat' dir='ltr'><strong>ac</strong></span> <span class='ocrx_word' id='word_1_89' title='bbox 1214 1137 1470 1208; x_wconf 84' lang='lat' dir='ltr'><strong>qualiter,</strong></span> <span class='ocrx_word' id='word_1_90' title='bbox 1496 1137 1582 1193; x_wconf 86' lang='lat' dir='ltr'><strong>vel</strong></span> <span class='ocrx_word' id='word_1_91' title='bbox 1616 1153 1717 1208; x_wconf 91' lang='lat' dir='ltr'><strong>pro</strong></span> 
     </span>
    </p>
   </div>
   <div class='ocr_carea' id='block_1_14' title="bbox 131 1227 1715 1305">
    <p class='ocr_par' dir='ltr' id='par_1_14' title="bbox 131 1227 1715 1305">
     <span class='ocr_line' id='line_1_14' title="bbox 131 1227 1715 1305; baseline 0.005 -28"><span class='ocrx_word' id='word_1_92' title='bbox 131 1227 354 1294; x_wconf 82' lang='lat' dir='ltr'><strong>quibus,</strong></span> <span class='ocrx_word' id='word_1_93' title='bbox 385 1227 654 1297; x_wconf 86' lang='lat' dir='ltr'><strong>episcopis</strong></span> <span class='ocrx_word' id='word_1_94' title='bbox 672 1228 755 1283; x_wconf 76' lang='lat' dir='ltr'><strong>Vel</strong></span> <span class='ocrx_word' id='word_1_95' title='bbox 798 1228 1063 1284; x_wconf 88' lang='lat' dir='ltr'><strong>ministris</strong></span> <span class='ocrx_word' id='word_1_96' title='bbox 1090 1229 1488 1287; x_wconf 86' lang='lat' dir='ltr'><strong>Ecclesiasticis</strong></span> <span class='ocrx_word' id='word_1_97' title='bbox 1515 1231 1715 1305; x_wconf 81' lang='lat' dir='ltr'><strong>fugien-</strong></span> 
     </span>
    </p>
   </div>
   <div class='ocr_carea' id='block_1_15' title="bbox 121 1317 1713 1390">
    <p class='ocr_par' dir='ltr' id='par_1_15' title="bbox 121 1317 1713 1390">
     <span class='ocr_line' id='line_1_15' title="bbox 121 1317 1713 1390; baseline 0.006 -20"><span class='ocrx_word' id='word_1_98' title='bbox 121 1317 261 1371; x_wconf 87' lang='lat' dir='ltr'><strong>dum</strong></span> <span class='ocrx_word' id='word_1_99' title='bbox 290 1319 382 1382; x_wconf 86' lang='lat' dir='ltr'><strong>sit,</strong></span> <span class='ocrx_word' id='word_1_100' title='bbox 404 1318 596 1373; x_wconf 86' lang='lat' dir='ltr'><strong>beatus</strong></span> <span class='ocrx_word' id='word_1_101' title='bbox 623 1319 954 1389; x_wconf 76' lang='lat' dir='ltr'><strong>Augustinus</strong></span> <span class='ocrx_word' id='word_1_102' title='bbox 976 1322 1030 1375; x_wconf 93' lang='lat' dir='ltr'><strong>in</strong></span> <span class='ocrx_word' id='word_1_103' title='bbox 1046 1321 1273 1390; x_wconf 89' lang='lat' dir='ltr'><strong>epistola</strong></span> <span class='ocrx_word' id='word_1_104' title='bbox 1295 1323 1363 1377; x_wconf 90' lang='lat' dir='ltr'><strong>ad</strong></span> <span class='ocrx_word' id='word_1_105' title='bbox 1378 1321 1713 1380; x_wconf 82' lang='lat' dir='ltr'><strong>Honoratum</strong></span> 
     </span>
    </p>
   </div>
   <div class='ocr_carea' id='block_1_16' title="bbox 123 1408 1716 1484">
    <p class='ocr_par' dir='ltr' id='par_1_16' title="bbox 123 1408 1716 1484">
     <span class='ocr_line' id='line_1_16' title="bbox 123 1408 1716 1484; baseline 0.007 -25"><span class='ocrx_word' id='word_1_106' title='bbox 123 1408 443 1477; x_wconf 82' lang='lat' dir='ltr'><strong>episcopum</strong></span> <span class='ocrx_word' id='word_1_107' title='bbox 492 1408 634 1462; x_wconf 91' lang='lat' dir='ltr'><strong>inter</strong></span> <span class='ocrx_word' id='word_1_108' title='bbox 684 1409 789 1463; x_wconf 87' lang='lat' dir='ltr'><strong>alia</strong></span> <span class='ocrx_word' id='word_1_109' title='bbox 842 1410 1012 1465; x_wconf 90' lang='lat' dir='ltr'><strong>dicit:</strong></span> <span class='ocrx_word' id='word_1_110' title='bbox 1069 1429 1089 1463; x_wconf 85' lang='grc'><strong><em>‹</em></strong></span> <span class='ocrx_word' id='word_1_111' title='bbox 1128 1412 1381 1469; x_wconf 86' lang='lat' dir='ltr'><strong>Fortasse</strong></span> <span class='ocrx_word' id='word_1_112' title='bbox 1407 1414 1533 1484; x_wconf 90' lang='lat' dir='ltr'><strong>quis</strong></span> <span class='ocrx_word' id='word_1_113' title='bbox 1571 1415 1716 1470; x_wconf 88' lang='lat' dir='ltr'><strong>dicat</strong></span> 
     </span>
    </p>
   </div>
   <div class='ocr_carea' id='block_1_17' title="bbox 123 1497 1712 1570">
    <p class='ocr_par' dir='ltr' id='par_1_17' title="bbox 123 1497 1712 1570">
     <span class='ocr_line' id='line_1_17' title="bbox 123 1497 1712 1570; baseline 0.006 -20"><span class='ocrx_word' id='word_1_114' title='bbox 123 1497 254 1551; x_wconf 87' lang='lat' dir='ltr'><strong>ideo</strong></span> <span class='ocrx_word' id='word_1_115' title='bbox 278 1497 477 1553; x_wconf 84' lang='lat' dir='ltr'><strong>debere</strong></span> <span class='ocrx_word' id='word_1_116' title='bbox 502 1498 686 1570; x_wconf 87' lang='lat' dir='ltr'><strong>fugere</strong></span> <span class='ocrx_word' id='word_1_117' title='bbox 709 1501 805 1555; x_wconf 89' lang='lat' dir='ltr'><strong>Dei</strong></span> <span class='ocrx_word' id='word_1_118' title='bbox 843 1502 1122 1557; x_wconf 89' lang='lat' dir='ltr'><strong>ministros</strong></span> <span class='ocrx_word' id='word_1_119' title='bbox 1150 1503 1345 1559; x_wconf 80' lang='lat' dir='ltr'><strong>talibus</strong></span> <span class='ocrx_word' id='word_1_120' title='bbox 1379 1505 1712 1560; x_wconf 86' lang='lat' dir='ltr'><strong>imminenti-</strong></span> 
     </span>
    </p>
   </div>
   <div class='ocr_carea' id='block_1_18' title="bbox 123 1587 1713 1668">
    <p class='ocr_par' dir='ltr' id='par_1_18' title="bbox 123 1587 1713 1668">
     <span class='ocr_line' id='line_1_18' title="bbox 123 1587 1713 1668; baseline 0.006 -25"><span class='ocrx_word' id='word_1_121' title='bbox 123 1587 233 1643; x_wconf 88' lang='lat' dir='ltr'><strong>bus</strong></span> <span class='ocrx_word' id='word_1_122' title='bbox 263 1589 442 1654; x_wconf 83' lang='lat' dir='ltr'><strong>malis,</strong></span> <span class='ocrx_word' id='word_1_123' title='bbox 472 1599 532 1644; x_wconf 89' lang='lat' dir='ltr'><strong>ut</strong></span> <span class='ocrx_word' id='word_1_124' title='bbox 569 1605 628 1645; x_wconf 90' lang='lat' dir='ltr'><strong>se</strong></span> <span class='ocrx_word' id='word_1_125' title='bbox 668 1608 767 1661; x_wconf 88' lang='lat' dir='ltr'><strong>pro</strong></span> <span class='ocrx_word' id='word_1_126' title='bbox 811 1593 1044 1648; x_wconf 88' lang='lat' dir='ltr'><strong>utilitate</strong></span> <span class='ocrx_word' id='word_1_127' title='bbox 1084 1594 1339 1651; x_wconf 66' lang='lat' dir='ltr'><strong>Ecclesiae</strong></span> <span class='ocrx_word' id='word_1_128' title='bbox 1379 1597 1713 1668; x_wconf 88' lang='lat' dir='ltr'><strong>temporibus</strong></span> 
     </span>
    </p>
   </div>
   <div class='ocr_carea' id='block_1_19' title="bbox 124 1680 1714 1759">
    <p class='ocr_par' dir='ltr' id='par_1_19' title="bbox 124 1680 1714 1759">
     <span class='ocr_line' id='line_1_19' title="bbox 124 1680 1714 1759; baseline 0.008 -26"><span class='ocrx_word' id='word_1_129' title='bbox 124 1680 600 1750; x_wconf 85' lang='lat' dir='ltr'><strong>tranquillioribus</strong></span> <span class='ocrx_word' id='word_1_130' title='bbox 628 1694 865 1741; x_wconf 85' lang='lat' dir='ltr'><strong>servent.</strong></span> <span class='ocrx_word' id='word_1_131' title='bbox 916 1685 1084 1741; x_wconf 86' lang='lat' dir='ltr'><strong>Recte</strong></span> <span class='ocrx_word' id='word_1_132' title='bbox 1116 1686 1219 1741; x_wconf 87' lang='lat' dir='ltr'><strong>hoc</strong></span> <span class='ocrx_word' id='word_1_133' title='bbox 1271 1686 1364 1743; x_wconf 82' lang='lat' dir='ltr'><strong>[iet</strong></span> <span class='ocrx_word' id='word_1_134' title='bbox 1408 1705 1439 1742; x_wconf 85' lang='lat' dir='ltr'><strong>a</strong></span> <span class='ocrx_word' id='word_1_135' title='bbox 1490 1691 1714 1759; x_wconf 87' lang='lat' dir='ltr'><strong>quibus-</strong></span> 
     </span>
    </p>
   </div>
   <div class='ocr_carea' id='block_1_20' title="bbox 1782 498 3407 569">
    <p class='ocr_par' dir='ltr' id='par_1_20' title="bbox 1782 498 3407 569">
     <span class='ocr_line' id='line_1_20' title="bbox 1782 498 3407 569; baseline -0.001 -14"><span class='ocrx_word' id='word_1_136' title='bbox 1782 522 1787 525; x_wconf 31' lang='grc' dir='ltr'><em>Α</em></span> <span class='ocrx_word' id='word_1_137' title='bbox 1821 500 2051 555; x_wconf 88' lang='lat' dir='ltr'><strong>chiaous</strong></span> <span class='ocrx_word' id='word_1_138' title='bbox 2071 509 2212 564; x_wconf 90' lang='lat' dir='ltr'><strong>erat,</strong></span> <span class='ocrx_word' id='word_1_139' title='bbox 2237 508 2291 555; x_wconf 89' lang='lat' dir='ltr'><strong>et</strong></span> <span class='ocrx_word' id='word_1_140' title='bbox 2314 500 2459 569; x_wconf 81' lang='lat' dir='ltr'><strong>ipsas</strong></span> <span class='ocrx_word' id='word_1_141' title='bbox 2494 513 2580 553; x_wconf 89' lang='lat' dir='ltr'><strong>res</strong></span> <span class='ocrx_word' id='word_1_142' title='bbox 2606 514 2712 554; x_wconf 91' lang='lat' dir='ltr'><strong>non</strong></span> <span class='ocrx_word' id='word_1_143' title='bbox 2744 499 3015 553; x_wconf 82' lang='lat' dir='ltr'><strong>invaserat</strong></span> <span class='ocrx_word' id='word_1_144' title='bbox 3041 515 3056 564; x_wconf 92' lang='lat'><strong>;</strong></span> <span class='ocrx_word' id='word_1_145' title='bbox 3093 507 3149 553; x_wconf 90' lang='lat' dir='ltr'><strong>et</strong></span> <span class='ocrx_word' id='word_1_146' title='bbox 3169 498 3407 554; x_wconf 87' lang='lat' dir='ltr'><strong>habebat</strong></span> 
     </span>
    </p>
   </div>
   <div class='ocr_carea' id='block_1_21' title="bbox 1822 587 3407 660">
    <p class='ocr_par' dir='ltr' id='par_1_21' title="bbox 1822 587 3407 660">
     <span class='ocr_line' id='line_1_21' title="bbox 1822 587 3407 660; baseline -0.001 -17"><span class='ocrx_word' id='word_1_147' title='bbox 1822 589 1946 643; x_wconf 93' lang='lat' dir='ltr'><strong>inde</strong></span> <span class='ocrx_word' id='word_1_148' title='bbox 1970 598 2269 654; x_wconf 88' lang='lat' dir='ltr'><strong>auctorem,</strong></span> <span class='ocrx_word' id='word_1_149' title='bbox 2305 589 2396 658; x_wconf 90' lang='lat' dir='ltr'><strong>qui</strong></span> <span class='ocrx_word' id='word_1_150' title='bbox 2443 588 2516 642; x_wconf 89' lang='lat' dir='ltr'><strong>illi</strong></span> <span class='ocrx_word' id='word_1_151' title='bbox 2550 604 2644 644; x_wconf 89' lang='lat' dir='ltr'><strong>eas</strong></span> <span class='ocrx_word' id='word_1_152' title='bbox 2674 587 3053 644; x_wconf 82' lang='lat' dir='ltr'><strong>heneliciavit:</strong></span> <span class='ocrx_word' id='word_1_153' title='bbox 3094 597 3150 645; x_wconf 88' lang='lat' dir='ltr'><strong>et</strong></span> <span class='ocrx_word' id='word_1_154' title='bbox 3193 589 3240 645; x_wconf 88' lang='lat' dir='ltr'><strong>si</strong></span> <span class='ocrx_word' id='word_1_155' title='bbox 3287 589 3407 660; x_wconf 85' lang='lat' dir='ltr'><strong>ipse</strong></span> 
     </span>
    </p>
   </div>
   <div class='ocr_carea' id='block_1_22' title="bbox 1820 677 3407 747">
    <p class='ocr_par' dir='ltr' id='par_1_22' title="bbox 1820 677 3407 747">
     <span class='ocr_line' id='line_1_22' title="bbox 1820 677 3407 747; baseline 0.001 -14"><span class='ocrx_word' id='word_1_156' title='bbox 1820 694 1951 733; x_wconf 90' lang='lat' dir='ltr'><strong>suus</strong></span> <span class='ocrx_word' id='word_1_157' title='bbox 1977 686 2168 733; x_wconf 86' lang='lat' dir='ltr'><strong>auctor</strong></span> <span class='ocrx_word' id='word_1_158' title='bbox 2203 692 2297 733; x_wconf 85' lang='lat' dir='ltr'><strong>eas</strong></span> <span class='ocrx_word' id='word_1_159' title='bbox 2338 677 2415 732; x_wconf 85' lang='lat' dir='ltr'><strong>illi</strong></span> <span class='ocrx_word' id='word_1_160' title='bbox 2465 678 2885 742; x_wconf 88' lang='lat' dir='ltr'><strong>contradiceret,</strong></span> <span class='ocrx_word' id='word_1_161' title='bbox 2934 677 3067 733; x_wconf 86' lang='lat' dir='ltr'><strong>nihil</strong></span> <span class='ocrx_word' id='word_1_162' title='bbox 3112 687 3296 747; x_wconf 84' lang='lat' dir='ltr'><strong>postea</strong></span> <span class='ocrx_word' id='word_1_163' title='bbox 3344 694 3407 734; x_wconf 78' lang='lat' dir='ltr'><strong>so</strong></span> 
     </span>
    </p>
   </div>
   <div class='ocr_carea' id='block_1_23' title="bbox 1819 772 2339 843">
    <p class='ocr_par' dir='ltr' id='par_1_23' title="bbox 1819 772 2339 843">
     <span class='ocr_line' id='line_1_23' title="bbox 1819 772 2339 843; baseline -0.008 -16"><span class='ocrx_word' id='word_1_164' title='bbox 1819 772 1942 827; x_wconf 92' lang='lat' dir='ltr'><strong>inde</strong></span> <span class='ocrx_word' id='word_1_165' title='bbox 1971 777 2339 843; x_wconf 71' lang='lat' dir='ltr'><strong>prmsumeret.</strong></span> 
     </span>
    </p>
   </div>
   <div class='ocr_carea' id='block_1_24' title="bbox 2404 859 2808 919">
    <p class='ocr_par' dir='ltr' id='par_1_24' title="bbox 2404 859 2808 919">
     <span class='ocr_line' id='line_1_24' title="bbox 2404 859 2808 919; baseline -0.007 -1"><span class='ocrx_word' id='word_1_166' title='bbox 2404 859 2631 919; x_wconf 78' lang='lat' dir='ltr'><strong>CAPUT</strong></span> <span class='ocrx_word' id='word_1_167' title='bbox 2671 862 2808 917; x_wconf 79' lang='lat' dir='ltr'><strong>XVI.</strong></span> 
     </span>
    </p>
   </div>
   <div class='ocr_carea' id='block_1_25' title="bbox 1819 955 3405 1030">
    <p class='ocr_par' dir='ltr' id='par_1_25' title="bbox 1819 955 3405 1030">
     <span class='ocr_line' id='line_1_25' title="bbox 1819 955 3405 1030; baseline -0.001 -15"><span class='ocrx_word' id='word_1_168' title='bbox 1819 958 1973 1027; x_wconf 82' lang='lat' dir='ltr'><strong>Quod</strong></span> <span class='ocrx_word' id='word_1_169' title='bbox 2002 959 2141 1029; x_wconf 76' lang='lat' dir='ltr'><strong>falso</strong></span> <span class='ocrx_word' id='word_1_170' title='bbox 2170 959 2296 1014; x_wconf 83' lang='lat' dir='ltr'><strong>dicit</strong></span> <span class='ocrx_word' id='word_1_171' title='bbox 2324 975 2379 1014; x_wconf 77' lang='lat' dir='ltr'><strong>se</strong></span> <span class='ocrx_word' id='word_1_172' title='bbox 2415 960 2681 1030; x_wconf 79' lang='lat' dir='ltr'><strong>detentum</strong></span> <span class='ocrx_word' id='word_1_173' title='bbox 2726 959 2887 1030; x_wconf 75' lang='lat' dir='ltr'><strong>fuisse</strong></span> <span class='ocrx_word' id='word_1_174' title='bbox 2938 974 3001 1011; x_wconf 86' lang='lat' dir='ltr'><strong>ne</strong></span> <span class='ocrx_word' id='word_1_175' title='bbox 3033 955 3277 1026; x_wconf 85' lang='lat' dir='ltr'><strong>Romam,</strong></span> <span class='ocrx_word' id='word_1_176' title='bbox 3300 976 3405 1030; x_wconf 82' lang='lat' dir='ltr'><strong>quo</strong></span> 
     </span>
    </p>
   </div>
   <div class='ocr_carea' id='block_1_26' title="bbox 2338 1029 2878 1100">
    <p class='ocr_par' dir='ltr' id='par_1_26' title="bbox 2338 1029 2878 1100">
     <span class='ocr_line' id='line_1_26' title="bbox 2338 1029 2878 1100; baseline -0.002 -17"><span class='ocrx_word' id='word_1_177' title='bbox 2338 1029 2657 1100; x_wconf 83' lang='lat' dir='ltr'><strong>appellabat,</strong></span> <span class='ocrx_word' id='word_1_178' title='bbox 2690 1029 2878 1082; x_wconf 81' lang='lat' dir='ltr'><strong>adiret.</strong></span> 
     </span>
    </p>
   </div>
   <div class='ocr_carea' id='block_1_27' title="bbox 1886 1138 3402 1208">
    <p class='ocr_par' dir='ltr' id='par_1_27' title="bbox 1886 1138 3402 1208">
     <span class='ocr_line' id='line_1_27' title="bbox 1886 1138 3402 1208; baseline 0.001 -11"><span class='ocrx_word' id='word_1_179' title='bbox 1886 1141 2029 1198; x_wconf 89' lang='lat' dir='ltr'><strong>Dicit</strong></span> <span class='ocrx_word' id='word_1_180' title='bbox 2049 1141 2213 1196; x_wconf 90' lang='lat' dir='ltr'><strong>etiam</strong></span> <span class='ocrx_word' id='word_1_181' title='bbox 2236 1141 2291 1195; x_wconf 93' lang='lat' dir='ltr'><strong>in</strong></span> <span class='ocrx_word' id='word_1_182' title='bbox 2311 1140 2501 1196; x_wconf 81' lang='lat' dir='ltr'><strong>eodem</strong></span> <span class='ocrx_word' id='word_1_183' title='bbox 2531 1139 2735 1208; x_wconf 86' lang='lat' dir='ltr'><strong>scripto</strong></span> <span class='ocrx_word' id='word_1_184' title='bbox 2761 1154 2861 1195; x_wconf 89' lang='lat' dir='ltr'><strong>suo</strong></span> <span class='ocrx_word' id='word_1_185' title='bbox 2892 1138 3239 1207; x_wconf 82' lang='lat' dir='ltr'><strong>Hincmarus,</strong></span> <span class='ocrx_word' id='word_1_186' title='bbox 3281 1142 3402 1198; x_wconf 88' lang='lat' dir='ltr'><strong>ideo</strong></span> 
     </span>
    </p>
   </div>
   <div class='ocr_carea' id='block_1_28' title="bbox 1817 1228 3405 1300">
    <p class='ocr_par' dir='ltr' id='par_1_28' title="bbox 1817 1228 3405 1300">
     <span class='ocr_line' id='line_1_28' title="bbox 1817 1228 3405 1300; baseline 0.001 -13"><span class='ocrx_word' id='word_1_187' title='bbox 1817 1245 1877 1287; x_wconf 88' lang='lat' dir='ltr'><strong>se</strong></span> <span class='ocrx_word' id='word_1_188' title='bbox 1905 1232 1973 1285; x_wconf 91' lang='lat' dir='ltr'><strong>ab</strong></span> <span class='ocrx_word' id='word_1_189' title='bbox 2010 1232 2283 1287; x_wconf 80' lang='lat' dir='ltr'><strong>Attiniaco</strong></span> <span class='ocrx_word' id='word_1_190' title='bbox 2317 1228 2542 1300; x_wconf 78' lang='lat' dir='ltr'><strong>fugisse,</strong></span> <span class='ocrx_word' id='word_1_191' title='bbox 2573 1230 2700 1300; x_wconf 88' lang='lat' dir='ltr'><strong>quia</strong></span> <span class='ocrx_word' id='word_1_192' title='bbox 2746 1252 2763 1281; x_wconf 73' lang='grc' dir='ltr'><strong>ι</strong></span> <span class='ocrx_word' id='word_1_193' title='bbox 2800 1230 2996 1286; x_wconf 81' lang='lat' dir='ltr'><strong>Silvaci</strong></span> <span class='ocrx_word' id='word_1_194' title='bbox 3043 1248 3254 1289; x_wconf 89' lang='lat' dir='ltr'><strong>memor</strong></span> <span class='ocrx_word' id='word_1_195' title='bbox 3287 1234 3405 1289; x_wconf 84' lang='lat' dir='ltr'><strong>fue-</strong></span> 
     </span>
    </p>
   </div>
   <div class='ocr_carea' id='block_1_29' title="bbox 1816 1319 3405 1393">
    <p class='ocr_par' dir='ltr' id='par_1_29' title="bbox 1816 1319 3405 1393">
     <span class='ocr_line' id='line_1_29' title="bbox 1816 1319 3405 1393; baseline 0.003 -17"><span class='ocrx_word' id='word_1_196' title='bbox 1816 1330 1921 1385; x_wconf 89' lang='lat' dir='ltr'><strong>rat,</strong></span> <span class='ocrx_word' id='word_1_197' title='bbox 1954 1321 2045 1376; x_wconf 90' lang='lat' dir='ltr'><strong>ubi</strong></span> <span class='ocrx_word' id='word_1_198' title='bbox 2090 1330 2143 1376; x_wconf 88' lang='lat' dir='ltr'><strong>et</strong></span> <span class='ocrx_word' id='word_1_199' title='bbox 2177 1336 2279 1393; x_wconf 87' lang='lat' dir='ltr'><strong>ego</strong></span> <span class='ocrx_word' id='word_1_200' title='bbox 2324 1319 2493 1384; x_wconf 80' lang='lat' dir='ltr'><strong>adfui,</strong></span> <span class='ocrx_word' id='word_1_201' title='bbox 2547 1319 2692 1390; x_wconf 85' lang='lat' dir='ltr'><strong>quod</strong></span> <span class='ocrx_word' id='word_1_202' title='bbox 2746 1319 2822 1374; x_wconf 92' lang='lat' dir='ltr'><strong>illi</strong></span> <span class='ocrx_word' id='word_1_203' title='bbox 2869 1321 3003 1377; x_wconf 85' lang='lat' dir='ltr'><strong>nihil</strong></span> <span class='ocrx_word' id='word_1_204' title='bbox 3052 1321 3274 1393; x_wconf 84' lang='lat' dir='ltr'><strong>profuit,</strong></span> <span class='ocrx_word' id='word_1_205' title='bbox 3305 1324 3405 1380; x_wconf 89' lang='lat' dir='ltr'><strong>sed</strong></span> 
     </span>
    </p>
   </div>
   <div class='ocr_carea' id='block_1_30' title="bbox 1815 1409 3404 1483">
    <p class='ocr_par' dir='ltr' id='par_1_30' title="bbox 1815 1409 3404 1483">
     <span class='ocr_line' id='line_1_30' title="bbox 1815 1409 3404 1483; baseline 0.003 -18"><span class='ocrx_word' id='word_1_206' title='bbox 1815 1410 2035 1466; x_wconf 89' lang='lat' dir='ltr'><strong>obfuit:</strong></span> <span class='ocrx_word' id='word_1_207' title='bbox 2088 1411 2215 1480; x_wconf 88' lang='lat' dir='ltr'><strong>quia</strong></span> <span class='ocrx_word' id='word_1_208' title='bbox 2261 1426 2360 1480; x_wconf 93' lang='lat' dir='ltr'><strong>pro</strong></span> <span class='ocrx_word' id='word_1_209' title='bbox 2405 1425 2472 1465; x_wconf 91' lang='lat' dir='ltr'><strong>eo</strong></span> <span class='ocrx_word' id='word_1_210' title='bbox 2507 1409 2846 1483; x_wconf 78' lang='lat' dir='ltr'><strong>solummodo</strong></span> <span class='ocrx_word' id='word_1_211' title='bbox 2899 1421 3141 1469; x_wconf 89' lang='lat' dir='ltr'><strong>retentus</strong></span> <span class='ocrx_word' id='word_1_212' title='bbox 3180 1412 3301 1477; x_wconf 89' lang='lat' dir='ltr'><strong>fuit,</strong></span> <span class='ocrx_word' id='word_1_213' title='bbox 3331 1428 3404 1470; x_wconf 83' lang='lat' dir='ltr'><strong>ne</strong></span> 
     </span>
    </p>
   </div>
   <div class='ocr_carea' id='block_1_31' title="bbox 1813 1499 3402 1570">
    <p class='ocr_par' dir='ltr' id='par_1_31' title="bbox 1813 1499 3402 1570">
     <span class='ocr_line' id='line_1_31' title="bbox 1813 1499 3402 1570; baseline 0.001 -14"><span class='ocrx_word' id='word_1_214' title='bbox 1813 1501 2042 1556; x_wconf 82' lang='lat' dir='ltr'><strong>Romam</strong></span> <span class='ocrx_word' id='word_1_215' title='bbox 2072 1499 2257 1557; x_wconf 90' lang='lat' dir='ltr'><strong>domni</strong></span> <span class='ocrx_word' id='word_1_216' title='bbox 2303 1499 2583 1570; x_wconf 87' lang='lat' dir='ltr'><strong>apostolici</strong></span> <span class='ocrx_word' id='word_1_217' title='bbox 2636 1500 2921 1570; x_wconf 65' lang='lat' dir='ltr'><strong>praeceptis</strong></span> <span class='ocrx_word' id='word_1_218' title='bbox 2959 1501 3215 1558; x_wconf 90' lang='lat' dir='ltr'><strong>obediens</strong></span> <span class='ocrx_word' id='word_1_219' title='bbox 3245 1503 3348 1558; x_wconf 85' lang='lat' dir='ltr'><strong>iret</strong></span> <span class='ocrx_word' id='word_1_220' title='bbox 3384 1521 3402 1557; x_wconf 87' lang='lat'><strong>:</strong></span> 
     </span>
    </p>
   </div>
   <div class='ocr_carea' id='block_1_32' title="bbox 1813 1588 3403 1664">
    <p class='ocr_par' dir='ltr' id='par_1_32' title="bbox 1813 1588 3403 1664">
     <span class='ocr_line' id='line_1_32' title="bbox 1813 1588 3403 1664; baseline 0.004 -21"><span class='ocrx_word' id='word_1_221' title='bbox 1813 1591 1958 1661; x_wconf 90' lang='lat' dir='ltr'><strong>quod</strong></span> <span class='ocrx_word' id='word_1_222' title='bbox 1984 1605 2015 1644; x_wconf 90' lang='lat' dir='ltr'><strong>a</strong></span> <span class='ocrx_word' id='word_1_223' title='bbox 2043 1588 2240 1646; x_wconf 60' lang='lat' dir='ltr'><strong>saeculo</strong></span> <span class='ocrx_word' id='word_1_224' title='bbox 2272 1604 2382 1644; x_wconf 90' lang='lat' dir='ltr'><strong>non</strong></span> <span class='ocrx_word' id='word_1_225' title='bbox 2405 1597 2490 1645; x_wconf 90' lang='lat' dir='ltr'><strong>est</strong></span> <span class='ocrx_word' id='word_1_226' title='bbox 2517 1590 2582 1645; x_wconf 92' lang='lat' dir='ltr'><strong>de</strong></span> <span class='ocrx_word' id='word_1_227' title='bbox 2603 1588 2858 1661; x_wconf 88' lang='lat' dir='ltr'><strong>episcopo</strong></span> <span class='ocrx_word' id='word_1_228' title='bbox 2898 1591 2966 1645; x_wconf 90' lang='lat' dir='ltr'><strong>ab</strong></span> <span class='ocrx_word' id='word_1_229' title='bbox 3006 1593 3277 1664; x_wconf 89' lang='lat' dir='ltr'><strong>episcopis</strong></span> <span class='ocrx_word' id='word_1_230' title='bbox 3304 1609 3403 1649; x_wconf 86' lang='lat' dir='ltr'><strong>au-</strong></span> 
     </span>
    </p>
   </div>
   <div class='ocr_carea' id='block_1_33' title="bbox 1813 1678 3402 1752">
    <p class='ocr_par' dir='ltr' id='par_1_33' title="bbox 1813 1678 3402 1752">
     <span class='ocr_line' id='line_1_33' title="bbox 1813 1678 3402 1752; baseline 0.002 -16"><span class='ocrx_word' id='word_1_231' title='bbox 1813 1680 2006 1736; x_wconf 90' lang='lat' dir='ltr'><strong>ditum.</strong></span> <span class='ocrx_word' id='word_1_232' title='bbox 2039 1678 2224 1735; x_wconf 68' lang='lat' dir='ltr'><strong>iUnde</strong></span> <span class='ocrx_word' id='word_1_233' title='bbox 2238 1679 2514 1749; x_wconf 87' lang='lat' dir='ltr'><strong>respondi,</strong></span> <span class='ocrx_word' id='word_1_234' title='bbox 2533 1680 2658 1751; x_wconf 90' lang='lat' dir='ltr'><strong>quia</strong></span> <span class='ocrx_word' id='word_1_235' title='bbox 2675 1694 2774 1735; x_wconf 90' lang='lat' dir='ltr'><strong>nec</strong></span> <span class='ocrx_word' id='word_1_236' title='bbox 2798 1689 2946 1747; x_wconf 89' lang='lat' dir='ltr'><strong>tunc,</strong></span> <span class='ocrx_word' id='word_1_237' title='bbox 2962 1681 3103 1737; x_wconf 87' lang='lat' dir='ltr'><strong>sicut</strong></span> <span class='ocrx_word' id='word_1_238' title='bbox 3124 1697 3223 1752; x_wconf 90' lang='lat' dir='ltr'><strong>pro</strong></span> <span class='ocrx_word' id='word_1_239' title='bbox 3249 1693 3402 1739; x_wconf 88' lang='lat' dir='ltr'><strong>certo</strong></span> 
     </span>
    </p>
   </div>
   <div class='ocr_carea' id='block_1_34' title="bbox 120 1770 3407 1849">
    <p class='ocr_par' dir='ltr' id='par_1_34' title="bbox 120 1770 3407 1849">
     <span class='ocr_line' id='line_1_34' title="bbox 120 1770 3407 1849; baseline 0.002 -28"><span class='ocrx_word' id='word_1_240' title='bbox 120 1770 274 1833; x_wconf 86' lang='lat' dir='ltr'><strong>dam,</strong></span> <span class='ocrx_word' id='word_1_241' title='bbox 323 1772 543 1841; x_wconf 86' lang='lat' dir='ltr'><strong>quando</strong></span> <span class='ocrx_word' id='word_1_242' title='bbox 576 1788 681 1827; x_wconf 89' lang='lat' dir='ltr'><strong>non</strong></span> <span class='ocrx_word' id='word_1_243' title='bbox 721 1773 916 1830; x_wconf 89' lang='lat' dir='ltr'><strong>desunt</strong></span> <span class='ocrx_word' id='word_1_244' title='bbox 946 1775 1056 1840; x_wconf 88' lang='lat' dir='ltr'><strong>alii,</strong></span> <span class='ocrx_word' id='word_1_245' title='bbox 1090 1791 1186 1846; x_wconf 88' lang='lat' dir='ltr'><strong>per</strong></span> <span class='ocrx_word' id='word_1_246' title='bbox 1226 1791 1363 1846; x_wconf 89' lang='lat' dir='ltr'><strong>quos</strong></span> <span class='ocrx_word' id='word_1_247' title='bbox 1401 1779 1715 1849; x_wconf 89' lang='lat' dir='ltr'><strong>suppleatur</strong></span> <span class='ocrx_word' id='word_1_248' title='bbox 1744 1781 1790 1843; x_wconf 83' lang='grc' dir='ltr'><strong>Β</strong></span> <span class='ocrx_word' id='word_1_249' title='bbox 1816 1772 1950 1836; x_wconf 62' lang='lat' dir='ltr'><strong>scio,</strong></span> <span class='ocrx_word' id='word_1_250' title='bbox 1995 1780 2051 1824; x_wconf 77' lang='lat' dir='ltr'><strong>el</strong></span> <span class='ocrx_word' id='word_1_251' title='bbox 2102 1770 2178 1825; x_wconf 81' lang='lat' dir='ltr'><strong>illi</strong></span> <span class='ocrx_word' id='word_1_252' title='bbox 2214 1785 2428 1826; x_wconf 70' lang='lat' dir='ltr'><strong>mecum</strong></span> <span class='ocrx_word' id='word_1_253' title='bbox 2478 1770 2656 1826; x_wconf 73' lang='lat' dir='ltr'><strong>sciunt</strong></span> <span class='ocrx_word' id='word_1_254' title='bbox 2686 1771 2777 1842; x_wconf 82' lang='lat' dir='ltr'><strong>qui</strong></span> <span class='ocrx_word' id='word_1_255' title='bbox 2820 1770 3130 1839; x_wconf 83' lang='lat' dir='ltr'><strong>adfuerunt,</strong></span> <span class='ocrx_word' id='word_1_256' title='bbox 3170 1788 3274 1830; x_wconf 88' lang='lat' dir='ltr'><strong>nec</strong></span> <span class='ocrx_word' id='word_1_257' title='bbox 3298 1789 3407 1829; x_wconf 84' lang='lat' dir='ltr'><strong>un-</strong></span> 
     </span>
    </p>
   </div>
   <div class='ocr_carea' id='block_1_35' title="bbox 118 1862 1714 1930">
    <p class='ocr_par' dir='ltr' id='par_1_35' title="bbox 118 1862 1714 1930">
     <span class='ocr_line' id='line_1_35' title="bbox 118 1862 1714 1930; baseline 0.009 -15"><span class='ocrx_word' id='word_1_258' title='bbox 118 1862 555 1919; x_wconf 84' lang='lat' dir='ltr'><strong>ecc&#39;esiasticum</strong></span> <span class='ocrx_word' id='word_1_259' title='bbox 584 1865 965 1930; x_wconf 87' lang='lat' dir='ltr'><strong>ministerium,</strong></span> <span class='ocrx_word' id='word_1_260' title='bbox 1013 1884 1081 1923; x_wconf 91' lang='lat' dir='ltr'><strong>ne</strong></span> <span class='ocrx_word' id='word_1_261' title='bbox 1111 1870 1181 1924; x_wconf 88' lang='lat' dir='ltr'><strong>ab</strong></span> <span class='ocrx_word' id='word_1_262' title='bbox 1213 1870 1467 1927; x_wconf 87' lang='lat' dir='ltr'><strong>omnibus</strong></span> <span class='ocrx_word' id='word_1_263' title='bbox 1494 1873 1714 1928; x_wconf 87' lang='lat' dir='ltr'><strong>desera-</strong></span> 
     </span>
    </p>
   </div>
   <div class='ocr_carea' id='block_1_36' title="bbox 116 1952 1713 2030">
    <p class='ocr_par' dir='ltr' id='par_1_36' title="bbox 116 1952 1713 2030">
     <span class='ocr_line' id='line_1_36' title="bbox 116 1952 1713 2030; baseline 0.009 -25"><span class='ocrx_word' id='word_1_264' title='bbox 116 1959 236 2006; x_wconf 83' lang='lat' dir='ltr'><strong>tur.</strong></span> <span class='ocrx_word' id='word_1_265' title='bbox 268 1952 422 2020; x_wconf 83' lang='lat' dir='ltr'><strong>Quod</strong></span> <span class='ocrx_word' id='word_1_266' title='bbox 459 1954 657 2012; x_wconf 87' lang='lat' dir='ltr'><strong>fecisse</strong></span> <span class='ocrx_word' id='word_1_267' title='bbox 694 1956 1052 2013; x_wconf 83' lang='lat' dir='ltr'><strong>Athanasium</strong></span> <span class='ocrx_word' id='word_1_268' title='bbox 1079 1974 1243 2030; x_wconf 87' lang='lat' dir='ltr'><strong>supra</strong></span> <span class='ocrx_word' id='word_1_269' title='bbox 1271 1962 1525 2021; x_wconf 73' lang='lat' dir='ltr'><strong>diximus.</strong></span> <span class='ocrx_word' id='word_1_270' title='bbox 1577 1962 1713 2019; x_wconf 85' lang='lat' dir='ltr'><strong>Nam</strong></span> 
     </span>
    </p>
   </div>
   <div class='ocr_carea' id='block_1_37' title="bbox 114 2048 1713 2126">
    <p class='ocr_par' dir='ltr' id='par_1_37' title="bbox 114 2048 1713 2126">
     <span class='ocr_line' id='line_1_37' title="bbox 114 2048 1713 2126; baseline 0.011 -32"><span class='ocrx_word' id='word_1_271' title='bbox 114 2053 386 2111; x_wconf 82' lang='lat' dir='ltr'><strong>quantum</strong></span> <span class='ocrx_word' id='word_1_272' title='bbox 433 2048 778 2103; x_wconf 88' lang='lat' dir='ltr'><strong>necessarius</strong></span> <span class='ocrx_word' id='word_1_273' title='bbox 820 2048 985 2104; x_wconf 84' lang='lat' dir='ltr'><strong>fuerit</strong></span> <span class='ocrx_word' id='word_1_274' title='bbox 1033 2048 1312 2119; x_wconf 65' lang='lat' dir='ltr'><strong>Ecclesiae,</strong></span> <span class='ocrx_word' id='word_1_275' title='bbox 1342 2064 1713 2126; x_wconf 88' lang='lat' dir='ltr'><strong>quantumque</strong></span> 
     </span>
    </p>
   </div>
   <div class='ocr_carea' id='block_1_38' title="bbox 114 2131 1712 2208">
    <p class='ocr_par' dir='ltr' id='par_1_38' title="bbox 114 2131 1712 2208">
     <span class='ocr_line' id='line_1_38' title="bbox 114 2131 1712 2208; baseline 0.011 -24"><span class='ocrx_word' id='word_1_276' title='bbox 114 2131 391 2201; x_wconf 71' lang='lat' dir='ltr'><strong>profuerit</strong></span> <span class='ocrx_word' id='word_1_277' title='bbox 436 2137 579 2206; x_wconf 91' lang='lat' dir='ltr'><strong>quod</strong></span> <span class='ocrx_word' id='word_1_278' title='bbox 610 2140 695 2192; x_wconf 83' lang='lat' dir='ltr'><strong>vir</strong></span> <span class='ocrx_word' id='word_1_279' title='bbox 746 2138 836 2194; x_wconf 90' lang='lat' dir='ltr'><strong>ille</strong></span> <span class='ocrx_word' id='word_1_280' title='bbox 866 2142 1067 2197; x_wconf 88' lang='lat' dir='ltr'><strong>mansit</strong></span> <span class='ocrx_word' id='word_1_281' title='bbox 1102 2143 1155 2197; x_wconf 93' lang='lat' dir='ltr'><strong>in</strong></span> <span class='ocrx_word' id='word_1_282' title='bbox 1208 2158 1396 2208; x_wconf 90' lang='lat' dir='ltr'><strong>carne,</strong></span> <span class='ocrx_word' id='word_1_283' title='bbox 1444 2147 1712 2202; x_wconf 90' lang='lat' dir='ltr'><strong>catholica</strong></span> 
     </span>
    </p>
   </div>
   <div class='ocr_carea' id='block_1_39' title="bbox 114 2223 1711 2299">
    <p class='ocr_par' dir='ltr' id='par_1_39' title="bbox 114 2223 1711 2299">
     <span class='ocr_line' id='line_1_39' title="bbox 114 2223 1711 2299; baseline 0.011 -23"><span class='ocrx_word' id='word_1_284' title='bbox 114 2223 262 2280; x_wconf 73' lang='lat' dir='ltr'><strong>ﬁdes</strong></span> <span class='ocrx_word' id='word_1_285' title='bbox 311 2227 480 2291; x_wconf 82' lang='lat' dir='ltr'><strong>novit,</strong></span> <span class='ocrx_word' id='word_1_286' title='bbox 536 2244 655 2299; x_wconf 68' lang='lat' dir='ltr'><strong>qua:</strong></span> <span class='ocrx_word' id='word_1_287' title='bbox 694 2230 958 2286; x_wconf 88' lang='lat' dir='ltr'><strong>adversus</strong></span> <span class='ocrx_word' id='word_1_288' title='bbox 995 2233 1228 2289; x_wconf 87' lang='lat' dir='ltr'><strong>Arianos</strong></span> <span class='ocrx_word' id='word_1_289' title='bbox 1276 2234 1562 2292; x_wconf 62' lang='lat' dir='ltr'><strong>haereticos</strong></span> <span class='ocrx_word' id='word_1_290' title='bbox 1613 2253 1711 2294; x_wconf 92' lang='lat' dir='ltr'><strong>ore</strong></span> 
     </span>
    </p>
   </div>
   <div class='ocr_carea' id='block_1_40' title="bbox 114 2314 1710 2394">
    <p class='ocr_par' dir='ltr' id='par_1_40' title="bbox 114 2314 1710 2394">
     <span class='ocr_line' id='line_1_40' title="bbox 114 2314 1710 2394; baseline 0.012 -28"><span class='ocrx_word' id='word_1_291' title='bbox 114 2314 269 2370; x_wconf 87' lang='lat' dir='ltr'><strong>illius</strong></span> <span class='ocrx_word' id='word_1_292' title='bbox 288 2325 346 2370; x_wconf 87' lang='lat' dir='ltr'><strong>et</strong></span> <span class='ocrx_word' id='word_1_293' title='bbox 369 2333 554 2374; x_wconf 87' lang='lat' dir='ltr'><strong>amore</strong></span> <span class='ocrx_word' id='word_1_294' title='bbox 574 2320 795 2377; x_wconf 87' lang='lat' dir='ltr'><strong>defensa</strong></span> <span class='ocrx_word' id='word_1_295' title='bbox 817 2332 921 2378; x_wconf 91' lang='lat' dir='ltr'><strong>est.</strong></span> <span class='ocrx_word' id='word_1_296' title='bbox 946 2323 1052 2379; x_wconf 86' lang='lat' dir='ltr'><strong>Sed</strong></span> <span class='ocrx_word' id='word_1_297' title='bbox 1077 2326 1294 2394; x_wconf 87' lang='lat' dir='ltr'><strong>quando</strong></span> <span class='ocrx_word' id='word_1_298' title='bbox 1317 2337 1403 2383; x_wconf 89' lang='lat' dir='ltr'><strong>est</strong></span> <span class='ocrx_word' id='word_1_299' title='bbox 1421 2344 1710 2385; x_wconf 89' lang='lat' dir='ltr'><strong>commune</strong></span> 
     </span>
    </p>
   </div>
   <div class='ocr_carea' id='block_1_41' title="bbox 111 2408 1711 2488">
    <p class='ocr_par' dir='ltr' id='par_1_41' title="bbox 111 2408 1711 2488">
     <span class='ocr_line' id='line_1_41' title="bbox 111 2408 1711 2488; baseline 0.011 -30"><span class='ocrx_word' id='word_1_300' title='bbox 111 2408 445 2475; x_wconf 84' lang='lat' dir='ltr'><strong>periculum,</strong></span> <span class='ocrx_word' id='word_1_301' title='bbox 472 2412 641 2482; x_wconf 89' lang='lat' dir='ltr'><strong>magis</strong></span> <span class='ocrx_word' id='word_1_302' title='bbox 671 2414 969 2469; x_wconf 88' lang='lat' dir='ltr'><strong>timendum</strong></span> <span class='ocrx_word' id='word_1_303' title='bbox 999 2424 1084 2470; x_wconf 90' lang='lat' dir='ltr'><strong>est</strong></span> <span class='ocrx_word' id='word_1_304' title='bbox 1105 2431 1173 2471; x_wconf 92' lang='lat' dir='ltr'><strong>ne</strong></span> <span class='ocrx_word' id='word_1_305' title='bbox 1211 2418 1497 2488; x_wconf 83' lang='lat' dir='ltr'><strong>quisquam</strong></span> <span class='ocrx_word' id='word_1_306' title='bbox 1529 2420 1581 2474; x_wconf 93' lang='lat' dir='ltr'><strong>id</strong></span> <span class='ocrx_word' id='word_1_307' title='bbox 1624 2419 1711 2474; x_wconf 87' lang='lat' dir='ltr'><strong>fa-</strong></span> 
     </span>
    </p>
   </div>
   <div class='ocr_carea' id='block_1_42' title="bbox 112 2503 1711 2573">
    <p class='ocr_par' dir='ltr' id='par_1_42' title="bbox 112 2503 1711 2573">
     <span class='ocr_line' id='line_1_42' title="bbox 112 2503 1711 2573; baseline 0.008 -19"><span class='ocrx_word' id='word_1_308' title='bbox 112 2514 253 2555; x_wconf 88' lang='lat' dir='ltr'><strong>cere</strong></span> <span class='ocrx_word' id='word_1_309' title='bbox 275 2503 530 2557; x_wconf 87' lang='lat' dir='ltr'><strong>credatur</strong></span> <span class='ocrx_word' id='word_1_310' title='bbox 554 2518 662 2559; x_wconf 93' lang='lat' dir='ltr'><strong>non</strong></span> <span class='ocrx_word' id='word_1_311' title='bbox 701 2505 1017 2560; x_wconf 88' lang='lat' dir='ltr'><strong>consulendi</strong></span> <span class='ocrx_word' id='word_1_312' title='bbox 1051 2506 1345 2573; x_wconf 88' lang='lat' dir='ltr'><strong>voluntate,</strong></span> <span class='ocrx_word' id='word_1_313' title='bbox 1390 2509 1483 2564; x_wconf 86' lang='lat' dir='ltr'><strong>sed</strong></span> <span class='ocrx_word' id='word_1_314' title='bbox 1517 2510 1711 2566; x_wconf 84' lang='lat' dir='ltr'><strong>timore</strong></span> 
     </span>
    </p>
   </div>
   <div class='ocr_carea' id='block_1_43' title="bbox 109 2596 1709 2674">
    <p class='ocr_par' dir='ltr' id='par_1_43' title="bbox 109 2596 1709 2674">
     <span class='ocr_line' id='line_1_43' title="bbox 109 2596 1709 2674; baseline 0.006 -26"><span class='ocrx_word' id='word_1_315' title='bbox 109 2596 389 2651; x_wconf 86' lang='lat' dir='ltr'><strong>moriendi</strong></span> <span class='ocrx_word' id='word_1_316' title='bbox 416 2616 429 2651; x_wconf 91' lang='lat'><strong>:</strong></span> <span class='ocrx_word' id='word_1_317' title='bbox 459 2600 737 2671; x_wconf 86' lang='lat' dir='ltr'><strong>magisque</strong></span> <span class='ocrx_word' id='word_1_318' title='bbox 766 2601 1002 2673; x_wconf 86' lang='lat' dir='ltr'><strong>fugiendi</strong></span> <span class='ocrx_word' id='word_1_319' title='bbox 1026 2601 1203 2657; x_wconf 88' lang='lat' dir='ltr'><strong>obstet</strong></span> <span class='ocrx_word' id='word_1_320' title='bbox 1234 2602 1503 2674; x_wconf 76' lang='lat' dir='ltr'><strong>exemplo,</strong></span> <span class='ocrx_word' id='word_1_321' title='bbox 1542 2617 1709 2673; x_wconf 88' lang='lat' dir='ltr'><strong>quam</strong></span> 
     </span>
    </p>
   </div>
   <div class='ocr_carea' id='block_1_44' title="bbox 107 2683 1699 2762">
    <p class='ocr_par' dir='ltr' id='par_1_44' title="bbox 107 2683 1699 2762">
     <span class='ocr_line' id='line_1_44' title="bbox 107 2683 1699 2762; baseline 0.006 -26"><span class='ocrx_word' id='word_1_322' title='bbox 107 2683 340 2739; x_wconf 80' lang='lat' dir='ltr'><strong>vivendi</strong></span> <span class='ocrx_word' id='word_1_323' title='bbox 360 2688 533 2755; x_wconf 88' lang='lat' dir='ltr'><strong>prosit</strong></span> <span class='ocrx_word' id='word_1_324' title='bbox 556 2688 730 2745; x_wconf 79' lang='lat' dir='ltr'><strong>cilicio</strong></span> <span class='ocrx_word' id='word_1_325' title='bbox 753 2704 768 2744; x_wconf 93' lang='lat'><strong>:</strong></span> <span class='ocrx_word' id='word_1_326' title='bbox 793 2689 937 2746; x_wconf 91' lang='lat' dir='ltr'><strong>nulla</strong></span> <span class='ocrx_word' id='word_1_327' title='bbox 963 2690 1175 2746; x_wconf 87' lang='lat' dir='ltr'><strong>ratione</strong></span> <span class='ocrx_word' id='word_1_328' title='bbox 1198 2689 1511 2762; x_wconf 86' lang='lat' dir='ltr'><strong>fugiendum</strong></span> <span class='ocrx_word' id='word_1_329' title='bbox 1542 2700 1645 2747; x_wconf 90' lang='lat' dir='ltr'><strong>est.</strong></span> <span class='ocrx_word' id='word_1_330' title='bbox 1679 2711 1699 2745; x_wconf 70' lang='grc' dir='ltr'><strong>ι</strong></span> 
     </span>
    </p>
   </div>
   <div class='ocr_carea' id='block_1_45' title="bbox 109 2773 1709 2854">
    <p class='ocr_par' dir='ltr' id='par_1_45' title="bbox 109 2773 1709 2854">
     <span class='ocr_line' id='line_1_45' title="bbox 109 2773 1709 2854; baseline 0.005 -25"><span class='ocrx_word' id='word_1_331' title='bbox 109 2773 191 2829; x_wconf 79' lang='lat' dir='ltr'><strong>Et</strong></span> <span class='ocrx_word' id='word_1_332' title='bbox 242 2774 370 2832; x_wconf 87' lang='lat' dir='ltr'><strong>item</strong></span> <span class='ocrx_word' id='word_1_333' title='bbox 414 2788 539 2848; x_wconf 88' lang='lat' dir='ltr'><strong>post</strong></span> <span class='ocrx_word' id='word_1_334' title='bbox 581 2780 857 2851; x_wconf 86' lang='lat' dir='ltr'><strong>aliquanta</strong></span> <span class='ocrx_word' id='word_1_335' title='bbox 899 2800 913 2837; x_wconf 86' lang='lat'><strong>:</strong></span> <span class='ocrx_word' id='word_1_336' title='bbox 966 2802 985 2834; x_wconf 74' lang='grc' dir='ltr'><strong>α</strong></span> <span class='ocrx_word' id='word_1_337' title='bbox 1022 2782 1341 2853; x_wconf 82' lang='lat' dir='ltr'><strong>Quicunque</strong></span> <span class='ocrx_word' id='word_1_338' title='bbox 1387 2782 1552 2854; x_wconf 86' lang='lat' dir='ltr'><strong>igitur</strong></span> <span class='ocrx_word' id='word_1_339' title='bbox 1606 2783 1709 2837; x_wconf 89' lang='lat' dir='ltr'><strong>isto</strong></span> 
     </span>
    </p>
   </div>
   <div class='ocr_carea' id='block_1_46' title="bbox 108 2868 1709 2958">
    <p class='ocr_par' dir='ltr' id='par_1_46' title="bbox 108 2868 1709 2958">
     <span class='ocr_line' id='line_1_46' title="bbox 108 2868 1709 2958; baseline 0.006 -36"><span class='ocrx_word' id='word_1_340' title='bbox 108 2868 289 2925; x_wconf 83' lang='lat' dir='ltr'><strong>modo</strong></span> <span class='ocrx_word' id='word_1_341' title='bbox 311 2868 466 2940; x_wconf 87' lang='lat' dir='ltr'><strong>fugit,</strong></span> <span class='ocrx_word' id='word_1_342' title='bbox 483 2879 544 2926; x_wconf 91' lang='lat' dir='ltr'><strong>ut</strong></span> <span class='ocrx_word' id='word_1_343' title='bbox 564 2872 822 2928; x_wconf 64' lang='lat' dir='ltr'><strong>Ecclesiae</strong></span> <span class='ocrx_word' id='word_1_344' title='bbox 837 2876 1201 2958; x_wconf 70' lang='lat' dir='ltr'><strong>necessarium</strong></span> <span class='ocrx_word' id='word_1_345' title='bbox 1218 2876 1577 2931; x_wconf 88' lang='lat' dir='ltr'><strong>ministerium</strong></span> <span class='ocrx_word' id='word_1_346' title='bbox 1600 2892 1709 2931; x_wconf 89' lang='lat' dir='ltr'><strong>non</strong></span> 
     </span>
    </p>
   </div>
   <div class='ocr_carea' id='block_1_47' title="bbox 107 2960 1710 3037">
    <p class='ocr_par' dir='ltr' id='par_1_47' title="bbox 107 2960 1710 3037">
     <span class='ocr_line' id='line_1_47' title="bbox 107 2960 1710 3037; baseline 0.004 -22"><span class='ocrx_word' id='word_1_347' title='bbox 107 2960 289 3023; x_wconf 78' lang='lat' dir='ltr'><strong>desit,</strong></span> <span class='ocrx_word' id='word_1_348' title='bbox 328 2960 458 3017; x_wconf 79' lang='lat' dir='ltr'><strong>facit</strong></span> <span class='ocrx_word' id='word_1_349' title='bbox 501 2965 645 3034; x_wconf 89' lang='lat' dir='ltr'><strong>quod</strong></span> <span class='ocrx_word' id='word_1_350' title='bbox 684 2964 944 3021; x_wconf 90' lang='lat' dir='ltr'><strong>Dominus</strong></span> <span class='ocrx_word' id='word_1_351' title='bbox 969 2967 1271 3037; x_wconf 65' lang='lat' dir='ltr'><strong>praecepit,</strong></span> <span class='ocrx_word' id='word_1_352' title='bbox 1302 2968 1416 3022; x_wconf 87' lang='lat' dir='ltr'><strong>sive</strong></span> <span class='ocrx_word' id='word_1_353' title='bbox 1461 2968 1710 3036; x_wconf 89' lang='lat' dir='ltr'><strong>permisit</strong></span> 
     </span>
    </p>
   </div>
   <div class='ocr_carea' id='block_1_48' title="bbox 104 3050 1705 3129">
    <p class='ocr_par' dir='ltr' id='par_1_48' title="bbox 104 3050 1705 3129">
     <span class='ocr_line' id='line_1_48' title="bbox 104 3050 1705 3129; baseline 0.007 -25"><span class='ocrx_word' id='word_1_354' title='bbox 104 3050 343 3121; x_wconf 66' lang='lat' dir='ltr'><strong>(ﬂaua.</strong></span> <span class='ocrx_word' id='word_1_355' title='bbox 376 3054 455 3124; x_wconf 72' lang='grc' dir='ltr'><strong>ι).</strong></span> <span class='ocrx_word' id='word_1_356' title='bbox 484 3054 584 3122; x_wconf 84' lang='lat' dir='ltr'><strong>Qui</strong></span> <span class='ocrx_word' id='word_1_357' title='bbox 612 3065 795 3112; x_wconf 88' lang='lat' dir='ltr'><strong>autem</strong></span> <span class='ocrx_word' id='word_1_358' title='bbox 820 3058 900 3113; x_wconf 91' lang='lat' dir='ltr'><strong>sic</strong></span> <span class='ocrx_word' id='word_1_359' title='bbox 936 3057 1092 3128; x_wconf 85' lang='lat' dir='ltr'><strong>fugit,</strong></span> <span class='ocrx_word' id='word_1_360' title='bbox 1120 3067 1183 3113; x_wconf 91' lang='lat' dir='ltr'><strong>ut</strong></span> <span class='ocrx_word' id='word_1_361' title='bbox 1219 3059 1367 3129; x_wconf 88' lang='lat' dir='ltr'><strong>gregi</strong></span> <span class='ocrx_word' id='word_1_362' title='bbox 1395 3058 1600 3114; x_wconf 87' lang='lat' dir='ltr'><strong>Christi</strong></span> <span class='ocrx_word' id='word_1_363' title='bbox 1639 3075 1705 3115; x_wconf 86' lang='lat' dir='ltr'><strong>ea</strong></span> 
     </span>
    </p>
   </div>
   <div class='ocr_carea' id='block_1_49' title="bbox 102 3137 1861 3216">
    <p class='ocr_par' dir='ltr' id='par_1_49' title="bbox 102 3137 1861 3216">
     <span class='ocr_line' id='line_1_49' title="bbox 102 3137 1861 3216; baseline 0.007 -21"><span class='ocrx_word' id='word_1_364' title='bbox 102 3143 322 3214; x_wconf 80' lang='lat' dir='ltr'><strong>quibus</strong></span> <span class='ocrx_word' id='word_1_365' title='bbox 382 3148 741 3216; x_wconf 89' lang='lat' dir='ltr'><strong>spiritualiter</strong></span> <span class='ocrx_word' id='word_1_366' title='bbox 791 3149 925 3203; x_wconf 87' lang='lat' dir='ltr'><strong>vivit</strong></span> <span class='ocrx_word' id='word_1_367' title='bbox 976 3150 1232 3205; x_wconf 87' lang='lat' dir='ltr'><strong>alimenta</strong></span> <span class='ocrx_word' id='word_1_368' title='bbox 1294 3149 1703 3214; x_wconf 87' lang='lat' dir='ltr'><strong>subtrahantur,</strong></span> <span class='ocrx_word' id='word_1_369' title='bbox 1736 3137 1780 3198; x_wconf 84' lang='lat' dir='ltr'><strong>C</strong></span> <span class='ocrx_word' id='word_1_370' title='bbox 1858 3202 1861 3203; x_wconf 35' lang='grc' dir='ltr'><em>ν</em></span> 
     </span>
    </p>
   </div>
   <div class='ocr_carea' id='block_1_50' title="bbox 99 3237 1708 3310">
    <p class='ocr_par' dir='ltr' id='par_1_50' title="bbox 99 3237 1708 3310">
     <span class='ocr_line' id='line_1_50' title="bbox 99 3237 1708 3310; baseline 0.005 -20"><span class='ocrx_word' id='word_1_371' title='bbox 99 3237 499 3293; x_wconf 83' lang='lat' dir='ltr'><strong>mercenarius</strong></span> <span class='ocrx_word' id='word_1_372' title='bbox 538 3238 627 3293; x_wconf 88' lang='lat' dir='ltr'><strong>ille</strong></span> <span class='ocrx_word' id='word_1_373' title='bbox 652 3250 753 3303; x_wconf 90' lang='lat' dir='ltr'><strong>est,</strong></span> <span class='ocrx_word' id='word_1_374' title='bbox 788 3241 881 3310; x_wconf 91' lang='lat' dir='ltr'><strong>qui</strong></span> <span class='ocrx_word' id='word_1_375' title='bbox 921 3241 1068 3295; x_wconf 88' lang='lat' dir='ltr'><strong>videt</strong></span> <span class='ocrx_word' id='word_1_376' title='bbox 1097 3240 1281 3310; x_wconf 90' lang='lat' dir='ltr'><strong>lupum</strong></span> <span class='ocrx_word' id='word_1_377' title='bbox 1309 3241 1614 3295; x_wconf 89' lang='lat' dir='ltr'><strong>venientem</strong></span> <span class='ocrx_word' id='word_1_378' title='bbox 1651 3251 1708 3298; x_wconf 90' lang='lat' dir='ltr'><strong>et</strong></span> 
     </span>
    </p>
   </div>
   <div class='ocr_carea' id='block_1_51' title="bbox 1815 1865 3406 1943">
    <p class='ocr_par' dir='ltr' id='par_1_51' title="bbox 1815 1865 3406 1943">
     <span class='ocr_line' id='line_1_51' title="bbox 1815 1865 3406 1943; baseline 0.006 -24"><span class='ocrx_word' id='word_1_379' title='bbox 1815 1881 1998 1938; x_wconf 90' lang='lat' dir='ltr'><strong>quam,</strong></span> <span class='ocrx_word' id='word_1_380' title='bbox 2014 1873 2175 1937; x_wconf 88' lang='lat' dir='ltr'><strong>prout</strong></span> <span class='ocrx_word' id='word_1_381' title='bbox 2203 1865 2481 1923; x_wconf 88' lang='lat' dir='ltr'><strong>reminisci</strong></span> <span class='ocrx_word' id='word_1_382' title='bbox 2504 1866 2657 1923; x_wconf 89' lang='lat' dir='ltr'><strong>valeo</strong></span> <span class='ocrx_word' id='word_1_383' title='bbox 2681 1867 2829 1923; x_wconf 91' lang='lat' dir='ltr'><strong>illum</strong></span> <span class='ocrx_word' id='word_1_384' title='bbox 2851 1868 3081 1924; x_wconf 80' lang='lat' dir='ltr'><strong>Romam</strong></span> <span class='ocrx_word' id='word_1_385' title='bbox 3103 1869 3406 1943; x_wconf 82' lang='lat' dir='ltr'><strong>appellasse</strong></span> 
     </span>
    </p>
   </div>
   <div class='ocr_carea' id='block_1_52' title="bbox 1812 1958 3403 2034">
    <p class='ocr_par' dir='ltr' id='par_1_52' title="bbox 1812 1958 3403 2034">
     <span class='ocr_line' id='line_1_52' title="bbox 1812 1958 3403 2034; baseline 0.004 -23"><span class='ocrx_word' id='word_1_386' title='bbox 1812 1972 1913 2027; x_wconf 91' lang='lat' dir='ltr'><strong>pro</strong></span> <span class='ocrx_word' id='word_1_387' title='bbox 1932 1971 2255 2027; x_wconf 88' lang='lat' dir='ltr'><strong>quacunque</strong></span> <span class='ocrx_word' id='word_1_388' title='bbox 2288 1972 2457 2012; x_wconf 92' lang='lat' dir='ltr'><strong>causa</strong></span> <span class='ocrx_word' id='word_1_389' title='bbox 2499 1958 2701 2013; x_wconf 89' lang='lat' dir='ltr'><strong>audivi.</strong></span> <span class='ocrx_word' id='word_1_390' title='bbox 2733 1958 2887 2014; x_wconf 76' lang='lat' dir='ltr'><strong>Tunc</strong></span> <span class='ocrx_word' id='word_1_391' title='bbox 2932 1968 3112 2016; x_wconf 89' lang='lat' dir='ltr'><strong>autem</strong></span> <span class='ocrx_word' id='word_1_392' title='bbox 3141 1962 3212 2017; x_wconf 89' lang='lat' dir='ltr'><strong>ad</strong></span> <span class='ocrx_word' id='word_1_393' title='bbox 3238 1977 3403 2034; x_wconf 83' lang='lat' dir='ltr'><strong>syno-</strong></span> 
     </span>
    </p>
   </div>
   <div class='ocr_carea' id='block_1_53' title="bbox 1813 2047 3399 2118">
    <p class='ocr_par' dir='ltr' id='par_1_53' title="bbox 1813 2047 3399 2118">
     <span class='ocr_line' id='line_1_53' title="bbox 1813 2047 3399 2118; baseline 0.003 -16"><span class='ocrx_word' id='word_1_394' title='bbox 1813 2047 1963 2113; x_wconf 87' lang='lat' dir='ltr'><strong>dum,</strong></span> <span class='ocrx_word' id='word_1_395' title='bbox 1991 2061 2112 2116; x_wconf 64' lang='lat' dir='ltr'><strong>quaa</strong></span> <span class='ocrx_word' id='word_1_396' title='bbox 2142 2047 2193 2101; x_wconf 94' lang='lat' dir='ltr'><strong>in</strong></span> <span class='ocrx_word' id='word_1_397' title='bbox 2224 2048 2475 2118; x_wconf 79' lang='lat' dir='ltr'><strong>proximo</strong></span> <span class='ocrx_word' id='word_1_398' title='bbox 2498 2047 2677 2103; x_wconf 89' lang='lat' dir='ltr'><strong>futura</strong></span> <span class='ocrx_word' id='word_1_399' title='bbox 2708 2058 2848 2114; x_wconf 84' lang='lat' dir='ltr'><strong>erat,</strong></span> <span class='ocrx_word' id='word_1_400' title='bbox 2879 2050 3164 2107; x_wconf 83' lang='lat' dir='ltr'><strong>invitatum</strong></span> <span class='ocrx_word' id='word_1_401' title='bbox 3194 2054 3399 2113; x_wconf 73' lang='lat' dir='ltr'><strong>audivi.</strong></span> 
     </span>
    </p>
   </div>
   <div class='ocr_carea' id='block_1_54' title="bbox 1814 2136 3404 2212">
    <p class='ocr_par' dir='ltr' id='par_1_54' title="bbox 1814 2136 3404 2212">
     <span class='ocr_line' id='line_1_54' title="bbox 1814 2136 3404 2212; baseline 0.004 -18"><span class='ocrx_word' id='word_1_402' title='bbox 1814 2136 1921 2195; x_wconf 88' lang='lat' dir='ltr'><strong>Sed</strong></span> <span class='ocrx_word' id='word_1_403' title='bbox 1947 2147 2003 2194; x_wconf 87' lang='lat' dir='ltr'><strong>et</strong></span> <span class='ocrx_word' id='word_1_404' title='bbox 2035 2138 2325 2195; x_wconf 90' lang='lat' dir='ltr'><strong>multorum</strong></span> <span class='ocrx_word' id='word_1_405' title='bbox 2352 2139 2732 2210; x_wconf 82' lang='lat' dir='ltr'><strong>divulgabatur</strong></span> <span class='ocrx_word' id='word_1_406' title='bbox 2750 2141 2958 2205; x_wconf 86' lang='lat' dir='ltr'><strong>oribus,</strong></span> <span class='ocrx_word' id='word_1_407' title='bbox 2981 2144 3106 2212; x_wconf 87' lang='lat' dir='ltr'><strong>quia</strong></span> <span class='ocrx_word' id='word_1_408' title='bbox 3136 2158 3263 2199; x_wconf 84' lang='lat' dir='ltr'><strong>cum</strong></span> <span class='ocrx_word' id='word_1_409' title='bbox 3294 2141 3404 2199; x_wconf 64' lang='grc' dir='ltr'><strong>ιο.</strong></span> 
     </span>
    </p>
   </div>
   <div class='ocr_carea' id='block_1_55' title="bbox 1813 2230 3405 2302">
    <p class='ocr_par' dir='ltr' id='par_1_55' title="bbox 1813 2230 3405 2302">
     <span class='ocr_line' id='line_1_55' title="bbox 1813 2230 3405 2302; baseline 0.004 -16"><span class='ocrx_word' id='word_1_410' title='bbox 1813 2230 1992 2286; x_wconf 88' lang='lat' dir='ltr'><strong>thario</strong></span> <span class='ocrx_word' id='word_1_411' title='bbox 2013 2231 2230 2302; x_wconf 89' lang='lat' dir='ltr'><strong>agebat,</strong></span> <span class='ocrx_word' id='word_1_412' title='bbox 2255 2239 2527 2301; x_wconf 88' lang='lat' dir='ltr'><strong>quatenus</strong></span> <span class='ocrx_word' id='word_1_413' title='bbox 2559 2231 2855 2287; x_wconf 86' lang='lat' dir='ltr'><strong>Ecclesiam</strong></span> <span class='ocrx_word' id='word_1_414' title='bbox 2884 2234 2987 2289; x_wconf 89' lang='lat' dir='ltr'><strong>sibi</strong></span> <span class='ocrx_word' id='word_1_415' title='bbox 3027 2235 3405 2299; x_wconf 78' lang='lat' dir='ltr'><strong>commissam.</strong></span> 
     </span>
    </p>
   </div>
   <div class='ocr_carea' id='block_1_56' title="bbox 1810 2321 3401 2386">
    <p class='ocr_par' dir='ltr' id='par_1_56' title="bbox 1810 2321 3401 2386">
     <span class='ocr_line' id='line_1_56' title="bbox 1810 2321 3401 2386; baseline 0.004 -9"><span class='ocrx_word' id='word_1_416' title='bbox 1810 2328 1868 2377; x_wconf 90' lang='lat' dir='ltr'><strong>et</strong></span> <span class='ocrx_word' id='word_1_417' title='bbox 1916 2335 2047 2376; x_wconf 86' lang='lat' dir='ltr'><strong>oves</strong></span> <span class='ocrx_word' id='word_1_418' title='bbox 2091 2321 2196 2377; x_wconf 89' lang='lat' dir='ltr'><strong>sibi</strong></span> <span class='ocrx_word' id='word_1_419' title='bbox 2244 2322 2479 2378; x_wconf 90' lang='lat' dir='ltr'><strong>creditas</strong></span> <span class='ocrx_word' id='word_1_420' title='bbox 2523 2322 2818 2386; x_wconf 88' lang='lat' dir='ltr'><strong>desereret,</strong></span> <span class='ocrx_word' id='word_1_421' title='bbox 2868 2332 2928 2378; x_wconf 91' lang='lat' dir='ltr'><strong>ut</strong></span> <span class='ocrx_word' id='word_1_422' title='bbox 2965 2325 3035 2379; x_wconf 90' lang='lat' dir='ltr'><strong>ad</strong></span> <span class='ocrx_word' id='word_1_423' title='bbox 3079 2322 3401 2385; x_wconf 75' lang='lat' dir='ltr'><strong>Lotharium</strong></span> 
     </span>
    </p>
   </div>
   <div class='ocr_carea' id='block_1_57' title="bbox 1813 2411 3404 2491">
    <p class='ocr_par' dir='ltr' id='par_1_57' title="bbox 1813 2411 3404 2491">
     <span class='ocr_line' id='line_1_57' title="bbox 1813 2411 3404 2491; baseline 0.007 -25"><span class='ocrx_word' id='word_1_424' title='bbox 1813 2411 1938 2478; x_wconf 88' lang='lat' dir='ltr'><strong>iret,</strong></span> <span class='ocrx_word' id='word_1_425' title='bbox 1968 2421 2023 2469; x_wconf 91' lang='lat' dir='ltr'><strong>et</strong></span> <span class='ocrx_word' id='word_1_426' title='bbox 2050 2413 2105 2467; x_wconf 90' lang='lat' dir='ltr'><strong>in</strong></span> <span class='ocrx_word' id='word_1_427' title='bbox 2142 2427 2308 2491; x_wconf 79' lang='lat' dir='ltr'><strong>regno</strong></span> <span class='ocrx_word' id='word_1_428' title='bbox 2346 2413 2491 2469; x_wconf 90' lang='lat' dir='ltr'><strong>illius</strong></span> <span class='ocrx_word' id='word_1_429' title='bbox 2534 2414 2769 2469; x_wconf 90' lang='lat' dir='ltr'><strong>honores</strong></span> <span class='ocrx_word' id='word_1_430' title='bbox 2797 2414 3088 2471; x_wconf 84' lang='lat' dir='ltr'><strong>obtineret.</strong></span> <span class='ocrx_word' id='word_1_431' title='bbox 3116 2416 3404 2477; x_wconf 76' lang='lat' dir='ltr'><strong>Verumta-</strong></span> 
     </span>
    </p>
   </div>
   <div class='ocr_carea' id='block_1_58' title="bbox 1811 2504 3399 2569">
    <p class='ocr_par' dir='ltr' id='par_1_58' title="bbox 1811 2504 3399 2569">
     <span class='ocr_line' id='line_1_58' title="bbox 1811 2504 3399 2569; baseline 0.004 -11"><span class='ocrx_word' id='word_1_432' title='bbox 1811 2518 1957 2569; x_wconf 89' lang='lat' dir='ltr'><strong>men,</strong></span> <span class='ocrx_word' id='word_1_433' title='bbox 1983 2518 2047 2558; x_wconf 75' lang='lat' dir='ltr'><strong>ex</strong></span> <span class='ocrx_word' id='word_1_434' title='bbox 2071 2504 2173 2559; x_wconf 88' lang='lat' dir='ltr'><strong>hac</strong></span> <span class='ocrx_word' id='word_1_435' title='bbox 2199 2518 2364 2560; x_wconf 89' lang='lat' dir='ltr'><strong>causa</strong></span> <span class='ocrx_word' id='word_1_436' title='bbox 2385 2504 2587 2559; x_wconf 84' lang='lat' dir='ltr'><strong>nullam</strong></span> <span class='ocrx_word' id='word_1_437' title='bbox 2612 2505 2878 2560; x_wconf 88' lang='lat' dir='ltr'><strong>rationem</strong></span> <span class='ocrx_word' id='word_1_438' title='bbox 2902 2515 3030 2562; x_wconf 88' lang='lat' dir='ltr'><strong>tunc</strong></span> <span class='ocrx_word' id='word_1_439' title='bbox 3050 2522 3175 2565; x_wconf 89' lang='lat' dir='ltr'><strong>cum</strong></span> <span class='ocrx_word' id='word_1_440' title='bbox 3194 2506 3399 2565; x_wconf 87' lang='lat' dir='ltr'><strong>domno</strong></span> 
     </span>
    </p>
   </div>
   <div class='ocr_carea' id='block_1_59' title="bbox 1811 2596 3400 2668">
    <p class='ocr_par' dir='ltr' id='par_1_59' title="bbox 1811 2596 3400 2668">
     <span class='ocr_line' id='line_1_59' title="bbox 1811 2596 3400 2668; baseline 0.003 -20"><span class='ocrx_word' id='word_1_441' title='bbox 1811 2596 2110 2668; x_wconf 84' lang='lat' dir='ltr'><strong>regehabui</strong></span> <span class='ocrx_word' id='word_1_442' title='bbox 2135 2612 2151 2662; x_wconf 91' lang='lat'><strong>;</strong></span> <span class='ocrx_word' id='word_1_443' title='bbox 2174 2596 2270 2653; x_wconf 86' lang='lat' dir='ltr'><strong>sed</strong></span> <span class='ocrx_word' id='word_1_444' title='bbox 2294 2604 2350 2651; x_wconf 90' lang='lat' dir='ltr'><strong>et</strong></span> <span class='ocrx_word' id='word_1_445' title='bbox 2371 2596 2602 2653; x_wconf 87' lang='lat' dir='ltr'><strong>domnus</strong></span> <span class='ocrx_word' id='word_1_446' title='bbox 2632 2611 2727 2651; x_wconf 83' lang='lat' dir='ltr'><strong>rex</strong></span> <span class='ocrx_word' id='word_1_447' title='bbox 2754 2596 2889 2652; x_wconf 89' lang='lat' dir='ltr'><strong>nihil</strong></span> <span class='ocrx_word' id='word_1_448' title='bbox 2931 2596 3057 2653; x_wconf 89' lang='lat' dir='ltr'><strong>inde</strong></span> <span class='ocrx_word' id='word_1_449' title='bbox 3097 2605 3226 2653; x_wconf 88' lang='lat' dir='ltr'><strong>tunc</strong></span> <span class='ocrx_word' id='word_1_450' title='bbox 3261 2597 3400 2655; x_wconf 89' lang='lat' dir='ltr'><strong>mihi</strong></span> 
     </span>
    </p>
   </div>
   <div class='ocr_carea' id='block_1_60' title="bbox 1813 2688 3375 2745">
    <p class='ocr_par' dir='ltr' id='par_1_60' title="bbox 1813 2688 3375 2745">
     <span class='ocr_line' id='line_1_60' title="bbox 1813 2688 3375 2745; baseline 0.002 0"><span class='ocrx_word' id='word_1_451' title='bbox 1813 2688 1967 2745; x_wconf 78' lang='lat' dir='ltr'><strong>dixit.</strong></span> <span class='ocrx_word' id='word_1_452' title='bbox 3368 2696 3375 2701; x_wconf 86' lang='grc'>’</span> 
     </span>
    </p>
   </div>
   <div class='ocr_carea' id='block_1_61' title="bbox 2389 2778 2817 2836">
    <p class='ocr_par' dir='ltr' id='par_1_61' title="bbox 2389 2778 2817 2836">
     <span class='ocr_line' id='line_1_61' title="bbox 2389 2778 2817 2836; baseline -0.005 0"><span class='ocrx_word' id='word_1_453' title='bbox 2389 2778 2616 2836; x_wconf 83' lang='lat' dir='ltr'><strong>CAPUT</strong></span> <span class='ocrx_word' id='word_1_454' title='bbox 2657 2778 2817 2836; x_wconf 77' lang='lat' dir='ltr'><strong>XVII.</strong></span> 
     </span>
    </p>
   </div>
   <div class='ocr_carea' id='block_1_62' title="bbox 1813 2890 3402 2963">
    <p class='ocr_par' dir='ltr' id='par_1_62' title="bbox 1813 2890 3402 2963">
     <span class='ocr_line' id='line_1_62' title="bbox 1813 2890 3402 2963; baseline 0.002 -17"><span class='ocrx_word' id='word_1_455' title='bbox 1813 2890 1968 2963; x_wconf 75' lang='lat' dir='ltr'><strong>Quod</strong></span> <span class='ocrx_word' id='word_1_456' title='bbox 2017 2902 2133 2962; x_wconf 80' lang='lat' dir='ltr'><strong>post</strong></span> <span class='ocrx_word' id='word_1_457' title='bbox 2180 2893 2361 2963; x_wconf 63' lang='lat' dir='ltr'><strong>fugam</strong></span> <span class='ocrx_word' id='word_1_458' title='bbox 2407 2890 2700 2947; x_wconf 81' lang='lat' dir='ltr'><strong>llincmaro</strong></span> <span class='ocrx_word' id='word_1_459' title='bbox 2743 2891 3020 2947; x_wconf 81' lang='lat' dir='ltr'><strong>Rhemensi</strong></span> <span class='ocrx_word' id='word_1_460' title='bbox 3070 2907 3164 2963; x_wconf 78' lang='lat' dir='ltr'><strong>per</strong></span> <span class='ocrx_word' id='word_1_461' title='bbox 3195 2891 3402 2949; x_wconf 76' lang='lat' dir='ltr'><strong>litteras</strong></span> 
     </span>
    </p>
   </div>
   <div class='ocr_carea' id='block_1_63' title="bbox 1879 2909 3402 3036">
    <p class='ocr_par' dir='ltr' id='par_1_63' title="bbox 1879 2909 3402 3036">
     <span class='ocr_line' id='line_1_63' title="bbox 1879 2909 3402 2963; baseline 0.002 -17"><span class='ocrx_word' id='word_1_462' title='bbox 1879 2909 1966 2946; x_wconf 80' lang='lat' dir='ltr'><strong>toa</strong></span> <span class='ocrx_word' id='word_1_463' title='bbox 2017 2909 2133 2962; x_wconf 79' lang='lat' dir='ltr'><strong>post</strong></span> <span class='ocrx_word' id='word_1_464' title='bbox 2180 2909 2361 2963; x_wconf 60' lang='lat' dir='ltr'><strong>[ngam</strong></span> <span class='ocrx_word' id='word_1_465' title='bbox 2407 2909 2700 2947; x_wconf 82' lang='lat' dir='ltr'><strong>mncmaro</strong></span> <span class='ocrx_word' id='word_1_466' title='bbox 2743 2909 3019 2947; x_wconf 80' lang='lat' dir='ltr'><strong>unemenst</strong></span> <span class='ocrx_word' id='word_1_467' title='bbox 3105 2909 3164 2947; x_wconf 78' lang='lat' dir='ltr'><strong>er</strong></span> <span class='ocrx_word' id='word_1_468' title='bbox 3195 2909 3402 2949; x_wconf 72' lang='lat' dir='ltr'><strong>“ueras</strong></span> 
     </span>
     <span class='ocr_line' id='line_1_64' title="bbox 1879 2909 3402 3036; baseline 0.001 -19"><span class='ocrx_word' id='word_1_469' title='bbox 1879 2962 2285 3036; x_wconf 73' lang='lat' dir='ltr'><strong>signiﬁcavit__se</strong></span> <span class='ocrx_word' id='word_1_470' title='bbox 2326 2962 2547 3036; x_wconf 75' lang='lat' dir='ltr'><strong>Romam</strong></span> <span class='ocrx_word' id='word_1_471' title='bbox 2574 2979 2789 3017; x_wconf 81' lang='lat' dir='ltr'><strong>evocare</strong></span> <span class='ocrx_word' id='word_1_472' title='bbox 2827 2980 2861 3016; x_wconf 93' lang='lat' dir='ltr'><strong>a</strong></span> <span class='ocrx_word' id='word_1_473' title='bbox 2898 2909 3402 3036; x_wconf 43' lang='lat' dir='ltr'><strong>pontiﬁcaquibus</strong></span> 
     </span>
    </p>
   </div>
   <div class='ocr_carea' id='block_1_64' title="bbox 1884 3031 3404 3104">
    <p class='ocr_par' dir='ltr' id='par_1_64' title="bbox 1884 3031 3404 3104">
     <span class='ocr_line' id='line_1_65' title="bbox 1884 3031 3404 3104; baseline 0.001 -18"><span class='ocrx_word' id='word_1_474' title='bbox 1884 3031 1949 3086; x_wconf 86' lang='lat' dir='ltr'><strong>ab</strong></span> <span class='ocrx_word' id='word_1_475' title='bbox 1973 3032 2149 3086; x_wconf 78' lang='lat' dir='ltr'><strong>eodem</strong></span> <span class='ocrx_word' id='word_1_476' title='bbox 2180 3031 2454 3104; x_wconf 80' lang='lat' dir='ltr'><strong>Rhemensi</strong></span> <span class='ocrx_word' id='word_1_477' title='bbox 2478 3049 2781 3102; x_wconf 81' lang='lat' dir='ltr'><strong>responsum</strong></span> <span class='ocrx_word' id='word_1_478' title='bbox 2817 3031 2914 3087; x_wconf 77' lang='lat' dir='ltr'><strong>est.</strong></span> <span class='ocrx_word' id='word_1_479' title='bbox 2950 3031 3017 3087; x_wconf 84' lang='lat' dir='ltr'><strong>Et</strong></span> <span class='ocrx_word' id='word_1_480' title='bbox 3046 3031 3191 3104; x_wconf 78' lang='lat' dir='ltr'><strong>quod</strong></span> <span class='ocrx_word' id='word_1_481' title='bbox 3220 3031 3404 3089; x_wconf 69' lang='lat' dir='ltr'><strong>contra</strong></span> 
     </span>
    </p>
   </div>
   <div class='ocr_carea' id='block_1_65' title="bbox 1883 3103 2632 3172">
    <p class='ocr_par' dir='ltr' id='par_1_65' title="bbox 1883 3103 2632 3172">
     <span class='ocr_line' id='line_1_66' title="bbox 1883 3103 2632 3172; baseline 0 -17"><span class='ocrx_word' id='word_1_482' title='bbox 1883 3117 2036 3156; x_wconf 78' lang='lat' dir='ltr'><strong>suam</strong></span> <span class='ocrx_word' id='word_1_483' title='bbox 2065 3103 2441 3172; x_wconf 75' lang='lat' dir='ltr'><strong>professionem</strong></span> <span class='ocrx_word' id='word_1_484' title='bbox 2473 3105 2632 3157; x_wconf 83' lang='lat' dir='ltr'><strong>venit.</strong></span> 
     </span>
    </p>
   </div>
   <div class='ocr_carea' id='block_1_66' title="bbox 1878 3233 3400 3313">
    <p class='ocr_par' dir='ltr' id='par_1_66' title="bbox 1878 3233 3400 3313">
     <span class='ocr_line' id='line_1_67' title="bbox 1878 3233 3400 3313; baseline 0.005 -24"><span class='ocrx_word' id='word_1_485' title='bbox 1878 3233 1928 3289; x_wconf 89' lang='lat' dir='ltr'><strong>Is</strong></span> <span class='ocrx_word' id='word_1_486' title='bbox 1973 3244 2155 3291; x_wconf 89' lang='lat' dir='ltr'><strong>autem</strong></span> <span class='ocrx_word' id='word_1_487' title='bbox 2213 3234 2384 3291; x_wconf 87' lang='lat' dir='ltr'><strong>frater</strong></span> <span class='ocrx_word' id='word_1_488' title='bbox 2441 3233 2788 3300; x_wconf 82' lang='lat' dir='ltr'><strong>Hincmarus,</strong></span> <span class='ocrx_word' id='word_1_489' title='bbox 2850 3245 3141 3313; x_wconf 78' lang='lat' dir='ltr'><strong>postquam</strong></span> <span class='ocrx_word' id='word_1_490' title='bbox 3193 3238 3400 3296; x_wconf 78' lang='lat' dir='ltr'><strong>electos</strong></span> 
     </span>
    </p>
   </div>
   <div class='ocr_carea' id='block_1_67' title="bbox 100 3325 3399 3403">
    <p class='ocr_par' dir='ltr' id='par_1_67' title="bbox 100 3325 3399 3403">
     <span class='ocr_line' id='line_1_68' title="bbox 100 3325 3399 3403; baseline 0.002 -25"><span class='ocrx_word' id='word_1_491' title='bbox 100 3325 283 3397; x_wconf 81' lang='lat' dir='ltr'><strong>fugit,</strong></span> <span class='ocrx_word' id='word_1_492' title='bbox 305 3329 565 3397; x_wconf 89' lang='lat' dir='ltr'><strong>quoniam</strong></span> <span class='ocrx_word' id='word_1_493' title='bbox 595 3346 700 3385; x_wconf 93' lang='lat' dir='ltr'><strong>non</strong></span> <span class='ocrx_word' id='word_1_494' title='bbox 722 3340 808 3387; x_wconf 89' lang='lat' dir='ltr'><strong>est</strong></span> <span class='ocrx_word' id='word_1_495' title='bbox 821 3331 871 3386; x_wconf 90' lang='lat' dir='ltr'><strong>ei</strong></span> <span class='ocrx_word' id='word_1_496' title='bbox 900 3347 1034 3387; x_wconf 88' lang='lat' dir='ltr'><strong>cura</strong></span> <span class='ocrx_word' id='word_1_497' title='bbox 1066 3332 1133 3388; x_wconf 90' lang='lat' dir='ltr'><strong>de</strong></span> <span class='ocrx_word' id='word_1_498' title='bbox 1159 3331 1351 3387; x_wconf 90' lang='lat' dir='ltr'><strong>ovibus</strong></span> <span class='ocrx_word' id='word_1_499' title='bbox 1374 3329 1647 3403; x_wconf 56' lang='lat' dir='ltr'><strong>(lanna).</strong></span> <span class='ocrx_word' id='word_1_500' title='bbox 1684 3350 1705 3384; x_wconf 74' lang='grc' dir='ltr'><strong>ι</strong></span> <span class='ocrx_word' id='word_1_501' title='bbox 1800 3326 2033 3399; x_wconf 73' lang='lat' dir='ltr'><strong>iudices,</strong></span> <span class='ocrx_word' id='word_1_502' title='bbox 2055 3343 2088 3381; x_wconf 92' lang='lat' dir='ltr'><strong>a</strong></span> <span class='ocrx_word' id='word_1_503' title='bbox 2116 3342 2203 3382; x_wconf 88' lang='lat' dir='ltr'><strong>me</strong></span> <span class='ocrx_word' id='word_1_504' title='bbox 2228 3326 2573 3398; x_wconf 88' lang='lat' dir='ltr'><strong>regulariter,</strong></span> <span class='ocrx_word' id='word_1_505' title='bbox 2602 3335 2663 3381; x_wconf 94' lang='lat' dir='ltr'><strong>ut</strong></span> <span class='ocrx_word' id='word_1_506' title='bbox 2697 3327 2913 3398; x_wconf 86' lang='lat' dir='ltr'><strong>scripsi.</strong></span> <span class='ocrx_word' id='word_1_507' title='bbox 2950 3329 3106 3383; x_wconf 89' lang='lat' dir='ltr'><strong>datos</strong></span> <span class='ocrx_word' id='word_1_508' title='bbox 3141 3329 3245 3387; x_wconf 84' lang='lat' dir='ltr'><strong>sibi</strong></span> <span class='ocrx_word' id='word_1_509' title='bbox 3276 3346 3399 3386; x_wconf 84' lang='lat' dir='ltr'><strong>sus-</strong></span> 
     </span>
    </p>
   </div>
   <div class='ocr_carea' id='block_1_68' title="bbox 694 3440 1111 3523">
    <p class='ocr_par' dir='ltr' id='par_1_68' title="bbox 694 3440 1111 3523">
     <span class='ocr_line' id='line_1_69' title="bbox 694 3440 1111 3523; baseline -0.005 -26"><span class='ocrx_word' id='word_1_510' title='bbox 694 3514 697 3523; x_wconf 13' lang='grc' dir='ltr'><em>Α</em></span> <span class='ocrx_word' id='word_1_511' title='bbox 728 3440 956 3499; x_wconf 82' lang='lat' dir='ltr'><strong>CAPUT</strong></span> <span class='ocrx_word' id='word_1_512' title='bbox 993 3441 1111 3497; x_wconf 82' lang='lat' dir='ltr'><strong>xv.</strong></span> 
     </span>
    </p>
   </div>
   <div class='ocr_carea' id='block_1_69' title="bbox 96 3528 1709 3603">
    <p class='ocr_par' dir='ltr' id='par_1_69' title="bbox 96 3528 1709 3603">
     <span class='ocr_line' id='line_1_70' title="bbox 96 3528 1709 3603; baseline 0.002 -19"><span class='ocrx_word' id='word_1_513' title='bbox 96 3528 280 3597; x_wconf 74' lang='lat' dir='ltr'><strong>Quod</strong></span> <span class='ocrx_word' id='word_1_514' title='bbox 303 3545 384 3583; x_wconf 72' lang='lat' dir='ltr'><strong>res</strong></span> <span class='ocrx_word' id='word_1_515' title='bbox 408 3528 657 3603; x_wconf 70' lang='lat' dir='ltr'><strong>Ecclesia:</strong></span> <span class='ocrx_word' id='word_1_516' title='bbox 690 3548 806 3602; x_wconf 63' lang='lat' dir='ltr'><strong>quae</strong></span> <span class='ocrx_word' id='word_1_517' title='bbox 836 3532 1432 3603; x_wconf 77' lang='lat' dir='ltr'><strong>controvertuntur,regi</strong></span> <span class='ocrx_word' id='word_1_518' title='bbox 1459 3532 1709 3587; x_wconf 74' lang='lat' dir='ltr'><strong>concessit</strong></span> 
     </span>
    </p>
   </div>
   <div class='ocr_carea' id='block_1_70' title="bbox 586 3599 1241 3657">
    <p class='ocr_par' dir='ltr' id='par_1_70' title="bbox 586 3599 1241 3657">
     <span class='ocr_line' id='line_1_71' title="bbox 586 3599 1241 3657; baseline 0.006 -4"><span class='ocrx_word' id='word_1_519' title='bbox 586 3599 918 3655; x_wconf 78' lang='lat' dir='ltr'><strong>Nortmanno</strong></span> <span class='ocrx_word' id='word_1_520' title='bbox 938 3603 1241 3657; x_wconf 67' lang='lat' dir='ltr'><strong>tradendae.</strong></span> 
     </span>
    </p>
   </div>
   <div class='ocr_carea' id='block_1_71' title="bbox 174 3690 1709 3760">
    <p class='ocr_par' dir='ltr' id='par_1_71' title="bbox 174 3690 1709 3760">
     <span class='ocr_line' id='line_1_72' title="bbox 174 3690 1709 3760; baseline 0.001 -15"><span class='ocrx_word' id='word_1_521' title='bbox 174 3691 268 3745; x_wconf 86' lang='lat' dir='ltr'><strong>De</strong></span> <span class='ocrx_word' id='word_1_522' title='bbox 293 3704 358 3744; x_wconf 87' lang='lat' dir='ltr'><strong>eo</strong></span> <span class='ocrx_word' id='word_1_523' title='bbox 384 3690 527 3759; x_wconf 89' lang='lat' dir='ltr'><strong>quod</strong></span> <span class='ocrx_word' id='word_1_524' title='bbox 561 3690 798 3760; x_wconf 87' lang='lat' dir='ltr'><strong>scripsit,</strong></span> <span class='ocrx_word' id='word_1_525' title='bbox 826 3707 913 3747; x_wconf 91' lang='lat' dir='ltr'><strong>me</strong></span> <span class='ocrx_word' id='word_1_526' title='bbox 943 3692 1083 3746; x_wconf 91' lang='lat' dir='ltr'><strong>scire</strong></span> <span class='ocrx_word' id='word_1_527' title='bbox 1112 3692 1359 3747; x_wconf 86' lang='lat' dir='ltr'><strong>eamdem</strong></span> <span class='ocrx_word' id='word_1_528' title='bbox 1396 3692 1582 3747; x_wconf 85' lang='lat' dir='ltr'><strong>villam</strong></span> <span class='ocrx_word' id='word_1_529' title='bbox 1631 3691 1709 3747; x_wconf 90' lang='lat' dir='ltr'><strong>illi</strong></span> 
     </span>
    </p>
   </div>
   <div class='ocr_carea' id='block_1_72' title="bbox 91 3779 1711 3851">
    <p class='ocr_par' dir='ltr' id='par_1_72' title="bbox 91 3779 1711 3851">
     <span class='ocr_line' id='line_1_73' title="bbox 91 3779 1711 3851; baseline -0.001 -12"><span class='ocrx_word' id='word_1_530' title='bbox 91 3779 472 3839; x_wconf 83' lang='lat' dir='ltr'><strong>concessione</strong></span> <span class='ocrx_word' id='word_1_531' title='bbox 521 3781 689 3851; x_wconf 85' lang='lat' dir='ltr'><strong>regia,</strong></span> <span class='ocrx_word' id='word_1_532' title='bbox 723 3789 780 3836; x_wconf 89' lang='lat' dir='ltr'><strong>et</strong></span> <span class='ocrx_word' id='word_1_533' title='bbox 828 3782 1120 3851; x_wconf 90' lang='lat' dir='ltr'><strong>apostolica</strong></span> <span class='ocrx_word' id='word_1_534' title='bbox 1166 3783 1332 3837; x_wconf 88' lang='lat' dir='ltr'><strong>etiam</strong></span> <span class='ocrx_word' id='word_1_535' title='bbox 1381 3783 1711 3839; x_wconf 86' lang='lat' dir='ltr'><strong>auctoritate</strong></span> 
     </span>
    </p>
   </div>
   <div class='ocr_carea' id='block_1_73' title="bbox 93 3868 1707 3944">
    <p class='ocr_par' dir='ltr' id='par_1_73' title="bbox 93 3868 1707 3944">
     <span class='ocr_line' id='line_1_74' title="bbox 93 3868 1707 3944; baseline 0.001 -15"><span class='ocrx_word' id='word_1_536' title='bbox 93 3873 217 3929; x_wconf 81' lang='lat' dir='ltr'><strong>sibi</strong></span> <span class='ocrx_word' id='word_1_537' title='bbox 251 3868 537 3937; x_wconf 87' lang='lat' dir='ltr'><strong>redditam,</strong></span> <span class='ocrx_word' id='word_1_538' title='bbox 567 3871 711 3942; x_wconf 92' lang='lat' dir='ltr'><strong>quod</strong></span> <span class='ocrx_word' id='word_1_539' title='bbox 741 3872 796 3926; x_wconf 94' lang='lat' dir='ltr'><strong>in</strong></span> <span class='ocrx_word' id='word_1_540' title='bbox 827 3874 944 3943; x_wconf 87' lang='lat' dir='ltr'><strong>ejus</strong></span> <span class='ocrx_word' id='word_1_541' title='bbox 972 3874 1169 3928; x_wconf 86' lang='lat' dir='ltr'><strong>litteris</strong></span> <span class='ocrx_word' id='word_1_542' title='bbox 1188 3872 1434 3944; x_wconf 89' lang='lat' dir='ltr'><strong>legi,hoc</strong></span> <span class='ocrx_word' id='word_1_543' title='bbox 1453 3889 1539 3929; x_wconf 90' lang='lat' dir='ltr'><strong>me</strong></span> <span class='ocrx_word' id='word_1_544' title='bbox 1565 3875 1707 3933; x_wconf 88' lang='lat' dir='ltr'><strong>scire</strong></span> 
     </span>
    </p>
   </div>
   <div class='ocr_carea' id='block_1_74' title="bbox 97 3961 1703 4035">
    <p class='ocr_par' dir='ltr' id='par_1_74' title="bbox 97 3961 1703 4035">
     <span class='ocr_line' id='line_1_75' title="bbox 97 3961 1703 4035; baseline 0.001 -14"><span class='ocrx_word' id='word_1_545' title='bbox 97 3980 225 4021; x_wconf 83' lang='lat' dir='ltr'><strong>non</strong></span> <span class='ocrx_word' id='word_1_546' title='bbox 255 3961 483 4033; x_wconf 86' lang='lat' dir='ltr'><strong>denego.</strong></span> <span class='ocrx_word' id='word_1_547' title='bbox 519 3962 662 4018; x_wconf 92' lang='lat' dir='ltr'><strong>Dicit</strong></span> <span class='ocrx_word' id='word_1_548' title='bbox 685 3963 831 4020; x_wconf 91' lang='lat' dir='ltr'><strong>enim</strong></span> <span class='ocrx_word' id='word_1_549' title='bbox 873 3965 969 4029; x_wconf 89' lang='lat' dir='ltr'><strong>ibi,</strong></span> <span class='ocrx_word' id='word_1_550' title='bbox 1015 3965 1086 4020; x_wconf 90' lang='lat' dir='ltr'><strong>ad</strong></span> <span class='ocrx_word' id='word_1_551' title='bbox 1115 3965 1435 4035; x_wconf 84' lang='lat' dir='ltr'><strong>petitionem</strong></span> <span class='ocrx_word' id='word_1_552' title='bbox 1464 3965 1703 4022; x_wconf 84' lang='lat' dir='ltr'><strong>virorum</strong></span> 
     </span>
    </p>
   </div>
   <div class='ocr_carea' id='block_1_75' title="bbox 96 4053 1702 4119">
    <p class='ocr_par' dir='ltr' id='par_1_75' title="bbox 96 4053 1702 4119">
     <span class='ocr_line' id='line_1_76' title="bbox 96 4053 1702 4119; baseline -0.001 -8"><span class='ocrx_word' id='word_1_553' title='bbox 96 4053 445 4111; x_wconf 78' lang='lat' dir='ltr'><strong>venerabilis</strong></span> <span class='ocrx_word' id='word_1_554' title='bbox 473 4053 750 4110; x_wconf 77' lang='lat' dir='ltr'><strong>memoria:</strong></span> <span class='ocrx_word' id='word_1_555' title='bbox 781 4053 1035 4118; x_wconf 85' lang='lat' dir='ltr'><strong>Conradi,</strong></span> <span class='ocrx_word' id='word_1_556' title='bbox 1077 4067 1130 4109; x_wconf 91' lang='lat' dir='ltr'><strong>et</strong></span> <span class='ocrx_word' id='word_1_557' title='bbox 1180 4053 1411 4119; x_wconf 85' lang='lat' dir='ltr'><strong>Rodolli,</strong></span> <span class='ocrx_word' id='word_1_558' title='bbox 1455 4071 1515 4112; x_wconf 86' lang='lat' dir='ltr'><strong>se</strong></span> <span class='ocrx_word' id='word_1_559' title='bbox 1549 4070 1702 4111; x_wconf 88' lang='lat' dir='ltr'><strong>eam-</strong></span> 
     </span>
    </p>
   </div>
   <div class='ocr_carea' id='block_1_76' title="bbox 100 4141 1700 4214">
    <p class='ocr_par' dir='ltr' id='par_1_76' title="bbox 100 4141 1700 4214">
     <span class='ocr_line' id='line_1_77' title="bbox 100 4141 1700 4214; baseline 0.001 -15"><span class='ocrx_word' id='word_1_560' title='bbox 100 4145 238 4199; x_wconf 86' lang='lat' dir='ltr'><strong>dem</strong></span> <span class='ocrx_word' id='word_1_561' title='bbox 267 4141 445 4197; x_wconf 88' lang='lat' dir='ltr'><strong>villam</strong></span> <span class='ocrx_word' id='word_1_562' title='bbox 479 4144 815 4199; x_wconf 88' lang='lat' dir='ltr'><strong>concessisse</strong></span> <span class='ocrx_word' id='word_1_563' title='bbox 860 4144 1018 4214; x_wconf 87' lang='lat' dir='ltr'><strong>regi,</strong></span> <span class='ocrx_word' id='word_1_564' title='bbox 1068 4153 1130 4199; x_wconf 92' lang='lat' dir='ltr'><strong>ut</strong></span> <span class='ocrx_word' id='word_1_565' title='bbox 1171 4159 1295 4200; x_wconf 89' lang='lat' dir='ltr'><strong>eam</strong></span> <span class='ocrx_word' id='word_1_566' title='bbox 1341 4144 1700 4212; x_wconf 88' lang='lat' dir='ltr'><strong>Nortmanno,</strong></span> 
     </span>
    </p>
   </div>
   <div class='ocr_carea' id='block_1_77' title="bbox 99 4235 1703 4308">
    <p class='ocr_par' dir='ltr' id='par_1_77' title="bbox 99 4235 1703 4308">
     <span class='ocr_line' id='line_1_78' title="bbox 99 4235 1703 4308; baseline 0.003 -19"><span class='ocrx_word' id='word_1_567' title='bbox 99 4236 204 4306; x_wconf 87' lang='lat' dir='ltr'><strong>qui</strong></span> <span class='ocrx_word' id='word_1_568' title='bbox 225 4244 390 4291; x_wconf 89' lang='lat' dir='ltr'><strong>antea</strong></span> <span class='ocrx_word' id='word_1_569' title='bbox 414 4235 558 4290; x_wconf 87' lang='lat' dir='ltr'><strong>illam</strong></span> <span class='ocrx_word' id='word_1_570' title='bbox 584 4246 849 4303; x_wconf 89' lang='lat' dir='ltr'><strong>tenuerat,</strong></span> <span class='ocrx_word' id='word_1_571' title='bbox 866 4236 1235 4292; x_wconf 81' lang='lat' dir='ltr'><strong>beneficiaret.</strong></span> <span class='ocrx_word' id='word_1_572' title='bbox 1256 4236 1703 4308; x_wconf 86' lang='lat' dir='ltr'><strong>Superadjiciens</strong></span> 
     </span>
    </p>
   </div>
   <div class='ocr_carea' id='block_1_78' title="bbox 100 4324 1699 4398">
    <p class='ocr_par' dir='ltr' id='par_1_78' title="bbox 100 4324 1699 4398">
     <span class='ocr_line' id='line_1_79' title="bbox 100 4324 1699 4398; baseline 0.001 -17"><span class='ocrx_word' id='word_1_573' title='bbox 100 4326 165 4381; x_wconf 82' lang='lat' dir='ltr'><strong>in</strong></span> <span class='ocrx_word' id='word_1_574' title='bbox 190 4324 545 4392; x_wconf 86' lang='lat' dir='ltr'><strong>responsione</strong></span> <span class='ocrx_word' id='word_1_575' title='bbox 568 4341 686 4389; x_wconf 90' lang='lat' dir='ltr'><strong>sua,</strong></span> <span class='ocrx_word' id='word_1_576' title='bbox 724 4326 848 4396; x_wconf 91' lang='lat' dir='ltr'><strong>quia</strong></span> <span class='ocrx_word' id='word_1_577' title='bbox 879 4324 922 4382; x_wconf 89' lang='lat' dir='ltr'><strong>si</strong></span> <span class='ocrx_word' id='word_1_578' title='bbox 972 4327 1143 4398; x_wconf 87' lang='lat' dir='ltr'><strong>ipsam</strong></span> <span class='ocrx_word' id='word_1_579' title='bbox 1173 4326 1355 4381; x_wconf 86' lang='lat' dir='ltr'><strong>villam</strong></span> <span class='ocrx_word' id='word_1_580' title='bbox 1387 4328 1441 4382; x_wconf 93' lang='lat' dir='ltr'><strong>in</strong></span> <span class='ocrx_word' id='word_1_581' title='bbox 1486 4329 1699 4384; x_wconf 88' lang='lat' dir='ltr'><strong>alodem</strong></span> 
     </span>
    </p>
   </div>
   <div class='ocr_carea' id='block_1_79' title="bbox 98 4413 1703 4486">
    <p class='ocr_par' dir='ltr' id='par_1_79' title="bbox 98 4413 1703 4486">
     <span class='ocr_line' id='line_1_80' title="bbox 98 4413 1703 4486; baseline 0.004 -19"><span class='ocrx_word' id='word_1_582' title='bbox 98 4413 369 4477; x_wconf 85' lang='lat' dir='ltr'><strong>haberet,</strong></span> <span class='ocrx_word' id='word_1_583' title='bbox 397 4415 654 4486; x_wconf 83' lang='lat' dir='ltr'><strong>quidquid</strong></span> <span class='ocrx_word' id='word_1_584' title='bbox 677 4417 819 4485; x_wconf 89' lang='lat' dir='ltr'><strong>regis</strong></span> <span class='ocrx_word' id='word_1_585' title='bbox 841 4426 991 4472; x_wconf 89' lang='lat' dir='ltr'><strong>esset</strong></span> <span class='ocrx_word' id='word_1_586' title='bbox 1007 4417 1304 4472; x_wconf 84' lang='lat' dir='ltr'><strong>voluntatis</strong></span> <span class='ocrx_word' id='word_1_587' title='bbox 1331 4434 1398 4472; x_wconf 85' lang='lat' dir='ltr'><strong>ex</strong></span> <span class='ocrx_word' id='word_1_588' title='bbox 1430 4434 1491 4473; x_wconf 86' lang='lat' dir='ltr'><strong>ea</strong></span> <span class='ocrx_word' id='word_1_589' title='bbox 1518 4418 1703 4475; x_wconf 82' lang='lat' dir='ltr'><strong>facere</strong></span> 
     </span>
    </p>
   </div>
   <div class='ocr_carea' id='block_1_80' title="bbox 97 4504 1700 4577">
    <p class='ocr_par' dir='ltr' id='par_1_80' title="bbox 97 4504 1700 4577">
     <span class='ocr_line' id='line_1_81' title="bbox 97 4504 1700 4577; baseline 0.005 -20"><span class='ocrx_word' id='word_1_590' title='bbox 97 4504 408 4575; x_wconf 87' lang='lat' dir='ltr'><strong>gauderet;</strong></span> <span class='ocrx_word' id='word_1_591' title='bbox 440 4506 567 4576; x_wconf 87' lang='lat' dir='ltr'><strong>quia</strong></span> <span class='ocrx_word' id='word_1_592' title='bbox 614 4506 744 4561; x_wconf 90' lang='lat' dir='ltr'><strong>illud</strong></span> <span class='ocrx_word' id='word_1_593' title='bbox 785 4518 911 4561; x_wconf 91' lang='lat' dir='ltr'><strong>voto</strong></span> <span class='ocrx_word' id='word_1_594' title='bbox 958 4508 1103 4577; x_wconf 88' lang='lat' dir='ltr'><strong>regis</strong></span> <span class='ocrx_word' id='word_1_595' title='bbox 1135 4522 1244 4561; x_wconf 90' lang='lat' dir='ltr'><strong>non</strong></span> <span class='ocrx_word' id='word_1_596' title='bbox 1290 4508 1566 4574; x_wconf 84' lang='lat' dir='ltr'><strong>ohviabat,</strong></span> <span class='ocrx_word' id='word_1_597' title='bbox 1600 4526 1700 4565; x_wconf 88' lang='lat' dir='ltr'><strong>nec</strong></span> 
     </span>
    </p>
   </div>
   <div class='ocr_carea' id='block_1_81' title="bbox 96 4578 1697 4666">
    <p class='ocr_par' dir='ltr' id='par_1_81' title="bbox 96 4578 1697 4666">
     <span class='ocr_line' id='line_1_82' title="bbox 96 4578 1697 4666; baseline 0.002 -15"><span class='ocrx_word' id='word_1_598' title='bbox 96 4595 242 4651; x_wconf 87' lang='lat' dir='ltr'><strong>inde</strong></span> <span class='ocrx_word' id='word_1_599' title='bbox 302 4596 353 4649; x_wconf 89' lang='lat' dir='ltr'><strong>ei</strong></span> <span class='ocrx_word' id='word_1_600' title='bbox 421 4597 720 4666; x_wconf 90' lang='lat' dir='ltr'><strong>periculum</strong></span> <span class='ocrx_word' id='word_1_601' title='bbox 771 4578 968 4652; x_wconf 62' lang='lat' dir='ltr'><strong>animie</strong></span> <span class='ocrx_word' id='word_1_602' title='bbox 1029 4598 1364 4655; x_wconf 89' lang='lat' dir='ltr'><strong>imminebat.</strong></span> <span class='ocrx_word' id='word_1_603' title='bbox 1427 4598 1697 4655; x_wconf 67' lang='lat' dir='ltr'><strong>Caeterum</strong></span> 
     </span>
    </p>
   </div>
   <div class='ocr_carea' id='block_1_82' title="bbox 98 4686 1699 4756">
    <p class='ocr_par' dir='ltr' id='par_1_82' title="bbox 98 4686 1699 4756">
     <span class='ocr_line' id='line_1_83' title="bbox 98 4686 1699 4756; baseline 0.004 -16"><span class='ocrx_word' id='word_1_604' title='bbox 98 4686 337 4756; x_wconf 85' lang='lat' dir='ltr'><strong>quando</strong></span> <span class='ocrx_word' id='word_1_605' title='bbox 364 4686 507 4742; x_wconf 86' lang='lat' dir='ltr'><strong>illam</strong></span> <span class='ocrx_word' id='word_1_606' title='bbox 551 4688 956 4743; x_wconf 90' lang='lat' dir='ltr'><strong>concessionem</strong></span> <span class='ocrx_word' id='word_1_607' title='bbox 995 4689 1062 4744; x_wconf 90' lang='lat' dir='ltr'><strong>de</strong></span> <span class='ocrx_word' id='word_1_608' title='bbox 1105 4690 1267 4745; x_wconf 90' lang='lat' dir='ltr'><strong>rebus</strong></span> <span class='ocrx_word' id='word_1_609' title='bbox 1291 4688 1548 4746; x_wconf 65' lang='lat' dir='ltr'><strong>Ecclesiae</strong></span> <span class='ocrx_word' id='word_1_610' title='bbox 1586 4707 1699 4747; x_wconf 82' lang='lat' dir='ltr'><strong>sua:</strong></span> 
     </span>
    </p>
   </div>
   <div class='ocr_carea' id='block_1_83' title="bbox 97 4776 1700 4852">
    <p class='ocr_par' dir='ltr' id='par_1_83' title="bbox 97 4776 1700 4852">
     <span class='ocr_line' id='line_1_84' title="bbox 97 4776 1700 4852; baseline 0.002 -19"><span class='ocrx_word' id='word_1_611' title='bbox 97 4776 268 4842; x_wconf 81' lang='lat' dir='ltr'><strong>fecit,</strong></span> <span class='ocrx_word' id='word_1_612' title='bbox 295 4793 396 4833; x_wconf 92' lang='lat' dir='ltr'><strong>nec</strong></span> <span class='ocrx_word' id='word_1_613' title='bbox 423 4793 545 4833; x_wconf 90' lang='lat' dir='ltr'><strong>mea</strong></span> <span class='ocrx_word' id='word_1_614' title='bbox 572 4778 926 4843; x_wconf 75' lang='lat' dir='ltr'><strong>conscientia,</strong></span> <span class='ocrx_word' id='word_1_615' title='bbox 958 4780 1043 4836; x_wconf 88' lang='lat' dir='ltr'><strong>vel</strong></span> <span class='ocrx_word' id='word_1_616' title='bbox 1080 4781 1525 4852; x_wconf 88' lang='lat' dir='ltr'><strong>coepiscoporum</strong></span> <span class='ocrx_word' id='word_1_617' title='bbox 1554 4782 1700 4841; x_wconf 79' lang='lat' dir='ltr'><strong>Rhe—</strong></span> 
     </span>
    </p>
   </div>
   <div class='ocr_carea' id='block_1_84' title="bbox 100 4869 1696 4945">
    <p class='ocr_par' dir='ltr' id='par_1_84' title="bbox 100 4869 1696 4945">
     <span class='ocr_line' id='line_1_85' title="bbox 100 4869 1696 4945; baseline 0.003 -21"><span class='ocrx_word' id='word_1_618' title='bbox 100 4869 321 4924; x_wconf 85' lang='lat' dir='ltr'><strong>mensis</strong></span> <span class='ocrx_word' id='word_1_619' title='bbox 350 4871 677 4939; x_wconf 72' lang='lat' dir='ltr'><strong>provincize;</strong></span> <span class='ocrx_word' id='word_1_620' title='bbox 705 4872 800 4925; x_wconf 83' lang='lat' dir='ltr'><strong>sed</strong></span> <span class='ocrx_word' id='word_1_621' title='bbox 841 4885 940 4926; x_wconf 90' lang='lat' dir='ltr'><strong>nec</strong></span> <span class='ocrx_word' id='word_1_622' title='bbox 968 4886 1090 4925; x_wconf 91' lang='lat' dir='ltr'><strong>cum</strong></span> <span class='ocrx_word' id='word_1_623' title='bbox 1114 4886 1381 4928; x_wconf 86' lang='lat' dir='ltr'><strong>consensu</strong></span> <span class='ocrx_word' id='word_1_624' title='bbox 1409 4874 1696 4945; x_wconf 84' lang='lat' dir='ltr'><strong>presbyte-</strong></span> 
     </span>
    </p>
   </div>
   <div class='ocr_carea' id='block_1_85' title="bbox 102 4960 1702 5031">
    <p class='ocr_par' dir='ltr' id='par_1_85' title="bbox 102 4960 1702 5031">
     <span class='ocr_line' id='line_1_86' title="bbox 102 4960 1702 5031; baseline 0.005 -16"><span class='ocrx_word' id='word_1_625' title='bbox 102 4976 303 5015; x_wconf 82' lang='lat' dir='ltr'><strong>rorum</strong></span> <span class='ocrx_word' id='word_1_626' title='bbox 334 4976 397 5016; x_wconf 91' lang='lat' dir='ltr'><strong>ac</strong></span> <span class='ocrx_word' id='word_1_627' title='bbox 422 4960 775 5017; x_wconf 89' lang='lat' dir='ltr'><strong>diaconorum</strong></span> <span class='ocrx_word' id='word_1_628' title='bbox 828 4960 1206 5018; x_wconf 87' lang='lat' dir='ltr'><strong>Laudunensis</strong></span> <span class='ocrx_word' id='word_1_629' title='bbox 1252 4965 1531 5031; x_wconf 65' lang='lat' dir='ltr'><strong>Ecclesiae,</strong></span> <span class='ocrx_word' id='word_1_630' title='bbox 1559 4966 1702 5023; x_wconf 88' lang='lat' dir='ltr'><strong>sicut</strong></span> 
     </span>
    </p>
   </div>
   <div class='ocr_carea' id='block_1_86' title="bbox 54 5052 1700 5125">
    <p class='ocr_par' dir='ltr' id='par_1_86' title="bbox 54 5052 1700 5125">
     <span class='ocr_line' id='line_1_87' title="bbox 54 5052 1700 5125; baseline 0.005 -20"><span class='ocrx_word' id='word_1_631' title='bbox 54 5068 63 5073; x_wconf 76' lang='grc'><em>’</em></span> <span class='ocrx_word' id='word_1_632' title='bbox 100 5053 433 5124; x_wconf 67' lang='lat' dir='ltr'><strong>praecipiunt</strong></span> <span class='ocrx_word' id='word_1_633' title='bbox 456 5052 877 5117; x_wconf 85' lang='lat' dir='ltr'><strong>canones,fecit.</strong></span> <span class='ocrx_word' id='word_1_634' title='bbox 904 5052 1013 5109; x_wconf 89' lang='lat' dir='ltr'><strong>Sed</strong></span> <span class='ocrx_word' id='word_1_635' title='bbox 1039 5064 1095 5108; x_wconf 91' lang='lat' dir='ltr'><strong>et</strong></span> <span class='ocrx_word' id='word_1_636' title='bbox 1122 5056 1226 5110; x_wconf 89' lang='lat' dir='ltr'><strong>hoc</strong></span> <span class='ocrx_word' id='word_1_637' title='bbox 1254 5057 1379 5112; x_wconf 91' lang='lat' dir='ltr'><strong>inde</strong></span> <span class='ocrx_word' id='word_1_638' title='bbox 1401 5059 1540 5120; x_wconf 88' lang='lat' dir='ltr'><strong>scio,</strong></span> <span class='ocrx_word' id='word_1_639' title='bbox 1557 5058 1700 5125; x_wconf 86' lang='lat' dir='ltr'><strong>quod</strong></span> 
     </span>
    </p>
   </div>
   <div class='ocr_carea' id='block_1_87' title="bbox 102 5142 1698 5217">
    <p class='ocr_par' dir='ltr' id='par_1_87' title="bbox 102 5142 1698 5217">
     <span class='ocr_line' id='line_1_88' title="bbox 102 5142 1698 5217; baseline 0.004 -21"><span class='ocrx_word' id='word_1_640' title='bbox 102 5143 375 5197; x_wconf 87' lang='lat' dir='ltr'><strong>indemni</strong></span> <span class='ocrx_word' id='word_1_641' title='bbox 418 5142 700 5212; x_wconf 90' lang='lat' dir='ltr'><strong>apostolici</strong></span> <span class='ocrx_word' id='word_1_642' title='bbox 746 5142 973 5211; x_wconf 87' lang='lat' dir='ltr'><strong>epistola</strong></span> <span class='ocrx_word' id='word_1_643' title='bbox 1022 5143 1218 5200; x_wconf 77' lang='lat' dir='ltr'><strong>exinde</strong></span> <span class='ocrx_word' id='word_1_644' title='bbox 1266 5145 1390 5217; x_wconf 89' lang='lat' dir='ltr'><strong>legi.</strong></span> <span class='ocrx_word' id='word_1_645' title='bbox 1445 5147 1515 5201; x_wconf 88' lang='lat' dir='ltr'><strong>Et</strong></span> <span class='ocrx_word' id='word_1_646' title='bbox 1571 5148 1698 5214; x_wconf 88' lang='lat' dir='ltr'><strong>quia</strong></span> 
     </span>
    </p>
   </div>
   <div class='ocr_carea' id='block_1_88' title="bbox 101 5232 1703 5306">
    <p class='ocr_par' dir='ltr' id='par_1_88' title="bbox 101 5232 1703 5306">
     <span class='ocr_line' id='line_1_89' title="bbox 101 5232 1703 5306; baseline 0.004 -20"><span class='ocrx_word' id='word_1_647' title='bbox 101 5232 328 5303; x_wconf 81' lang='lat' dir='ltr'><strong>quando</strong></span> <span class='ocrx_word' id='word_1_648' title='bbox 369 5233 708 5288; x_wconf 85' lang='lat' dir='ltr'><strong>Nortmanno</strong></span> <span class='ocrx_word' id='word_1_649' title='bbox 742 5233 913 5302; x_wconf 90' lang='lat' dir='ltr'><strong>ipsam</strong></span> <span class='ocrx_word' id='word_1_650' title='bbox 954 5236 1239 5306; x_wconf 87' lang='lat' dir='ltr'><strong>epistolam</strong></span> <span class='ocrx_word' id='word_1_651' title='bbox 1279 5238 1588 5299; x_wconf 87' lang='lat' dir='ltr'><strong>ostendam,</strong></span> <span class='ocrx_word' id='word_1_652' title='bbox 1620 5238 1703 5292; x_wconf 83' lang='lat' dir='ltr'><strong>di-</strong></span> 
     </span>
    </p>
   </div>
   <div class='ocr_carea' id='block_1_89' title="bbox 1808 3416 3403 3493">
    <p class='ocr_par' dir='ltr' id='par_1_89' title="bbox 1808 3416 3403 3493">
     <span class='ocr_line' id='line_1_90' title="bbox 1808 3416 3403 3493; baseline 0.003 -22"><span class='ocrx_word' id='word_1_653' title='bbox 1808 3416 1974 3485; x_wconf 90' lang='lat' dir='ltr'><strong>cepit,</strong></span> <span class='ocrx_word' id='word_1_654' title='bbox 2020 3424 2076 3471; x_wconf 90' lang='lat' dir='ltr'><strong>et</strong></span> <span class='ocrx_word' id='word_1_655' title='bbox 2111 3417 2326 3471; x_wconf 87' lang='lat' dir='ltr'><strong>incaute</strong></span> <span class='ocrx_word' id='word_1_656' title='bbox 2372 3431 2437 3470; x_wconf 89' lang='lat' dir='ltr'><strong>ac</strong></span> <span class='ocrx_word' id='word_1_657' title='bbox 2484 3418 2766 3473; x_wconf 90' lang='lat' dir='ltr'><strong>inhoneste</strong></span> <span class='ocrx_word' id='word_1_658' title='bbox 2820 3427 2980 3472; x_wconf 89' lang='lat' dir='ltr'><strong>noctu</strong></span> <span class='ocrx_word' id='word_1_659' title='bbox 3046 3419 3168 3488; x_wconf 86' lang='lat' dir='ltr'><strong>fuga</strong></span> <span class='ocrx_word' id='word_1_660' title='bbox 3216 3419 3403 3493; x_wconf 84' lang='lat' dir='ltr'><strong>lapsus</strong></span> 
     </span>
    </p>
   </div>
   <div class='ocr_carea' id='block_1_90' title="bbox 1808 3504 3402 3574">
    <p class='ocr_par' dir='ltr' id='par_1_90' title="bbox 1808 3504 3402 3574">
     <span class='ocr_line' id='line_1_91' title="bbox 1808 3504 3402 3574; baseline 0.004 -14"><span class='ocrx_word' id='word_1_661' title='bbox 1808 3504 2093 3566; x_wconf 85' lang='lat' dir='ltr'><strong>abscessit,</strong></span> <span class='ocrx_word' id='word_1_662' title='bbox 2132 3506 2446 3574; x_wconf 89' lang='lat' dir='ltr'><strong>pitaciolum</strong></span> <span class='ocrx_word' id='word_1_663' title='bbox 2477 3507 2922 3563; x_wconf 88' lang='lat' dir='ltr'><strong>irrationabiliter</strong></span> <span class='ocrx_word' id='word_1_664' title='bbox 2962 3508 3289 3573; x_wconf 86' lang='lat' dir='ltr'><strong>confectum.</strong></span> <span class='ocrx_word' id='word_1_665' title='bbox 3343 3521 3402 3567; x_wconf 85' lang='lat' dir='ltr'><strong>et</strong></span> 
     </span>
    </p>
   </div>
   <div class='ocr_carea' id='block_1_91' title="bbox 1808 3596 3403 3667">
    <p class='ocr_par' dir='ltr' id='par_1_91' title="bbox 1808 3596 3403 3667">
     <span class='ocr_line' id='line_1_92' title="bbox 1808 3596 3403 3667; baseline 0.005 -19"><span class='ocrx_word' id='word_1_666' title='bbox 1808 3608 1969 3648; x_wconf 90' lang='lat' dir='ltr'><strong>manu</strong></span> <span class='ocrx_word' id='word_1_667' title='bbox 1999 3608 2097 3647; x_wconf 87' lang='lat' dir='ltr'><strong>sua</strong></span> <span class='ocrx_word' id='word_1_668' title='bbox 2137 3596 2521 3665; x_wconf 88' lang='lat' dir='ltr'><strong>subscriptum,</strong></span> <span class='ocrx_word' id='word_1_669' title='bbox 2564 3612 2628 3651; x_wconf 86' lang='lat' dir='ltr'><strong>ac</strong></span> <span class='ocrx_word' id='word_1_670' title='bbox 2672 3597 3261 3667; x_wconf 15' lang='lat' dir='ltr'><strong>praefattesprofessioni</strong></span> <span class='ocrx_word' id='word_1_671' title='bbox 3286 3614 3403 3656; x_wconf 69' lang='lat' dir='ltr'><strong>sum</strong></span> 
     </span>
    </p>
   </div>
   <div class='ocr_carea' id='block_1_92' title="bbox 1809 3688 3399 3757">
    <p class='ocr_par' dir='ltr' id='par_1_92' title="bbox 1809 3688 3399 3757">
     <span class='ocr_line' id='line_1_93' title="bbox 1809 3688 3399 3757; baseline 0.004 -14"><span class='ocrx_word' id='word_1_672' title='bbox 1809 3700 2200 3757; x_wconf 86' lang='lat' dir='ltr'><strong>usquequaque</strong></span> <span class='ocrx_word' id='word_1_673' title='bbox 2247 3688 2605 3754; x_wconf 89' lang='lat' dir='ltr'><strong>contrarium,</strong></span> <span class='ocrx_word' id='word_1_674' title='bbox 2652 3703 2749 3757; x_wconf 87' lang='lat' dir='ltr'><strong>per</strong></span> <span class='ocrx_word' id='word_1_675' title='bbox 2792 3689 3175 3746; x_wconf 84' lang='lat' dir='ltr'><strong>Ermenoldum</strong></span> <span class='ocrx_word' id='word_1_676' title='bbox 3214 3692 3399 3749; x_wconf 83' lang='lat' dir='ltr'><strong>diaco-</strong></span> 
     </span>
    </p>
   </div>
   <div class='ocr_carea' id='block_1_93' title="bbox 1807 3777 3397 3849">
    <p class='ocr_par' dir='ltr' id='par_1_93' title="bbox 1807 3777 3397 3849">
     <span class='ocr_line' id='line_1_94' title="bbox 1807 3777 3397 3849; baseline 0.008 -20"><span class='ocrx_word' id='word_1_677' title='bbox 1807 3790 1937 3830; x_wconf 90' lang='lat' dir='ltr'><strong>num</strong></span> <span class='ocrx_word' id='word_1_678' title='bbox 1968 3791 2123 3830; x_wconf 89' lang='lat' dir='ltr'><strong>suum</strong></span> <span class='ocrx_word' id='word_1_679' title='bbox 2162 3793 2217 3831; x_wconf 89' lang='lat' dir='ltr'><strong>vt</strong></span> <span class='ocrx_word' id='word_1_680' title='bbox 2260 3777 2399 3834; x_wconf 87' lang='lat' dir='ltr'><strong>Non.</strong></span> <span class='ocrx_word' id='word_1_681' title='bbox 2441 3779 2549 3837; x_wconf 75' lang='lat' dir='ltr'><strong>Jul.</strong></span> <span class='ocrx_word' id='word_1_682' title='bbox 2593 3796 2653 3836; x_wconf 86' lang='lat' dir='ltr'><strong>Ill</strong></span> <span class='ocrx_word' id='word_1_683' title='bbox 2690 3781 2879 3837; x_wconf 91' lang='lat' dir='ltr'><strong>indict.</strong></span> <span class='ocrx_word' id='word_1_684' title='bbox 2911 3782 3047 3838; x_wconf 88' lang='lat' dir='ltr'><strong>mihi</strong></span> <span class='ocrx_word' id='word_1_685' title='bbox 3074 3785 3397 3849; x_wconf 77' lang='lat' dir='ltr'><strong>transmisit,</strong></span> 
     </span>
    </p>
   </div>
   <div class='ocr_carea' id='block_1_94' title="bbox 1804 3867 3397 3945">
    <p class='ocr_par' dir='ltr' id='par_1_94' title="bbox 1804 3867 3397 3945">
     <span class='ocr_line' id='line_1_95' title="bbox 1804 3867 3397 3945; baseline 0.009 -25"><span class='ocrx_word' id='word_1_686' title='bbox 1804 3867 1949 3937; x_wconf 90' lang='lat' dir='ltr'><strong>quod</strong></span> <span class='ocrx_word' id='word_1_687' title='bbox 1977 3870 2052 3922; x_wconf 90' lang='lat' dir='ltr'><strong>ita</strong></span> <span class='ocrx_word' id='word_1_688' title='bbox 2094 3884 2153 3923; x_wconf 93' lang='lat' dir='ltr'><strong>se</strong></span> <span class='ocrx_word' id='word_1_689' title='bbox 2200 3869 2410 3927; x_wconf 88' lang='lat' dir='ltr'><strong>habet:</strong></span> <span class='ocrx_word' id='word_1_690' title='bbox 2466 3892 2485 3924; x_wconf 82' lang='lat'><strong>(</strong></span> <span class='ocrx_word' id='word_1_691' title='bbox 2539 3874 3013 3945; x_wconf 76' lang='lat' dir='ltr'><strong>Reverendissimo</strong></span> <span class='ocrx_word' id='word_1_692' title='bbox 3065 3876 3397 3937; x_wconf 81' lang='lat' dir='ltr'><strong>Rhemorum</strong></span> 
     </span>
    </p>
   </div>
   <div class='ocr_carea' id='block_1_95' title="bbox 1804 3959 3396 4032">
    <p class='ocr_par' dir='ltr' id='par_1_95' title="bbox 1804 3959 3396 4032">
     <span class='ocr_line' id='line_1_96' title="bbox 1804 3959 3396 4032; baseline 0.009 -20"><span class='ocrx_word' id='word_1_693' title='bbox 1804 3959 2212 4032; x_wconf 81' lang='lat' dir='ltr'><strong>archiepiscopo</strong></span> <span class='ocrx_word' id='word_1_694' title='bbox 2232 3961 2543 4029; x_wconf 85' lang='lat' dir='ltr'><strong>Hincmaro,</strong></span> <span class='ocrx_word' id='word_1_695' title='bbox 2566 3974 2769 4021; x_wconf 76' lang='lat' dir='ltr'><strong>sancta:</strong></span> <span class='ocrx_word' id='word_1_696' title='bbox 2789 3965 3166 4024; x_wconf 85' lang='lat' dir='ltr'><strong>Laudunensis</strong></span> <span class='ocrx_word' id='word_1_697' title='bbox 3192 3968 3396 4025; x_wconf 85' lang='lat' dir='ltr'><strong>Eccle-</strong></span> 
     </span>
    </p>
   </div>
   <div class='ocr_carea' id='block_1_96' title="bbox 1802 4048 3397 4129">
    <p class='ocr_par' dir='ltr' id='par_1_96' title="bbox 1802 4048 3397 4129">
     <span class='ocr_line' id='line_1_97' title="bbox 1802 4048 3397 4129; baseline 0.008 -25"><span class='ocrx_word' id='word_1_698' title='bbox 1802 4048 1898 4104; x_wconf 74' lang='lat' dir='ltr'><strong>sia:</strong></span> <span class='ocrx_word' id='word_1_699' title='bbox 1918 4049 2240 4108; x_wconf 84' lang='lat' dir='ltr'><strong>Hincmarus</strong></span> <span class='ocrx_word' id='word_1_700' title='bbox 2269 4053 2378 4109; x_wconf 89' lang='lat' dir='ltr'><strong>Deo</strong></span> <span class='ocrx_word' id='word_1_701' title='bbox 2401 4055 2705 4110; x_wconf 87' lang='lat' dir='ltr'><strong>miserante</strong></span> <span class='ocrx_word' id='word_1_702' title='bbox 2722 4057 3028 4129; x_wconf 83' lang='lat' dir='ltr'><strong>episcOpus,</strong></span> <span class='ocrx_word' id='word_1_703' title='bbox 3058 4059 3298 4116; x_wconf 81' lang='lat' dir='ltr'><strong>debitam</strong></span> <span class='ocrx_word' id='word_1_704' title='bbox 3337 4060 3397 4116; x_wconf 85' lang='lat' dir='ltr'><strong>in</strong></span> 
     </span>
    </p>
   </div>
   <div class='ocr_carea' id='block_1_97' title="bbox 1803 4136 3395 4219">
    <p class='ocr_par' dir='ltr' id='par_1_97' title="bbox 1803 4136 3395 4219">
     <span class='ocr_line' id='line_1_98' title="bbox 1803 4136 3395 4219; baseline 0.009 -24"><span class='ocrx_word' id='word_1_705' title='bbox 1803 4139 2020 4197; x_wconf 88' lang='lat' dir='ltr'><strong>Christo</strong></span> <span class='ocrx_word' id='word_1_706' title='bbox 2056 4136 2422 4201; x_wconf 79' lang='lat' dir='ltr'><strong>devotionem.</strong></span> <span class='ocrx_word' id='word_1_707' title='bbox 2470 4144 2580 4203; x_wconf 84' lang='lat' dir='ltr'><strong>Vos</strong></span> <span class='ocrx_word' id='word_1_708' title='bbox 2610 4147 2766 4203; x_wconf 90' lang='lat' dir='ltr'><strong>scitis</strong></span> <span class='ocrx_word' id='word_1_709' title='bbox 2816 4150 2946 4219; x_wconf 86' lang='lat' dir='ltr'><strong>quia</strong></span> <span class='ocrx_word' id='word_1_710' title='bbox 2985 4151 3057 4206; x_wconf 88' lang='lat' dir='ltr'><strong>ab</strong></span> <span class='ocrx_word' id='word_1_711' title='bbox 3100 4152 3395 4209; x_wconf 83' lang='lat' dir='ltr'><strong>universali</strong></span> 
     </span>
    </p>
   </div>
   <div class='ocr_carea' id='block_1_98' title="bbox 1803 4233 3397 4312">
    <p class='ocr_par' dir='ltr' id='par_1_98' title="bbox 1803 4233 3397 4312">
     <span class='ocr_line' id='line_1_99' title="bbox 1803 4233 3397 4312; baseline 0.009 -23"><span class='ocrx_word' id='word_1_712' title='bbox 1803 4241 2004 4289; x_wconf 67' lang='lat' dir='ltr'><strong>Sancta:</strong></span> <span class='ocrx_word' id='word_1_713' title='bbox 2036 4233 2295 4290; x_wconf 68' lang='lat' dir='ltr'><strong>Romana:</strong></span> <span class='ocrx_word' id='word_1_714' title='bbox 2316 4237 2574 4295; x_wconf 71' lang='lat' dir='ltr'><strong>Ecclesia:</strong></span> <span class='ocrx_word' id='word_1_715' title='bbox 2596 4254 2759 4309; x_wconf 87' lang='lat' dir='ltr'><strong>papa,</strong></span> <span class='ocrx_word' id='word_1_716' title='bbox 2780 4249 2935 4310; x_wconf 89' lang='lat' dir='ltr'><strong>patre</strong></span> <span class='ocrx_word' id='word_1_717' title='bbox 2960 4258 3176 4312; x_wconf 89' lang='lat' dir='ltr'><strong>quoque</strong></span> <span class='ocrx_word' id='word_1_718' title='bbox 3206 4253 3397 4304; x_wconf 73' lang='lat' dir='ltr'><strong>nostra</strong></span> 
     </span>
    </p>
   </div>
   <div class='ocr_carea' id='block_1_99' title="bbox 1801 4324 3394 4404">
    <p class='ocr_par' dir='ltr' id='par_1_99' title="bbox 1801 4324 3394 4404">
     <span class='ocr_line' id='line_1_100' title="bbox 1801 4324 3394 4404; baseline 0.008 -26"><span class='ocrx_word' id='word_1_719' title='bbox 1801 4331 1857 4378; x_wconf 90' lang='lat' dir='ltr'><strong>et</strong></span> <span class='ocrx_word' id='word_1_720' title='bbox 1879 4324 2136 4392; x_wconf 86' lang='lat' dir='ltr'><strong>magistro</strong></span> <span class='ocrx_word' id='word_1_721' title='bbox 2164 4324 2403 4381; x_wconf 86' lang='lat' dir='ltr'><strong>Adriano</strong></span> <span class='ocrx_word' id='word_1_722' title='bbox 2440 4328 2526 4383; x_wconf 87' lang='lat' dir='ltr'><strong>bis</strong></span> <span class='ocrx_word' id='word_1_723' title='bbox 2568 4338 2793 4385; x_wconf 87' lang='lat' dir='ltr'><strong>vocatus</strong></span> <span class='ocrx_word' id='word_1_724' title='bbox 2826 4332 3022 4387; x_wconf 81' lang='lat' dir='ltr'><strong>existo.</strong></span> <span class='ocrx_word' id='word_1_725' title='bbox 3070 4333 3136 4387; x_wconf 86' lang='lat' dir='ltr'><strong>Et</strong></span> <span class='ocrx_word' id='word_1_726' title='bbox 3165 4348 3262 4389; x_wconf 88' lang='lat' dir='ltr'><strong>vos</strong></span> <span class='ocrx_word' id='word_1_727' title='bbox 3290 4335 3394 4404; x_wconf 85' lang='lat' dir='ltr'><strong>ipsi</strong></span> 
     </span>
    </p>
   </div>
   <div class='ocr_carea' id='block_1_100' title="bbox 1802 4412 3397 4494">
    <p class='ocr_par' dir='ltr' id='par_1_100' title="bbox 1802 4412 3397 4494">
     <span class='ocr_line' id='line_1_101' title="bbox 1802 4412 3397 4494; baseline 0.009 -26"><span class='ocrx_word' id='word_1_728' title='bbox 1802 4412 1856 4468; x_wconf 90' lang='lat' dir='ltr'><strong>in</strong></span> <span class='ocrx_word' id='word_1_729' title='bbox 1881 4415 2329 4483; x_wconf 85' lang='lat' dir='ltr'><strong>quaternionihus</strong></span> <span class='ocrx_word' id='word_1_730' title='bbox 2377 4417 2511 4472; x_wconf 85' lang='lat' dir='ltr'><strong>mihi</strong></span> <span class='ocrx_word' id='word_1_731' title='bbox 2550 4434 2580 4472; x_wconf 93' lang='lat' dir='ltr'><strong>a</strong></span> <span class='ocrx_word' id='word_1_732' title='bbox 2618 4420 2772 4475; x_wconf 84' lang='lat' dir='ltr'><strong>vobis</strong></span> <span class='ocrx_word' id='word_1_733' title='bbox 2810 4422 2862 4475; x_wconf 92' lang='lat' dir='ltr'><strong>in</strong></span> <span class='ocrx_word' id='word_1_734' title='bbox 2884 4423 3155 4478; x_wconf 80' lang='lat' dir='ltr'><strong>Attiniaco</strong></span> <span class='ocrx_word' id='word_1_735' title='bbox 3193 4425 3397 4494; x_wconf 82' lang='lat' dir='ltr'><strong>palatio</strong></span> 
     </span>
    </p>
   </div>
   <div class='ocr_carea' id='block_1_101' title="bbox 1802 4504 3399 4581">
    <p class='ocr_par' dir='ltr' id='par_1_101' title="bbox 1802 4504 3399 4581">
     <span class='ocr_line' id='line_1_102' title="bbox 1802 4504 3399 4581; baseline 0.006 -22"><span class='ocrx_word' id='word_1_736' title='bbox 1802 4519 1986 4560; x_wconf 87' lang='lat' dir='ltr'><strong>coram</strong></span> <span class='ocrx_word' id='word_1_737' title='bbox 2010 4504 2450 4574; x_wconf 89' lang='lat' dir='ltr'><strong>archiepiscopis,</strong></span> <span class='ocrx_word' id='word_1_738' title='bbox 2482 4515 2539 4562; x_wconf 89' lang='lat' dir='ltr'><strong>et</strong></span> <span class='ocrx_word' id='word_1_739' title='bbox 2561 4507 2833 4578; x_wconf 87' lang='lat' dir='ltr'><strong>episcopis</strong></span> <span class='ocrx_word' id='word_1_740' title='bbox 2857 4512 2950 4581; x_wconf 88' lang='lat' dir='ltr'><strong>qui</strong></span> <span class='ocrx_word' id='word_1_741' title='bbox 2986 4510 3258 4568; x_wconf 70' lang='lat' dir='ltr'><strong>affuerunt</strong></span> <span class='ocrx_word' id='word_1_742' title='bbox 3293 4516 3399 4569; x_wconf 88' lang='lat' dir='ltr'><strong>da-</strong></span> 
     </span>
    </p>
   </div>
   <div class='ocr_carea' id='block_1_102' title="bbox 1800 4596 3397 4666">
    <p class='ocr_par' dir='ltr' id='par_1_102' title="bbox 1800 4596 3397 4666">
     <span class='ocr_line' id='line_1_103' title="bbox 1800 4596 3397 4666; baseline 0.006 -15"><span class='ocrx_word' id='word_1_743' title='bbox 1800 4599 1891 4663; x_wconf 90' lang='lat' dir='ltr'><strong>tis,</strong></span> <span class='ocrx_word' id='word_1_744' title='bbox 1919 4596 2064 4666; x_wconf 90' lang='lat' dir='ltr'><strong>quod</strong></span> <span class='ocrx_word' id='word_1_745' title='bbox 2103 4597 2170 4651; x_wconf 89' lang='lat' dir='ltr'><strong>ad</strong></span> <span class='ocrx_word' id='word_1_746' title='bbox 2197 4599 2442 4655; x_wconf 88' lang='lat' dir='ltr'><strong>eamdem</strong></span> <span class='ocrx_word' id='word_1_747' title='bbox 2471 4598 2654 4660; x_wconf 85' lang='lat' dir='ltr'><strong>sedem</strong></span> <span class='ocrx_word' id='word_1_748' title='bbox 2691 4604 2879 4659; x_wconf 84' lang='lat' dir='ltr'><strong>venire</strong></span> <span class='ocrx_word' id='word_1_749' title='bbox 2919 4605 3142 4661; x_wconf 81' lang='lat' dir='ltr'><strong>totidem</strong></span> <span class='ocrx_word' id='word_1_750' title='bbox 3170 4615 3397 4661; x_wconf 79' lang='lat' dir='ltr'><strong>voratus</strong></span> 
     </span>
    </p>
   </div>
   <div class='ocr_carea' id='block_1_103' title="bbox 1799 4691 3399 4766">
    <p class='ocr_par' dir='ltr' id='par_1_103' title="bbox 1799 4691 3399 4766">
     <span class='ocr_line' id='line_1_104' title="bbox 1799 4691 3399 4766; baseline 0.003 -21"><span class='ocrx_word' id='word_1_751' title='bbox 1799 4692 2120 4753; x_wconf 83' lang='lat' dir='ltr'><strong>detractem,</strong></span> <span class='ocrx_word' id='word_1_752' title='bbox 2149 4703 2235 4743; x_wconf 88' lang='lat' dir='ltr'><strong>me</strong></span> <span class='ocrx_word' id='word_1_753' title='bbox 2258 4691 2682 4760; x_wconf 87' lang='lat' dir='ltr'><strong>reprehendistis</strong></span> <span class='ocrx_word' id='word_1_754' title='bbox 2711 4707 2727 4746; x_wconf 88' lang='lat'><strong>:</strong></span> <span class='ocrx_word' id='word_1_755' title='bbox 2759 4695 2806 4750; x_wconf 88' lang='lat' dir='ltr'><strong>si</strong></span> <span class='ocrx_word' id='word_1_756' title='bbox 2829 4698 2962 4751; x_wconf 89' lang='lat' dir='ltr'><strong>vitio</strong></span> <span class='ocrx_word' id='word_1_757' title='bbox 2988 4697 3273 4766; x_wconf 88' lang='lat' dir='ltr'><strong>scriptoris</strong></span> <span class='ocrx_word' id='word_1_758' title='bbox 3297 4711 3399 4765; x_wconf 87' lang='lat' dir='ltr'><strong>pro</strong></span> 
     </span>
    </p>
   </div>
   <div class='ocr_carea' id='block_1_104' title="bbox 1800 4781 3399 4853">
    <p class='ocr_par' dir='ltr' id='par_1_104' title="bbox 1800 4781 3399 4853">
     <span class='ocr_line' id='line_1_105' title="bbox 1800 4781 3399 4853; baseline 0.004 -16"><span class='ocrx_word' id='word_1_759' title='bbox 1800 4782 2117 4846; x_wconf 87' lang='lat' dir='ltr'><strong>detrectem,</strong></span> <span class='ocrx_word' id='word_1_760' title='bbox 2150 4781 2295 4849; x_wconf 85' lang='lat' dir='ltr'><strong>quod</strong></span> <span class='ocrx_word' id='word_1_761' title='bbox 2341 4792 2426 4840; x_wconf 88' lang='lat' dir='ltr'><strong>est</strong></span> <span class='ocrx_word' id='word_1_762' title='bbox 2469 4782 2815 4853; x_wconf 87' lang='lat' dir='ltr'><strong>dissimilem,</strong></span> <span class='ocrx_word' id='word_1_763' title='bbox 2860 4789 2943 4844; x_wconf 91' lang='lat' dir='ltr'><strong>vel</strong></span> <span class='ocrx_word' id='word_1_764' title='bbox 2990 4788 3256 4846; x_wconf 79' lang='lat' dir='ltr'><strong>differam.</strong></span> <span class='ocrx_word' id='word_1_765' title='bbox 3299 4789 3399 4843; x_wconf 86' lang='lat' dir='ltr'><strong>de-</strong></span> 
     </span>
    </p>
   </div>
   <div class='ocr_carea' id='block_1_105' title="bbox 1801 4870 3400 4944">
    <p class='ocr_par' dir='ltr' id='par_1_105' title="bbox 1801 4870 3400 4944">
     <span class='ocr_line' id='line_1_106' title="bbox 1801 4870 3400 4944; baseline 0.002 -16"><span class='ocrx_word' id='word_1_766' title='bbox 1801 4881 2049 4937; x_wconf 86' lang='lat' dir='ltr'><strong>tractem,</strong></span> <span class='ocrx_word' id='word_1_767' title='bbox 2072 4870 2218 4943; x_wconf 89' lang='lat' dir='ltr'><strong>quod</strong></span> <span class='ocrx_word' id='word_1_768' title='bbox 2239 4873 2399 4932; x_wconf 85' lang='lat' dir='ltr'><strong>valde</strong></span> <span class='ocrx_word' id='word_1_769' title='bbox 2424 4882 2654 4930; x_wconf 89' lang='lat' dir='ltr'><strong>tractem</strong></span> <span class='ocrx_word' id='word_1_770' title='bbox 2679 4891 2792 4933; x_wconf 92' lang='lat' dir='ltr'><strong>non</strong></span> <span class='ocrx_word' id='word_1_771' title='bbox 2816 4882 2885 4936; x_wconf 82' lang='lat' dir='ltr'><strong>ab</strong></span> <span class='ocrx_word' id='word_1_772' title='bbox 2912 4897 2971 4935; x_wconf 91' lang='lat' dir='ltr'><strong>re</strong></span> <span class='ocrx_word' id='word_1_773' title='bbox 3000 4877 3172 4944; x_wconf 90' lang='lat' dir='ltr'><strong>accipi</strong></span> <span class='ocrx_word' id='word_1_774' title='bbox 3198 4883 3400 4943; x_wconf 84' lang='lat' dir='ltr'><strong>potest,</strong></span> 
     </span>
    </p>
   </div>
   <div class='ocr_carea' id='block_1_106' title="bbox 1802 4964 3411 5039">
    <p class='ocr_par' dir='ltr' id='par_1_106' title="bbox 1802 4964 3411 5039">
     <span class='ocr_line' id='line_1_107' title="bbox 1802 4964 3411 5039; baseline 0.001 -18"><span class='ocrx_word' id='word_1_775' title='bbox 1802 4967 2303 5023; x_wconf 79' lang='lat' dir='ltr'><strong>intercharaxatum</strong></span> <span class='ocrx_word' id='word_1_776' title='bbox 2333 4985 2441 5026; x_wconf 92' lang='lat' dir='ltr'><strong>non</strong></span> <span class='ocrx_word' id='word_1_777' title='bbox 2465 4968 2590 5022; x_wconf 90' lang='lat' dir='ltr'><strong>fuit.</strong></span> <span class='ocrx_word' id='word_1_778' title='bbox 2619 4964 2781 5027; x_wconf 86' lang='lat' dir='ltr'><strong>Unde</strong></span> <span class='ocrx_word' id='word_1_779' title='bbox 2804 4990 2902 5029; x_wconf 86' lang='lat' dir='ltr'><strong>vos</strong></span> <span class='ocrx_word' id='word_1_780' title='bbox 2926 4987 3069 5026; x_wconf 92' lang='lat' dir='ltr'><strong>nunc</strong></span> <span class='ocrx_word' id='word_1_781' title='bbox 3093 4984 3193 5039; x_wconf 87' lang='lat' dir='ltr'><strong>pro</strong></span> <span class='ocrx_word' id='word_1_782' title='bbox 3219 4981 3411 5023; x_wconf 84' lang='lat' dir='ltr'><strong>amore</strong></span> 
     </span>
    </p>
   </div>
   <div class='ocr_carea' id='block_1_107' title="bbox 1800 5058 3413 5129">
    <p class='ocr_par' dir='ltr' id='par_1_107' title="bbox 1800 5058 3413 5129">
     <span class='ocr_line' id='line_1_108' title="bbox 1800 5058 3413 5129; baseline -0.004 -11"><span class='ocrx_word' id='word_1_783' title='bbox 1800 5060 1896 5118; x_wconf 88' lang='lat' dir='ltr'><strong>Dei</strong></span> <span class='ocrx_word' id='word_1_784' title='bbox 1926 5058 2341 5129; x_wconf 90' lang='lat' dir='ltr'><strong>omnipotentis,</strong></span> <span class='ocrx_word' id='word_1_785' title='bbox 2357 5073 2411 5119; x_wconf 91' lang='lat' dir='ltr'><strong>et</strong></span> <span class='ocrx_word' id='word_1_786' title='bbox 2439 5062 2758 5118; x_wconf 85' lang='lat' dir='ltr'><strong>reverentia</strong></span> <span class='ocrx_word' id='word_1_787' title='bbox 2783 5063 2950 5120; x_wconf 85' lang='lat' dir='ltr'><strong>sancti</strong></span> <span class='ocrx_word' id='word_1_788' title='bbox 2974 5059 3120 5116; x_wconf 87' lang='lat' dir='ltr'><strong>Petri</strong></span> <span class='ocrx_word' id='word_1_789' title='bbox 3148 5068 3413 5122; x_wconf 78' lang='lat' dir='ltr'><strong>exposco,</strong></span> 
     </span>
    </p>
   </div>
   <div class='ocr_carea' id='block_1_108' title="bbox 1801 5148 3418 5228">
    <p class='ocr_par' dir='ltr' id='par_1_108' title="bbox 1801 5148 3418 5228">
     <span class='ocr_line' id='line_1_109' title="bbox 1801 5148 3418 5228; baseline -0.002 -20"><span class='ocrx_word' id='word_1_790' title='bbox 1801 5156 1943 5210; x_wconf 91' lang='lat' dir='ltr'><strong>sicut</strong></span> <span class='ocrx_word' id='word_1_791' title='bbox 1969 5160 2025 5204; x_wconf 89' lang='lat' dir='ltr'><strong>et</strong></span> <span class='ocrx_word' id='word_1_792' title='bbox 2059 5152 2114 5205; x_wconf 92' lang='lat' dir='ltr'><strong>in</strong></span> <span class='ocrx_word' id='word_1_793' title='bbox 2157 5149 2351 5209; x_wconf 74' lang='lat' dir='ltr'><strong>eadem</strong></span> <span class='ocrx_word' id='word_1_794' title='bbox 2387 5151 2601 5228; x_wconf 87' lang='lat' dir='ltr'><strong>synodo</strong></span> <span class='ocrx_word' id='word_1_795' title='bbox 2627 5150 2681 5203; x_wconf 92' lang='lat' dir='ltr'><strong>in</strong></span> <span class='ocrx_word' id='word_1_796' title='bbox 2721 5156 2997 5211; x_wconf 79' lang='lat' dir='ltr'><strong>Attiniaco</strong></span> <span class='ocrx_word' id='word_1_797' title='bbox 3040 5169 3070 5206; x_wconf 89' lang='lat' dir='ltr'><strong>a</strong></span> <span class='ocrx_word' id='word_1_798' title='bbox 3098 5148 3254 5203; x_wconf 78' lang='lat' dir='ltr'><strong>vobis</strong></span> <span class='ocrx_word' id='word_1_799' title='bbox 3282 5162 3418 5205; x_wconf 89' lang='lat' dir='ltr'><strong>con-</strong></span> 
     </span>
    </p>
   </div>
   <div class='ocr_carea' id='block_1_109' title="bbox 1799 5234 3423 5315">
    <p class='ocr_par' dir='ltr' id='par_1_109' title="bbox 1799 5234 3423 5315">
     <span class='ocr_line' id='line_1_110' title="bbox 1799 5234 3423 5315; baseline -0.01 -13"><span class='ocrx_word' id='word_1_800' title='bbox 1799 5253 2013 5308; x_wconf 80' lang='lat' dir='ltr'><strong>vocata,</strong></span> <span class='ocrx_word' id='word_1_801' title='bbox 2046 5240 2190 5314; x_wconf 89' lang='lat' dir='ltr'><strong>quod</strong></span> <span class='ocrx_word' id='word_1_802' title='bbox 2233 5240 2540 5315; x_wconf 83' lang='lat' dir='ltr'><strong>impetrare</strong></span> <span class='ocrx_word' id='word_1_803' title='bbox 2587 5254 2697 5296; x_wconf 90' lang='lat' dir='ltr'><strong>non</strong></span> <span class='ocrx_word' id='word_1_804' title='bbox 2730 5234 2897 5311; x_wconf 81' lang='lat' dir='ltr'><strong>valui,</strong></span> <span class='ocrx_word' id='word_1_805' title='bbox 2927 5235 3301 5313; x_wconf 81' lang='lat' dir='ltr'><strong>expostulavi;</strong></span> <span class='ocrx_word' id='word_1_806' title='bbox 3357 5256 3423 5295; x_wconf 70' lang='lat' dir='ltr'><strong>ac</strong></span> 
     </span>
    </p>
   </div>
   <div class='ocr_carea' id='block_1_110' title="bbox 68 5320 3425 5398">
    <p class='ocr_par' dir='ltr' id='par_1_110' title="bbox 68 5320 3425 5398">
     <span class='ocr_line' id='line_1_111' title="bbox 68 5320 3425 5398; baseline 0.004 -23"><span class='ocrx_word' id='word_1_807' title='bbox 68 5335 244 5390; x_wconf 37' lang='lat' dir='ltr'><strong>,cens</strong></span> <span class='ocrx_word' id='word_1_808' title='bbox 264 5322 357 5388; x_wconf 92' lang='lat' dir='ltr'><strong>illi,</strong></span> <span class='ocrx_word' id='word_1_809' title='bbox 386 5323 514 5393; x_wconf 90' lang='lat' dir='ltr'><strong>quia</strong></span> <span class='ocrx_word' id='word_1_810' title='bbox 539 5320 644 5375; x_wconf 89' lang='lat' dir='ltr'><strong>nisi</strong></span> <span class='ocrx_word' id='word_1_811' title='bbox 673 5323 742 5378; x_wconf 91' lang='lat' dir='ltr'><strong>ab</strong></span> <span class='ocrx_word' id='word_1_812' title='bbox 761 5322 891 5392; x_wconf 87' lang='lat' dir='ltr'><strong>ipsis</strong></span> <span class='ocrx_word' id='word_1_813' title='bbox 914 5327 1076 5383; x_wconf 89' lang='lat' dir='ltr'><strong>rebus</strong></span> <span class='ocrx_word' id='word_1_814' title='bbox 1104 5326 1478 5385; x_wconf 88' lang='lat' dir='ltr'><strong>Laudunensis</strong></span> <span class='ocrx_word' id='word_1_815' title='bbox 1509 5326 1695 5383; x_wconf 79' lang='lat' dir='ltr'><strong>Eccle—</strong></span> <span class='ocrx_word' id='word_1_816' title='bbox 1793 5335 1910 5398; x_wconf 82' lang='lat' dir='ltr'><strong>jam</strong></span> <span class='ocrx_word' id='word_1_817' title='bbox 1938 5336 2102 5391; x_wconf 88' lang='lat' dir='ltr'><strong>etiam</strong></span> <span class='ocrx_word' id='word_1_818' title='bbox 2128 5346 2228 5398; x_wconf 89' lang='lat' dir='ltr'><strong>per</strong></span> <span class='ocrx_word' id='word_1_819' title='bbox 2252 5333 2535 5398; x_wconf 71' lang='lat' dir='ltr'><strong>integrum</strong></span> <span class='ocrx_word' id='word_1_820' title='bbox 2568 5329 2871 5398; x_wconf 75' lang='lat' dir='ltr'><strong>ei‘i&#39;tagitavi</strong></span> <span class='ocrx_word' id='word_1_821' title='bbox 2910 5348 3111 5388; x_wconf 90' lang='lat' dir='ltr'><strong>annum</strong></span> <span class='ocrx_word' id='word_1_822' title='bbox 3143 5343 3158 5383; x_wconf 70' lang='grc' dir='ltr'><strong>ξ</strong></span> <span class='ocrx_word' id='word_1_823' title='bbox 3189 5334 3245 5384; x_wconf 76' lang='lat' dir='ltr'><strong>ei</strong></span> <span class='ocrx_word' id='word_1_824' title='bbox 3282 5340 3425 5395; x_wconf 70' lang='lat' dir='ltr'><strong>ivra:-</strong></span> 
     </span>
    </p>
   </div>
  </div>
