4002 6296
591 391 597 394 -
621 347 726 415 5'87

1601 363 1928 421 HINCMARI
1973 365 2367 423 RIIEMENSIS
2405 365 2924 424 ARClllEPlSCOPl
3705 377 3770 437 εδδ

643 473 646 476 ’
697 481 769 532 Ite
797 494 904 549 quo
934 480 1134 550 pitacio
1161 479 1320 535 latius
1350 481 1402 535 in
1428 484 1914 552 quaterniunculis,
1955 493 2013 537 ιιι
2052 500 2209 554 supra
2242 489 2288 547 Α
2390 485 2455 538 Et
2480 486 2584 548 his,
2616 495 2675 538 ut
2700 485 2957 556 praemisi,
2981 485 3343 550 subscribens,
3373 488 3438 542 illi
3467 491 3717 558 professioni
3737 511 3771 556 et

620 570 751 632 dixi,
787 571 835 624 ei
864 569 1003 624 datis
1033 570 1284 640 respondi
1313 585 1326 624 :
1359 581 1413 625 ct
1458 573 1580 640 quia
1623 589 1897 642 nunquam
1944 574 2029 628 vel
2085 589 2211 627 nus-

623 677 784 731 quam
817 662 1167 731 apostolicam
1194 663 1375 718 sedem
1403 678 1525 719 eum
1559 665 1708 720 adire
1738 665 2008 735 prohibui.
2057 667 2208 719 Insu-

617 767 717 821 per
737 753 899 806 etiam
927 752 1098 816 illum,
1130 753 1272 807 sicut
1300 761 1354 807 et
1380 754 1494 823 ipse
1525 756 1762 824 scripsit,
1789 772 1888 810 cur
1908 756 2210 824 jussiouem

617 843 956 897 invitationis
986 843 1168 896 domui
1194 845 1474 913 apostolici
1503 857 1822 914 prosecutus
1870 863 1977 902 non
2023 847 2208 911 fuerit,

618 933 964 1002 reprehendi.
997 933 1098 1001 Qui
1132 935 1478 1004 undicunque
1502 937 1602 990 sibi
1627 939 1798 991 visum
1841 937 1960 1002 fuit,
1989 954 2110 993 cum
2145 939 2211 992 de

618 1024 734 1078 suis
763 1023 1399 1094 insolentiisincrcpatus
1424 1035 1524 1089 est,
1574 1027 1845 1083 licentiam
1893 1030 2055 1084 eundi
2105 1029 2211 1084 Ro-

617 1130 762 1169 mam
796 1116 950 1186 petit,
988 1115 1068 1170 vel
1101 1117 1282 1172 sedem
1314 1119 1666 1188 apostolicam
1699 1121 1954 1190 appellat.
1985 1122 2210 1189 Quando

615 1220 747 1261 vero
775 1221 895 1271 rex,
924 1217 975 1262 et
1019 1207 1255 1278 episcopi
1311 1220 1437 1264 sunt
1479 1211 1578 1265 sibi
1630 1211 1941 1280 placabiles,
1983 1214 2048 1268 de
2096 1214 2210 1284 ipsa

615 1302 836 1358 licentia
860 1303 992 1357 nihil
1015 1303 1165 1368 dicit,
1202 1320 1304 1358 nec
1329 1305 1512 1359 sedem
1545 1306 1899 1376 apostolicam
1927 1308 2162 1377 appellat
2193 1328 2206 1362 :

592 1412 740 1452 cum
763 1397 906 1451 sacri
935 1397 1482 1467 przeﬁgantcanones
1538 1397 1793 1467 qualiter,
1852 1408 1905 1454 et
1949 1401 2112 1464 unde,
2156 1409 2212 1455 et

615 1488 708 1543 ubi
737 1488 1011 1559 appellare
1051 1489 1245 1543 debeat
1277 1489 1560 1558 episcopus
1602 1490 1950 1559 apostolicam
1993 1491 2205 1545 sedem.

607 1579 684 1634 Et
712 1595 854 1634 anno
877 1580 1174 1648 praeterito,
1209 1587 1492 1648 postquam
1530 1581 1583 1633 in
1637 1579 1914 1634 Attiuiaco
1969 1581 2206 1636 libellum

613 1672 684 1727 de
709 1685 806 1725 sua
845 1670 1081 1741 regulari
1111 1671 1420 1724 obedientia
1450 1670 1581 1724 mihi
1607 1673 1850 1739 porrexit
1874 1672 1926 1725 in
1977 1674 2207 1744 synodo,

613 1760 798 1815 sedem
829 1759 1175 1829 apostolicam
1213 1775 1320 1814 non
1370 1761 1681 1830 appellavit,
1733 1777 1834 1816 nec
1881 1764 1947 1817 de
1991 1762 2206 1818 licentia

2315 577 2695 646 subscriptioni
2726 593 2888 647 quant
2918 591 3098 632 coram
3145 578 3400 647 episcopis
3441 581 3597 636 decem
3623 589 3769 652 prorin.

2315 667 2523 721 ciarum
2553 668 2605 720 in
2633 666 2841 738 synodo
2871 669 3012 737 apud
3046 669 3366 746 Attiuiacum
3389 670 3623 737 professus
3643 675 3768 741 fuerat,

2313 765 2368 810 et
2391 772 2551 810 manu
2583 758 2799 825 propria
2830 757 3256 825 subscripserat;
3297 759 3505 820 scilicet,
3531 762 3632 828 quia
3662 766 3768 831 priri.

2312 845 2452 912 legio
2495 846 2910 914 metropolitano
2941 847 3229 916 provinciae
3268 844 3566 903 thentorum
3604 851 3769 908 Ecclesia

2313 937 2608 991 secundum
2651 952 2838 991 sacros
2885 941 3142 1000 canones,
3169 946 3223 991 et
3259 940 3456 992 decreta
3486 941 3606 994 sedis
3627 955 3767 1010 aposto-

2315 1027 2429 1082 lica:
2473 1042 2541 1081 ex
2587 1028 2758 1082 sacris
2802 1028 3098 1082 canonibus
3136 1029 3456 1098 promulgata
3504 1047 3584 1100 pro
3616 1035 3712 1087 scire
3738 1046 3770 1088 et

2313 1134 2472 1188 posse
2513 1132 2574 1172 se
2616 1118 2979 1185 obediturum,
3007 1119 3279 1173 contraria
3308 1119 3573 1188 proﬁtendo
3608 1124 3767 1177 subscri-

2313 1211 2438 1281 psit.
2496 1211 2570 1264 De
2615 1226 2720 1280 qua
2783 1210 3120 1280 professione
3170 1220 3327 1280 atque
3385 1211 3705 1280 subscriptione
3735 1216 3766 1268 in

2313 1303 2502 1358 eadem
2536 1302 2740 1373 synodo
2770 1303 2900 1356 mihi
2925 1301 3072 1366 data,
3101 1313 3319 1357 sanctus
3345 1301 3446 1356 Leo
3477 1304 3523 1356 in
3545 1305 3707 1371 epistola
3727 1307 3766 1358 ad

2315 1394 2617 1462 Septimum
2647 1393 2957 1472 episcopum
3001 1393 3133 1448 dicit
3168 1392 3336 1463 (epist.
3363 1393 3444 1463 85)
3469 1410 3482 1446 :
3514 1411 3529 1441 ι
3559 1392 3765 1447 Saluberri-

2313 1500 2459 1538 mum
2513 1491 2616 1547 est,
2672 1483 2865 1550 inquit,
2922 1491 2976 1535 et
3024 1482 3284 1553 spiritalis
3323 1483 3570 1536 medicinae
3615 1483 3764 1536 utilitate

2311 1577 2705 1647 plenissimum,
2749 1585 2807 1629 ttt
2856 1576 2968 1630 sive
3021 1573 3343 1645 presbyteri,
3389 1574 3490 1628 sive
3527 1574 3698 1636 diaconi,
3717 1572 3764 1624 rel

2311 1669 2598 1739 cujuslibet
2623 1669 2741 1741 [al.,
2793 1669 2908 1724 sive
2952 1667 3063 1738 alii]
3089 1668 3294 1723 ordinis
3340 1666 3520 1730 clerici,
3545 1666 3764 1735 quisecor.

2313 1770 2492 1816 rectos
2515 1760 2682 1814 videri
2709 1759 2912 1823 volunt,
2939 1773 3182 1814 errorem
3212 1773 3382 1820 suum,
3412 1767 3462 1811 et
3496 1759 3610 1827 ipsos
3635 1757 3763 1809 erroris

609 1849 745 1905 illuc
770 1852 931 1905 eundi
961 1851 1162 1920 aliquid
1193 1851 1348 1904 dixit.
1389 1849 1493 1905 Sed
1523 1866 1646 1906 cum
1698 1864 2000 1907 commotus
2044 1855 2203 1907 iuho-
2237 1843 2282 1902 Β
2309 1863 2559 1908 auctores
2598 1853 2842 1906 damnari
2881 1867 2910 1904 a
2951 1867 3008 1906 se
3049 1853 3166 1906 sine
3220 1851 3539 1920 ambiguitate
3561 1849 3760 1908 fateantur;

610 1949 774 1996 neste
803 1942 926 1996 inde
955 1942 1225 2006 discessit,
1275 1943 1611 2012 praemissum
1659 1943 1968 2013 pitaciolum
2021 1946 2087 2000 de
2138 1946 2207 1998 li-

615 2034 796 2100 centia
825 2033 1051 2088 Romam
1076 2035 1257 2099 eundi,
1293 2036 1436 2090 circa
1462 2036 1689 2092 Kalend.
1720 2036 1892 2093 Julias
1941 2039 2072 2094 mihi
2132 2041 2211 2093 tli-

618 2128 778 2182 rexit.
821 2127 1012 2182 Postea
1043 2143 1173 2182 vero
1228 2128 1362 2182 nihil
1419 2129 1551 2183 mihi
1600 2130 1725 2184 inde
1777 2131 2070 2196 mandavit,
2111 2147 2211 2186 nec

617 2220 833 2288 quando
884 2233 1091 2273 mecum
1119 2219 1331 2274 locutus
1356 2218 1474 2283 fuit,
1498 2219 1621 2273 inde
1650 2220 1850 2289 aliquid
1878 2221 2030 2275 dixit.
2105 2220 2211 2276 Sed

596 2319 672 2365 let
700 2326 824 2366 cum
848 2310 1047 2364 domno
1073 2326 1194 2379 rege
1221 2311 1274 2365 in
1313 2312 1666 2380 subsequeuti
1721 2327 1908 2367 mense
1961 2314 2208 2382 Septem-

617 2401 737 2466 brio
766 2401 819 2456 in
845 2400 1084 2465 Silvaco,
1106 2411 1161 2455 et
1191 2402 1244 2455 in
1280 2417 1466 2458 mense
1488 2403 1747 2458 Octobrio
1774 2405 1990 2469 Rhetni,
2023 2406 2110 2459 tibi
2153 2417 2208 2460 et

613 2509 716 2566 ego
742 2493 838 2559 fui,
858 2503 914 2549 et
935 2494 1118 2549 domui
1149 2495 1428 2564 apostolici
1454 2496 1602 2550 missi
1633 2495 1703 2549 ibi
1733 2496 1972 2555 fuerunt.
1996 2506 2052 2551 et
2082 2497 2208 2551 inde

614 2586 750 2642 nihil
783 2587 938 2641 dixit.
973 2586 1172 2640 Deinde
1203 2601 1389 2641 mense
1422 2587 1722 2642 Februario
1767 2589 1825 2642 in
1875 2587 2208 2658 Compendio

615 2692 741 2733 eum
768 2678 968 2732 domno
993 2692 1120 2746 rege
1142 2691 1238 2744 per
1259 2677 1465 2746 aliquot
1489 2677 1606 2732 dies
1631 2679 1752 2741 luit,
1801 2687 1854 2732 et
1903 2694 2004 2748 ego
2043 2680 2207 2734 etiam

613 2769 730 2824 illic
753 2768 847 2824 fui.
877 2769 1070 2825 Postea
1108 2785 1238 2823 vero
1261 2784 1448 2824 mense
1472 2769 1644 2839 Aprili
1689 2770 1830 2838 apud
1887 2769 2210 2826 Silvanectis

617 2876 745 2916 cum
775 2861 974 2915 domno
1005 2875 1132 2929 rege
1160 2859 1282 2913 fuit.
1313 2859 1380 2914 Et
1409 2860 1625 2914 demum
1657 2858 1711 2914 in
1737 2858 1951 2913 Silvaco
1986 2875 2082 2928 per
2113 2859 2208 2913 ali-

617 2958 754 3022 quot
783 2952 898 3007 dies
931 2967 1054 3006 eum
1086 2953 1282 3015 domno
1315 2966 1440 3022 rege
1488 2951 1623 3015 fuit,
1665 2960 1720 3006 et
1769 2967 1870 3022 ego
1927 2953 2090 3006 etiam
2133 2952 2206 3008 ibi

593 3046 713 3110 afui,
755 3055 810 3102 et
838 3046 970 3101 nihil
998 3045 1120 3100 inde
1147 3046 1305 3101 dixit.
1337 3047 1404 3100 Et
1431 3046 1545 3116 jam
1568 3048 1749 3117 plures
1773 3048 2024 3103 Kalendae
2055 3065 2206 3103 men-

601 3138 693 3194 sis
715 3138 946 3208 Augusti
993 3137 1428 3206 pertransierunt
1475 3139 1615 3192 ultra
1666 3139 1920 3210 placitum
1965 3140 2106 3209 quod
2155 3140 2204 3194 ei

2313 1951 2371 1995 ut
2395 1940 2644 1997 sensibus
2675 1941 2870 2010 pravis,
2903 1948 2960 1994 cl.
2987 1940 3191 1994 dudum
3237 1939 3504 2008 peremptis
3539 1937 3647 1991 nulla
3675 1937 3761 2005 aspi-

2311 2039 2465 2085 raute
2519 2029 2641 2102 [αι.,
2698 2029 2842 2084 nulla
2891 2029 3173 2101 sperandi]
3219 2029 3440 2098 supersit
3481 2028 3670 2090 occasio,
3701 2041 3760 2078 nec

2313 2120 2476 2174 ullum
2526 2120 2827 2174 membrum
2874 2119 3132 2174 Ecelesim
3183 2119 3362 2173 talium
3413 2117 3558 2187 possit
3593 2115 3758 2170 societate

2311 2211 2521 2276 violari,
2558 2227 2680 2266 cum
2705 2225 2801 2281 per
2829 2211 3012 2264 omnia
3041 2210 3147 2265 illis
3180 2209 3430 2279 professio
3456 2207 3626 2278 propria
3648 2219 3757 2272 cepe-

2313 2302 2384 2356 rit
2415 2301 2658 2356 obviare.
2697 2321 2715 2352 ι
2745 2300 2800 2354 lu
2840 2315 2946 2368 qua
2999 2299 3336 2369 professione
3385 2306 3436 2352 et
3483 2294 3758 2362 subscriptione

2310 2407 2403 2445 sua
2436 2389 2739 2444 confratrcs
2765 2399 2819 2444 et
2847 2390 3188 2445 venerabiles
3215 2387 3493 2458 coepiscopi
3516 2385 3660 2447 nostri,
3679 2398 3756 2436 wn-

2310 2477 2550 2536 sulcnles
2579 2481 2791 2534 duritiae
2836 2480 3005 2534 animi
3057 2481 3164 2544 sui,
3191 2489 3245 2534 et
3273 2486 3601 2549 supportantes
3629 2474 3756 2527 euntin

2309 2575 2593 2637 charitate,
2620 2571 2914 2628 noluerunt
2943 2587 3070 2627 eum
3118 2586 3433 2642 exaggerare
3466 2570 3519 2623 de
3541 2564 3755 2637 praeteritis;

2310 2668 2405 2723 sed
2436 2676 2642 2722 tantum
2672 2666 2908 2720 futuram
2936 2666 3330 2721 correctionem
3355 2662 3606 2734 proﬁtendo
3627 2656 3755 2712 etsun-

2309 2761 2596 2815 scribendo
2643 2761 3006 2828 promitteret.
3038 2760 3384 2814 Attendentes
3418 2756 3537 2826 quod
3555 2753 3603 2806 Β.
3625 2751 3753 2816 Grego-

2310 2855 2424 2909 rius
2469 2855 2522 2910 in
2568 2855 2828 2925 pastorali
2869 2854 3076 2924 Regula
3121 2855 3251 2909 dicit
3291 2869 3307 2908 :
3349 2873 3366 2906 ι
3399 2853 3514 2919 Quia
3545 2850 3754 2919 plerumque

2310 2959 2449 3014 quos
2481 2944 2638 3000 fortis
2687 2945 3092 3014 pigmentorum
3124 2944 3269 3012 potio
3311 2957 3484 2997 curare
3516 2955 3598 2993 non
3633 2934 3752 2993 valuit.

2311 3037 2380 3090 ad
2403 3034 2631 3089 salutem
2658 3033 2945 3102 pristinam
2973 3049 3120 3103 aqua
3152 3043 3333 3104 tepens
3374 3031 3553 3086 reduxit
3577 3046 3586 3081 :
3607 3035 3645 3080 et
3673 3038 3754 3076 not-

2310 3125 2458 3181 nulla
2496 3124 2717 3180 vulnera
2741 3140 2860 3196 quae
2891 3126 3077 3180 curari
3117 3127 3374 3194 incisione
3411 3122 3522 3180 ferri
3559 3121 3755 3186 neqnettlllt

615 3229 848 3286 domnus
877 3229 1204 3299 apostolicus
1250 3229 1417 3294 misit,
1473 3199 1735 3285 mandans
1787 3240 1844 3285 ut
1899 3199 2034 3284 ultia
2089 3230 2195 3284 illas

2172 3247 2207 3285 ,ε
2230 3199 2279 3261 C
2311 3218 2564 3274 fomentis
2590 3217 2696 3274 olei
2721 3226 2985 3274 sanantur
3017 3235 3030 3271 :
3063 3227 3122 3272 et
3145 3219 3307 3273 durus
3329 3217 3519 3271 adamas
3542 3209 3752 3267 inrisionem

597 3318 888 3375 z—Zlialendas
919 3329 1429 3375 non-remoraretnr
1476 3321 1606 3389 quin
1657 3320 1882 3374 Romam
1937 3330 2203 3391 pergeret.

601 3410 824 3481 :Scripsi
853 3411 1017 3465 etiam
1049 3411 1146 3474 illi,
1177 3411 1303 3480 quia
1348 3410 1552 3465 insulse
1599 3411 1901 3480 scripserit,
1948 3411 2205 3480 quoniam

596 3502 666 3558 —si
689 3501 958 3570 licentiam
985 3503 1034 3557 ei
1063 3502 1226 3557 eundi
1253 3501 1483 3556 Romam
1527 3502 1666 3571 apud
1718 3515 1896 3572 regem
1947 3517 2051 3556 non
2105 3500 2208 3556 im-

616 3602 888 3663 petrarem
923 3593 1164 3648 :Abltinc
1207 3604 1262 3647 ut
1310 3593 1697 3662 archiepiscopo
1745 3594 2074 3663 coepiscopus
2117 3593 2208 3647 ob-

599 3691 904 3753 umperare
931 3682 1100 3747 debet,
1124 3683 1382 3738 canonice
1402 3684 1529 3736 mihi
1551 3682 1761 3753 obsequi
1791 3699 1891 3745 non
1916 3694 2107 3753 posset.
2138 3683 2207 3739 Et

619 3772 746 3840 quia
771 3781 963 3826 contra
992 3773 1256 3828 rationem
1281 3774 1385 3828 hoc
1411 3773 1568 3839 dixit,
1593 3773 1643 3828 ei
1667 3788 1736 3828 ex
1773 3776 2016 3844 epistolis
2063 3776 2206 3830 beati

607 3862 821 3919 Leonis
843 3864 1090 3927 ostendi;
1122 3872 1177 3917 et
1201 3872 1259 3917 ιιι
1281 3865 1580 3919 deeretales
1608 3865 1862 3934 epistolas
1903 3881 2039 3934 quas
2080 3868 2206 3922 bea-

613 3953 816 4010 tissimi
848 3967 1002 4022 papae
1029 3952 1258 4007 diversis
1285 3953 1618 4020 temporibus
1639 3954 1708 4008 ab
1737 3955 1868 4010 urbe
1892 3955 2061 4009 Roma
2108 3970 2206 4024 pro

619 4035 963 4108 diversorum
994 4049 1209 4110 patrum
1238 4042 1610 4096 consolatione
1639 4043 1922 4108 dederunt,
1977 4046 2044 4100 de
2089 4046 2208 4114 qui-

619 4133 724 4198 bus
749 4133 885 4201 (uta
915 4130 1329 4199 metropolitano
1362 4131 1643 4202 privilegio
1666 4143 1854 4188 contra
1889 4151 2122 4190 canones
2151 4145 2206 4190 et

619 4226 839 4294 decreta
865 4223 1010 4278 sedis
1045 4224 1353 4293 apostolicae
1380 4240 1447 4279 ex
1483 4225 1688 4280 eisdem
1717 4228 1886 4281 sacris
1909 4227 2206 4283 canouibus

616 4313 959 4388 promulgata
983 4329 1041 4368 se
1069 4313 1239 4384 possit
1264 4329 1487 4380 exuere,
1541 4318 1878 4377 contumacia
1938 4317 2204 4385 pertinaci

607 4409 919 4480 ~contendit)
964 4406 1112 4460 illum
1162 4407 1490 4473 commonui,
1549 4415 1603 4460 ιιι
1652 4409 1948 4462 secundum
2002 4410 2205 4466 dictum

618 4481 762 4564 beati
785 4496 985 4550 Gelasii
1014 4495 1398 4550 venerabiliter
1422 4496 1740 4565 susciperet,
1765 4505 1820 4552 ct
1869 4513 2022 4553 sacra
2068 4515 2200 4555 con-

615 4567 761 4669 piiia,
795 4583 1140 4650 utGelasius,
1165 4593 1219 4638 et
1245 4584 1429 4639 caateri
1482 4585 1735 4639 catholici
1787 4587 2058 4651 videlicet.
2108 4590 2203 4643 do—

619 4677 804 4760 etique
833 4675 1113 4744 pontiﬁces
1149 4677 1527 4741 decreverunt,
1559 4677 1943 4732 inviolabiliter
1986 4694 2205 4734 conser-

620 4779 793 4850 varet,
825 4767 900 4821 illi
930 4767 1093 4821 suasi.

684 4861 750 4936 Et
781 4862 846 4916 de
869 4874 936 4914 eo
959 4859 1102 4928 quod
1133 4858 1368 4928 scripsit,
1397 4859 1520 4928 quia
1560 4877 1579 4909 ι
1607 4861 1752 4928 quod
1792 4862 2082 4930 apostolica
2123 4878 2206 4919 se-

748 4954 814 5032 de
837 4968 902 5006 eo
930 4951 1119 5015 voluit,
1163 4965 1227 5004 ac
1275 4951 1558 5020 disposuit,
1617 4951 1862 5024 Remigio
1890 4964 1944 5010 et
1969 4956 2207 5012 Arduico
2233 5013 2236 5016 Α

618 5027 1043 5120 archiepiscopis
1069 5039 1434 5103 committere,
1477 5043 1786 5098 commisit:
1819 5063 1835 5095 ι
1893 5046 2099 5101 scilicet
2144 5056 2204 5101 ut

617 5117 1052 5216 pereosdonmi
1081 5132 1360 5203 apostolici
1387 5133 1634 5202 epistola,
1665 5138 1805 5190 unde
1831 5135 1904 5189 illi
1930 5138 2200 5204 mandavi,

617 5219 1182 5308 atlgdotnntum‘regem
1218 5227 1547 5297 perveniret,
1573 5236 1629 5281 et
1678 5229 1778 5297 ipsi
1826 5227 1942 5296 ejus
1983 5244 2200 5283 causam

620 5299 890 5398 avget-acina
923 5301 998 5373 illi
1053 5335 1156 5379 non
1209 5319 1393 5383 credo,
1445 5319 1700 5388 quoniam
1743 5320 1967 5388 epistola
2020 5320 2201 5376 damni

619 5393 904 5490 apostolici
936 5413 1070 5469 mihi
1102 5413 1305 5467 directa
1330 5421 1515 5484 aperte
1545 5413 1899 5478 demonstrat,
1955 5414 2096 5467 illaut
2136 5415 2200 5468 de

622 5487 976 5584 qua'oltlique
999 5507 1212 5576 sategit,
1245 5507 1374 5560 mihi
1402 5506 1630 5570 misisse,
1667 5515 1727 5560 ut
1749 5523 1849 5577 ego
1878 5507 2036 5570 illius,
2063 5507 2206 5562 vide—

622 5599 749 5653 licet
773 5599 1092 5674 suﬁ'ragauei
1137 5599 1260 5662 mei,
1301 5613 1516 5654 causam
1545 5615 1764 5671 agerem
1806 5599 1944 5668 apud
1981 5614 2200 5669 regem:

626 5703 895 5762 quatenus
919 5699 972 5743 et
993 5690 1285 5760 apostolica
1314 5691 1466 5744 sedes
1495 5691 1733 5760 vigorem
1781 5690 2060 5759 proprium
2116 5704 2203 5742 re-

629 5783 849 5842 tineret,
876 5790 930 5834 et
953 5798 981 5833 a
1011 5797 1067 5833 se
1088 5797 1342 5835 concessa
1370 5781 1626 5848 aliisjura
1646 5797 1748 5851 sua
1789 5796 1894 5835 non
1942 5781 2200 5835 demeret.

2309 3310 2440 3365 ferri
2488 3310 2715 3366 minime
2757 3310 2970 3380 recipit,
3012 3311 3111 3366 sed
3158 3310 3266 3366 leni
3317 3310 3549 3365 hircorum
3580 3298 3755 3367 sanguine

2310 3403 2598 3458 mollescit.
2638 3422 2657 3454 ι

2378 3492 2448 3547 Ει
2475 3493 2577 3548 bac
2618 3492 2958 3563 professione
2997 3509 3166 3564 quam
3193 3492 3498 3562 subscripsit,
3530 3485 3623 3554 quia
3654 3480 3688 3535 si
3724 3475 3754 3530 ei

2308 3583 2585 3640 licentiam
2621 3586 2782 3640 eundi
2821 3587 3077 3651 Romam,
3107 3602 3215 3656 quo
3263 3584 3400 3639 illum
3425 3580 3488 3634 vel
3520 3581 3758 3656 quemquam

2309 3692 2585 3746 nunquam
2632 3678 2715 3730 vel
2744 3693 3008 3746 nusquam
3040 3679 3313 3734 volentem
3341 3676 3413 3730 ire
3434 3663 3635 3742 prohibui.
3656 3654 3755 3725 ιιι)υά

2311 3767 2568 3822 domuum
2598 3783 2777 3839 regem
2823 3768 3081 3823 Carolum
3121 3786 3226 3824 non
3258 3770 3573 3838 impetrarem,
3603 3752 3694 3808 mihi
3713 3760 3755 3800 ει

2311 3870 2478 3926 tunc,
2525 3871 2584 3915 ut
2632 3862 3040 3932 archiepiscopo
3115 3863 3448 3932 coepiscopus
3492 3852 3754 3913 obtetnPer‘"

2309 3952 2488 4013 debet,
2523 3952 2785 4006 canonice
2834 3953 3029 4006 scirem
3080 3953 3229 4008 illum
3271 3945 3472 4016 obsequi
3510 3955 3590 3995 n0“
3621 3943 3750 4002 P055“

2311 4043 2427 4111 subj
2437 4059 2641 4115 ungens
2663 4062 2675 4097 :
2707 4061 2725 4094 ι
2753 4044 2866 4113 Ego
2887 4044 3212 4099 Hincmarus
3229 4042 3282 4098 S.
3305 4031 3617 4096 Laudunensis
3635 4019 3752 4118 Ecde-

2310 4138 2404 4193 sitc
2446 4139 2730 4209 episcOpus
2769 4146 2962 4206 sponte
3009 4136 3303 4206 subscripsi
3337 4153 3349 4188 :
3387 4153 3405 4185 ι
3438 4129 3555 4184 illaut
3577 4130 3687 4190 quam
3705 4125 3751 4209 tn

2310 4233 2517 4305 synodo
2546 4234 2729 4286 decem
2761 4233 3168 4300 provinciarum
3208 4229 3342 4299 apud
3373 4221 3639 4278 Attiniacum
3660 4203 3752 4305 lultt-

2309 4302 2418 4378 tam
2464 4324 2596 4378 mihi
2646 4324 2817 4388 dedit,
2865 4333 3131 4394 quantum
3179 4323 3232 4377 iu
3280 4321 3387 4390 ipso
3432 4313 3532 4373 fuit,
3563 4302 3749 4361 destruxit-

2310 4414 2462 4469 Sicut
2515 4415 2574 4468 Β.
2626 4412 2732 4467 Leo
2789 4414 2840 4467 irt
2890 4414 3120 4483 epistola
3177 4412 3242 4465 ad
3293 4409 3503 4462 Leonem
3554 4395 3749 4459 Angustum

2308 4504 2479 4573 (epist.
2510 4504 2621 4575 78),
2649 4504 2813 4557 etiam
2862 4512 3047 4557 tantus
3095 4500 3329 4572 pontifex
3370 4498 3428 4550 de
3460 4507 3510 4546 se
3533 4485 3751 4582 «ξίεειξδείξῖ

2311 4597 2481 4651 tendit
2533 4614 2547 4650 :
2583 4574 2612 4647 Vl
2674 4596 2980 4651 Secundum
3022 4595 3319 4664 apostolum
3349 4586 3520 4660 (Cultu.
3543 4580 3586 4647 2)
3618 4574 3650 4625 si
3669 4574 3751 4668 ,φιτ

2310 4688 2571 4752 destruxi,
2598 4688 2712 4742 hrec
2735 4685 2961 4750 aediﬁco,
2988 4687 3440 4758 praevaricatorem
3461 4689 3533 4729 me
3553 4668 3748 4758 constitua.

2310 4786 2365 4832 et
2392 4777 2472 4832 eis
2512 4793 2598 4832 me
2626 4777 2890 4832 ultionum
2931 4756 3325 4831 conditionibus
3368 4767 3534 4823 subdo,
3569 4765 3665 4824 quas
3683 4756 3748 4797 non

2310 4870 2482 4924 solum
2531 4870 2828 4925 auctoritas
2870 4870 3041 4924 beatae
3100 4865 3366 4922 memoria:
3414 4847 3621 4943 ιπίηοίνίῗ

2313 4960 2467 5024 tiani,
2495 4960 2589 5014 sed
2611 4961 2774 5015 etiam
2804 4974 2905 5027 ego
2927 4974 3046 5014 mea
3077 4949 3420 5013 consensione
3447 4933 3629 5034 fama“?

2311 5052 2508 5107 struxit
2553 5053 2695 5106 enim
2735 5054 2786 5106 in
2831 5025 3053 5123 praefata
3103 5048 3302 5121 synodo
3341 5025 3652 5123 inubedientiatl
3670 5025 3748 5123 ι)ιῖ

2312 5142 2484 5196 teritae
2520 5110 2886 5206 insolentiam,
2917 5110 3190 5196 aediﬁcans
3232 5127 3505 5206 proﬁtendo
3533 5129 3572 5173 et
3597 5110 3745 5206 subsrrr

2309 5232 2488 5286 bendo
2530 5232 2762 5285 futuram
2804 5234 3095 5286 secundum
3127 5243 3308 5285 sacros
3345 5227 3548 5277 canones
3572 5202 3747 5306 θετξῆ

2310 5324 2620 5394 metropolis
2665 5325 3002 5394 privilegium
3059 5319 3421 5377 obedientiam.
3461 5291 3747 5419 0"““"“::t:

2310 5417 2320 5419 _
2789 5417 2794 5419 »
2884 5418 2889 5419 γ
3253 5411 3271 5419 ’³
3357 5407 3364 5417 ¹
3445 5416 3455 5419 ⁸
3507 5399 3628 5419 "mm
3670 5415 3677 5419 ’

2310 5417 2412 5470 bac
2463 5417 2924 5485 praevaricationis
2992 5431 3099 5471 suae
3151 5407 3461 5482 professione
3505 5388 3728 5485 alii"???

2310 5509 2605 5576 scriptione
2647 5509 2946 5572 destruere,
2993 5518 3047 5563 et
3091 5504 3361 5560 annullare
3402 5475 3746 5583 sﬂlf‘gi‘vﬂﬂ:

2310 5599 2508 5652 stiuant
2559 5615 2710 5652 suam
2757 5600 3130 5660 insolentiam,
3199 5591 3420 5647 redivivo
3469 5564 3728 5661 fureret?”

2312 5689 2550 5753 scitavit,
2602 5705 2664 5744 ac
2694 5704 2792 5760 per
2815 5689 2918 5744 hoc
2943 5705 3000 5744 se
3031 5683 3471 5758 prmvaricatorcm
3502 5650 3716 5760 εξδιιείιξυξξς

2383 5737 2550 5753 ’”“’””
2603 5737 2664 5744 "'
2694 5737 2779 5760 ιη·
2815 5737 3000 5744 --ν-ν-ι-
3033 5737 3136 5758 ,νηί
3532 5754 3540 5764 .
3631 5756 3642 5766 η

2383 5780 2530 5847 Quas
2552 5796 2741 5837 omnes
2788 5781 3162 5851 professiones
3202 5783 3256 5829 et
3299 5759 3647 5827 subscriptione:
3674 5737 3755 5784 5⁸³³
