4002 6296
202 430 315 491 589

973 427 1215 485 opusc.
1259 425 1346 481 ετ
1387 402 1604 481 EPIST.
1650 422 1716 476 ιχ
1759 423 1981 479 causa
2027 422 2357 480 nmmum
2394 419 2701 479 LAUDUN.

3370 414 3475 473 590

199 546 480 615 sapientia
506 550 690 599 vestra
720 542 938 599 insimul
985 543 1250 607 conferat,
1301 550 1356 596 et
1400 542 1543 611 quod
1573 541 1640 595 de
1669 540 1799 594 sub-
1828 545 1873 602 Α
1901 538 2176 595 dixerunt.
2222 542 2317 595 Cui
2373 540 2646 596 scbedulm
2687 539 2756 593 ab
2802 537 3069 609 episcopis
3104 538 3194 609 qui
3243 536 3481 608 prtefatze

198 639 507 707 scriptione
549 635 633 690 vel
672 634 1009 706 professione
1035 634 1429 690 subscribentis
1454 649 1517 689 ac
1544 633 1799 704 proﬁten-

202 727 303 791 tis,
326 737 385 780 et
410 726 733 798 negligentis
759 735 922 796 atque
948 726 1271 796 refragantis
1293 735 1513 781 sanctus
1536 724 1793 795 Spiritus.

197 831 307 885 per
336 831 433 871 eos
476 816 529 871 in
581 816 777 886 quibus
806 815 1018 870 locutus
1055 824 1157 879 est,
1196 822 1250 869 et
1276 816 1368 884 qui
1422 830 1545 870 cum
1578 815 1688 869 Deo
1740 813 1796 869 in

198 907 349 961 emio
382 914 630 976 regnant,
663 913 719 960 et
747 905 803 960 in
835 904 996 959 terris
1039 903 1314 959 miraculis
1360 913 1670 968 coruscant,
1705 902 1798 958 de-

198 998 468 1061 creverit,
501 995 733 1050 sollicita
775 1002 958 1049 mente
990 993 1251 1064 recogitet
1295 1001 1459 1064 atque
1514 991 1792 1062 dijudicet.

196 1086 297 1145 Ait
336 1091 483 1144 enim
534 1104 747 1144 sacrum
795 1086 1220 1158 Carthaginense
1276 1085 1567 1140 concilium
1608 1085 1791 1156 (conc.

196 1177 461 1248 Carthag.
496 1194 556 1245 ll,
579 1192 701 1232 can.
731 1175 819 1248 15)
852 1195 867 1230 :
903 1196 922 1227 ί
960 1174 1018 1231 Si
1041 1175 1163 1245 quis
1187 1186 1374 1231 contra
1405 1190 1557 1231 suam
1581 1174 1792 1246 profes-

198 1271 414 1323 sionem
440 1268 524 1322 vel
554 1268 1008 1337 subscriptionem
1041 1266 1253 1321 venerit
1282 1265 1334 1320 in
1361 1264 1562 1337 aliquo,
1590 1264 1708 1336 ipse
1734 1280 1793 1321 se

196 1360 415 1416 honore
436 1358 689 1428 privabit.
729 1376 747 1408 ι
783 1357 924 1425 Quid
952 1357 1095 1412 enim
1126 1358 1178 1412 in
1213 1357 1314 1412 bac
1344 1356 1634 1411 novissima
1661 1355 1792 1411 sub-

195 1451 505 1520 scriptione
556 1465 651 1503 sua
715 1448 888 1503 sacris
955 1450 1258 1503 eanonibus
1306 1456 1362 1504 et
1408 1448 1793 1519 suprascriptis

196 1540 634 1611 professionibus
683 1548 738 1594 et
792 1539 1282 1608 subscriptiouibus
1330 1539 1444 1594 suis
1488 1538 1790 1604 contraria,

194 1630 593 1701 congruentius
636 1628 826 1684 referri
862 1638 1058 1699 potest,
1101 1644 1208 1699 qua
1255 1627 1435 1683 dixit:
1466 1627 1579 1698 Ego
1630 1627 1793 1683 Hinc-

198 1733 396 1774 marus
439 1729 629 1774 contra
658 1733 835 1772 meam
864 1717 1283 1786 professionem,
1314 1716 1398 1771 vel
1438 1716 1794 1787 subscriptio-

199 1824 334 1864 nem
365 1810 610 1875 veniens,
633 1819 828 1879 sponte
855 1824 941 1864 me
969 1809 1178 1864 honore
1198 1808 1439 1878 privavi?

1899 630 2107 701 synodo
2152 630 2532 695 interfuerunt,
2585 628 2878 685 multifario
2922 630 3215 700 multisque
3259 618 3476 686 modisé

1899 722 1993 775 sed
2020 729 2075 775 et
2097 736 2127 774 a
2150 736 2207 776 se
2234 722 2430 776 asserit
2455 737 2576 777 esse
2600 720 2995 791 subscriptum;
3028 736 3150 790 quae
3171 722 3228 775 in
3254 722 3481 790 quibus-

1899 811 2044 875 dam,
2074 812 2247 865 sacris
2270 812 2468 882 regulis
2498 812 2792 875 contraria,
2821 819 2876 864 ct
2896 827 3006 865 sure
3036 812 3483 866 excommunica-

1897 901 2031 957 tioni
2069 918 2232 973 quam
2282 902 2486 958 fecerat
2519 905 2573 959 in
2617 903 2873 974 parocbia
2923 920 3041 968 sua,
3092 911 3175 958 est
3218 919 3481 983 consona.

1897 990 2106 1047 Dicitur
2142 995 2288 1049 enim
2317 993 2391 1048 ibi
2427 995 2493 1049 de
2519 994 2796 1060 damnato,
2836 1003 2898 1049 ut
2934 1014 2952 1047 ι
3000 994 3127 1049 dum
3165 995 3321 1057 vivit,
3350 995 3421 1049 ita
3451 1012 3482 1047 ει

1896 1093 2040 1140 coetu
2092 1093 2147 1140 et
2189 1086 2449 1141 societate
2492 1084 2729 1140 ﬁdelium
2781 1094 3044 1152 remotus,
3087 1101 3117 1140 a
3161 1100 3387 1155 corpore
3427 1095 3484 1140 et

1895 1175 2157 1246 sanguine
2176 1177 2390 1232 Domini
2416 1187 2721 1247 separatus,
2746 1187 2806 1233 ut
2832 1194 2935 1233 nec
2964 1179 3018 1233 in
3050 1178 3209 1233 ﬁnem
3237 1193 3479 1234 comnm-

1896 1266 2113 1320 nionem
2144 1266 2398 1336 accipiat,
2432 1282 2607 1336 neque
2635 1283 2833 1338 corpus
2864 1268 3033 1338 ipsius
3063 1282 3215 1323 more
3238 1268 3477 1323 lidelium

1896 1372 2019 1413 cum
2050 1357 2411 1413 oblationibus
2437 1366 2490 1413 et
2517 1358 2741 1429 psalmis
2770 1369 2932 1429 atque
2962 1359 3178 1431 hymnis
3207 1359 3274 1413 ad
3301 1359 3480 1428 sepul-

1897 1454 2074 1500 turam
2138 1447 2454 1501 deducatur.
2500 1466 2519 1499 ι
2565 1447 2631 1501 Et
2671 1448 2949 1518 aliquanto
3004 1448 3280 1503 inferius:
3314 1464 3334 1498 ι
3373 1449 3481 1501 iia-

1894 1538 2165 1609 beantque
2209 1538 2481 1609 principes
2526 1549 2581 1594 et
2603 1538 2815 1607 iudices
2856 1540 2996 1595 bane
3041 1541 3095 1595 in
3142 1537 3337 1611 populo
3381 1540 3477 1593 Dei

1895 1628 2254 1697 diligentiam,
2284 1637 2345 1683 ut
2373 1629 2676 1699 ubicunque
2726 1627 2857 1683 tales
2891 1629 2946 1686 in
2991 1637 3260 1700 potestate
3283 1644 3475 1683 eorum

1895 1720 1965 1775 ab
2014 1720 2284 1791 episcopis
2350 1721 2599 1790 requisiti
2649 1722 2885 1786 fuerint,
2937 1722 3145 1792 absque
3190 1738 3340 1778 mora
3396 1722 3478 1777 eis

1895 1809 2208 1876 exhibeant,
2242 1824 2311 1864 ne
2346 1809 2485 1864 forte
2525 1811 2570 1865 si
2618 1810 3101 1876 dissimulaverint,
3131 1820 3225 1866 aut
3256 1814 3479 1867 manda-

276 1898 389 1955 Sed
414 1899 552 1954 forte
579 1899 745 1964 dicet,
785 1897 921 1953 alias
961 1898 1390 1967 subscriptiones
1441 1912 1500 1953 se
1543 1896 1792 1964 invitum,
1822 1897 1869 1956 B
1898 1911 2012 1958 tum
2035 1902 2275 1972 episcopi
2290 1903 2737 1973 contempserint,
2760 1902 2828 1957 ab
2853 1902 3093 1959 Ecclesia
3106 1902 3201 1959 Dei
3227 1905 3479 1975 proiecti,

197 2002 373 2064 atque
394 2000 642 2047 coactum
673 1989 888 2046 fecisse.
923 1988 991 2044 Et
1012 1989 1141 2059 quid
1171 1989 1315 2044 dicet
1342 1988 1409 2043 de
1433 1987 1521 2043 illa
1552 1988 1795 2043 subscri-

196 2085 415 2157 ptioue,
457 2098 562 2153 qua
610 2082 791 2138 libello
841 2081 1280 2152 compilationum
1332 2096 1586 2146 suarum,
1647 2080 1795 2136 nullo

198 2184 444 2246 petente,
490 2172 576 2227 vel
615 2182 891 2246 sperante,
942 2170 1284 2241 subscripsit,
1312 2178 1368 2224 et
1409 2172 1478 2225 ab
1516 2169 1637 2224 aliis
1674 2169 1795 2240 qui-

197 2265 436 2321 busdam
473 2263 657 2319 invitis
691 2262 960 2317 subscribi
1002 2260 1166 2317 fecit?
1205 2260 1284 2316 llli
1325 2275 1519 2332 nempe
1569 2260 1663 2332 qui
1727 2262 1794 2316 de

201 2358 501 2412 verborum
543 2352 865 2415 diﬂ‘erentiis
892 2352 1210 2424 loquuntur,
1244 2353 1385 2409 sicut
1416 2352 1623 2409 Nonius
1651 2352 1794 2407 Mar-

197 2445 380 2502 cellus
404 2442 821 2514 Peripateticus,
871 2442 926 2497 in
965 2442 1145 2497 libello
1174 2443 1241 2498 de
1284 2443 1668 2513 compendiosa
1698 2442 1794 2499 do-

198 2538 384 2594 ctrina
411 2545 549 2609 (cap.
577 2536 652 2608 5).
680 2536 812 2591 dicit
842 2549 858 2589 :
895 2553 915 2586 ι
954 2534 1068 2590 Hoc
1109 2535 1312 2591 distare
1356 2535 1500 2591 inter
1545 2534 1793 2592 conﬁteri

199 2638 261 2684 et
286 2628 532 2699 proﬁteri
571 2635 877 2693 autumant,
912 2627 1057 2697 quod
1086 2627 1337 2684 conﬁteri
1362 2629 1658 2684 voluntatis
1685 2640 1790 2694 est,

197 2722 452 2795 proﬁteri
484 2721 851 2787 naessitatis,
883 2728 939 2775 et
977 2719 1174 2776 coacti.
1213 2740 1233 2773 ι
1265 2719 1372 2776 Sed
1400 2736 1510 2776 non
1559 2720 1637 2775 illi
1690 2723 1792 2777 hoc

198 2813 271 2867 ad
318 2810 652 2866 voluntatem
709 2826 864 2866 suam
919 2810 1208 2874 succurrit,
1261 2811 1354 2882 qui
1399 2822 1589 2867 contra
1637 2826 1792 2869 suam

198 2900 603 2974 professionem
634 2909 691 2956 et
717 2901 1172 2971 subscriptionem
1196 2901 1362 2956 venit.
1394 2900 1530 2957 Cum
1571 2913 1793 2958 sanctus

200 2992 339 3059 Leo,
371 2993 513 3049 sicut
538 2992 816 3049 multoties
843 2993 896 3048 in
936 2992 1081 3049 illius
1126 2993 1402 3050 invenitur
1428 2995 1694 3067 epistolis,
1725 2996 1794 3052 ab

196 3084 567 3140 unanimitate
590 3085 872 3140 catholicae
900 3086 1052 3157 pacis
1073 3085 1467 3153 exorbitantes,
1503 3087 1794 3158 professio-

203 3189 336 3231 nem
376 3191 501 3230 eum
549 3175 948 3231 absolutissima
985 3177 1388 3248 subscriptione
1426 3195 1612 3235 coram
1645 3180 1792 3235 omni

1896 2007 1998 2049 nec
2035 1993 2368 2063 sepulturam
2416 2008 2539 2048 eum
2587 1992 2833 2048 ﬁdelibus
2876 1993 3162 2063 recipiant.
3198 2014 3216 2047 ι
3275 1994 3340 2049 Ει
3377 1993 3479 2049 ali-

1895 2094 2100 2156 quanto
2124 2100 2286 2155 supra
2318 2083 2475 2137 istam
2506 2082 2830 2138 sententiam
2861 2099 2875 2136 :
2910 2100 2929 2134 ‹
2961 2082 3018 2137 Si
3065 2082 3293 2139 clericus
3342 2081 3482 2140 tanti

1893 2175 2192 2245 cupiditate
2213 2173 2478 2244 sacrilegii
2502 2181 2810 2242 corruptus,
2846 2183 2941 2228 aut
2970 2173 3141 2229 laicus
3169 2174 3478 2245 quicunque

1896 2265 1999 2320 hac
2026 2266 2315 2336 iniquitate
2344 2265 2603 2335 deceptus
2631 2262 2818 2331 fuerit,
2845 2274 2900 2320 et
2941 2278 3278 2336 cognoscens
3324 2264 3477 2318 dam-

1890 2350 2171 2410 nationem
2209 2369 2363 2410 suam
2397 2355 2732 2426 poenitentiae
2760 2355 3015 2410 remediis
3041 2354 3338 2409 secundum
3385 2368 3476 2407 or-

1893 2444 2076 2501 dinem
2109 2455 2166 2501 et
2189 2446 2594 2516 dispositionem
2615 2447 2709 2501 sui
2754 2446 2991 2517 episcopi
3039 2461 3098 2501 se
3142 2440 3477 2509 submiserit,

1892 2536 2142 2593 volumus
2176 2546 2236 2592 ut
2259 2544 2489 2608 per'Vasa
2517 2545 2575 2592 et
2598 2547 2927 2608 prmsumpta
2956 2539 3252 2594 secundum
3301 2537 3478 2609 quali-

1892 2636 2059 2685 tatem
2076 2628 2130 2683 in
2145 2627 2416 2699 simplum,
2444 2628 2601 2683 autin
2614 2625 2851 2699 duplum,
2882 2626 3295 2697 autintriplum,
3315 2626 3481 2681 autin

1892 2718 2245 2790 quadruplum
2261 2718 2508 2775 ecclesia:
2518 2719 2604 2773 cui
2621 2718 2878 2774 damnum
2892 2718 3098 2774 illatum
3113 2727 3217 2783 est,
3242 2718 3478 2788 primum

1893 2811 2166 2867 restituat.
2182 2809 2311 2865 Inde
2321 2824 2419 2880 pro
2433 2810 2718 2881 sacrilegio
2732 2811 2801 2865 ab
2811 2810 3067 2881 episeopo
3078 2824 3177 2866 suo
3189 2809 3479 2865 consilium

1893 2904 2104 2968 salutis,
2132 2911 2189 2958 et
2217 2903 2548 2974 poenitentia
2573 2904 2793 2959 modum
2822 2903 3105 2975 suscipiat.
3144 2922 3162 2956 ο
3198 2902 3328 2969 Quae
3348 2917 3479 2958 con-

1892 2994 2106 3049 stitutio
2128 2995 2505 3062 restitutionis,
2526 2997 2677 3053 salvo
2701 2996 2883 3067 legum
2903 2993 3026 3064 jure
3049 2993 3327 3051 contraria
3356 3008 3480 3049 esse

1892 3083 2230 3155 dignoscitur
2268 3085 2500 3142 decretis
2540 3087 2683 3144 beati
2723 3086 2970 3159 Gregorii
3004 3085 3074 3140 ad
3117 3083 3480 3156 Augustinum

1892 3173 2192 3246 Anglorum
2233 3176 2545 3249 episcopum
2598 3178 3023 3248 interrogantem
3073 3175 3245 3247 (epist.
3293 3177 3388 3229 ult.
3438 3175 3478 3227 ι.

201 3269 376 3333 clero,
408 3279 465 3323 et
493 3268 748 3324 universa
778 3269 957 3340 plebe,
987 3272 1118 3326 dare
1144 3273 1445 3345 pmcipiat.
1479 3275 1545 3330 Et
1573 3285 1794 3333 sanctus

1901 3281 2000 3329 xu,
2033 3268 2101 3321 ad
2140 3267 2386 3339 August.,
2420 3270 2687 3338 interrog.
2710 3267 2767 3338 4)
2801 3284 2815 3322 :
2852 3287 2871 3318 ι
2917 3266 3157 3323 Obsecro
3208 3266 3337 3336 quid
3366 3266 3479 3336 pati

193 3358 506 3431 Gregorius
567 3360 619 3414 in
667 3361 895 3431 epistola
950 3363 1019 3417 ad
1081 3362 1449 3421 Theoetistam
1506 3369 1791 3437 patriciam

198 3451 322 3523 (lib.
350 3469 430 3518 ις,
458 3453 607 3523 epist.
633 3454 747 3527 59),
777 3454 842 3509 de
866 3455 952 3511 his
990 3457 1084 3526 qui
1117 3458 1389 3526 dicebant,
1421 3462 1548 3531 quia
1572 3461 1617 3518 si
1646 3479 1794 3520 com-

198 3543 343 3613 pulsi
418 3543 582 3613 aliqui
638 3544 705 3599 de
774 3545 971 3616 quibus
1022 3546 1167 3616 juste
1229 3554 1793 3625 reprehendebantur,

199 3636 673 3693 anathematizare
721 3652 799 3704 se,
852 3640 1116 3709 dicerent,
1163 3647 1525 3705 anathematis
1577 3651 1795 3708 vinculo

197 3724 354 3779 nullo
401 3726 560 3781 modo
603 3728 798 3795 teneri,
843 3730 1293 3789 manifestissime
1346 3737 1494 3794 dicat
1529 3757 1543 3794 :
1582 3759 1600 3792 α
1635 3741 1704 3796 Ει
1747 3743 1793 3799 si

196 3831 353 3887 sunt,
405 3824 674 3895 inquiens,
736 3829 828 3899 qui
876 3831 1181 3889 certissime
1238 3832 1395 3888 talia
1426 3836 1666 3892 sentiunt
1711 3838 1792 3894 vel

201 3923 422 3983 tenent,
456 3916 580 3987 quia
611 3917 907 3976 Christiani
949 3938 1053 3978 non
1081 3930 1229 3989 sunt,
1259 3923 1483 3981 dubium
1511 3942 1616 3982 non
1657 3938 1742 3984 est
1775 3947 1789 3983 :

198 4022 413 4078 eosque
465 4016 520 4063 et
559 4025 681 4082 ego,
709 4021 766 4068 et
803 4030 992 4071 omnes
1035 4017 1289 4073 catholici
1338 4019 1599 4091 episcopi,
1628 4032 1794 4094 atque

201 4098 466 4152 nniverSa
513 4098 752 4157 Ecclesia
776 4104 1336 4173 anathematizamus,
1382 4111 1508 4179 quia
1576 4112 1793 4168 veritati

199 4188 484 4243 wntraria
522 4191 780 4260 sentiunt,
810 4201 866 4249 et
890 4196 1164 4250 contraria
1195 4196 1508 4268 loquuntur.
1539 4218 1560 4253 ι

773 4304 1001 4362 CAPUT
1041 4306 1225 4365 XVIII.

202 4409 942 4506 ngtinsebre‘duluntﬁctam
986 4421 1235 4506 otiosiut)
1277 4424 1532 4506 episcepis
1582 4426 1796 4506 concilii

278 4481 937 4567 Tulleonsisucouscriptom
987 4481 1194 4567 obtulit,
1228 4481 1317 4547 cui
1364 4481 1627 4567 rescripsit
1658 4481 1796 4552 Rite?

274 4556 475 4632 mensis
496 4556 875 4612 adhortans'ad
897 4556 1229 4632 patientiam,
1250 4573 1298 4617 et
1329 4556 1592 4620 maturum
1617 4583 1793 4623 rerum

272 4625 649 4694 cognitionem.

279 4735 529 4806 Denique
571 4736 635 4792 ad
703 4740 819 4795 haec
864 4756 934 4795 xv
969 4741 1194 4799 Kalend.
1239 4746 1496 4815 August.,
1545 4747 1794 4805 indictio-

201 4828 295 4881 nis
321 4824 379 4889 3,
422 4825 568 4881 misit
603 4828 670 4882 ad
729 4844 816 4884 me
865 4831 1005 4901 apud
1051 4831 1425 4906 Pontigonem,
1478 4835 1792 4895 lleddonem

202 4916 471 4972 Ecclesiae
497 4928 607 4973 suae
641 4922 1016 4990 prtepositum,
1064 4934 1119 4980 et
1163 4942 1262 4998 per
1303 4945 1428 4984 eum
1477 4931 1793 4989 schedulam

202 5006 504 5077 quamdam
534 5008 667 5062 mihi
702 5009 923 5079 direxit,
953 5029 1114 5084 quam
1157 5016 1328 5074 habeo
1366 5019 1467 5075 sub
1515 5020 1795 5092 chirogra-

201 5095 318 5167 pho
350 5109 366 5147 :
396 5093 550 5163 cujus
576 5107 786 5167 partem
818 5116 1001 5157 coram
1035 5105 1303 5176 episcopis
1343 5109 1435 5178 qui
1480 5108 1793 5175 adfuerunt,

204 5184 465 5256 Remigio
490 5185 715 5254 scilicet,
754 5190 1043 5259 llarduieo,
1074 5194 1379 5263 Francone,
1406 5197 1592 5258 Odone
1632 5213 1796 5273 atque

206 5276 559 5345 Willeberto,
584 5288 639 5336 et
679 5282 800 5338 aliis
846 5285 1233 5344 ecclesiasticis
1278 5290 1412 5346 viris
1456 5292 1795 5350 referendam

204 5366 293 5423 illi
315 5367 548 5436 donavi;
579 5386 647 5426 ne
682 5382 871 5442 postea
919 5376 1054 5431 mihi
1089 5379 1337 5434 eamdem
1375 5382 1708 5450 sebedulam,
1749 5387 1797 5444 si

202 5457 399 5525 vellet,
455 5462 667 5519 misisse
721 5480 917 5538 negare
962 5467 1188 5524 valeret.
1237 5471 1370 5538 Qute
1424 5474 1669 5530 confecta
1718 5487 1799 5534 est

207 5551 375 5620 quasi
429 5567 494 5608 cx
552 5559 770 5615 nomine
816 5562 1003 5633 synodi
1051 5564 1192 5633 apud
1255 5565 1543 5623 Tusiacum
1583 5587 1596 5625 :
1634 5588 1796 5642 quam

206 5652 512 5712 antequam
542 5662 637 5717 per
666 5648 978 5707 Heddonem
1007 5653 1266 5711 clericum
1296 5672 1453 5713 suum
1475 5664 1799 5732 acceperim,

209 5749 497 5804 numquam
531 5738 657 5805 vidi,
687 5750 741 5797 et
766 5759 1041 5815 nunquam
1060 5747 1145 5802 vel
1169 5764 1434 5819 nusquam
1462 5753 1674 5814 audivi;
1707 5757 1801 5810 sed

206 5824 316 5881 nec
343 5827 435 5895 qui
462 5826 748 5888 adfuerunt
773 5836 1035 5906 episcopi,
1064 5851 1183 5894 eam
1210 5857 1267 5896 se
1292 5843 1491 5899 vidisse
1513 5856 1567 5901 et
1587 5848 1801 5903 audisse

1820 4612 1872 4673 D

1893 3358 2110 3426 debeat,
2143 3359 2189 3414 si
2218 3361 2339 3430 quis
2364 3360 2571 3429 aliquid
2601 3360 2669 3415 de
2698 3358 2930 3414 ecclesia
2951 3357 3097 3413 furto
3124 3357 3475 3413 abstulerit?»

1893 3452 2196 3522 Responsio
2225 3453 2371 3509 beati
2398 3452 2646 3523 Gregorii
2674 3453 2802 3508 hinc
2825 3460 2946 3523 post
2974 3451 3251 3521 aliquanta
3278 3468 3291 3504 :
3323 3469 3343 3501 α
3366 3452 3478 3505 Ad—

1893 3544 1978 3599 dis
2008 3544 2172 3600 etiam
2203 3545 2479 3615 quomodo
2501 3560 2565 3601 ea
2587 3560 2707 3615 quae
2733 3544 2880 3601 furto
2901 3545 2970 3600 de
2993 3542 3241 3600 ecclesiis
3288 3545 3479 3599 abstu-

1894 3635 2075 3702 lerint,
2110 3636 2335 3690 reddere
2361 3622 2631 3690 debeant?
2655 3634 2762 3690 Sed
2783 3636 2926 3690 absit
2975 3642 3036 3689 ut
3064 3633 3294 3689 ecclesia
3352 3648 3499 3697 cum,

1893 3734 2184 3797 augmento
2211 3727 2461 3796 recipiat,
2490 3727 2635 3797 quod
2668 3727 2737 3781 de
2782 3727 2947 3782 rebus
2991 3725 3222 3780 terrenis
3265 3724 3482 3779 videtur

1892 3818 2165 3882 amittere,
2196 3826 2251 3872 et
2279 3816 2429 3873 lucra
2454 3819 2520 3873 de
2544 3819 2694 3874 vanis
2727 3827 2954 3889 quaerat.
2993 3838 3011 3870 ι

1963 3908 2096 3977 Quae
2140 3908 2416 3974 schedula,
2465 3918 2527 3964 ut
2569 3909 2801 3973 ostendi,
2843 3910 3228 3967 ecclesiasticis
3261 3910 3483 3965 ordina-

1894 4000 2131 4056 tionibus
2157 4000 2449 4066 contraria,
2482 4000 2647 4057 etiam
2670 4009 2725 4057 et
2744 4017 2812 4058 ex
2838 4004 2943 4059 hoc
2966 4002 3197 4058 mendax
3228 4016 3349 4058 esse
3386 4017 3484 4073 pa-

1896 4100 2075 4149 tenter
2111 4093 2438 4159 ostenditur,
2470 4095 2594 4164 quia
2619 4111 2807 4151 eorum
2842 4096 3219 4167 episcoporum
3261 4094 3484 4153 nomina

1896 4184 1971 4241 ibi
1995 4185 2262 4240 habentur
2291 4186 2621 4255 subscripta,
2643 4188 2735 4258 qui
2761 4190 3000 4246 nondum
3023 4197 3181 4244 erant
3204 4190 3443 4261 episcopi
3467 4207 3481 4244 :

1892 4286 1951 4332 et
1976 4279 2140 4333 etiam
2175 4277 2405 4332 duorum
2431 4278 2809 4349 episcoporum
2837 4281 3056 4335 nomina
3095 4298 3161 4337 ex
3209 4299 3315 4337 una
3356 4264 3499 4341 civl-.

1897 4378 2029 4435 tate,
2059 4378 2114 4424 et
2140 4384 2249 4424 uno
2281 4379 2522 4440 tempore
2558 4371 2630 4426 ibi
2660 4383 2785 4427 sunt
2832 4373 3006 4443 posita
3033 4394 3045 4427 :
3072 4386 3125 4429 et
3169 4377 3486 4431 eorumdem

1897 4464 2272 4534 episcoporum
2300 4466 2520 4521 nomina
2542 4466 2634 4534 qui
2670 4477 3052 4523 successerunt
3092 4477 3218 4523 ante
3264 4468 3488 4529 nomina

1897 4572 2116 4612 suorum
2158 4556 2501 4612 decessurum
2527 4555 2601 4611 ibi
2626 4566 2920 4626 ponuntur.
2966 4558 3209 4614 [labetur
3234 4559 3381 4615 enim
3412 4559 3487 4615 ibi

1901 4662 2100 4703 nomen
2128 4646 2423 4703 Christiani
2455 4647 3031 4715 Autissiodorensium,
3060 4657 3114 4705 et
3156 4649 3316 4721 longe
3366 4660 3489 4720 post

1899 4738 2143 4794 Abbonis
2195 4738 2322 4793 item
2378 4738 2955 4806 Autissiodurensium,
3003 4742 3088 4796 cui
3143 4742 3489 4798 Christianus

1900 4830 2182 4886 successit.
2216 4829 2281 4883 Et
2319 4829 2640 4886 inscribitur
2669 4831 2743 4888 ibi
2769 4847 2963 4887 nomen
2994 4834 3259 4890 Rainelmi
3287 4834 3493 4889 Novio:
3526 4908 3531 4911 ἴ

1898 4923 2236 4996 magensium
2263 4963 2279 4987 ,
2335 4922 2428 4993 qui
2474 4926 2710 4981 nondum
2760 4935 2879 4980 erat
2926 4927 3253 4998 episcopus:
3293 4927 3487 4982 deinde

1898 5016 2057 5086 longe
2086 5024 2229 5086 post,
2259 5029 2454 5071 nomen
2488 5017 2744 5073 lmmonis
2790 5016 3241 5090 Noviomagorum
3296 5002 3491 5075 inscri-

1902 5107 2070 5172 bitur,
2106 5109 2192 5164 cui
2223 5108 2540 5165 Rainelmus
2566 5111 2848 5166 successit.
2887 5110 2953 5164 Et
3002 5110 3229 5165 aliorum
3272 5113 3486 5180 episeo-

1902 5214 2095 5269 porum
2125 5199 2197 5253 ibi
2226 5200 2494 5255 habentur
2522 5202 2764 5265 nomina,
2789 5201 2881 5271 qui
2910 5200 3088 5257 eidem
3134 5199 3340 5272 synodo
3380 5216 3490 5257 non

1905 5291 2284 5348 interfuerunt.
2316 5292 2385 5347 Et
2405 5308 2503 5349 nos
2524 5294 2614 5365 qui
2646 5292 3011 5359 interfuimus,
3032 5295 3128 5351 sed
3175 5306 3230 5348 et
3275 5308 3334 5348 se
3380 5290 3490 5348 ἠοε-

1904 5384 2113 5441 hiscum
2142 5386 2225 5440 bis
2266 5385 2652 5456 subscripsisse
2705 5386 3038 5442 mendaciter
3087 5386 3242 5452 dicit,
3290 5387 3488 5456 quibus

1906 5492 2014 5533 non
2041 5478 2481 5547 subscripsimus.
2514 5479 2666 5534 Unde
2694 5479 2985 5534 videndum
3016 5487 3100 5533 est
3143 5480 3188 5533 si
3234 5476 3309 5533 illi
3355 5493 3491 5533 con-

1906 5571 2109 5635 veniat,
2135 5572 2277 5641 quod
2301 5570 2615 5625 Africanum
2644 5571 2882 5626 decrevit
2912 5570 3201 5628 concilium
3259 5570 3327 5625 de
3378 5570 3494 5639 cpi-

1908 5679 2073 5735 scopo
2097 5665 2188 5734 qui
2220 5664 2515 5720 Donatistis
2534 5679 2594 5720 se
2621 5665 3053 5721 communicasse
3081 5664 3341 5720 mentitus
3372 5664 3490 5718 fue-

1910 5757 1983 5811 rit
2003 5756 2143 5828 (cod.
2173 5771 2290 5809 cun.
2337 5753 2463 5808 eccl.
2485 5754 2679 5826 Afric.,
2708 5770 2829 5811 can.
2873 5756 2997 5829 124)
3027 5773 3040 5811 :
3068 5767 3125 5813 ut
3159 5778 3178 5809 ‹
3208 5754 3252 5810 si
3299 5758 3498 5826 probas»

1914 5859 2023 5904 tmn
2054 5850 2211 5904 fuerit
2241 5865 2363 5905 cum
2392 5849 2459 5908 de
2481 5856 2860 5911 communione
2882 5854 3096 5912 illorum
3114 5854 3277 5911 fuisse
3301 5855 3497 5909 menti-
