3958 5398
465 211 572 266 595

1062 322 1288 379 CAPUT
1330 322 1470 378 XXI.

471 436 628 503 Quod
659 437 844 490 deinde
885 436 1038 489 semel
1082 453 1144 490 ac
1185 438 1369 490 iterant
1408 438 1586 488 eadem
1631 438 1694 490 de
1738 455 1793 492 re
1831 435 2054 490 monitus

543 508 749 561 obedire
790 506 1114 573 contempsit,
1140 517 1189 560 et
1218 507 1424 560 concilii
1465 507 1769 562 Antiocheni
1805 523 2055 562 canonem

541 579 818 631 mdiscrele
854 577 1084 645 exponit.

542 687 731 743 Postea
762 703 823 742 ιιι
854 687 1036 743 Nonas
1071 687 1191 743 Maii
1231 689 1376 744 venit
1415 689 1480 742 ad
1524 704 1610 744 me
1640 689 1869 744 clericus
1903 703 2057 752 suus,

467 777 686 831 nomine
731 776 1085 844 Teutlandus,
1130 779 1374 848 quaadam
1425 779 1554 833 mihi
1602 780 1668 834 de
1723 787 1874 849 parte
1917 778 2059 832 illius

468 867 728 933 referens,
757 884 876 937 quae
903 867 990 922 hic
1018 883 1181 923 causa
1207 868 1490 923 brevitatis
1513 870 1723 923 omitto.
1760 867 1825 921 Et
1851 867 1960 922 dixi
1983 867 2058 932 ei,

467 969 527 1012 ut
555 961 809 1031 episcopo
836 976 935 1016 suo
961 961 1185 1026 diceret,
1215 970 1480 1030 quatenus
1516 961 1656 1015 sicut
1687 969 1741 1014 et
1781 959 1976 1014 litteris
2005 967 2062 1012 et

464 1050 647 1106 verbis
667 1051 779 1122 jam
804 1051 879 1106 illi
907 1052 1310 1116 mandaveram,
1341 1052 1548 1105 litteras
1573 1050 1653 1104 sui
1681 1063 1974 1104 consensus
2005 1047 2058 1101 in

468 1143 1033 1198 excommunicatione
1055 1142 1378 1212 complicum
1405 1140 1748 1196 Carlomanni
1775 1139 1904 1193 mihi
1931 1138 2058 1192 mit-

465 1243 582 1288 tere
630 1232 835 1288 diutius
878 1250 999 1288 nort
1030 1233 1268 1288 dillerrct
1298 1253 1310 1286 :
1346 1231 1489 1287 unde
1542 1241 1668 1286 tunc
1713 1232 1900 1301 quinta
1940 1231 2059 1285 vice

453 1341 592 1385 eum
619 1327 1054 1381 commonebam.
1098 1326 1291 1381 Postea
1343 1335 1494 1379 sexta
1525 1325 1644 1379 vice
1688 1323 1900 1387 litteris,
1925 1339 2059 1392 qua-

467 1436 587 1473 rum
614 1420 893 1490 exemplar
922 1420 1095 1475 habeo
1125 1421 1250 1488 (non
1272 1420 1524 1488 exstant),
1550 1418 1696 1472 illum
1723 1415 2054 1480 commonni,

466 1521 736 1582 quatenus
762 1527 1060 1568 consensus
1079 1512 1162 1566 sui
1189 1511 1394 1566 litteras
1423 1511 1474 1565 iu
1499 1510 2056 1565 excomnnmicatioue

464 1606 727 1660 canonica
757 1605 1079 1674 complicum
1130 1604 1473 1659 Carlomanni
1519 1603 1648 1657 mihi
1684 1602 1898 1655 mittere
1936 1600 2055 1653 diu-

1470 207 1797 267 lll-NCMARI
1834 203 2225 262 [HIEMENSIS
2260 206 2772 267 AltClllEPlSCOPl

3646 209 3750 265 596

2082 326 2130 380 Α
2158 319 2410 388 dicimus,
2436 335 2495 378 ut
2523 326 2768 380 advertat
2787 326 3022 381 Charitas
3045 333 3154 391 tua,
3181 326 3319 381 adeo
3349 340 3453 380 nos
3482 340 3748 381 canonum

2155 427 2422 486 praecepta
2465 433 2702 479 servare,
2737 428 2791 472 ut
2826 419 2898 473 ita
2942 419 3255 473 constitutio
3299 434 3524 487 quoque
3567 427 3747 472 nostra

2157 507 2402 571 dilliniat,
2426 517 2691 577 quatenus
2719 508 3115 578 metropolitani
3145 510 3224 562 sui
3255 521 3602 577 unaquaeque
3623 522 3750 576 pro-

2157 598 2331 653 vincia
2367 599 2418 652 in
2448 599 2698 652 omnibus
2743 599 2903 653 rebus
2946 599 3344 652 ordinationem
3395 609 3619 664 semper
3662 610 3754 648 e1-

2158 697 2382 758 spectet.
2442 710 2460 742 )
2508 689 2768 745 Distincte
2831 691 2996 759 igitur
3051 689 3456 742 Antiochenam
3517 686 3752 741 decrevit

2161 781 2446 836 concilium
2467 822 2482 846 ,
2523 791 2582 836 ut
2612 802 2630 833 ι
2664 791 2858 851 praeter
2908 781 3389 852 metropolitanum
3422 779 3611 834 caeteri
3648 780 3752 847 epi-

2159 873 2307 942 scopi
2338 871 2470 926 nihil
2513 872 2743 942 amplius
2782 880 2962 942 agant,
3012 872 3116 925 nisi
3158 886 3220 926 ea
3267 879 3485 924 tantum
3533 885 3657 939 quae
3691 869 3749 922 ad

2161 981 2311 1020 suam
2360 965 2636 1019 dimeesim
2689 965 2990 1035 pertinent,
3043 965 3535 1034 possessionesque
3581 961 3751 1028 subje-

2162 1066 2298 1112 etas.
2329 1077 2347 1108 ι
2383 1056 2483 1110 llic
2529 1058 2779 1112 dioecesis
2823 1073 2920 1127 pro
2965 1057 3260 1128 parochia,
3311 1057 3458 1110 sicut
3497 1063 3559 1108 et
3597 1055 3753 1117 alibi,

2160 1151 2395 1222 ponitur.
2443 1150 2509 1203 Et
2551 1158 2673 1220 post
2719 1150 2991 1219 aliquanta
3036 1167 3050 1204 :
3094 1167 3116 1202 ι
3151 1148 3261 1202 Nec
3302 1147 3756 1216 metrupolitanas

2162 1239 2278 1293 sine
2300 1247 2616 1293 caeterorum
2644 1249 2793 1309 gerat
2822 1238 3047 1293 consilio
3081 1238 3450 1292 sacerdotum.
3499 1255 3522 1286 ι
3563 1236 3628 1288 Et
3658 1251 3750 1289 non

2162 1331 2366 1385 addidit
2407 1331 2458 1385 in
2507 1331 2607 1384 hac
2646 1331 2934 1394 sententia,
2971 1329 3112 1399 quod
3149 1329 3202 1382 in
3240 1327 3581 1397 pnecedcnti
3628 1342 3753 1394 pra:-

2158 1423 2378 1493 posuit:
2414 1423 2545 1478 nihil
2576 1422 2804 1492 amplius
2834 1423 2950 1476 sine
2970 1431 3293 1476 czeterorum
3339 1428 3504 1490 gerat
3540 1419 3755 1473 coasilio

2159 1515 2495 1570 sacerdotum
2529 1533 2539 1567 :
2571 1515 2823 1583 quoniam
2875 1528 3090 1568 sacrum
3137 1512 3422 1566 Nictenum
3469 1511 3754 1564 concilia

2162 1606 2304 1677 (can.
2335 1607 2390 1675 6)
2433 1605 3004 1668 noveratdeerevisse,
3041 1613 3101 1658 ut
3134 1604 3180 1658 si
3207 1604 3316 1657 duo
3358 1611 3458 1656 aut
3502 1610 3619 1655 tres
3642 1615 3753 1671 pro»

464 1697 575 1750 tius
619 1712 724 1752 non
768 1673 1031 1760 dillerret,
1062 1696 1152 1766 qui
1178 1695 1400 1749 obedire
1441 1693 1570 1748 mihi
1603 1707 1752 1747 more
1781 1707 1878 1746 suo
1910 1691 2057 1745 dedi-
2086 1673 2134 1733 Β
2162 1673 2423 1753 vincialés
2449 1699 2684 1767 episcopi
2708 1706 2927 1767 propter
2945 1697 3325 1751 contentiones
3343 1695 3608 1765 proprias
3637 1709 3751 1747 con-

465 1799 660 1860 guatus
706 1789 824 1843 fuit.
863 1790 1086 1859 Insuper
1131 1789 1185 1842 in
1221 1796 1516 1842 memorata
1558 1785 1730 1841 rotula
1773 1799 1868 1838 sua
1917 1785 2060 1838 inter

467 1881 571 1935 alia
598 1879 724 1934 hinc
756 1879 886 1934 mihi
918 1879 1232 1948 rescripsit:
1271 1898 1288 1928 ι
1321 1877 1486 1945 Cujus
1515 1875 1658 1931 eouti
1689 1872 2055 1944 dedignamini

467 1971 716 2034 concilio,
731 1981 918 2041 petere
934 1987 1038 2025 non
1053 1984 1229 2040 operte
1240 1969 1472 2039 pretium
1489 1967 1697 2022 habetis
1711 1979 2054 2020 consensum.

468 2063 536 2116 Et
581 2063 750 2117 miror
790 2078 889 2116 cur
937 2062 990 2115 in
1029 2063 1131 2116 hoc
1173 2075 1352 2115 meum
1395 2058 1670 2128 requiritis
1713 2071 2056 2121 consensum,

468 2157 623 2225 cujus
651 2171 759 2210 non
789 2154 1090 2224 quaesistis;
1133 2155 1241 2208 imo
1271 2151 1551 2223 sprevislis
1579 2149 1883 2204 consilium.
1923 2149 2058 2201 Cum

465 2247 866 2300 Antiochenum
907 2246 1165 2300 decernat
1199 2244 1481 2298 concilium
1517 2260 1528 2295 :
1563 2256 1662 2295 nec
1690 2239 2056 2308 archiepisco-

467 2359 570 2412 pus
600 2343 714 2396 sine
745 2350 1068 2397 eazterorum
1095 2347 1218 2409 agat
1245 2337 1470 2393 consilio
1501 2335 1842 2391 sacerdotum
1875 2352 1886 2385 :
1917 2330 2059 2401 quod

469 2433 675 2487 nullum
700 2431 939 2488 excludit
966 2432 1364 2502 coepiscopum.
1404 2449 1422 2482 ι

543 2522 659 2577 Non
690 2522 973 2578 attendens
999 2536 1159 2592 quam
1201 2520 1493 2574 indiscrete
1539 2516 1862 2572 sententiam
1893 2512 2063 2582 ipsius

468 2623 703 2684 exponat
730 2612 976 2678 concilii;
1007 2627 1167 2680 quam
1193 2611 1426 2663 discrete
1451 2609 1591 2662 idem
1615 2605 1853 2661 decrevit
1879 2602 2060 2659 conci-

470 2709 626 2773 lium,
657 2706 839 2760 dicens
865 2705 1003 2774 (can.
1032 2704 1122 2774 9):
1166 2721 1184 2752 ι
1219 2701 1430 2756 Placuit
1461 2708 1655 2769 praeter
1696 2695 2061 2765 metropolita-

473 2814 604 2851 num
627 2805 853 2852 cmteros
876 2794 1158 2864 episcopos
1180 2792 1312 2845 nihil
1334 2790 1563 2859 amplius
1584 2803 1744 2859 agere
1767 2785 2058 2840 secundum

471 2891 811 2974 antiquanpa
841 2887 1083 2957 patribus
1107 2884 1308 2939 nostris
1349 2882 1586 2953 regulam
1624 2880 1995 2940 constitutam,
2033 2896 2052 2929 ι

2164 1791 2460 1854 tradicunt,
2491 1788 2732 1844 obtineat
2757 1789 3022 1844 sententia
3047 1787 3438 1858 plurimorum.

2231 1883 2411 1939 Claret
2469 1883 2632 1954 igitur
2691 1881 2915 1936 fratrem
2973 1879 3327 1935 Hincmarum
3388 1879 3559 1933 aliter
3605 1891 3750 1947 quam

2159 1975 2453 2038 debuerat,
2503 1973 2568 2027 ad
2617 1988 2772 2027 suum
2831 1986 3051 2026 sensum
3105 1968 3383 2024 inﬂexisse
3435 1969 3749 2023 sententiam

2159 2065 2481 2123 Antiocheni
2521 2064 2766 2130 concilii,
2808 2079 2967 2134 quam
3011 2062 3154 2116 idem
3201 2059 3525 2122 concilium,
3577 2059 3668 2113 sed
3703 2065 3753 2110 et

2161 2171 2380 2216 sanctus
2423 2158 2733 2214 Bonifacius
2778 2171 2916 2226 papa
2967 2153 3373 2217 intellexerunt,
3429 2150 3748 2206 sententiam

2161 2251 2302 2306 sacri
2340 2249 2539 2306 Nicaeni
2580 2247 2793 2303 concilii
2822 2265 2836 2301 :
2871 2261 2992 2301 cum
3029 2245 3172 2300 idem
3197 2254 3428 2300 sanctus
3453 2242 3750 2297 Bonifacius

2162 2343 2214 2398 in
2243 2342 2432 2396 eodem
2463 2340 2695 2396 concilio
2725 2335 3167 2409 promulgaverit,
3207 2355 3227 2386 ι
3255 2342 3540 2404 quatenus
3571 2339 3752 2386 metm-

2159 2433 2380 2504 politani
2424 2433 2505 2487 sui
2534 2445 2869 2500 unaquaeque
2905 2427 3181 2500 provincia
3219 2427 3274 2480 in
3305 2425 3574 2480 omnibus
3605 2422 3750 2476 rebus

2161 2524 2556 2580 ordinationem
2598 2535 2812 2592 semper
2855 2527 3154 2590 exspectet.
3189 2537 3209 2571 ι
3245 2517 3312 2571 Ει
3342 2532 3458 2570 non
3501 2513 3750 2572 decrevit.

2159 2618 2285 2688 quia
2332 2633 2441 2672 non
2483 2614 2690 2678 debuit,
2723 2620 2913 2667 contra
2957 2610 3234 2665 Nicaenum
3265 2616 3320 2662 et
3355 2605 3748 2659 Antiochenam

2161 2710 2475 2773 concilium,
2514 2716 2568 2761 ut
2611 2707 2663 2761 in
2695 2706 2946 2760 omnibus
2969 2703 3130 2758 rebus
3159 2700 3624 2770 metropolitanus
3649 2713 3750 2750 oin-

2161 2802 2308 2856 uium
2361 2799 2801 2868 cocpiscoporum
2855 2795 3147 2864 provincia:
3208 2790 3503 2846 consilium
3550 2802 3756 2854 semper

2161 2899 2437 2962 exspectet
2481 2909 2494 2943 :
2536 2889 2791 2960 quoniam
2841 2889 2908 2942 de
2953 2887 3197 2941 omnium
3249 2883 3510 2953 negotiis,
3557 2882 3648 2949 qui
3694 2879 3754 2931 de

469 2990 524 3036 οι
569 2969 791 3049 ι’ριῑψιῖι.
837 2977 965 3044 (ὶυιι)
1004 2977 1074 3031 Sil
1113 2984 1292 3030 θυῑοηι
1331 2975 1551 3043 ειιιιίίιιιει
1591 2971 1772 3042 ι’θὲυκι
1803 2986 1829 3023 ³
1857 2969 2060 3022 ηοδῑτίε
2087 3019 2131 3082 C
2163 2983 2437 3056 provincia
2480 2984 2547 3037 ad
2600 2980 3071 3051 metropolitanum
3110 2977 3352 3046 undique
3399 2981 3754 3033 concnrmut,

474 3074 719 3146 patribus
743 3070 1057 3134 constituta,
1089 3077 1276 3124 sancta
1303 3067 1517 3122 Nicaeua
1548 3064 1788 3138 synodus
1811 3070 2060 3132 patenter

472 3163 708 3219 ostendit
743 3163 883 3234 (can.
919 3162 972 3226 ϐ,
1013 3161 1086 3215 al.
1122 3161 1197 3230 8),
1226 3161 1543 3222 decernens,
1569 3168 1628 3212 ut
1668 3156 1922 3227 quoniam
1949 3154 2062 3224 pri-

474 3265 656 3311 matus
685 3265 739 3310 et
767 3255 1070 3310 sollicitudo
1095 3254 1334 3308 onmium
1362 3251 1722 3306 Ecclesiarum
1769 3249 1824 3304 in
1860 3247 2060 3318 princi-

472 3355 601 3415 patu
649 3345 791 3400 beati
842 3343 984 3398 Petri
1027 3343 1226 3397 domini
1259 3357 1352 3395 ore
1399 3349 1674 3411 percepto,
1720 3339 1952 3408 pertinet
1992 3337 2060 3390 ad

469 3437 662 3506 prima:
718 3445 772 3489 et
833 3443 1034 3488 sanetae
1095 3432 1352 3486 Romanae
1410 3431 1553 3485 sedis
1609 3428 1952 3500 pontificem,
2003 3435 2062 3480 ut

472 3526 872 3581 Alexandrinus
900 3527 1185 3595 episcopus
1225 3523 1464 3577 onmimn
1500 3521 1600 3576 sibi
1647 3519 2059 3575 commissorum

477 3622 673 3675 habeat
701 3627 1023 3689 potestatem
1048 3617 1184 3689 (ride
1214 3615 1303 3670 lib.
1345 3632 1432 3681 Lv,
1459 3633 1575 3684 cup.
1611 3615 1686 3685 4).
1722 3613 1981 3666 Similiter
2007 3621 2062 3665 et

386 3730 397 3738 ·
475 3713 615 3781 apud
647 3712 1008 3774 Antiochiam,
1051 3719 1382 3778 cantet-asque
1417 3709 1721 3778 provincias
1760 3723 1854 3760 sua
1894 3705 2058 3776 privi-

477 3808 613 3877 legia
641 3816 924 3862 serventur
945 3807 1222 3861 Eeclesiis.
1259 3807 1332 3859 lie
1367 3807 1565 3876 quibus
1596 3814 1774 3858 autem
1805 3802 2064 3858 Ecclesiis
2099 3825 2102 3830 ·

477 3897 642 3960 dicat,
677 3907 732 3950 et
755 3913 891 3963 qute,
923 3905 975 3948 et
1009 3896 1239 3963 qualiter
1280 3895 1556 3965 privilegia
1601 3896 1705 3949 illis
1733 3893 1936 3949 servari
1971 3893 2063 3948 de-

474 3989 656 4049 heaut,
683 3985 961 4054 przel'atum
985 3986 1380 4040 Antiochenum
1409 3987 1744 4041 demonstrat
1773 3987 2060 4040 concilium

477 4095 618 4133 tcan.
656 4078 690 4131 9
730 4078 846 4147 cit.)
875 4097 885 4131 :
919 4098 935 4128 ι
968 4077 1073 4132 Per
1114 4077 1385 4149 singulas,
1431 4078 1624 4146 inquit,
1668 4078 1913 4148 regiones
1951 4079 2064 4148 epi-

477 4185 669 4238 scopos
711 4171 957 4224 convenit
997 4185 1175 4234 nosse,
1227 4170 1698 4239 metropolitanmn
1747 4170 2062 4240 episcopum

478 4261 900 4315 sollicitudinem
925 4263 1091 4316 totius
1113 4261 1403 4331 provinciae
1424 4276 1611 4332 gerere
1638 4280 1648 4314 ε
1679 4271 1898 4332 propter
1921 4262 2063 4332 quod

478 4353 545 4404 ad
576 4352 917 4422 metropolim
953 4367 1142 4407 omnes
1177 4352 1412 4421 undique
1444 4353 1534 4422 qui
1577 4353 1789 4423 negotia
1816 4353 2064 4408 videnlur

476 4442 697 4506 habere,
730 4455 1074 4498 concurrant.
1107 4464 1124 4493 ›
1162 4443 1226 4498 Et
1262 4444 1575 4499 Africanum
1603 4445 1890 4499 concilium
1920 4446 2064 4512 (co-n-

478 4533 565 4586 ril.
597 4533 786 4601 Africa,
812 4551 860 4589 c.
891 4535 1011 4600 105,
1037 4546 1083 4588 et
1112 4537 1226 4589 cod.
1256 4554 1374 4590 can.
1404 4535 1550 4590 Eccl.
1574 4537 1714 4606 Ain,
1738 4552 1859 4591 can.
1896 4534 2019 4607 158)
2049 4554 2061 4588 :

486 4647 503 4673 ι
557 4625 804 4688 Decreta,
866 4627 1063 4695 inquit,
1110 4627 1322 4682 Nietcua
1379 4630 1493 4684 sive
1549 4629 1819 4684 inferioris
1868 4628 2066 4699 gradus

480 4715 727 4779 clericos,
782 4715 897 4769 sive
944 4717 1223 4788 episcopos
1289 4718 1432 4788 ipsos
1480 4720 1592 4773 suis
1640 4717 2069 4786 metropolitanis

481 4808 828 4878 apertissime
867 4809 1280 4874 commiserunt,
1320 4827 1337 4860 ι
1372 4820 1427 4863 et
1469 4810 1693 4878 reliqua.
1737 4809 1803 4864 Et
1846 4817 2068 4863 sanctus

481 4900 794 4955 Bonifacius
817 4899 1006 4956 scribit
1029 4898 1198 4968 (epist.
1228 4899 1284 4969 3)
1309 4916 1324 4954 :
1353 4920 1368 4950 ‹
1404 4900 1667 4955 Convenit
1694 4917 1790 4955 nos
1815 4909 2067 4970 paterna-

481 5004 602 5041 rum
645 4989 988 5043 sanctionum
1015 4987 1300 5058 diligentes
1342 5003 1460 5042 esse
1501 4990 1769 5043 custodes.
1809 4989 1949 5043 Nulli
1986 4997 2065 5043 et-

485 5082 629 5133 enim
679 5082 892 5136 videtur
931 5084 1198 5150 incognita
1242 5081 1427 5150 synodi
1477 5083 1788 5137 constitutio
1820 5083 2064 5146 Nicaeum,

487 5189 607 5241 qtae
647 5175 717 5227 ita
755 5157 943 5242 incipit
988 5172 1110 5244 [al.,
1157 5169 1448 5242 prteeipit],
1497 5172 1577 5239 (ut
1621 5174 1807 5228 eadem
1856 5171 2069 5240 proprie

489 5267 654 5318 verba
686 5269 992 5335 ponamus).
1025 5265 1128 5319 Per
1153 5279 1588 5332 unamquamque
1628 5259 1958 5332 provinciam
1985 5262 2073 5332 jus

498 5363 936 5398 Innlrnnnnlnnnc
961 5363 1199 5398 cinnnlnc
1229 5361 1427 5398 Imlmrn
1450 5361 1671 5398 dolanrn-
1702 5376 1799 5398 non
1823 5359 2072 5398 mninnmn

2167 3091 2378 3146 semper
2405 3073 2645 3129 omnium
2685 3072 3124 3140 coepisc0porum
3169 3068 3459 3123 consilium
3500 3076 3751 3136 expetere

2165 3167 2249 3220 vel
2272 3175 2588 3236 exspectare
2611 3163 3057 3234 metropolitanus
3078 3177 3186 3215 non
3213 3169 3416 3231 potest,
3434 3176 3626 3214 verum
3657 3173 3747 3210 nec

2165 3261 2345 3314 debet.
2371 3257 2476 3313 Sed
2503 3259 2639 3312 sicut
2673 3266 2895 3311 sanctus
2923 3254 3032 3308 Leo
3053 3255 3120 3308 ad
3144 3254 3495 3306 Anastasium
3529 3251 3750 3304 Thessa-

2163 3350 2491 3405 lonicensem
2515 3347 2909 3418 scribens(epis.
2926 3346 3015 3412 8'5)
3034 3362 3047 3398 :
3069 3366 3086 3396 ς
3109 3344 3420 3400 Secundum
3436 3351 3750 3396 sanctorum

2165 3445 2383 3518 Patrum
2413 3457 2647 3497 canones
2669 3439 2871 3509 Spiritu
2896 3438 2985 3492 Dei
3007 3439 3281 3501 conditos,
3309 3447 3360 3492 et
3379 3435 3534 3488 totius
3551 3433 3745 3485 mundi

2166 3534 2465 3589 reverentia
2520 3539 2886 3593 consecratos,
2935 3527 3384 3598 metropolitauos
3417 3523 3750 3593 singularum

2166 3626 2562 3696 provinciarum
2603 3623 2882 3693 episcopos
2914 3619 3004 3689 jus
3047 3619 3259 3673 traditte
3305 3617 3405 3671 sibi
3459 3614 3754 3681 antiquitus

2167 3717 2442 3787 dignitatis
2491 3716 2870 3768 intemeratum
2927 3711 3128 3765 habere
3175 3709 3448 3770 decrevit,
3495 3707 3570 3760 ita
3620 3713 3680 3758 ut
3721 3717 3750 3755 a

2165 3810 2364 3882 regulis
2404 3807 2717 3879 pnestitntis
2763 3806 2904 3860 nulla
2965 3814 3058 3858 aut
3105 3803 3436 3873 negligentia
3481 3809 3579 3854 aut
3625 3815 3748 3868 pra:-

2167 3901 2473 3970 snmptioue
2498 3898 2797 3952 discedant.
2831 3915 2849 3946 ›
2884 3893 3231 3962 Privilegium
3253 3907 3363 3946 suae
3391 3893 3543 3945 sedis
3565 3900 3747 3943 metro-

2164 3991 2433 4063 politauus
2473 4005 2538 4045 eo
2581 3989 2740 4042 modo
2781 3988 2940 4042 debet
2979 4000 3264 4050 exercere,
3319 3993 3376 4036 ut
3421 3999 3487 4038 ea
3539 3981 3750 4051 singulis

2165 4083 2369 4137 servari
2401 4081 2706 4150 prtecipiat;
2749 4080 2888 4134 sicut
2929 4077 3057 4131 item
3088 4076 3198 4131 Leo
3228 4075 3294 4128 ad
3332 4073 3607 4128 Hilarium
3633 4072 3752 4124 Kar-

2165 4175 2456 4230 bonensem
2495 4173 2804 4242 episcopum
2848 4170 3038 4226 scribit
3081 4169 3184 4238 (ep.
3235 4167 3326 4230 9‘2,
3372 4166 3446 4218 ad
3487 4164 3750 4218 Βυειὶιπ

2168 4264 2430 4332 Narbon.)
2462 4283 2473 4318 :
2510 4282 2530 4314 ι
2565 4265 2693 4330 Quae
2725 4259 2924 4333 [Quod]
2960 4275 3060 4314 nec
3104 4257 3397 4326 praeceptis
3434 4252 3755 4324 evangelicis

2168 4357 2497 4412 contrarimn
2531 4395 2545 4420 ,
2612 4369 2711 4408 nec
2781 4351 3012 4407 decretis
3075 4357 3389 4403 sanctorum
3452 4346 3751 4400 inveniatur

2169 4452 2475 4505 adversum.
2513 4467 2528 4498 ι
2561 4447 2628 4501 Et
2664 4449 2764 4500 hoc
2792 4453 2876 4500 est
2923 4459 2952 4498 a
3000 4441 3320 4512 praestitutis
3365 4439 3577 4510 regulis
3623 4436 3752 4490 nulla

2171 4549 2265 4594 ant
2306 4539 2652 4610 negligentia,
2686 4545 2777 4590 aut
2807 4533 3228 4605 praesumptione
3266 4531 3559 4586 discedere
3589 4549 3604 4582 :
3629 4528 3751 4581 vide

2170 4631 2296 4685 licet
2327 4639 2384 4683 ut
2411 4629 2706 4699 praestituta
2738 4642 2834 4696 pro
2862 4623 3069 4678 viribus
3092 4623 3322 4692 exsequi
3363 4618 3751 4689 metropolitani

2171 4739 2278 4778 non
2303 4722 2587 4791 negligant,
2616 4734 2788 4788 neque
2816 4715 3238 4788 praesumptione
3262 4712 3598 4768 convellant.
3640 4709 3756 4775 Qu:

2173 4821 2350 4866 autem
2396 4811 2690 4865 secundum
2743 4808 3073 4878 prarstitutas
3120 4804 3341 4874 regulas
3388 4801 3624 4872 singulis
3673 4813 3756 4866 pro

2178 4902 2405 4972 negotiis
2451 4899 2892 4954 convenientibus
2940 4895 3279 4965 prmcipiens,
3316 4903 3758 4963 quorumcunqwe

2180 4995 2522 5051 rebellionem
2556 4993 2638 5046 vel
2671 4990 3144 5061 prtcsumptionem
3179 5004 3287 5042 non
3323 4986 3567 5054 potuerit
3611 4983 3761 5037 corri-

2179 5103 2327 5157 gere,
2373 5102 2466 5140 sua
2511 5084 2870 5153 praeceptione
2917 5079 3076 5135 debet
3115 5087 3206 5132 aut
3252 5095 3352 5149 per
3389 5077 3607 5147 judiees
3646 5093 3672 5128 a
3712 5089 3759 5126 se

2180 5179 2355 5241 datos,
2386 5185 2477 5231 aut
2509 5190 2574 5228 ex
2605 5189 2870 5228 consensu
2907 5172 3138 5243 partium
3184 5170 3412 5233 electos,
3462 5170 3756 5234 corrigere:

2181 5277 2273 5322 aut
2327 5269 2379 5320 in
2433 5265 2874 5335 comprovinciali
2940 5262 3180 5332 synodo,
3234 5262 3541 5315 secundum
3595 5270 3762 5312 sacras

2179 5360 2392 5398 ronnl-Ic
2464 5374 2582 5398 num
2641 5358 2880 5398 προ-Ιρριει
2935 5355 3017 5398 vol
3073 5364 3406 5398 m-msnmntn
3457 5362 3607 5398 sunt-
3655 5364 3765 5398 cum
