4002 6296
189 342 302 403 597

967 340 1211 400 OPUSC.
1251 341 1342 397 ET
1382 340 1600 398 EPIST.
1643 339 1709 394 ΙΝ
1745 339 1970 396 CAESA
2012 337 2343 399 HINCMARI
2381 341 2686 400 LAUDUN.

3363 326 3483 401 598'

190 452 506 523 regionibus
532 453 874 518 observatas,
921 462 1047 507 ante
1089 454 1288 509 mentis
1331 454 1518 508 oculos
1556 450 1781 514 habens,
1813 457 1860 515 Α
1888 452 2085 522 quibus
2110 454 2726 511 exconimunicationem
2754 455 3135 519 intentaverat,
3170 449 3266 509 sed
3291 451 3477 509 adhuc

189 558 302 601 non
327 557 475 612 saepe
504 551 859 596 memoratam
900 543 1517 599 excommunica‘lionem
1562 541 1788 595 canoni-

191 650 317 689 cant
364 636 417 688 in
467 633 809 689 Carlomanni
849 634 1161 703 eomplices,
1192 635 1309 690 sine
1344 643 1665 689 eteterorum
1695 633 1789 702 qui

191 724 517 790 adfuerunt,
563 735 618 780 et
656 727 847 783 adesse
890 725 1195 792 voluerunt,
1238 726 1324 783 vel
1363 728 1556 782 adesse
1604 734 1791 797 potue-

191 827 329 873 runt
360 818 587 872 consilio
628 816 712 872 vel
751 833 1019 874 consensu
1056 822 1275 885 exerui;
1323 828 1378 875 et
1424 820 1653 874 aliorum
1696 818 1788 888 qui

192 918 330 963 tunc
364 909 558 964 adesse
597 925 703 964 non
728 918 1035 979 potuerunt,
1067 924 1392 965 consensum
1419 919 1477 966 et
1504 910 1788 966 consilium

194 999 488 1068 requisivi,
535 1000 941 1079 et_obedicnter
975 1000 1044 1055 ab
1088 1001 1196 1057 illis
1233 1003 1439 1067 datum,
1482 1011 1538 1057 et
1566 1002 1791 1056 missum

193 1092 405 1161 recepi.
442 1093 526 1149 Ab
566 1108 631 1148 eo
674 1104 854 1148 autem
894 1094 988 1164 qui
1031 1094 1222 1150 adesse
1263 1096 1456 1165 potuit,
1505 1104 1561 1149 et
1605 1095 1794 1150 adesse

195 1196 310 1237 non
342 1181 529 1243 voluit,
561 1183 762 1252 quique
790 1184 856 1238 de
891 1191 1123 1239 tractatu
1152 1200 1220 1239 ex
1257 1201 1418 1240 causa
1446 1184 1791 1241 Carlomanni

196 1284 259 1330 et
302 1273 628 1343 complicum
677 1272 796 1342 ejus
837 1276 955 1330 sine
993 1277 1325 1332 conscientia
1362 1292 1478 1332 mea
1522 1279 1793 1342 discessit,

195 1379 534 1420 consensum
575 1366 830 1435 requisivi
873 1382 890 1421 :
937 1375 993 1423 et
1045 1369 1186 1422 sicut
1240 1369 1310 1423 ab
1361 1370 1796 1424 antecessoribus

195 1467 257 1513 et
296 1456 706 1514 successoribus
743 1455 859 1526 ejus
904 1457 959 1511 in
1003 1458 1351 1514 ordinatione
1392 1458 1621 1522 obtinui,
1657 1459 1797 1528 apud

198 1550 355 1604 illius
380 1549 777 1606 contumaciam
809 1550 1076 1606 hactenus
1105 1550 1353 1606 obtinere
1379 1566 1487 1606 non
1518 1552 1689 1622 potui.

780 1658 1009 1716 CAPUT
1057 1660 1225 1716 XXII.

202 1748 367 1817 Quod
394 1751 785 1874 iugalibqu
812 1752 1149 1835 Riteruement
1175 1755 1348 1836 ipsum
1371 1758 1510 1809 male
1533 1754 1803 1824 reprelien-

492 1831 556 1874 tl.
574 1832 622 1874 et
653 1822 716 1874 de
738 1838 887 1874 omna
918 1824 1231 1874 mobedientt
1259 1825 1565 1874 rrroaanda.

492 1823 556 1887 it,
574 1832 622 1875 et
653 1822 716 1876 de
736 1838 887 1894 paena
918 1822 1231 1879 t'uobedienti
1259 1825 1565 1895 irroganda.

279 1910 516 1982 Scripsit
560 1912 725 1967 etiam
778 1914 910 1967 mihi
940 1929 998 1970 se
1031 1915 1291 1969 miratum
1334 1914 1489 1969 valde
1525 1914 1714 1980 fuisse,
1757 1916 1803 1971 si

202 2018 334 2058 eum
364 2019 461 2073 per
487 2019 644 2060 suum
674 2004 932 2061 clericum
959 2022 1306 2065 commonere
1334 2009 1652 2079 potuissem.
1687 2008 1804 2064 Non

206 2098 500 2152 attendens
520 2098 645 2168 quia
679 2099 724 2154 si
756 2099 925 2170 ipsius
949 2102 1398 2170 metropolitanus
1418 2110 1503 2157 est
1530 2102 1624 2173 qui
1655 2101 1807 2158 sedet

208 2188 266 2243 in
297 2186 633 2243 Bbemorum
665 2191 971 2261 metropoli,
996 2200 1052 2247 et
1079 2192 1261 2249 clerici
1302 2194 1386 2249 sui
1425 2203 1510 2249 est
1535 2204 1808 2265 metropo-

207 2278 442 2345 litanus,
471 2281 538 2337 ad
580 2298 738 2352 quem
782 2284 1075 2340 secundum
1113 2300 1297 2341 sacros
1343 2301 1603 2354 canones,
1646 2287 1809 2343 totius

209 2372 511 2445 provinciae
538 2374 734 2429 debent
762 2376 1054 2431 convenire
1091 2392 1283 2433 omnes
1307 2378 1399 2448 qui
1430 2378 1681 2433 videntur
1708 2379 1807 2433 ba-

209 2459 346 2517 bere
374 2464 587 2534 negotia
613 2482 626 2517 :
655 2472 709 2519 et
735 2464 853 2533 ipse
877 2467 1170 2537 praecipere
1204 2467 1449 2539 singulis,
1480 2476 1533 2523 et
1580 2469 1634 2524 iu
1659 2483 1810 2524 com-

208 2568 384 2608 mune
418 2554 670 2611 omnibus
696 2570 816 2626 quae
859 2572 960 2612 nec
998 2559 1284 2631 prasceptis
1319 2559 1644 2630 evangelicis
1683 2575 1810 2616 con-

210 2645 415 2710 traria,
444 2661 544 2701 nec
569 2646 804 2703 decretis
842 2658 1153 2704 sanctorum
1184 2650 1527 2705 inveniantur
1551 2652 1807 2716 adversa;

210 2744 275 2790 et
298 2735 574 2806 corrigere
596 2738 648 2793 in
671 2736 897 2810 singulis
917 2737 1127 2809 singula
1156 2739 1201 2794 si
1228 2754 1351 2808 quae
1371 2738 1618 2796 fortassis
1638 2756 1815 2796 emer—

213 2827 416 2882 serint.
467 2826 673 2894 Quibus
727 2839 936 2885 constat
986 2830 1149 2885 etiam
1203 2846 1302 2902 per
1350 2831 1605 2887 clericum
1657 2847 1813 2887 suum

216 2917 673 2987 metropolitanus
714 2933 839 2974 cum
882 2920 1136 2990 prtevalet
1175 2936 1545 2986 commonere,
1575 2930 1631 2976 et
1674 2921 1815 2990 apud

217 3023 410 3078 quem,
448 3009 602 3079 juxta
654 3009 1107 3079 Cartltaginenses
1153 3027 1411 3077 canones,
1451 3013 1497 3068 si
1538 3022 1622 3068 est
1662 3013 1816 3076 utile,

216 3100 388 3155 debet
410 3110 465 3154 et
492 3102 746 3171 praevalet
774 3104 1119 3174 provincialis
1142 3104 1428 3176 episcopus
1453 3106 1721 3160 accusari.
1753 3105 1819 3159 Et

1890 560 2032 610 eam,
2064 546 2204 600 sicut
2231 555 2286 601 et
2310 548 2423 615 ipse
2452 547 2661 611 scribit,
2691 547 2747 601 in
2778 546 2900 601 illos
2929 562 3034 602 non
3068 546 3390 617 protulerat,
3418 553 3477 617 et

1890 637 1980 705 qui
2014 652 2073 692 se
2106 638 2498 707 proﬁtebantur
2521 637 2655 693 velle
2684 637 2974 707 corrigere,
3009 637 3063 693 in
3095 654 3189 693 sua
3217 614 3478 708 parochizi
3508 684 3512 689 .

1891 726 2109 797 publice
2125 727 2243 782 sine
2271 741 2371 781 suo
2393 742 2681 791 consensu,
2709 727 3140 783 benedictionem
3164 727 3475 798 petentibus
3508 765 3514 771 ι

1892 818 2035 872 dedi.
2054 816 2191 873 Dicit
2206 819 2271 873 de
2281 818 2600 888 quibusdam
2619 817 2918 888 Scriptura:
2930 818 3223 874 Docuerunt
3238 818 3478 889 linguam

1892 924 2043 962 suam
2060 908 2202 979 loqui
2220 909 2548 964 mendacium
2564 924 2582 962 :
2598 921 2650 965 ut
2665 911 2844 981 inique
2859 921 3090 982 agerent,
3107 910 3479 989 laboraverunt

1896 1002 2052 1073 (leta,
2071 1018 2145 1067 Ix,
2169 1001 2247 1072 5);
2270 1004 2359 1058 sed
2374 1002 2524 1059 labor
2538 1004 2795 1059 (abierunt
2814 1003 3025 1058 illorum
3042 1006 3236 1075 aperiet
3250 1023 3336 1063 eos
3360 1006 3477 1078 (P3,

1893 1093 2234 1163 cxxxrxJO).
2259 1092 2483 1160 Quando
2497 1094 2679 1149 ﬁdeles
2693 1095 2922 1151 senioris
2938 1096 3105 1151 nostri
3123 1097 3211 1166 qui
3228 1095 3482 1161 conveni-,-
3504 1098 3583 1155 μί

1896 1199 2018 1238 tuus
2040 1194 2146 1237 tam
2159 1183 2419 1254 episcopi,
2436 1201 2600 1255 quam
2614 1187 2859 1251 abbates,
2876 1196 2928 1242 et
2957 1190 3205 1253 comites,
3222 1197 3275 1243 et
3300 1187 3508 1245 caaterii

1898 1273 2014 1343 ejus
2033 1275 2218 1331 ﬁdeles
2240 1275 2309 1330 ad
2335 1275 2753 1332 collocutionem
2785 1279 2857 1333 Ca
2868 1278 3154 1343 rlomanni,
3176 1289 3340 1349 atque
3363 1294 3487 1355 suo:

1898 1380 2042 1429 rum,
2071 1375 2125 1421 et
2148 1368 2625 1436 persnasimuscis,
2644 1378 2703 1423 ut
2722 1372 2863 1426 datis
2878 1382 2933 1426 et
2965 1372 3202 1441 acceptis
3232 1371 3495 1445 utrinque

1898 1459 2178 1513 obsidibus
2202 1500 2218 1523 ,
2257 1475 2286 1512 a
2325 1461 2482 1516 malis
2525 1476 2646 1530 qua:
2674 1464 3063 1532 perpetrabant
3092 1462 3144 1517 in
3191 1477 3359 1533 regno
3396 1476 3487 1539 se:

1901 1551 2071 1606 nioris
2101 1552 2311 1618 nostri,
2355 1553 2733 1622 quiescerent,
2765 1564 2820 1609 et
2844 1555 3069 1624 paciﬁce
3106 1555 3178 1610 ibi
3208 1555 3506 1631 degerenty.

1902 1654 2190 1710 quousque
2216 1641 2284 1695 ad
2314 1643 2546 1698 senioris
2597 1643 2768 1698 nostri
2815 1644 3204 1715 indulgentiam
3238 1644 3490 1721 perveni-,-

1903 1741 2027 1787 rent
2057 1751 2071 1787 :
2105 1749 2228 1788 cum
2269 1734 2526 1791 solvenda
2574 1744 2694 1791 erat
2735 1736 3044 1804 collocutio,
3074 1747 3131 1793 et
3158 1714 3363 1813 quique

1908 1834 2081 1878 strnm
2110 1826 2178 1881 ad
2205 1838 2301 1881 sua
2336 1826 2515 1883 redire
2539 1837 2836 1896 pararent,
2891 1837 3000 1885 tam
3042 1830 3274 1887 senioris
3318 1831 3491 1905 nostri

1908 1914 2114 1980 ﬁdeles,
2146 1932 2310 1987 quam
2347 1926 2404 1973 et
2429 1917 2823 1976 Carlomannus
2847 1929 2904 1976 et
2934 1922 3043 1988 sui,
3074 1921 3391 1994 proﬁtentes
3428 1922 3505 1994 de

1906 2009 2247 2064 correctione
2277 2025 2396 2075 sua,
2427 2011 2858 2068 benedictionem
2894 2014 2996 2069 sibi
3043 1992 3159 2069 dari
3198 2030 3229 2068 a
3263 1992 3512 2093 merser}.

1907 2109 1962 2156 et
2003 2103 2071 2156 ab
2118 2102 2240 2158 aliis
2289 2103 2381 2173 qui
2427 2102 2717 2159 adfuerunt
2770 2107 3061 2178 episcopis,
3105 2106 3398 2179 petierunt,-
3430 2105 3501 2181 Ειι

1908 2190 2189 2260 praemissa
2218 2193 2486 2248 sententia
2520 2192 2754 2258 Domini,
2785 2210 2891 2267 qua
2929 2197 3187 2267 prtecepit
3213 2195 3525 2273 discipulis.

1910 2282 2044 2347 suis,
2072 2281 2257 2337 dicens
2285 2300 2297 2336 :
2326 2281 2395 2337 In
2413 2299 2776 2354 quamcunque
2804 2285 3018 2339 domum
3040 2285 3502 2359 itttraveritindi;

1911 2372 2011 2425 cite
2041 2384 2060 2424 :
2102 2369 2222 2427 Paa:
2249 2372 2373 2426 huic
2422 2373 2638 2439 domui;
2677 2384 2725 2429 et
2757 2374 2803 2427 si
2835 2373 2906 2428 ibi
2955 2374 3113 2443 fuerit
3148 2374 3295 2442 ﬁlius
3327 2358 3507 2457 pact},

1913 2462 2195 2535 requiescet
2241 2478 2399 2532 super
2434 2479 2553 2517 eum
2599 2480 2707 2533 pax
2735 2474 2903 2519 vestra
2940 2480 2961 2520 :
2996 2465 3079 2519 sin
3126 2476 3343 2530 autent,
3393 2480 3516 2534 pas:-

1913 2565 2086 2609 veztra
2115 2554 2186 2607 ad
2214 2570 2301 2609 eos
2329 2563 2614 2609 revertetur
2645 2554 2797 2627 (Luc.
2828 2556 2918 2627 x);
2950 2558 3175 2622 orando,
3210 2567 3270 2613 ut
3295 2556 3502 2614 conﬁr-

1916 2654 2093 2699 maret
2139 2644 2243 2700 hoc
2288 2644 2430 2700 Deus
2455 2685 2471 2710 ,
2522 2647 2666 2715 quod
2700 2656 2957 2718 operatus
2993 2657 3112 2704 erat
3151 2650 3203 2705 in
3234 2650 3415 2717 nobis,
3446 2630 3525 2707 et.

1914 2749 2015 2804 per
2042 2748 2142 2791 nos
2168 2735 2223 2789 in
2249 2735 2356 2790 illis
2391 2753 2404 2789 :
2448 2735 2903 2802 benedictionem,
2937 2747 2996 2793 ut
3027 2738 3296 2805 ﬁdelibus,
3327 2730 3507 2819 et'vq-

1917 2823 2182 2881 luntatcm
2237 2840 2302 2880 ac
2331 2825 2674 2883 devotionem
2711 2827 2987 2882 ﬁdelitatis
3020 2828 3219 2885 habere
3245 2830 3507 2901 proﬁten-

1920 2918 2066 2973 tibus
2092 2959 2108 2981 ,
2140 2918 2405 2975 dedimus.
2440 2918 2680 2976 Docente
2725 2929 2917 2977 saneto
2943 2922 3207 2993 Gregorio
3240 2937 3308 2978 ex
3348 2902 3522 2999 legalis

1922 3009 2190 3064 sententia
2218 3010 2331 3081 (lib.
2366 3026 2461 3074 xu,
2493 3028 2575 3081 ep.
2606 3011 2703 3066 ult.
2734 3013 2984 3084 interrog.
3015 3014 3093 3079 9),
3123 3021 3181 3067 ut
3210 3033 3228 3065 ι
3256 3028 3356 3084 per
3380 3013 3511 3068 alie-

1924 3113 2052 3153 nam
2100 3113 2330 3155 messem
2385 3102 2687 3166 transiens,
2745 3118 2907 3157 tuanu
2951 3104 3128 3174 spicas
3165 3111 3551 3179 conterat‘et.

215 3190 550 3263 presbyteri,
578 3201 634 3246 et
664 3171 896 3258 diaconi,
927 3204 983 3248 et
1020 3171 1203 3250 caueri
1229 3171 1517 3250 inferiores
1544 3194 1727 3250 clerici
1765 3194 1817 3248 in
1847 3171 1891 3231 (ἶ
1924 3188 2247 3255 manducet;
2286 3198 2344 3242 ut
2389 3191 2457 3246 de
2510 3201 2691 3263 segete
2738 3208 2860 3263 qua:
2904 3171 3061 3250 alteri
3116 3194 3334 3250 videtur
3386 3171 3511 3265 esse

218 3284 410 3338 causis
449 3299 582 3354 quas
620 3283 928 3350 habuerint,
972 3286 1017 3341 si
1066 3286 1134 3342 de
1173 3286 1397 3356 judiciis
1440 3287 1817 3356 episcoporum

219 3388 451 3431 suorum
479 3376 653 3446 questi
682 3375 902 3442 l‘uerint,
931 3386 985 3432 et
1023 3377 1092 3431 ab
1120 3378 1201 3433 eis
1235 3388 1398 3447 atque
1425 3393 1457 3432 a
1488 3378 1681 3433 vicinis
1708 3378 1822 3447 epi-

220 3474 410 3544 scopis
456 3475 522 3528 ad
568 3474 853 3545 primatem
897 3475 1190 3544 provinciae
1231 3475 1653 3546 appellaverint,
1704 3474 1821 3544 ejus

222 3564 559 3621 auctoritate
595 3580 724 3620 suos
776 3566 1058 3635 episcopos
1099 3566 1423 3636 regulariter
1474 3578 1824 3620 commonere

222 3654 505 3711 valebunt.
544 3655 679 3710 Nam
733 3665 791 3712 et
838 3659 1141 3727 eoepiscopi
1179 3657 1499 3712 Bhemensis
1534 3655 1824 3725 provincia:

226 3748 287 3803 in
327 3747 796 3820 longinquioribus
835 3750 1079 3820 partibus
1127 3752 1428 3814 constituti,
1472 3765 1537 3805 cx
1578 3750 1821 3818 antiquo,

226 3839 668 3908 metropolitanis
712 3840 909 3897 litteris
957 3856 1056 3911 per
1100 3843 1403 3896 vicinorum
1452 3844 1825 3911 episcoporum

230 3930 437 3986 missos
466 3931 533 3987 ad
559 3933 821 4005 synodum
858 3933 943 3988 vel
983 3934 1379 3989 ordinationem
1420 3934 1739 4006 regulariter
1771 3943 1828 3988 et

224 4021 381 4092 jure,
404 4022 499 4078 sed
526 4032 581 4078 et
611 4024 678 4080 de
707 4025 825 4083 aliis
849 4025 1154 4096 quibusque
1173 4035 1484 4083 monentur.

309 4113 383 4168 Et
400 4113 757 4185 subsequitur.
790 4115 921 4185 (non
941 4127 1109 4172 exstat
1137 4119 1249 4173 luet:
1273 4120 1490 4188 epistola
1508 4118 1782 4189 Laudutt.)
1808 4137 1822 4172 :

239 4222 263 4257 ι
303 4203 461 4279 Quod
490 4214 671 4260 tamen
697 4204 942 4276 synodali
973 4208 1241 4276 agendum
1288 4218 1409 4264 erat
1450 4218 1694 4279 tempore
1716 4249 1731 4273 ,
1774 4216 1832 4264 et

228 4295 465 4367 judicio,
488 4296 535 4352 si
563 4307 709 4353 esset
732 4297 894 4368 digna
934 4298 1075 4352 ratio
1098 4300 1242 4355 unde
1266 4308 1659 4357 commoneret.
1695 4300 1829 4355 Nam

238 4389 364 4444 istm
404 4387 539 4445 tales
575 4397 770 4465 vestiga
809 4390 1201 4459 prasceptiones
1226 4406 1333 4446 non
1361 4392 1656 4448 illiusmodi
1684 4406 1836 4447 com-

232 4482 571 4539 monitiones
597 4491 724 4538 sunt
759 4501 771 4536 :
798 4498 976 4552 neque
1007 4484 1137 4538 mihi
1166 4484 1432 4539 autalicui
1456 4485 1711 4556 episcopo
1734 4500 1831 4556 per

236 4575 363 4631 loca
391 4573 624 4638 diversa,
649 4588 769 4644 qute
803 4588 902 4644 pro
928 4582 1107 4629 vestra
1147 4573 1532 4631 commoditate
1560 4576 1742 4641 aditis,
1781 4575 1827 4630 si

240 4665 500 4736 impetiar
530 4666 963 4735 respondendum
992 4676 1098 4729 est,
1127 4667 1223 4722 sed
1244 4667 1297 4720 in
1324 4665 1548 4737 synodo.
1565 4686 1583 4718 ι
1609 4666 1724 4722 Νοη
1750 4668 1831 4721 vi-

228 4759 382 4815 .dens
406 4798 422 4824 ,
470 4758 555 4813 vel
602 4758 784 4829 potius
819 4758 1131 4830 arrogantia
1158 4773 1339 4831 camus
1366 4757 1553 4812 videre
1593 4772 1696 4814 non
1735 4774 1831 4813 va-

241 4852 386 4915 lens,
419 4850 547 4920 quia
577 4850 723 4905 aliud
751 4860 856 4916 est,
886 4851 930 4905 si
962 4866 992 4905 a
1019 4866 1290 4921 quoquam
1322 4850 1601 4920 impetitur
1628 4851 1711 4906 vel
1743 4866 1835 4906 ac-

243 4948 503 5006 cusatur;
533 4948 590 4995 et
618 4940 765 4996 aliud
798 4948 918 5005 est,
965 4940 1010 4994 si
1044 4955 1144 5010 pro
1182 4939 1569 4994 reclamatione
1608 4940 1835 5011 alicujus

243 5048 319 5087 ex
349 5047 448 5087 sua
476 5033 732 5101 parocbia
756 5047 787 5087 a
816 5032 1235 5102 metropolitano
1264 5040 1665 5098 commonetur,
1694 5041 1836 5087 utea

244 5138 373 5192 quat
389 5138 616 5192 propere
632 5121 931 5195 [legendum
953 5121 1156 5175 videtur
1182 5121 1432 5193 perpere]
1459 5122 1593 5193 egit,
1618 5123 1840 5192 provin-

245 5214 410 5271 cialis
445 5196 730 5284 episcopus
759 5213 1052 5269 emendare
1097 5219 1370 5278 monetur,
1400 5223 1496 5267 aut
1530 5228 1629 5285 pro
1660 5213 1840 5269 causis

244 5305 580 5383 necessariis
625 5319 927 5361 consensus
975 5303 1119 5358 illius
1168 5303 1488 5371 requiritur.
1557 5302 1692 5357 Nam
1739 5319 1841 5373 pro

246 5398 508 5455 omnibus
535 5398 779 5454 omnium
810 5397 1059 5469 negotiis,
1079 5396 1171 5467 qui
1208 5395 1448 5466 undique
1480 5393 1639 5463 juxta
1670 5409 1839 5449 cano-

246 5506 366 5548 nes
385 5491 454 5547 ad
478 5491 832 5561 'metropolim
873 5505 1027 5546 suam
1059 5489 1408 5554 conveniunt,
1436 5488 1502 5543 ad
1537 5502 1661 5542 eum
1694 5502 1841 5542 com-

250 5585 586 5641 monendum
618 5600 727 5640 non
757 5584 936 5650 debet,
979 5597 1082 5639 nec
1114 5582 1260 5638 valet
1286 5580 1738 5652 metropolitanus
1760 5595 1839 5651 sy-

234 5676 460 5732 ,uodum
486 5692 810 5733 convocare.

332 5769 703 5841 Beprebendit
734 5769 899 5826 etiam
926 5785 1033 5836 me,
1062 5769 1191 5839 quia
1217 5767 1600 5833 Carloruanno,
1624 5774 1678 5823 et
1703 5767 1838 5832 suis,

1920 3276 2182 3346 subjecta,
2198 3295 2296 3349 per
2306 3280 2557 3336 eﬂ'ectum
2573 3283 2696 3337 boni
2710 3284 2911 3354 operis,
2939 3283 3208 3341 frumenta
3225 3286 3504 3345 Dontinic‘a

1921 3368 2171 3423 vitiorum
2194 3385 2416 3425 suorum
2441 3372 2609 3441 paleis
2634 3374 2968 3443 exspolietnr
2999 3374 3294 3449 [exepoliet]
3322 3377 3502 3453 (Deut.
3540 3404 3552 3411 -

1925 3458 2112 3529 χχιιι),
2142 3459 2281 3513 etin
2330 3460 2573 3516 ecclesiae
2623 3478 2822 3533 corpus
2866 3465 3134 3521 monendo
3182 3474 3238 3520 et
3286 3481 3509 3537 persua-

1922 3546 2137 3610 dendo,
2188 3548 2345 3617 quasi
2400 3550 2705 3605 mandendo
2767 3561 3068 3607 convertat.
3104 3573 3123 3605 ι
3168 3554 3235 3608 Et
3274 3536 3529 3609 canones.

1923 3638 2065 3691 sacri
2105 3638 2291 3693 dicunt
2331 3641 2544 3709 (concil.
2574 3642 2843 3708 Antioclt.,
2865 3658 2990 3698 can.
3020 3645 3118 3709 22;
3150 3644 3266 3698 vide
3303 3643 3505 3706 Anton.

1923 3731 2179 3801 August.,
2212 3731 2307 3786 lib.
2337 3749 2390 3786 tv
2415 3731 2538 3787 Jur.
2576 3734 2769 3803 pontii.
2791 3774 2807 3801 ,
2857 3736 2940 3790 tit.
2968 3735 3100 3807 50),
3135 3744 3196 3790 ut
3223 3726 3525 3807 episcopus.

1926 3826 2156 3881 alienam
2188 3827 2465 3882 civitatem
2513 3843 2634 3898 qua:
2683 3843 2790 3884 non
2837 3838 2922 3885 est
2968 3829 3042 3884 illi
3093 3830 3368 3899 subjecta,
3401 3846 3511 3888 non

1926 3920 2126 3983 adeat,
2178 3935 2276 3974 nec
2327 3920 2396 3974 ad
2441 3920 2837 3989 possessionem
2870 3921 3113 3988 accedat,
3144 3937 3264 3992 quae
3290 3924 3356 3979 ad
3388 3936 3517 4011 eum

1928 4030 2035 4070 non
2085 4015 2322 4083 pertinet
2374 4028 2540 4085 super
2592 4015 2932 4071 ordinatione
2980 4015 3337 4087 cujusquam;
3367 4018 3514 4095 quod

1927 4122 2029 4163 nec
2073 4122 2158 4161 me
2205 4107 2399 4162 fecisse
2431 4106 2706 4178 intelligo;
2738 4122 2861 4163 cum
2893 4107 3053 4164 iidem
3101 4108 3243 4164 sacri
3283 4124 3521 4181 canones

1929 4198 2158 4253 dicant:
2194 4197 2300 4252 Per
2348 4197 2590 4268 singulas
2637 4198 2886 4268 regiones
2931 4199 3216 4270 episcopos
3263 4200 3523 4261 convenit

1928 4306 2110 4355 nosse,
2129 4288 2601 4359 metropolitanum
2634 4288 2945 4358 episcopum
2976 4288 3399 4345 sollicitudinem
3430 4299 3516 4369 to-

1932 4381 2040 4435 tius
2065 4381 2355 4450 provinciae
2379 4393 2588 4449 gerere.
2622 4376 2777 4433 Unde
2812 4377 2865 4431 in
2897 4393 3220 4449 quacunque
3263 4377 3523 4450 parocltia

1934 4472 2101 4526 totius
2132 4472 2422 4540 provincia:
2460 4471 2633 4527 visum
2680 4472 2811 4526 mihi
2840 4471 3022 4535 fuerit,
3046 4473 3185 4528 sicut
3208 4482 3264 4528 et
3292 4473 3348 4528 in
3373 4473 3523 4531 Lau-

1936 4561 2164 4616 dunensi
2201 4561 2459 4630 parocltia
2503 4576 2645 4632 saepe
2668 4562 2782 4631 jam
2808 4562 2893 4632 egi
2919 4601 2935 4627 ,
2966 4563 3263 4618 secundum
3293 4548 3526 4621 Chalce-

1938 4654 2207 4709 donenses
2236 4666 2473 4707 canones
2497 4660 2552 4706 et
2577 4652 2794 4706 decreta
2824 4651 2969 4706 sedis
3004 4651 3263 4709 Romante
3305 4648 3525 4733 pontiﬁ-

1939 4762 2086 4813 cum,
2115 4746 2288 4802 libere
2312 4759 2531 4815 possum
2546 4745 2816 4816 synodum
2837 4759 3164 4811 convocare,
3181 4754 3235 4802 et
3249 4734 3529 4816 corrigere
3544 4780 3557 4789 ~

1942 4839 2154 4909 singula
2184 4879 2199 4905 ,
2256 4840 2302 4893 si
2347 4853 2467 4908 qua:
2520 4837 2767 4892 fortassis
2820 4838 3165 4893 emerserint.
3220 4836 3336 4891 Non
3385 4820 3533 4915 ergo

1943 4934 2176 4988 alienam
2204 4932 2503 4995 civitatem,
2531 4945 2651 5000 quae
2682 4944 2786 4984 non
2830 4938 2917 4985 est
2955 4930 3087 4985 mibi
3116 4929 3350 4994 subdita,
3381 4928 3523 5013 adii;

1942 5044 2044 5083 nec
2075 5029 2142 5083 ad
2172 5026 2571 5097 possessionem
2602 5040 2724 5094 quae
2750 5024 2818 5078 ad
2843 5038 2931 5079 me
2962 5038 3069 5079 non
3099 5021 3341 5107 pertinet
3364 5033 3529 5107 suqer

1941 5121 2285 5177 ordinatione
2328 5118 2651 5189 cujusquam
2695 5117 2921 5173 accessi.
2973 5116 3107 5183 Quae
3148 5114 3251 5171 etsi
3302 5113 3525 5183 Laudu-

1943 5213 2129 5268 nensis
2176 5212 2432 5282 parochia
2485 5212 2616 5267 mihi
2665 5212 2718 5266 in
2768 5210 3053 5281 privilegio
3100 5207 3531 5289 metropolitanum

1945 5304 2089 5360 sedis
2112 5318 2219 5358 non
2257 5312 2402 5359 esset
2427 5302 2702 5372 subjecta;
2732 5303 2799 5357 de
2831 5310 3015 5372 segete
3042 5314 3165 5369 qua:
3188 5299 3345 5385 altlelri
3377 5299 3528 5385 vitle-

1945 5396 2106 5451 batur
2140 5409 2261 5451 esse
2299 5396 2609 5458 commissa,
2641 5411 2737 5465 per
2765 5393 3015 5465 ell‘ectmn
3048 5391 3173 5446 boni
3203 5378 3382 5473 operis
3402 5378 3530 5473 ’ζςιι-

1945 5495 2126 5545 menta
2153 5487 2424 5542 dominica
2447 5486 2701 5541 vitiorum
2733 5499 2954 5540 suorum
2984 5482 3154 5563 paleis
3179 5479 3484 5567 exspoliare
3512 5520 3541 5544 μ

1944 5596 2000 5638 et
2053 5583 2105 5636 in
2154 5580 2411 5635 Ecclesia:
2459 5593 2657 5647 corpus
2716 5575 2985 5632 monendo
3043 5558 3097 5629 et
3128 5558 3541 5665 per’sutidetlulo,

1944 5674 2098 5746 quasi
2130 5672 2457 5735 mandendo,
2480 5671 2647 5733 libere
2674 5670 2896 5738 possem
2926 5650 3265 5749 converlﬂié-
3310 5656 3335 5749 ς

2017 5763 2125 5819 Sed
2162 5772 2216 5819 et
2252 5762 2393 5833 quod
2423 5760 2739 5831 scripsimus
2767 5760 2817 5813 in
2850 5758 3076 5845 epistola
3114 5758 3178 5812 tle
3213 5752 3517 5833 creamine:
