4002 6296
508 288 615 344 605

1488 284 1818 341 HINCMABI
1853 281 2246 340 RHEMENSIS
2281 285 2796 345 ARCHIEPISCOPI

3691 291 3802 346 θοι

508 413 624 468 ipsa
653 397 936 468 principali
959 395 1217 452 cathedra
1240 398 1525 462 removeri,
1556 408 1608 450 et
1630 397 1865 466 propriis
1883 411 2090 459 carere,
2125 400 2170 458 Α
2200 399 2528 466 appetitione
2561 402 2772 454 terreri.
2805 400 2937 456 Data
2969 417 3028 456 ιιι
3059 401 3175 456 Kal.
3205 401 3331 457 Jun.
3379 401 3723 458 Merobaude
3747 418 3802 461 et

511 497 570 543 ut
605 490 843 553 rebellis,
902 489 1214 559 praecipitur
1243 507 1255 542 :
1286 489 1427 548 sicut
1456 492 1508 542 in
1556 489 1819 559 vigesimo
1867 487 2102 558 capitulo

513 581 755 637 Africani
781 581 990 635 concilii
1017 581 1345 634 continetur.

587 673 879 736 Caeterum,
912 672 1036 740 quia
1080 672 1398 736 gravissima
1427 687 1490 725 ex
1524 674 1625 726 hoc
1652 675 1880 729 crimine
1898 674 2103 742 judicia

513 773 566 817 et
599 763 650 816 iu
705 761 908 832 legibus
958 763 1150 825 sacris,
1197 771 1250 814 et
1279 762 1329 816 in
1359 763 1744 818 ecclesiasticis
1793 764 1989 834 regulis
2014 765 2105 819 de-

513 861 905 915 monstrantur,
960 862 1066 907 tam
1122 853 1176 906 in
1219 862 1561 917 accusatum,
1607 871 1769 924 quam
1804 856 1856 910 iu
1885 872 1981 923 per
2014 871 2106 910 ca-

513 944 774 997 lmnniam
805 955 1174 1011 accusantem,
1219 958 1274 1000 et
1306 962 1409 1000 non
1441 947 1792 1014 probantem;
1827 949 1940 1002 sive
1969 965 2105 1017 pran-

514 1051 642 1090 sens
670 1039 721 1090 iu
747 1036 957 1107 judicio
994 1037 1321 1092 Hiucmarus
1349 1055 1378 1092 a
1402 1055 1461 1093 se
1481 1039 1690 1108 objecta
1715 1052 2102 1109 prosequatur;

514 1132 600 1185 vel
630 1131 856 1201 objectis
886 1132 988 1186 sibi
1017 1132 1370 1201 respondeat;
1417 1133 1531 1186 sive
1562 1134 1757 1201 sacpius
1788 1135 2108 1205 regulariter

513 1230 771 1278 evocatus
793 1223 982 1276 adesse
1008 1223 1309 1293 neglexerit
1343 1241 1355 1276 :
1383 1239 1606 1278 necesse
1636 1225 1737 1278 erit
1769 1241 1836 1278 ex
1862 1226 2106 1295 utrisque

515 1314 765 1384 partibus
796 1313 1078 1368 veritatem
1134 1315 1353 1384 inquiri,
1385 1323 1440 1369 et
1487 1332 1606 1385 quae
1634 1317 1848 1371 inventa
1883 1317 2104 1383 fuerint,

508 1403 656 1474 juste
686 1411 739 1458 et
784 1405 1182 1459 rationabiliter
1208 1405 1448 1460 dilliuiti.
1499 1407 1639 1461 Dicit
1684 1423 1916 1478 namque
1949 1426 2106 1462 suum

517 1512 604 1549 me
629 1495 967 1560 traditorem,
1003 1497 1052 1550 id
1095 1506 1180 1550 est
1231 1499 1583 1566 proditorem,
1612 1499 1865 1552 videlicet
1894 1501 2105 1567 cpisco-

514 1607 644 1662 pum
689 1592 926 1660 episcopi
957 1592 1274 1646 delatorem.
1310 1592 1377 1645 Et
1431 1593 1687 1654 historiae,
1735 1609 1800 1647 ac
1837 1594 2108 1649 chronica:

517 1681 908 1736 ecclesiasticae
929 1683 1239 1746 adstruunt,
1262 1683 1529 1752 prazcipue
1549 1685 1807 1738 chronica
1832 1684 2103 1754 Prosperi,

2207 491 2502 543 Saturnino
2521 489 2714 546 Conss.
2750 511 2768 542 ι
2797 491 2960 546 Iidem
2988 493 3213 562 Augusti
3251 492 3540 548 Menandro
3568 496 3807 548 Vicario

2203 581 2346 635 Asiae
2377 600 2390 635 :
2422 601 2440 632 ι
2475 581 2684 636 Nostris
2706 593 2761 636 et
2785 594 3068 652 parentum
3111 595 3415 638 nostrorum
3443 588 3806 642 constitutio-

2205 673 2365 728 nibus
2387 675 2839 742 compreleusum
2862 685 2966 738 est,
2990 691 3084 730 cos
3112 677 3202 745 qui
3226 678 3630 731 accusationem
3661 677 3803 728 alie-

2205 766 2290 820 nis
2348 749 2656 820 nominibus
2696 769 3187 835 praesumpsissent,
3233 769 3525 830 delatorum
3554 784 3804 823 numero

2205 875 2326 913 esse
2349 859 2645 914 ducendos.
2693 860 2870 926 Atque
2899 859 3020 914 ideo
3049 860 3596 914 calunmiosissimum
3629 869 3804 925 caput

2206 961 2256 1004 ct
2292 965 2578 1018 personam
2604 948 2809 1017 judicio
2838 949 3006 1004 irritae
3058 950 3343 1004 delationis
3391 949 3656 1003 infamem
3708 950 3801 1002 de-

2206 1043 2442 1112 portatio
2484 1051 2741 1110 sequatur
2765 1056 2782 1116 :_
2808 1055 2916 1109 quo
2958 1043 3181 1110 posthac
3217 1041 3406 1110 singuli
3439 1042 3802 1109 universique

2207 1144 2560 1202 cognoscant,
2594 1149 2698 1186 non
2724 1133 2889 1188 licere
2916 1133 2967 1186 in
2992 1149 3056 1187 eo
3077 1135 3374 1204 principum
3399 1136 3615 1188 animos
3647 1150 3803 1188 com-

2208 1225 2434 1288 Iuovetvi,
2460 1224 2603 1294 quod
2647 1241 2753 1279 non
2803 1225 2972 1293 possit
3019 1225 3250 1279 ostendi.
3285 1224 3413 1278 Data
3447 1225 3567 1279 ldus
3595 1225 3801 1288 Maias,

2207 1317 2443 1370 Arcadio
2488 1326 2544 1371 et
2588 1315 2829 1371 Bautone
2875 1316 3066 1371 Conss.
3099 1335 3119 1369 ι
3153 1317 3218 1371 Et
3267 1318 3394 1370 item
3436 1317 3718 1370 Arcadius
3750 1326 3806 1371 et

2209 1409 2480 1464 Honorius
2507 1411 2616 1463 AA.
2644 1409 2868 1464 Victum
2915 1408 3221 1477 proconsuli
3270 1409 3508 1462 Africae:
3559 1428 3581 1459 ι
3639 1410 3803 1463 Inno-

2211 1511 2396 1553 centes
2439 1500 2538 1552 sub
2569 1500 2747 1568 specie
2795 1498 2942 1552 falsae
2965 1499 3362 1553 criminationis
3401 1515 3505 1552 non
3551 1500 3802 1568 patimur

2209 1589 2524 1644 callidorum
2549 1590 2953 1660 impugnationc
2978 1590 3216 1643 subverti
3234 1607 3246 1642 :
3263 1591 3351 1658 qui
3375 1591 3418 1644 si
3443 1592 3801 1660 mutaverint,

2210 1679 2509 1750 intelligant
2537 1680 2754 1734 sibimet
2776 1681 3116 1734 severitatem
3156 1680 3332 1748 legum
3357 1695 3452 1748 pro
3487 1682 3802 1737 commissis

517 1770 813 1826 Caeciliano
841 1771 1096 1826 Ecclesiae
1130 1771 1577 1843 Carthaginensis
1615 1775 1870 1844 episcopo
1894 1777 2102 1846 objecta
2135 1770 2179 1829 Β
2209 1769 2540 1826 facinoribus
2563 1773 2896 1826 incumbere.
2929 1773 3063 1825 Data
3094 1788 3141 1826 tv
3169 1772 3246 1826 ιιι.
3282 1772 3439 1825 Mart.
3469 1771 3798 1827 Mediolano.

523 1863 751 1917 crimina
785 1880 890 1917 non
918 1865 1142 1934 probata
1171 1865 1366 1930 fuisse;
1403 1867 1636 1920 maxime
1663 1869 1804 1936 quod
1829 1884 1858 1922 a
1884 1870 2107 1923 tradito-

523 1956 678 2010 ribus
707 1957 1012 2012 divinarum
1045 1956 1456 2027 Scripturarum
1488 1959 1650 2014 fuerit
1702 1961 2003 2014 ordinatus.
2043 1962 2109 2014 Et

521 2062 630 2101 non
661 2048 778 2102 leve
804 2049 1009 2103 crimen
1045 2058 1147 2113 est,
1177 2051 1221 2104 si
1267 2066 1370 2120 ego
1398 2051 1792 2121 qualiscunque
1843 2051 2110 2120 archiepi-

526 2154 724 2208 scopus
753 2155 848 2208 per
876 2155 964 2194 me
992 2141 1227 2195 Domino
1258 2155 1634 2196 consecratum
1659 2144 1970 2212 episcopum
2003 2153 2111 2197 tra—

524 2233 658 2286 didi.
722 2233 875 2287 Unde
917 2243 972 2288 et
1025 2235 1178 2303 signa
1237 2235 1538 2289 litterarum
1597 2251 1862 2300 mearum,
1916 2235 2112 2304 quibus

523 2338 968 2391 recognoscerem
1002 2339 1087 2377 me
1133 2341 1288 2379 suum
1316 2327 1630 2380 traditorem
1657 2327 1785 2380 tnihi
1813 2326 1979 2380 isdem
2005 2327 2113 2380 fra-

522 2426 610 2468 ter
639 2425 828 2470 noster
859 2418 926 2470 ad
953 2419 1456 2487 comprobatioucm
1486 2421 1789 2489 producere
1821 2420 1982 2492 [deest
2014 2422 2108 2474 de-

521 2505 656 2579 bet].
687 2507 839 2562 Sicut
867 2517 922 2562 et
952 2511 1019 2563 de
1061 2511 1326 2566 traditore
1373 2512 1575 2565 domini
1630 2513 1801 2567 nostri
1851 2514 2109 2581 scriptum

523 2607 608 2652 est
649 2600 817 2668 :quia
870 2601 1100 2655 traditor
1128 2602 1229 2663 eis,
1277 2603 1475 2672 quibus
1503 2619 1626 2657 cum
1667 2604 1934 2663 tradebat.
1967 2605 2113 2658 dedit

525 2688 762 2758 signum,
802 2697 861 2742 ut
908 2705 1286 2761 quemcunque
1336 2692 1614 2746 osculatus
1667 2693 1877 2757 fuisset,
1937 2694 2111 2762 ipsum

523 2785 774 2832 tenerent
823 2778 1041 2848 (Matth.
1095 2783 1266 2849 xxvi).
1298 2780 1372 2834 De
1419 2797 1524 2849 quo
1576 2781 1713 2836 idem
1751 2782 2012 2836 Dominus
2046 2782 2113 2836 ad

522 2865 755 2920 Pilatum
789 2868 920 2922 dicit
949 2883 963 2921 :
998 2868 1102 2933 Qui
1125 2870 1344 2922 tradidit
1392 2887 1474 2924 me
1504 2871 1616 2934 tibi,
1647 2872 1820 2941 majus
1845 2881 2112 2940 peccatum

525 2956 676 3010 habet
705 2957 887 3027 (Joan.
916 2960 1052 3028 tux).
1089 2959 1326 3014 Duarmn
1352 2977 1565 3031 quoque
1585 2963 1936 3031 cpistolarum
1963 2979 2112 3017 mea—

528 3065 648 3102 rum
680 3051 843 3104 verba
870 3053 1148 3114 mendose,
1182 3067 1245 3107 ac
1277 3053 1318 3106 si
1345 3053 1480 3106 duos
1503 3063 1667 3107 testes
1697 3055 1979 3108 adversum
2027 3071 2114 3108 me

530 3142 584 3196 in
612 3143 978 3197 testimoniqu
1008 3146 1265 3214 protulit:
1292 3155 1422 3199 utet
1453 3147 1504 3198 iu
1533 3147 1878 3200 accusatione
1915 3147 2110 3200 smnmi
2140 3126 2184 3186 (ἶ

526 3235 722 3303 capitis
765 3235 934 3288 nostri
981 3235 1180 3290 factum
1239 3237 1405 3290 fuisse
1446 3235 1691 3306 legimus.
1725 3257 1742 3287 ι
1777 3238 1998 3299 Omnes,
2028 3238 2110 3291 in-

526 3323 644 3392 quit
685 3323 1000 3392 Gregorius,
1047 3327 1227 3390 electi,
1263 3329 1388 3394 quia
1427 3329 1621 3379 summi
1650 3327 1846 3394 capitis
1873 3329 2113 3382 membra

528 3425 673 3480 sunt,
709 3426 868 3485 caput
908 3433 1120 3486 quoque
1148 3433 1302 3470 suum
1339 3418 1390 3469 iu
1421 3417 1672 3485 passione
1703 3427 2023 3484 sequuntur,
2059 3427 2118 3470 ut

531 3508 679 3578 ipsos
711 3509 1055 3562 adversarios
1093 3510 1144 3561 in
1177 3525 1268 3562 sua
1311 3517 1484 3560 morte
1508 3508 1764 3571 sentiant,
1795 3509 1860 3560 de
1886 3522 2114 3575 quorum

529 3599 638 3651 vita
671 3599 1098 3668 praesumebant;
1127 3608 1180 3651 et
1229 3606 1378 3650 lauto
1405 3597 1484 3651 eis
1523 3607 1735 3650 crescat
1765 3612 1971 3651 merces
1991 3613 2120 3665 ope-

529 3691 626 3754 ris.
651 3704 854 3762 quanto
882 3693 962 3747 eis
1007 3691 1221 3744 virtutis
1255 3691 1464 3744 lucrum
1511 3689 1726 3760 prolicit
1754 3697 1808 3741 et
1835 3705 1899 3741 ex
1927 3689 2117 3744 aliena:

531 3785 729 3838 damno
750 3785 1051 3838 eharitatis.
1088 3801 1107 3835 ι

606 3875 841 3930 Sanctus
879 3885 1054 3928 autem
1086 3873 1332 3928 Zusimus
1355 3889 1492 3942 papa
1525 3873 1590 3926 ad
1619 3871 1919 3936 Aurelium,
1963 3879 2018 3925 et
2051 3871 2118 3926 ad

533 3970 820 4021 universos
845 3966 1126 4034 episcopos
1149 3980 1245 4033 per
1267 3965 1508 4018 diversas
1530 3965 1837 4034 provincias
1859 3964 2119 4016 constitu-

537 4069 621 4111 tos
648 4058 893 4110 scribens
925 4057 1096 4122 (epist.
1127 4055 1204 4124 ὑ),
1251 4055 1487 4109 ostendit
1519 4063 1778 4122 quantum
1835 4053 2009 4108 scelus
2050 4053 2122 4106 sit

538 4149 869 4209 traditionis,
908 4145 1094 4200 dicens
1122 4163 1137 4200 :
1175 4165 1192 4195 ι
1227 4145 1466 4198 Lazarus
1498 4145 1696 4197 dudmu
1722 4145 1772 4196 in
1801 4143 2117 4198 Taurinensi

535 4237 764 4291 cuncilio
790 4237 1192 4306 praemissorum
1234 4233 1356 4306 [al.,
1402 4231 1869 4303 gravissimorum]
1913 4233 2121 4301 episco-

533 4342 725 4395 pormu
760 4327 1042 4379 sententiis
1075 4341 1173 4395 pro
1215 4325 1612 4378 calumniatore
1652 4323 1959 4388 damnatus,
1997 4339 2118 4377 cum

537 4417 732 4471 Briccii
768 4416 890 4490 [al.,
924 4416 1111 4489 Brissi]
1142 4416 1446 4470 innocentis
1491 4416 1727 4485 episcopi
1770 4416 1935 4468 vitam
1969 4415 2119 4470 falsis

2197 4449 2202 4454 -
2225 4427 2415 4470 contra
2481 4418 2638 4470 fidem
2660 4458 2672 4478 ,

2212 1863 2447 1918 llonorio
2472 1863 2697 1932 August.
2722 1879 2780 1916 ιιι
2824 1872 2879 1916 et
2919 1862 3255 1932 Eutychiano
3285 1861 3475 1916 Conss.
3514 1881 3532 1913 ι
3569 1861 3642 1915 Et
3669 1864 3796 1915 item

2209 1957 2282 2011 ibi
2313 1967 2432 2024 post
2457 1956 2560 2008 alia
2588 1975 2600 2008 :
2640 1975 2656 2005 ι
2692 1955 3128 2010 Calumniatores
3167 1957 3328 2008 etiam
3362 1963 3510 2016 sunt,
3548 1957 3644 2022 qui
3671 1955 3801 2008 falsa

2212 2047 2517 2100 deferentes
2565 2055 2751 2102 contra
2811 2047 3070 2116 cujusque
3123 2047 3428 2102 innocentis
3485 2061 3801 2116 personam,

2211 2139 2512 2208 principum
2563 2139 2773 2194 animos
2804 2140 2870 2192 ad
2919 2140 3254 2195 iracundiam
3285 2157 3640 2197 commovere
3675 2159 3801 2213 pra-

2213 2243 2465 2296 sumunt;
2495 2233 2586 2299 qui
2615 2249 2804 2287 onmes
2832 2233 3060 2288 infames
3083 2234 3281 2297 effecti,
3329 2235 3382 2289 in
3407 2236 3606 2290 exsilio
3626 2238 3804 2290 detru-

2213 2321 2426 2375 dentur.
2465 2342 2482 2372 ι
2511 2322 2576 2376 Et
2620 2323 2671 2376 in
2716 2323 2806 2377 lib.
2843 2341 2898 2387 χ,
2931 2340 2980 2379 c.
3031 2325 3084 2387 5,
3113 2326 3177 2379 de
3207 2326 3545 2380 delatoribus
3572 2327 3659 2379 lex
3689 2342 3802 2394 pro-

2215 2412 2402 2475 mitur,
2453 2429 2614 2481 quaun
2658 2414 2797 2468 idem
2858 2415 3025 2468 frater
3055 2415 3106 2468 iu
3149 2416 3262 2469 suis
3320 2417 3639 2486 compilatis
3681 2433 3803 2484 qua-

2215 2505 2571 2558 teruiuuculis
2611 2505 2816 2575 synodo
2870 2506 3011 2573 apud
3067 2506 3403 2560 Atliniaemn
3466 2509 3805 2575 praesentalis

2215 2595 2554 2663 subscripsit,
2598 2605 2654 2650 et
2706 2597 2974 2652 subscribi
3009 2612 3038 2650 a
3083 2599 3196 2653 suis
3229 2599 3450 2655 clericis
3497 2600 3653 2654 fecit.
3684 2600 3808 2665 Quae

2214 2688 2339 2756 quia
2367 2688 2750 2744 ecclesiasticis
2767 2689 2988 2760 judiciis
3017 2691 3085 2744 de
3115 2691 3380 2746 ministris
3421 2692 3808 2748 ecclesiasticis

2216 2794 2324 2833 nou
2355 2781 2629 2845 convenit,
2658 2780 2747 2834 hic
2771 2795 2890 2834 eam
2921 2781 3137 2835 mittere
3160 2781 3464 2852 supersedi.

2777 2909 3005 2965 CAPUT
3043 2910 3232 2965 XXIV.

2218 3021 2323 3076 Illa
2346 3023 2612 3078 calumnia
2637 3024 2827 3078 tabulis
2852 3025 3456 3147 gesti-busqtteproductis
3473 3044 3508 3080 a
3535 3024 3807 3081 Rhemettsi

2889 3107 3158 3147 tssmatur.

2889 3107 3158 3164 tsstpatur.

2290 3234 2426 3304 (Lib.
2452 3250 2538 3297 ιν,
2569 3251 2686 3302 cap.
2731 3234 2844 3304 40.)
2889 3235 2956 3288 Et
2997 3236 3122 3304 quia
3175 3235 3335 3298 dixit,
3383 3255 3404 3286 ι
3441 3235 3807 3297 suadente,ac

2218 3325 2326 3379 imo
2357 3325 2712 3393 compelleute
2741 3340 2826 3380 me
2877 3327 3162 3387 tradendo,
3198 3335 3256 3378 ut
3301 3341 3329 3378 a
3360 3326 3510 3395 regia
3549 3335 3810 3396 potestate

2218 3414 2620 3482 manciparetur
2669 3415 2941 3475 custodiae,
2985 3435 3002 3466 ι
3053 3415 3283 3468 dotuuus
3324 3431 3418 3469 rex
3464 3430 3730 3484 pra-scus,
3767 3414 3810 3468 si

2219 3506 2469 3574 dignatus
2515 3504 2698 3569 fuerit,
2748 3506 3032 3560 veritatem
3061 3522 3247 3560 curam
3276 3507 3428 3561 vobis
3457 3507 3582 3560 hinc
3624 3507 3811 3560 dicere

2220 3607 2415 3665 potest,
2446 3597 2570 3664 quia
2604 3596 2780 3650 nullus
2808 3612 2872 3650 eo
2900 3597 3091 3652 melius
3119 3599 3242 3660 scit,
3289 3599 3334 3652 si
3377 3599 3544 3666 ipsum
3578 3597 3814 3651 fratrem

2222 3697 2465 3740 nostrum
2497 3688 2716 3747 tradidi,
2767 3689 2892 3741 etei
2925 3689 3093 3751 suasi,
3120 3688 3202 3742 vel
3237 3688 3524 3742 consilium
3551 3687 3632 3741 illi
3661 3688 3808 3752 dedi,

2222 3778 2334 3830 sive
2359 3792 2681 3831 consensum
2711 3778 2936 3847 praebui,
2963 3789 3020 3832 ut
3049 3795 3171 3832 eum
3203 3781 3353 3848 regia
3385 3788 3632 3848 potestas
3660 3794 3805 3833 man-

2221 3868 2427 3936 ciparct
2447 3869 2724 3924 custodiae.
2754 3869 2888 3922 Nam
2910 3871 3127 3939 quando
3149 3871 3260 3924 suis
3277 3871 3625 3939 jussionibus
3649 3871 3805 3926 resul-

2225 3963 2392 4029 tabat,
2425 3972 2481 4016 et
2501 3963 2762 4018 adversus
2786 3979 2908 4017 eum
2955 3963 3267 4027 rebellabat,
3293 3964 3499 4015 domno
3530 3965 3646 4034 regi
3673 3965 3806 4017 misit

2224 4054 2433 4108 litteras
2463 4071 2608 4118 suas,
2648 4071 2781 4123 quas
2811 4055 2940 4108 mihi
2971 4054 3268 4108 dominatio
3292 4069 3386 4107 sua
3411 4053 3636 4117 direxit,
3667 4070 3804 4107 man-

2223 4148 2357 4201 dans
2408 4159 2467 4202 ut
2514 4149 2655 4216 apud
2700 4149 2968 4200 Silvacum
3013 4147 3078 4200 ad
3110 4163 3234 4201 eum
3266 4146 3552 4211 venirem;
3584 4156 3640 4200 et
3667 4156 3805 4200 ante-

2224 4255 2384 4308 quam
2419 4239 2542 4292 illuc
2589 4239 2849 4301 venirem,
2907 4238 3227 4292 litterariam
3282 4238 3699 4306 responsionem
3746 4238 3804 4289 de

2227 4328 2424 4382 litteris
2475 4329 2748 4382 llincmari
2808 4331 3201 4383 remandarcm.
3251 4329 3319 4382 Et
3365 4331 3633 4397 quoniam
3684 4328 3800 4381 mihi
3845 4369 3848 4375 .

2733 4426 2787 4469 et
2837 4417 3007 4471 bonos
3061 4433 3241 4471 mores
3299 4418 3434 4471 nihil
3501 4417 3800 4479 mandavit,

537 4509 933 4578 objectiouihus
983 4510 1295 4580 appetisset.
1347 4507 1476 4561 Post
1523 4522 1650 4560 vero
1702 4507 1936 4562 iudebite
1993 4507 2112 4578 [al.,
2153 4474 2279 4564 Det
2317 4510 2606 4580 apostolica
2667 4509 2849 4578 regula
2893 4510 3049 4564 nobis
3099 4509 3361 4578 praecipit,
3409 4519 3468 4562 ut
3516 4530 3534 4560 ι
3586 4510 3800 4578 subjecti

535 4601 858 4670 indebituml
881 4601 948 4654 ah
975 4601 1163 4653 eodem
1205 4599 1455 4662 Proculo,
1481 4600 1572 4667 qui
1606 4599 1750 4652 inter
1791 4608 2017 4652 caeteros
2060 4598 2114 4650 in

536 4693 743 4764 synodo
799 4693 1131 4746 damnationi
1189 4692 1305 4760 ejus
1361 4702 1673 4746 assenserat
1733 4692 1852 4764 [al.,
1911 4693 2117 4762 synodo

537 4784 898 4838 damnationis
927 4783 1042 4850 ejus
1085 4785 1434 4856 accesserat}.
1469 4786 1833 4839 sacerdotium
1858 4799 2111 4838 consecu-

542 4885 628 4929 tus
680 4885 786 4939 est,
852 4891 881 4928 ει
930 4891 1036 4944 quo
1064 4892 1122 4930 se
1152 4877 1262 4945 ipse
1317 4877 1438 4930 vitae
1483 4892 1593 4930 suae
1617 4877 1942 4930 conscientia
1977 4876 2119 4931 datis

538 4965 736 5019 litteris
791 4965 842 5019 in
889 4964 1230 5019 abdicatione
1262 4965 1382 5036 [nl.,
1436 4966 1857 5036 abdicationem]
1909 4966 1989 5018 sui
2022 4980 2120 5018 sua

538 5069 734 5125 sponte
769 5059 1058 5111 submovit.
1102 5077 1119 5108 ι
1149 5057 1284 5110 Etin
1315 5056 1406 5109 lib.
1434 5072 1528 5108 vttt
1554 5055 1943 5110 Theodosianae
1965 5056 2118 5123 legis,

537 5169 589 5206 c.
621 5151 709 5208 29.
761 5153 829 5202 de
873 5149 1356 5204 calmnniatorihus
1387 5147 1648 5216 scriptum
1697 5157 1821 5200 est:
1856 5166 1872 5196 ι
1909 5147 2121 5200 Gratia-

539 5263 660 5308 nus,
727 5245 1174 5309 Valentiuianus,
1239 5241 1578 5296 Theodosius
1644 5241 1801 5292 AAA.
1861 5239 2121 5294 llellibico

541 5338 749 5402 comiti,
779 5347 833 5392 et
877 5337 1125 5390 ministro
1159 5335 1438 5401 utriusque
1467 5332 1691 5386 militiae.
1728 5331 1843 5385 Non
1874 5339 1956 5385 cst
1985 5331 2122 5386 ratio

539 5443 644 5499 qua
693 5428 959 5482 manifesti
1008 5426 1413 5481 calmnniatoris
1455 5423 1777 5493 supplicium
1825 5421 2120 5477 differatur.

543 5520 658 5574 Non
681 5521 823 5573 enim
851 5521 1092 5588 patimur
1105 5517 1414 5586 frequenter
1440 5517 1647 5580 iterari,
1678 5533 1798 5586 quae
1828 5514 2124 5569 consistere

543 5611 719 5680 prima
745 5611 1084 5664 accusatione
1114 5625 1218 5663 non
1249 5611 1551 5682 quiverint;
1585 5619 1748 5678 atque
1775 5607 2003 5660 alienam
2037 5608 2121 5657 in-

547 5701 857 5756 nocentiam
898 5702 1353 5771 securitatemque
1393 5702 1510 5757 sine
1552 5699 1800 5764 crimine,
1833 5697 2122 5752 damnabili

2219 4603 2390 4656 simus
2447 4601 2592 4671 regi,
2651 4609 2906 4668 tauquam
2957 4599 3310 4670 praecellenti,
3359 4618 3376 4649 ι
3433 4599 3542 4653 feci
3598 4601 3664 4654 de
3699 4599 3800 4664 jus-

2219 4693 2372 4746 siune
2424 4693 2565 4746 illius
2593 4701 2650 4745 ιιι
2690 4691 2864 4761 potui,
2900 4700 2956 4744 et
3006 4690 3308 4744 istiusmodi
3365 4689 3582 4744 litteras
3622 4690 3802 4745 exinde

2219 4784 2292 4838 illi
2319 4782 2493 4836 direxi

2296 4893 2313 4922 ι
2356 4874 2579 4926 Ποιιιίιιο
2610 4872 2864 4942 glorioso,
2898 4881 3003 4927 ctc.
3029 4871 3363 4926 Charissima
3389 4882 3446 4926 et
3479 4872 3801 4927 reverentis-

2225 4964 2360 5018 sima
2391 4963 2687 5017 dominatio
2715 4973 2919 5027 vestra,
2955 4985 2972 5016 ι
2999 4973 3104 5018 etc.
3150 4962 3305 5016 Ilanc
3337 4965 3460 5017 item
3491 4965 3650 5018 Ιιιιὲεδ
3681 4967 3801 5018 inter

2223 5056 2467 5126 epistolas
2491 5055 2766 5110 Hincmari
2797 5059 2980 5109 nostri.

2301 5146 2412 5215 Ego
2437 5147 2507 5199 ita
2539 5146 2679 5200 sicut
2705 5148 2789 5201 hic
2823 5149 2998 5216 posui,
3030 5163 3116 5201 me
3141 5149 3424 5216 scripsisse
3453 5163 3562 5200 non
3588 5148 3800 5214 denegn.

2227 5236 2344 5303 Quo
2371 5247 2558 5291 contra
2609 5239 2722 5306 ipse
2752 5239 2958 5299 scribit,
2993 5254 3078 5291 me
3133 5238 3420 5306 scripsisse
3467 5239 3668 5291 dmnuu
3706 5237 3801 5303 regi

2230 5347 2351 5385 cmn
2382 5330 2701 5383 Silvancctis
2724 5332 2955 5395 venerit,
2988 5330 3190 5384 habere
3237 5329 3369 5383 tales
3403 5330 3652 5383 homines
3683 5340 3804 5380 stre-

2232 5439 2366 5476 nuos
2395 5431 2449 5475 et
2479 5422 2699 5489 peritos,
2728 5422 2868 5476 sicut
2897 5438 3031 5491 opus
3051 5431 3134 5476 est
3165 5423 3231 5476 ad
3265 5423 3424 5476 talem
3472 5423 3698 5475 bestiam
3726 5437 3803 5470 ra-

2229 5513 2500 5580 piendam.
2527 5512 2590 5564 Et
2621 5513 2891 5581 quomodo
2921 5513 2984 5564 ad
3011 5513 3331 5565 tradendum
3363 5528 3488 5564 eum
3536 5511 3801 5578 Scriptura

2233 5619 2350 5656 mea
2377 5605 2687 5667 conveniat,
2717 5620 2836 5672 quae
2879 5603 3108 5656 Salutem
3136 5603 3299 5666 illius,
3328 5613 3381 5656 et
3409 5618 3514 5655 nou
3569 5600 3798 5654 traditio-

2233 5713 2352 5752 ncm
2381 5697 2666 5767 quaesivit?
2709 5714 2801 5767 vos
2823 5698 3080 5767 judicalc.
3110 5698 3176 5753 Et
3219 5697 3448 5752 alteram
3479 5697 3673 5750 domne
3700 5690 3802 5760 tegi
