4002 6296
225 257 346 315 605

1009 263 1252 322 OPUSC.
1291 267 1379 322 ΕΤ
1420 266 1639 324 EPIST.
1680 265 1746 320 IN
1785 265 2014 322 CAUSA
2054 270 2384 332 HINCMARI
2423 279 2732 341 LAUDUN.

3407 287 3516 344 606

229 391 299 430 ex
335 393 406 432 co
436 375 608 433 direxi
635 377 900 448 prolixam
926 379 1239 448 epistolam,
1266 382 1422 451 cujus
1443 382 1832 452 exemplarbic
1859 384 1907 442 Α
1936 382 2244 445 incendium
2271 392 2472 450 furoris
2496 397 2777 452 exstinxit.
2815 417 2834 450 ι
2873 397 2942 452 Et
2971 398 3180 454 utinam
3211 399 3301 456 bic
3331 400 3518 458 rhino—

226 469 453 532 habeo;
487 471 539 522 in
570 485 676 540 qua
707 471 1015 525 continetur
1043 473 1111 527 ad
1140 471 1314 528 locum
1353 491 1366 528 :

317 577 341 609 ι
378 557 496 628 Ego
545 568 728 614 autem
771 560 852 614 sic
902 562 1014 615 haec
1043 577 1164 631 quae
1218 572 1336 618 acta
1391 571 1539 630 sunt,
1586 563 1836 636 progredi

229 648 440 714 timeo,
474 659 528 703 et
554 649 635 705 sic
673 649 858 715 doleo;
881 650 1008 706 licet
1049 653 1219 709 isdem
1249 654 1574 711 Hincmarus
1601 657 1740 713 sicut
1768 657 1836 713 ad

229 754 336 794 me
365 755 467 809 pro
493 751 645 796 certo
672 757 770 811 per
797 758 893 798 eos
928 745 1020 814 qui
1062 746 1132 800 ab
1160 745 1278 814 ipso
1307 748 1612 813 audierunt,
1640 759 1694 804 et
1719 750 1837 820 ejus

228 827 570 888 frendentes
603 844 780 890 motus
807 852 930 891 cum
981 836 1048 892 de
1079 854 1165 893 me
1195 839 1454 909 loquitur,
1485 842 1688 906 vident,
1718 858 1838 913 per-

232 933 475 977 ventum
505 934 612 990 est,
638 928 768 982 mihi
796 930 900 984 hoc
934 938 1106 985 totum
1133 942 1364 1001 reputat,
1395 935 1536 1002 quod
1568 949 1662 988 vos
1693 950 1723 988 a
1752 949 1838 991 me

229 1017 556 1083 provocati,
588 1020 848 1088 quidquid
903 1032 1093 1077 contra
1149 1039 1272 1078 eum
1327 1025 1514 1094 egistis
1554 1034 1610 1079 et
1653 1027 1836 1096 agitis,

233 1106 440 1161 dicens
484 1110 627 1177 quod
683 1111 797 1166 haec
823 1114 1004 1166 omnia
1052 1129 1175 1169 meo
1203 1116 1430 1170 consilio
1479 1126 1534 1170 et
1581 1117 1837 1171 instinctu

233 1198 445 1265 agatis.
477 1199 627 1266 Quod
658 1216 763 1255 non
791 1217 914 1257 esse
957 1219 1165 1267 verum,
1217 1206 1408 1260 melius
1456 1206 1772 1275 ipsi-scitis.
1812 1225 1832 1259 ι

233 1291 316 1345 Et
344 1292 477 1348 item
519 1296 584 1346 ad
624 1294 800 1349 locmn
831 1298 884 1350 in
907 1298 1095 1352 eadem
1123 1299 1348 1368 epistola
1375 1317 1388 1353 :
1425 1318 1444 1352 ι
1473 1300 1624 1366 Quod
1655 1311 1836 1353 autem

224 1381 488 1453 jussistis
515 1394 575 1439 ut
614 1387 899 1442 consilium
927 1391 1164 1457 qualiter
1207 1401 1393 1446 contra
1441 1393 1838 1448 contumaciam

233 1474 530 1532 Hincmari
592 1481 743 1533 vobis
792 1483 1058 1551 agendum
1085 1482 1156 1536 sit
1186 1484 1504 1538 remaudare
1531 1498 1836 1553 procurem,

233 1588 370 1626 cum
403 1574 559 1628 venia
592 1585 782 1628 vestrae
811 1576 1194 1630 dominationis
1224 1577 1546 1646 respondeo,
1579 1576 1680 1629 huc
1705 1575 1835 1629 mibi

235 1679 354 1718 non
381 1666 544 1720 modo
567 1665 798 1732 difﬁcile,
823 1683 1013 1722 verum
1038 1669 1205 1724 etiam
1234 1669 1362 1722 mibi
1405 1669 1618 1721 videtur
1641 1669 1841 1738 impos-

231 1756 426 1810 sibile.
470 1776 490 1806 ›
527 1756 591 1810 Ει
621 1758 780 1827 paulo
817 1769 936 1827 post
989 1777 1002 1812 :

231 1855 325 1900 est
354 1847 655 1916 cognitum,
707 1864 895 1904 sacros
944 1850 1241 1920 praecipere
1291 1865 1529 1905 canones
1573 1850 1641 1904 de
1671 1865 1834 1905 causa

229 1939 504 2009 episcopi,
551 1942 785 1997 maxime
825 1944 968 1998 unde
997 1945 1144 2013 regia
1174 1953 1352 1999 vestra
1378 1953 1623 2014 potestas
1650 1943 1833 1998 laesam

229 2044 296 2085 se
327 2031 618 2100 queritur:
665 2043 719 2087 et
753 2035 1062 2104 apostolica:
1104 2035 1249 2090 sedis
1277 2036 1574 2090 auctoritas
1604 2045 1834 2090 conten-

230 2123 401 2188 tiose,
449 2123 592 2178 sicut
637 2125 768 2179 mihi
818 2125 1047 2180 relatmu
1090 2135 1195 2192 est,
1240 2127 1294 2180 in
1365 2127 1599 2181 medium
1664 2127 1832 2182 devo-

228 2225 418 2281 catur,
467 2216 585 2272 sine
614 2218 1056 2288 coepiscoporum
1087 2227 1319 2272 tractatu
1374 2229 1538 2288 atque
1565 2234 1832 2274 consensu

230 2307 523 2360 sententiae
551 2307 836 2363 consilium
866 2309 1018 2374 dare,
1049 2308 1135 2364 vel
1163 2308 1420 2378 quiddam
1467 2306 1698 2364 ditiinire
1725 2324 1832 2364 non

231 2396 414 2452 valeo.
465 2417 483 2449 ι

308 2489 488 2544 Odoni
517 2497 697 2545 autem
741 2490 1028 2560 epistolam
1054 2505 1153 2561 pro
1177 2505 1262 2554 eo,
1294 2491 1442 2555 misi,
1473 2492 1831 2562 interroganti

232 2581 372 2644 quid
421 2580 638 2643 vellem,
668 2591 728 2635 ut
767 2582 1062 2638 Hincmaro
1112 2584 1268 2637 daret
1299 2585 1582 2640 consilium
1626 2598 1642 2638 :
1689 2585 1832 2639 unde

231 2673 310 2727 illi
341 2673 580 2742 prolian
602 2674 812 2729 litteras
831 2675 952 2730 misi
978 2676 1103 2746 (non
1124 2676 1378 2742 exstant),
1393 2691 1624 2746 quarum
1643 2691 1832 2731 exem-

230 2765 359 2832 plar
401 2764 493 2818 bic
536 2764 706 2817 habeo
730 2765 957 2818 alteram
1003 2774 1182 2820 autem
1223 2766 1399 2820 eidem
1445 2765 1601 2819 fratri
1653 2765 1826 2820 Odoni

232 2871 339 2924 pro
367 2855 660 2912 ilincmaro
687 2857 808 2911 misi
833 2858 1138 2928 epistolam,
1167 2859 1320 2930 cujus
1346 2859 1624 2930 exemplar
1649 2869 1704 2913 et
1741 2861 1830 2914 bic

233 2947 439 3011 balteo,
462 2947 514 3000 in
539 2963 642 3015 qua
665 2949 976 3002 continetur
1003 2966 1016 3002 ε
1055 2968 1073 3000 ι
1107 2950 1377 3015 Quantum
1404 2960 1557 3020 potes
1588 2951 1826 3005 animum

233 3039 421 3092 domui
479 3039 620 3109 regis
677 3041 949 3105 modiﬁca,
1002 3062 1020 3094 ι
1076 3052 1184 3096 etc.
1234 3041 1454 3113 Reliqua
1504 3043 1661 3097 habes
1691 3043 1828 3096 inter

229 3129 446 3184 easdem
475 3130 741 3197 epistolas.

306 3215 549 3271 Tertiam
594 3235 810 3288 quoque
858 3220 1032 3274 eidem
1063 3219 1215 3276 fratri
1256 3238 1354 3292 pro
1381 3238 1449 3277 eo
1479 3223 1599 3277 misi
1627 3224 1828 3293 cpisto-

232 3308 364 3372 lam,
423 3310 579 3378 cujus
633 3312 914 3380 exemplar
971 3312 1056 3366 hic
1107 3312 1298 3377 habeo,
1349 3314 1400 3366 in
1447 3329 1550 3382 qua
1583 3315 1828 3366 contine—

233 3412 370 3456 tur:
413 3422 432 3454 ι
481 3405 704 3460 Multum
758 3408 922 3462 timeo
970 3423 1033 3462 ac
1082 3408 1262 3474 doleo,
1322 3429 1340 3461 ι
1396 3419 1501 3463 etc.
1565 3407 1694 3462 Vide
1736 3411 1825 3464 ubi

231 3510 416 3563 supra.

307 3585 421 3656 Ego
448 3587 526 3642 sic
556 3589 770 3656 scripsi.
803 3587 868 3641 Et
905 3587 1226 3644 lliucmarus
1270 3590 1403 3644 dicit
1450 3605 1536 3643 me
1581 3591 1647 3644 ad
1671 3606 1823 3645 como

229 3675 426 3747 plicem
461 3692 638 3731 meum
691 3679 930 3734 Odonem
986 3681 1287 3751 scripsisse,
1329 3691 1388 3736 ut
1429 3700 1446 3732 ι
1491 3683 1706 3750 quando
1756 3684 1822 3737 ad

232 3768 500 3838 synodum
533 3771 860 3831 venerimus,
917 3773 1057 3825 Deus
1100 3772 1300 3841 poterit
1348 3773 1504 3827 nobis
1541 3774 1671 3827 dare
1697 3774 1824 3842 quid

232 3858 542 3928 loquamur,
572 3875 745 3928 usque
774 3861 901 3914 dum
934 3863 1000 3916 de
1044 3862 1147 3916 isto
1177 3863 1486 3916 imlomabili
1516 3863 1819 3923 unicoruio,

229 3959 287 4005 et
316 3949 560 4020 inquieto
593 3951 812 4005 animali
857 3968 956 4007 nos
1000 3953 1266 4008 liberabit.
1306 3973 1324 4004 ι
1361 3954 1490 4021 Qua:
1532 3954 1825 4024 Scriptura:

229 4056 496 4114 quantum
519 4046 662 4100 inter
685 4061 744 4099 se
763 4046 1096 4109 discordent,
1122 4045 1264 4099 ratio
1291 4045 1578 4100 manifesta
1602 4045 1820 4099 demou'

230 4148 392 4193 strat.
439 4138 573 4192 Nam
608 4139 708 4192 etsi
756 4139 852 4202 ita,
886 4149 943 4191 ut
994 4139 1127 4192 dicit
1170 4138 1514 4201 liincmarus,
1567 4139 1631 4192 ad
1680 4136 1822 4192 Odo-

233 4248 363 4286 nem
396 4233 732 4300 scripsissem
768 4248 782 4284 :
825 4247 929 4284 non
979 4241 1155 4285 tamen
1205 4231 1273 4284 ibi
1317 4231 1572 4300 colligere
1607 4238 1822 4300 poterat

232 4324 378 4380 illius
409 4326 722 4378 traditorcm
752 4339 838 4377 me
863 4322 1014 4376 fore:
1049 4337 1170 4376 cum
1212 4324 1377 4376 etiam
1404 4324 1455 4377 in
1490 4323 1682 4375 litteris
1709 4323 1822 4376 suis

231 4430 320 4470 me
343 4415 488 4468 dicat
519 4416 723 4468 dixisse
756 4433 768 4467 :
807 4433 824 4462 ι
857 4414 1083 4480 Quando
1107 4414 1171 4467 ad
1197 4416 1458 4483 synodum
1485 4415 1816 4478 venerimus,

233 4505 375 4560 Deus
417 4508 618 4574 poterit
668 4505 822 4559 nobis
856 4508 986 4558 dare
1012 4505 1139 4575 quid
1189 4505 1489 4574 loquamur.
1532 4525 1551 4556 ι
1586 4504 1816 4571 Qua-sivi

229 4599 376 4651 enim
404 4598 547 4650 inter
567 4597 896 4666 exemplaria
930 4596 1233 4650 litterarum
1272 4596 1551 4666 exemplar
1577 4596 1817 4665 epistolze

230 4689 285 4743 in
314 4705 419 4758 qua
444 4690 559 4744 huic
585 4691 742 4742 verba
773 4705 892 4756 quae
942 4689 1091 4748 dicit,
1117 4685 1516 4750 contiucantu’tr,
1547 4689 1639 4742 sed
1671 4689 1817 4741 inve—

231 4780 348 4835 nire
395 4795 501 4832 non
553 4780 720 4848 potui.
783 4779 849 4832 Et
901 4779 1029 4833 licet
1056 4795 1179 4832 cmn
1228 4778 1569 4840 unicnrnem,
1606 4778 1815 4831 scilicet

232 4871 609 4927 iudomabilem
669 4873 894 4925 bestiam
943 4872 993 4924 in
1039 4870 1174 4923 meis
1221 4869 1415 4922 litteris
1467 4869 1810 4940 appellarem,

231 4979 336 5018 non
381 4963 741 5018 criminaliter
787 4971 1080 5032 peccatum.
1127 4962 1544 5014 committerem.
1584 4960 1718 5013 Cum
1756 4960 1815 5012 Β.

231 5053 522 5124 Gregorius
541 5069 816 5123 exponens
842 5052 1166 5106 sententiam
1191 5052 1397 5105 Domini
1421 5053 1487 5104 ad
1516 5049 1619 5104 Job
1639 5051 1819 5104 dicen-

233 5147 298 5200 tis
331 5163 342 5198 :
374 5143 629 5215 Nunquid
653 5146 893 5214 alligabis
921 5145 1295 5196 rhinocerotem
1320 5143 1388 5194 ad
1419 5141 1679 5194 arandum
1705 5140 1816 5194 loro

231 5235 360 5288 tuo?
389 5233 510 5303 (Job
547 5235 763 5304 xxxix.)
805 5236 869 5287 de
897 5248 995 5286 suo
1018 5233 1346 5301 imperatore
1377 5231 1522 5283 dicat
1551 5248 1562 5282 :
1598 5248 1618 5279 ι
1641 5229 1813 5298 Saepe,

230 5327 498 5394 inquiens,
520 5326 716 5379 vidisse
747 5339 832 5379 me
866 5323 1086 5377 memini
1111 5322 1252 5391 quod
1285 5326 1406 5375 cum
1439 5335 1498 5373 se
1523 5319 1588 5373 ad
1621 5320 1816 5372 ferien-

227 5417 351 5471 dum
377 5416 617 5486 graviter
646 5415 737 5469 hic
791 5414 1104 5468 rhinoceros
1151 5412 1492 5474 accenderet,
1520 5410 1671 5480 quasi
1709 5409 1792 5464 ele

226 5516 350 5563 vato
379 5524 545 5563 cornu
579 5507 821 5563 bestiolis
862 5506 1100 5560 minimis
1130 5504 1318 5558 mortis
1347 5504 1558 5566 exsilia,
1589 5502 1816 5556 damna-

228 5599 540 5669 tionemque
569 5601 826 5670 subj-clis
868 5599 1144 5655 itm'nensis
1174 5597 1472 5651 terroribus
1502 5597 1811 5660 intentaret,

229 5702 453 5767 tepente
502 5693 663 5748 fronti
718 5695 872 5764 signo
916 5694 1093 5748 crucis
1143 5693 1423 5762 impresso,
1465 5704 1624 5746 omne
1666 5690 1716 5744 in
1757 5706 1813 5744 se

1939 491 2094 533 ceros
2123 490 2307 535 noster
2325 484 2535 552 signum
2559 486 2739 541 crucis
2785 485 2950 542 fronti
2989 497 3041 543 et
3071 489 3221 543 cordi
3246 489 3524 560 imprime-

1939 577 2042 633 ret,
2088 577 2146 624 et
2193 587 2225 626 e
2275 587 2387 628 suae
2434 576 2790 631 contumacia:
2840 577 3124 633 ferocitate
3167 581 3520 649 semetipsum

1937 661 2327 731 exstingueret,
2360 673 2414 718 et
2437 680 2496 720 se
2519 666 2750 720 alterum
2767 667 2997 722 faceret:
3026 678 3086 722 ut
3111 684 3235 724 cum
3262 669 3524 738 Apostolo

1937 749 2118 804 dicere
2147 753 2356 820 possit:
2403 751 2524 807 Vivo
2548 771 2662 825 ego,
2698 755 2813 824 jam
2837 773 2942 810 non
2978 774 3106 828 ego;
3132 759 3250 812 vivit
3272 768 3445 812 autem
3467 761 3525 813 in

1937 859 2020 896 me
2047 843 2285 899 Christus
2317 845 2516 917 (Galat.
2549 850 2632 916 ιι).
2683 849 2835 905 Unde
2875 848 3212 920 Gregorius:
3246 868 3265 902 ι
3303 849 3525 905 Εκειίιμ

1939 946 2060 991 ctus
2084 937 2282 1007 quippe
2308 938 2482 993 fuerat
2521 955 2695 995 stevus
2740 942 2828 996 ille
2851 951 3185 1012 persecutor,
3234 949 3289 996 et
3338 941 3524 994 vivere

1939 1039 2183 1097 cmperat
2228 1031 2349 1100 pius
2395 1032 2736 1102 praedicator.
2781 1053 2800 1085 ι
2839 1033 3044 1088 Ali’erat
3087 1043 3266 1088 autem
3309 1033 3523 1087 litteras

1939 1134 2090 1174 meas
2115 1121 2181 1174 de
2211 1122 2410 1190 quibus
2457 1123 2547 1177 hic
2593 1123 2829 1192 scripsit,
2884 1133 2938 1179 et
2986 1125 3226 1194 proferat
3252 1139 3374 1178 eum
3429 1123 3524 1192 qui

1939 1227 2035 1267 eas
2091 1213 2164 1266 illi
2217 1214 2384 1278 dedit,
2431 1224 2486 1269 et
2524 1227 2885 1286 cognoscatur
2935 1217 3060 1271 inde
3111 1217 3331 1271 veritas.
3386 1215 3524 1269 Nam

1941 1303 2085 1372 quod
2114 1303 2266 1368 dicit,
2293 1305 2424 1359 mihi
2457 1307 2722 1360 restitisse
2748 1305 2814 1360 de
2838 1307 3083 1361 Rothado
3110 1324 3125 1360 :
3169 1307 3444 1378 subscript
3465 1321 3527 1360 o-

1940 1409 2040 1448 nes
2084 1409 2279 1450 manus
2325 1411 2456 1459 sum,
2503 1412 2639 1466 quas
2692 1397 2885 1462 habeo,
2937 1397 3060 1452 inde
3104 1398 3370 1452 mendacii
3399 1411 3523 1451 eum

1940 1484 2291 1554 redarguunt,
2336 1487 2703 1549 ostendentes,
2734 1487 2860 1554 quia
2889 1487 3021 1541 nihil
3067 1488 3133 1541 de
3160 1485 3406 1541 Rotbado
3431 1484 3527 1540 de-

1941 1575 2107 1639 crevi,
2139 1575 2222 1630 vel
2253 1575 2320 1631 de
2365 1576 2664 1631 ordinando
2708 1577 2872 1631 alium
2922 1579 2975 1632 in
3027 1578 3202 1632 locum
3235 1578 3351 1647 ejus
3396 1576 3524 1641 feci,

1942 1668 2085 1737 quod
2131 1683 2341 1723 mecum
2394 1669 2510 1739 ipse
2557 1686 2664 1724 non
2695 1669 2887 1725 fecerit
2915 1687 2929 1724 :
2961 1672 3100 1727 sicut
3143 1681 3197 1725 et
3246 1669 3524 1741 synodalia

1055 1778 1074 1811 ‹
1117 1759 1271 1815 Sicut
1315 1760 1470 1814 vobis
1516 1758 1841 1814 sulIicienter
1868 1753 1916 1814 B
1945 1769 2091 1831 gesta
2112 1763 2421 1830 apostolica:
2448 1765 2563 1818 sedi
2583 1766 3156 1836 directa,quibusipse
3184 1763 3523 1834 subscripsit,

1935 1860 2189 1922 patenter
2214 1856 2528 1908 ostendunt.

2006 1942 2273 1997 Caeterum
2299 1945 2418 1999 veni
2452 1945 2518 2000 ad
2549 1946 2804 1999 domuum
2837 1961 3019 2017 regem
3051 1947 3121 2002 ad
3156 1945 3429 2010 Solarium
3467 1944 3524 2000 in

1934 2034 2160 2104 Cippido
2173 2032 2444 2105 (Suyppe),
2461 2035 2575 2089 etei
2591 2035 2892 2089 litterarum
2911 2036 3316 2105 responsionem
3331 2036 3398 2090 de
3415 2036 3528 2089 suis

1933 2134 1990 2180 et
2032 2125 2313 2180 Hincmari
2344 2125 2541 2180 litteris
2575 2126 2765 2184 detuli.
2795 2125 2970 2192 Quam
3002 2128 3406 2196 responsionem
3435 2142 3528 2181 co-

1935 2207 2053 2274 ram
2083 2232 2189 2282 me,
2219 2226 2276 2272 et
2327 2215 2515 2273 Odone
2562 2217 2837 2286 episcopo,
2893 2227 2948 2272 et
2976 2217 3200 2282 Ottulfo,
3225 2229 3389 2287 atque
3413 2217 3529 2272 Hil-

1933 2310 2163 2366 deboldo
2194 2319 2321 2366 tunc
2345 2311 2695 2381 presbyteris,
2716 2310 2808 2364 sed
2827 2320 3077 2366 eteoram
3100 2311 3281 2365 Eirico
3301 2311 3523 2375 comite,

1933 2409 1988 2455 et
2009 2417 2116 2455 non
2140 2402 2398 2456 recordor
2411 2400 2639 2455 aliorutn
2655 2401 2872 2455 nomina
2885 2402 2976 2468 qui
2995 2401 3190 2455 ibidem
3208 2399 3522 2466 adfuerunt,

1933 2493 2228 2548 Hincmaro
2240 2494 2410 2557 dedit,
2425 2503 2479 2546 et
2499 2493 2674 2548 locqu
2698 2508 2860 2562 super
2876 2505 3085 2548 noctem
3103 2492 3166 2565 [Ῑ.
3191 2503 3404 2550 noctem
3427 2509 3524 2553 su-

1917 2600 2033 2654 per
2056 2583 2256 2656 locum]
2289 2585 2356 2638 ad
2386 2584 2670 2656 legendqu
2691 2585 2980 2640 concessit.
3015 2585 3081 2638 Et
3107 2575 3159 2638 in
3188 2585 3424 2640 crastina
3453 2585 3523 2640 ad

1933 2691 2115 2746 regem
2170 2689 2442 2739 reversus,
2471 2674 2596 2743 quia
2631 2674 2685 2728 in
2728 2673 2883 2729 solita
2911 2673 3252 2728 contumacia
3285 2673 3526 2742 pertina-

1932 2766 2070 2820 citer
2114 2765 2385 2834 perstitit,
2439 2773 2499 2818 ut
2558 2778 2660 2818 nec
2721 2778 2842 2833 ego,
2884 2779 2986 2818 nec
3031 2762 3201 2818 frater
3249 2761 3384 2828 Odo,
3425 2776 3529 2818 nec

1930 2857 2098 2912 etiam
2150 2856 2241 2925 qui
2274 2853 2565 2909 adfuerunt
2599 2854 2686 2908 alii
2719 2855 2976 2924 quiddam
3017 2853 3264 2917 rationis,
3307 2853 3390 2906 vel
3423 2853 3528 2910 htt-

1931 2949 2199 3012 militatis,
2226 2946 2652 3017 antepiscopalis
2669 2946 2952 3017 gravitatis
2969 2947 3214 3000 obtinere
3235 2946 3374 3015 apud
3399 2961 3524 3001 eum

1930 3040 2204 3110 potuimus
2235 3053 2250 3092 :
2283 3038 2554 3093 licentiam
2586 3037 2726 3106 apud
2755 3037 3013 3091 domuum
3046 3053 3226 3106 regem
3257 3037 3386 3106 petii
3417 3051 3432 3090 :
3466 3046 3522 3093 et

1854 3107 1900 3168 (ἶ
1932 3129 2057 3198 quia
2089 3129 2222 3182 satis
2254 3128 2500 3181 infirmus
2534 3143 2707 3190 eram,
2736 3125 2803 3180 ad
2839 3128 3173 3181 mansionem
3211 3127 3434 3183 secessi.
3463 3128 3520 3182 Si

1929 3227 2108 3272 autem
2135 3217 2390 3285 quiddam
2431 3217 2497 3270 de
2527 3216 2814 3270 traditione
2845 3217 3006 3276 illius.
3035 3217 3118 3270 vel
3145 3218 3210 3275 de
3259 3218 3520 3272 custodia:

1929 3311 2327 3381 mancipatione
2359 3326 2478 3363 cum
2515 3312 2712 3362 domno
2763 3325 2888 3378 rege
2923 3310 3126 3377 aliquid
3180 3310 3391 3364 locutus
3421 3310 3522 3374 fni,

1929 3417 2034 3455 non
2063 3402 2235 3455 solum
2284 3403 2516 3454 domnus
2547 3417 2638 3453 rex
2675 3402 2774 3454 hoc
2813 3401 3006 3453 melius
3033 3402 3213 3470 sapit:
3247 3417 3432 3455 verum
3469 3409 3526 3458 et

1927 3492 2014 3547 isti
2044 3492 2277 3561 religiosi
2325 3493 2560 3561 episcopi
2586 3492 2722 3554 Odo,
2756 3503 2810 3546 et
2837 3491 3105 3553 Ottulfus,
3141 3501 3196 3545 et
3246 3491 3520 3546 llildebul-

1927 3585 2052 3648 dus,
2081 3585 2367 3637 veritatem
2394 3584 2550 3637 nobis
2577 3599 2674 3652 pro
2696 3599 2882 3638 amore
2907 3583 3074 3652 ipsius
3119 3582 3366 3635 veritatis
3399 3598 3520 3650 pos-

1926 3687 2052 3729 sunt
2079 3676 2316 3738 edicere,
2345 3684 2398 3727 et
2449 3690 2533 3727 tne
2579 3683 2674 3727 aut
2727 3675 2970 3735 noxium,
3005 3682 3098 3726 aut
3135 3675 3412 3742 innoxium
3453 3673 3520 3727 de

1925 3766 2027 3821 hac
2053 3765 2319 3819 calumnia
2357 3765 2729 3835 pronuntiare.
2777 3764 3047 3834 Scriptum
3101 3773 3184 3819 est
3228 3765 3371 3819 cnim
3402 3783 3414 3816 :
3449 3763 3518 3818 In

1925 3874 2012 3910 ore
2059 3857 2284 3910 duorum
2315 3867 2405 3909 ant
2459 3858 2620 3910 trium
2662 3857 2870 3909 testium
2918 3855 3076 3908 stabit
3124 3872 3275 3908 omne
3303 3855 3514 3909 uerbum

1925 3946 2142 4017 (Matth.
2173 3963 2292 4011 xw;
2327 3945 2352 3999 1
2401 3945 2531 3999 Tim.
2565 3946 2648 4015 5).
2687 3946 2754 4000 Et
2786 3946 3075 4013 Apostolus
3115 3946 3515 4000 accusationem

1925 4041 2025 4094 sub
2053 4039 2278 4101 duobus.
2314 4039 2394 4093 vel
2425 4039 2598 4092 tribus
2619 4037 3122 4092 testibusadversus
3147 4039 3517 4107 presbyteros,

1924 4131 2087 4200 recipi
2109 4146 2263 4200 posse
2277 4132 2530 4184 ostendit.
2553 4131 2619 4183 Et
2647 4129 2918 4184 Niemnum
2936 4131 3224 4184 concilium
3271 4130 3412 4197 (can.
3430 4129 3514 4199 2),

1923 4224 2266 4294 Neopltytum
2309 4224 2620 4292 episcopum
2649 4239 2678 4277 a
2710 4223 2917 4277 duobus
2949 4224 3029 4276 vel
3063 4223 3233 4277 tribus
3286 4223 3521 4276 testibus

1921 4316 2293 4384 redargutum,
2328 4315 2604 4368 abstinere
2659 4330 2688 4367 a
2739 4314 2886 4368 clero
2914 4313 3176 4383 praecipit,
3209 4313 3252 4368 si
3299 4312 3520 4381 aliquod

1924 4405 2176 4458 delictum
2223 4405 2418 4458 anima:
2452 4405 2598 4458 circa
2648 4420 2934 4472 personam
2988 4397 3288 4472 reperiaiur
3325 4405 3512 4470 hujus-

1925 4498 2093 4552 modi.
2125 4496 2230 4550 Sed
2261 4506 2315 4550 et
2341 4497 2490 4566 quia,
2524 4508 2579 4548 ut
2606 4511 2768 4564 supra
2818 4494 2995 4564 posui,
3023 4510 3193 4547 sacra:
3243 4494 3386 4563 leges
3428 4495 3511 4548 di-

1928 4598 2078 4653 cunt,
2110 4589 2235 4658 quia
2290 4587 2537 4642 convinci
2591 4601 2748 4638 nemo
2777 4595 2976 4654 potest,
3001 4585 3100 4638 nisi
3127 4585 3396 4652 scriptura
3428 4587 3514 4640 vel

1927 4681 2155 4734 testibus
2184 4697 2195 4732 :
2225 4678 2454 4731 audistis
2511 4677 2810 4744 scripturas
2865 4686 2918 4730 et
2975 4691 3122 4736 suas,
3155 4686 3209 4730 et
3241 4693 3410 4738 meas,
3441 4678 3508 4729 de

1923 4783 2162 4840 quarunt
2201 4769 2524 4824 certitudine
2586 4784 2707 4821 cum
2758 4767 2937 4820 domui
2993 4768 3150 4836 regis.
3184 4777 3238 4821 et
3282 4769 3508 4820 istorum

1923 4861 2297 4928 episcoporum
2319 4858 2670 4912 attestatione
2695 4857 2938 4926 legaliter
2967 4873 3029 4911 ac
3072 4857 3387 4927 regulariter
3409 4873 3506 4924 po-
3532 4901 3536 4906 .

1924 4953 2078 5006 testis
2102 4951 2433 5010 discernere,
2459 4958 2620 5017 atque
2645 4948 2968 5012 decernere,
2993 4949 3036 5000 si
3063 4947 3283 5015 prmfata
3302 4948 3504 5015 judicia

1920 5045 2122 5113 legum,
2155 5054 2208 5097 ct
2229 5043 2451 5105 Zosimi,
2484 5044 2535 5096 in
2565 5058 2688 5096 eum
2711 5042 2802 5110 qui
2831 5057 2916 5094 me
2947 5040 3080 5093 lalso
3104 5049 3187 5092 est
3210 5038 3508 5092 calumnia-

1921 5147 2030 5199 tns,
2064 5136 2307 5189 recidere
2356 5135 2621 5197 debeant;
2649 5149 2768 5202 quae
2810 5134 2860 5185 iu
2917 5149 3002 5184 me
3042 5131 3416 5199 procederent,
3458 5130 3511 5183 si

1921 5245 2006 5284 me
2063 5243 2158 5297 per
2206 5227 2533 5282 calumniam
2591 5226 2886 5280 delatorem
2937 5238 3100 5278 suum
3147 5221 3378 5292 probare
3411 5236 3506 5274 va-

1922 5320 2071 5373 leret.

1993 5410 2144 5476 Quae,
2169 5420 2220 5464 et
2252 5408 2378 5474 alia,
2407 5409 2473 5462 de
2510 5409 2632 5462 aliis
2657 5407 2786 5460 mihi
2812 5406 2880 5460 ab
2909 5420 2973 5458 eo
2998 5404 3182 5469 illatis,
3213 5418 3315 5456 non
3338 5417 3509 5456 causa

1923 5518 2164 5557 mearum
2198 5500 2518 5567 injuriarum
2557 5499 2678 5553 dico
2707 5515 2719 5550 :
2753 5496 2845 5551 sed
2876 5494 2992 5549 zelo
3020 5494 3114 5548 Dei
3141 5505 3196 5547 et
3241 5491 3502 5546 ecclesia-

1921 5597 2180 5650 sticarqu
2211 5592 2537 5664 regularum,
2574 5598 2736 5658 atque
2773 5588 2968 5641 divina:
3009 5583 3385 5644 ordinationis,
3419 5599 3507 5635 se.-

1923 5685 2157 5740 cundum
2210 5691 2461 5752 paternas
2515 5677 2927 5734 constitutiones
2958 5694 2971 5731 :
3007 5689 3075 5732 ne
3114 5689 3213 5746 pro
3262 5669 3365 5728 loci
3395 5683 3512 5725 mea
