4002 6296
502 349 599 404 σιι

1483 337 1811 394 IllNCMARl
1847 332 2241 390 RllEllENSIS
2279 330 2798 390 ARCIIIEPISCOPI

3698 335 3808 394 διε

575 463 652 514 lta
701 461 768 514 de
822 457 1076 529 ligatione
1127 463 1182 509 et
1240 452 1505 508 solutione
1558 460 1760 505 sanctae
1809 448 2091 504 catholica:
2118 452 2164 508 Α
2194 447 2435 515 epistola:
2465 447 2538 502 illi
2570 449 2853 519 legendum
2883 448 3024 504 dedi.
3065 449 3122 504 In
3152 449 3390 506 imliculo
3419 459 3608 507 autem
3642 469 3678 506 a
3721 471 3810 508 me

509 555 795 617 Ecclesiae,
827 566 876 606 et
915 552 1222 621 apostolica:
1251 549 1395 601 sedis
1423 545 1697 616 pontificis
1717 585 1732 610 ,
1761 544 1853 597 sed
1882 552 1935 596 et
1970 543 2096 595 sub-

505 648 770 716 iectorum
810 645 908 697 sibi
957 644 1334 711 episcoporum
1383 655 1448 694 ex
1498 638 1739 707 ejusdem
1785 635 2096 706 apostolica:

510 741 653 792 scitis
686 739 926 791 doctrina
972 735 1332 793 credendum,
1366 741 1420 784 et
1453 728 1774 791 tenendum,
1809 739 1969 796 atque
2006 741 2094 780 se-

510 833 778 898 quendum
829 829 1010 896 accepi
1063 845 1074 880 :
1125 836 1177 881 et
1221 827 1292 880 ita
1340 825 1535 884 credo,
1571 832 1757 883 teneo,
1789 831 1837 875 et
1875 835 2092 886 sequor.

510 923 575 978 Et
605 925 692 991 qui
723 923 881 975 aliter
920 924 985 974 de
1016 937 1100 974 me
1132 921 1262 973 dixit
1304 928 1463 987 atque
1499 917 1726 978 dixerit,
1755 914 2002 968 ostendet
2039 927 2097 966 se

509 1031 630 1070 esse
662 1015 994 1077 malivobuu,
1024 1024 1079 1066 et
1107 1028 1189 1063 me
1222 1011 1453 1082 probare
1479 1025 1581 1061 non
1617 1008 1815 1076 poterit
1847 1023 1951 1060 non
1980 1019 2098 1057 esse

511 1111 836 1166 eatbolicum
867 1153 877 1162 .
912 1126 970 1164 se
1009 1118 1188 1162 autem
1223 1104 1598 1173 comprobabit
1641 1102 1954 1154 mendacem
1995 1099 2100 1152 cii-

509 1203 852 1264 miuatorcm,
883 1211 934 1253 et
971 1216 1075 1254 nou
1109 1197 1356 1252 criminis
1383 1211 1500 1248 csse
1531 1209 1614 1249 me
1648 1209 1816 1246 reum.
1849 1193 1978 1259 Qua!
2008 1206 2102 1243 au-

510 1303 618 1349 tem
648 1295 776 1348 mihi
809 1293 1061 1348 discenda
1095 1303 1241 1352 sunt,
1267 1301 1320 1343 et
1353 1289 1586 1341 libenter
1607 1295 1662 1340 et
1691 1286 2009 1338 obedienter
2032 1283 2100 1334 ab

509 1384 653 1440 illius
686 1400 908 1437 suinuue
944 1385 1088 1437 sedis
1125 1381 1389 1436 catholica
1427 1377 1669 1432 doctrina
1710 1385 1933 1444 paratus
1980 1386 2100 1424 sum

508 1476 718 1530 discere
741 1516 754 1538 ,
787 1485 1002 1534 tenere,
1034 1484 1084 1526 et
1119 1472 1296 1540 loqui;
1330 1485 1450 1539 qua:
1481 1469 1536 1522 in
1567 1468 1801 1536 primatu
1844 1464 1901 1519 Β.
1932 1463 2099 1525 Petri,

509 1568 598 1620 cui
642 1565 901 1620 Dominus
941 1565 1078 1618 trina
1129 1563 1447 1632 repetitione
1486 1559 1786 1629 pascendas
1815 1571 1941 1609 suas
1975 1570 2106 1607 oves

508 1659 778 1712 commisit
807 1657 988 1727 (lonn.
1022 1657 1154 1716 xxi).
1190 1663 1242 1708 ct
1281 1663 1337 1706 ut
1367 1651 1716 1706 continuaret
1746 1647 1943 1700 fratres
1972 1660 2102 1698 suos

514 1749 772 1818 praecepit
813 1748 963 1818 (Luc.
999 1747 1160 1817 χχιι).
1200 1743 1533 1813 privilegium
1569 1742 1834 1810 primatus
1859 1737 2101 1793 omnimn

511 1838 874 1894 Ecclesiarum
908 1839 960 1892 in
993 1847 1103 1892 toto
1131 1837 1262 1891 orbe
1293 1845 1559 1888 terrarum
1590 1832 1816 1900 accepit.

1070 1944 1297 2002 CAPUT
1345 1944 1558 2000 XXVII.

513 2039 668 2106 Quod
697 2042 850 2112 plura
878 2039 1013 2112 falso
1050 2050 1230 2093 narrat
1267 2039 1331 2091 de
1367 2038 1550 2120 litteris
1590 2034 1886 2102 apostolicis
1925 2051 2098 2089 secum

1023 2128 1122 2163 non
1158 2118 1576 2162 communicatis.

578 2201 752 2256 Isdem
779 2201 939 2255 etiam
972 2199 1143 2253 frater
1165 2208 1351 2253 noster
1374 2197 1717 2261 l-lincmarus,
1744 2195 1874 2251 mibi
1904 2195 2097 2250 litteris

507 2291 621 2345 suis
659 2291 880 2361 impegit
923 2305 1119 2344 noxam
1162 2305 1269 2342 non
1308 2289 1516 2343 levem:
1561 2289 1604 2344 si
1643 2304 1831 2343 verum
1870 2288 2094 2354 diceret,

507 2395 594 2436 me
623 2381 964 2436 commisisse
993 2391 1180 2436 contra
1210 2381 1456 2435 eamdem
1487 2389 1730 2435 sanctam
1762 2389 1815 2435 et
1841 2379 2098 2450 apostoli-

505 2488 626 2529 cam
667 2473 884 2537 sedem,
931 2473 1162 2528 dicens:
1200 2469 1492 2528 «Vocastis
1529 2487 1616 2527 me
1659 2471 1854 2528 litteris
1900 2480 2098 2528 vestrae

506 2567 850 2622 auctoritatis
868 2565 1200 2619 Attiniacum
1225 2564 1292 2619 ad
1320 2567 1606 2636 synodum,
1634 2564 1949 2620 intimantes
1971 2566 2095 2635 quia

507 2657 702 2713 littera:
726 2657 907 2711 domui
949 2655 1230 2726 apostolici
1256 2656 1456 2710 domno
1484 2655 1593 2725 regi
1621 2654 1836 2720 Carolo,
1864 2664 1919 2709 et
1943 2655 2095 2726 regni

507 2751 680 2823 ipsius
707 2749 980 2820 episc0pis
1010 2749 1226 2804 direcue
1257 2747 1503 2812 fuerunt,
1537 2749 1603 2803 de
1628 2749 1823 2818 quibus
1850 2748 1967 2803 sine
2005 2763 2097 2820 sy-

507 2841 685 2898 nodali
708 2840 954 2896 consultu
983 2840 1293 2909 responderi
1323 2855 1429 2893 non
1457 2847 1690 2908 poterat.
1714 2838 1972 2905 Quamvis
1998 2839 2096 2895 bas

507 2934 716 2990 litteras
744 2935 796 2988 in
825 2931 1078 2987 Gundulﬁ
1105 2931 1229 2984 villa
1255 2929 1654 3001 (Houdilcourt)
1691 2929 2092 2998 suscepissetis,

505 3023 596 3078 ubi
627 3030 680 3077 et
716 3037 954 3091 praesens
982 3019 1128 3075 adfui
1160 3036 1175 3073 :
1207 3034 1343 3089 quas
1375 3019 1510 3073 mihi
1541 3017 1741 3074 ibidem
1786 3017 2094 3076 nullatenus

503 3121 840 3177 ostendistis.
877 3119 1012 3175 Cum
1062 3127 1241 3172 autem
1280 3118 1612 3173 Attiuiacum
1660 3117 1821 3190 veni,
1868 3117 2095 3172 dedistis

503 3215 639 3270 mihi
672 3213 828 3284 quasi
870 3212 1148 3283 exemplar
1184 3211 1532 3277 earumdem,
1564 3211 1743 3283 legere
1781 3225 1867 3266 me
1893 3226 2093 3282 rogan-

505 3316 618 3372 tes,
660 3317 716 3363 et
745 3309 822 3364 sic
849 3307 1028 3363 statim
1070 3305 1195 3360 inde
1223 3320 1309 3359 me
1339 3305 1690 3375 respondere,
1717 3312 1772 3359 et
1812 3313 1872 3358 ut
1915 3304 2095 3375 perle-

506 3415 638 3470 gens
686 3399 914 3468 idipsum
963 3397 1242 3466 exemplar
1278 3396 1433 3451 vobis
1480 3397 1730 3466 protinus
1786 3396 2091 3462 redderem,

507 3491 862 3561 pmcepistis.
907 3492 1059 3546 Sicut
1109 3502 1289 3545 autem
1341 3498 1528 3559 postea
1583 3505 1680 3558 per
1731 3489 1874 3543 aliud
1933 3489 2093 3544 didici

507 3581 786 3652 exemplar
805 3624 819 3646 ,
848 3581 1003 3652 plura
1037 3582 1088 3636 in
1117 3581 1355 3637 indiculo
1380 3590 1560 3638 vestro
1590 3581 1721 3636 mibi
1748 3590 1966 3637 ostenso
1996 3584 2091 3636 de-

507 3671 745 3728 fuerunt.
773 3692 791 3723 ι

579 3765 709 3833 Quae
757 3765 900 3820 dicta
947 3764 1090 3819 illius
1139 3780 1242 3818 non
1292 3773 1418 3818 sunt
1458 3779 1605 3820 vera.
1656 3763 1793 3818 Nam
1849 3764 1964 3833 ipsa
2007 3763 2094 3820 die

504 3857 722 3928 quando
774 3859 925 3913 missi
975 3858 1154 3911 domui
1206 3857 1526 3926 apostolici,
1578 3857 1632 3911 in
1681 3855 1932 3911 Gundulli
1968 3855 2093 3910 villa

505 3949 625 4018 ejus
651 3948 908 4017 epistolas
936 3945 987 3999 in
1014 3946 1303 4015 pra'scntia
1337 3947 1480 4015 regis
1512 3953 1568 4000 et
1609 3946 2006 4015 episcoporum,
2039 3953 2096 3999 et

506 4042 828 4093 umerorum
857 4036 1094 4091 fidelium
1121 4037 1211 4105 qui
1244 4037 1315 4090 ibi
1347 4038 1594 4100 aderant,
1626 4038 1756 4091 mihi
1785 4039 2048 4092 dederunt
2075 4055 2089 4091 :

508 4131 652 4186 sicut
677 4139 731 4186 et
769 4131 998 4182 domnus
1038 4144 1131 4183 rex
1172 4131 1305 4193 scit,
1350 4139 1405 4183 et
1435 4130 1704 4200 episcopi,
1736 4145 1800 4184 ac
1828 4131 2008 4184 caeteri
2039 4131 2092 4185 in

508 4235 741 4291 quorum
777 4220 1064 4291 praesentia
1095 4221 1349 4292 epistolas
1391 4221 1510 4277 illas
1540 4222 1760 4292 accepi,
1801 4231 2090 4292 antequam

509 4314 577 4368 de
605 4312 719 4383 ipsa
752 4313 911 4368 domo
937 4314 1138 4369 exirem
1158 4356 1172 4379 ,
1205 4315 1458 4369 audiente
1483 4331 1612 4384 rege
1630 4357 1642 4380 ,
1670 4323 1724 4370 et
1748 4315 2093 4372 audientibus

507 4403 800 4472 episcopis,
832 4411 885 4457 et
911 4403 1122 4457 caeteris
1149 4403 1238 4472 qui
1269 4403 1468 4459 ibidem
1504 4403 1749 4471 fuerunt,
1779 4420 1873 4460 eas
1905 4406 2090 4479 relegi.

509 4491 579 4548 Et
611 4494 656 4548 si
689 4493 1014 4549 llincmarus
1045 4494 1114 4548 ibi
1145 4495 1278 4562 fuit,
1307 4504 1360 4550 et
1391 4497 1578 4551 audire
1607 4513 1702 4553 eas
1724 4499 1923 4563 voluit,
1953 4500 2091 4555 sicut

508 4593 566 4640 et
592 4585 774 4639 caeteri
806 4601 900 4640 eas
931 4586 1252 4650 audierunt,
1296 4587 1486 4642 audire
1512 4589 1687 4643 modis
1715 4591 1968 4646 omnibus
1995 4607 2093 4660 po-

508 4676 634 4730 tuit.
669 4675 822 4742 Quod
867 4676 1032 4741 dicit,
1078 4678 1330 4746 quoniam
1375 4679 1529 4747 quasi
1575 4679 1851 4749 exemplar
1882 4697 2093 4736 earum-

507 4765 662 4829 dem,
694 4765 908 4835 quando
937 4766 1270 4821 Attiniacum
1303 4769 1482 4832 venit,
1518 4768 1592 4823 illi
1633 4770 1790 4834 dedi,
1821 4780 1876 4826 et
1917 4770 2094 4843 legere

506 4858 726 4928 rogavi,
757 4867 812 4912 et
850 4851 928 4912 sic
959 4859 1140 4913 statim
1185 4861 1542 4930 respondere,
1581 4877 1686 4915 non
1727 4863 1858 4918 dicit
1884 4879 2087 4918 verum.

507 4947 797 5018 Exemplar
827 4949 1124 5004 secundum
1170 4961 1410 5004 tenorem
1442 4952 1810 5007 authenticum
1854 4953 2092 5021 epistola:

507 5041 582 5095 illi
617 5042 682 5095 ad
729 5042 1011 5110 legendum
1041 5040 1194 5106 dedi,
1234 5043 1374 5096 sicut
1402 5052 1457 5096 et
1483 5042 1687 5098 Erardo
1715 5043 2089 5116 [Turonensi],

506 5141 562 5187 et
591 5133 863 5188 Waniloui
897 5133 1390 5206 [Rotbomagensi],
1424 5143 1478 5189 et
1503 5135 1732 5190 Vulfado
1761 5135 2090 5208 [Bituricen-

506 5222 598 5294 si],
626 5235 678 5278 et
701 5224 912 5279 caeteris
935 5225 1360 5296 archiepiSCOpis
1383 5226 1564 5280 domui
1587 5226 1763 5281 Caroli
1789 5244 1853 5282 ex
1883 5229 2092 5299 integro

506 5315 653 5377 misi,
681 5324 732 5368 et
760 5316 1006 5370 eamdem
1047 5316 1330 5387 epistolam
1361 5317 1422 5370 in
1457 5318 1662 5388 synodo
1690 5319 1831 5386 apud
1855 5319 2090 5373 Attinia-

506 5419 628 5459 cum
661 5407 844 5477 relegi.
877 5407 1030 5474 Quod
1062 5408 1223 5472 dicit,
1266 5423 1351 5462 me
1375 5405 1606 5476 jussisse
1635 5409 1783 5462 illttm
1815 5418 1876 5463 ut
1907 5411 2087 5464 statim

505 5497 859 5566 responderet
903 5516 915 5551 :
969 5515 1074 5554 non
1123 5500 1202 5554 sic
1248 5499 1357 5553 dixi
1401 5517 1413 5552 :
1456 5500 1554 5554 sed
1605 5510 1662 5554 ut
1711 5500 1911 5570 legeret
1960 5500 2091 5555 illud

505 5587 817 5656 exemplar,
861 5597 915 5642 et
953 5591 1157 5645 videret
1194 5591 1322 5660 quid
1355 5589 1480 5644 inde
1527 5592 1895 5660 reSpunderet.
1935 5589 2100 5658 Quod

507 5679 671 5744 dicit,
703 5683 823 5749 quia
857 5683 953 5750 per
979 5683 1126 5738 aliud
1157 5683 1436 5754 exemplar
1467 5682 1653 5740 didicit
1680 5684 1832 5755 plura
1853 5685 1919 5738 in
1952 5683 2088 5739 india

507 5771 630 5826 culo
673 5773 791 5826 nico
821 5776 922 5828 sibi
952 5775 1174 5831 ostensa
1194 5775 1431 5831 defuisse
1462 5781 1472 5830 ζ
1503 5774 2094 5846 intcgrum'cxemplar

2120 4545 2170 4604 D

2197 537 2451 602 collecto,
2498 547 2556 593 et
2601 541 2852 609 regibus,
2900 550 2954 594 et
2997 541 3265 610 episc0pis
3312 542 3512 596 relecto
3539 554 3595 598 et
3649 544 3805 605 dato,

2199 641 2461 698 quantum
2489 631 2557 684 de
2589 648 2702 700 Ipsa
2734 631 2958 702 epistola
2980 673 2994 699 ,
3023 635 3115 687 sed
3150 646 3204 688 et
3231 635 3298 688 de
3323 634 3408 687 illa
3433 651 3598 704 quam
3647 638 3808 687 dom-

2198 738 2301 775 nus
2327 721 2653 790 apostolicus
2682 725 2834 777 misit
2859 724 3015 794 (nihil
3047 727 3264 778 istorum
3293 728 3501 794 exstat).
3529 742 3805 780 necessa-

2201 812 2336 864 rium
2381 812 2772 866 admittendum
2813 814 2955 877 vidi,
3000 814 3151 875 misi,
3201 824 3253 867 et
3298 816 3570 883 exemplar
3627 816 3807 883 ipsus

2202 903 2422 956 indiculi
2449 903 2645 956 domno
2677 904 2972 972 apostolico
2996 921 3061 959 ex
3087 906 3312 972 epistola
3347 920 3458 960 rnea
3488 909 3704 960 direxi.
3743 908 3807 960 Et

2201 992 2371 1061 ipsam
2404 994 2689 1060 epistolam
2733 995 2914 1048 domui
2956 995 3269 1064 apostolici,
3301 997 3394 1048 sed
3426 1006 3478 1048 et
3512 1013 3805 1049 taetriora-

2202 1093 2311 1136 tmn
2363 1084 2655 1137 iudiculum
2682 1127 2695 1148 ,
2726 1086 2819 1139 sed
2863 1094 2916 1137 et
2955 1086 3157 1155 scripta
3200 1087 3365 1156 ipsius
3394 1086 3578 1140 fratris
3628 1086 3803 1140 Hinc-

2204 1174 2376 1236 mari,
2421 1175 2507 1227 bic
2541 1174 2714 1229 babeo
2750 1189 2764 1227 :
2797 1177 2992 1245 quibus
3023 1179 3241 1246 probari
3279 1187 3449 1245 potest
3486 1193 3570 1230 me
3604 1193 3804 1231 verum

2203 1267 2403 1329 dicere,
2425 1278 2482 1320 et
2513 1269 2658 1322 illum
2697 1286 2723 1321 a
2753 1285 2882 1325 vero
2908 1272 3142 1325 deviare.

2753 1379 2979 1434 CAPUT
3017 1379 3249 1434 XXVIII.

2208 1468 2362 1534 Quod
2387 1486 2515 1524 vane
2537 1470 2812 1547 gloriatur,
2837 1475 3415 1547 excommunicationem
3447 1493 3480 1528 α
3508 1495 3561 1530 se
3588 1476 3800 1547 factum

2543 1559 2574 1593 α
2605 1544 2725 1594 sede
2755 1544 3039 1611 apostolica
3068 1545 3339 1612 probatum
3370 1546 3454 1600 iri.

2282 1630 2485 1685 Scribit
2509 1635 2672 1686 etiam
2705 1633 2756 1686 in
2787 1633 2960 1687 rotula
2989 1649 3152 1702 quam
3183 1651 3278 1703 per
3303 1635 3643 1691 Clarcntiurn
3673 1653 3800 1706 pre-

2212 1723 2488 1792 sbyterum
2536 1739 2692 1776 suum
2726 1724 2856 1777 mibi
2906 1727 3207 1779 transmisit
3245 1728 3344 1781 boc
3373 1730 3532 1780 modo
3561 1747 3576 1780 :
3622 1749 3641 1780 ε
3665 1731 3797 1785 Tam

2131 1796 2180 1859 Β
2208 1814 2528 1868 iuteutative
2560 1816 2613 1868 in
2640 1815 2912 1871 Attiniaco
2941 1816 3006 1870 de
3044 1820 3616 1876 excommunicatione
3645 1837 3677 1874 a
3716 1839 3799 1878 me

2201 1905 2257 1960 in
2299 1908 2557 1974 parocbia
2599 1923 2720 1962 mea
2769 1907 2912 1962 facta
2961 1909 3323 1980 interrogatus
3356 1927 3496 1966 sum.
3525 1913 3796 1968 Tantum-

2201 1999 2362 2052 modo
2406 2001 2510 2054 hoc
2558 2001 2763 2056 interea
2809 2003 3006 2070 pando,
3053 2017 3120 2058 eo
3161 2005 3304 2072 quod
3352 2021 3447 2060 vos
3493 2006 3795 2061 inauditam

2201 2087 2370 2153 illam,
2404 2103 2469 2144 ac
2501 2099 2691 2146 contra
2721 2093 3070 2162 apostolicam
3117 2095 3424 2149 doctrinam
3450 2137 3465 2157 ,
3505 2107 3562 2150 et
3605 2109 3796 2151 contra

2201 2179 2628 2236 ecclesiasticam
2679 2183 2965 2238 veritatem
3025 2183 3194 2240 fuisse
3251 2187 3518 2242 asseratis
3574 2186 3790 2243 factam.

2199 2270 2315 2327 Non
2347 2271 2504 2326 aliam
2534 2272 2676 2327 illam
2706 2271 2838 2338 feci,
2867 2291 3030 2344 quam
3060 2293 3091 2331 a
3119 2287 3298 2333 vestra
3326 2281 3470 2334 viva:
3508 2283 3666 2336 vocis
3700 2284 3796 2338 do-

2199 2361 2377 2416 ctrina
2403 2362 2703 2430 faciendam
2732 2364 2928 2429 didici,
2966 2375 3020 2420 et
3046 2382 3142 2421 vos
3169 2384 3233 2422 ea
3278 2385 3401 2438 quas
3423 2369 3560 2437 jure
3589 2373 3797 2427 destru-

2199 2455 2388 2520 xistis,
2425 2457 2492 2511 ab
2521 2472 2580 2511 re
2607 2458 2880 2513 mdiﬁcare
2910 2475 3014 2515 non
3043 2461 3274 2516 debetis.
3305 2461 3419 2517 Imo
3445 2472 3504 2516 et.
3541 2480 3709 2534 quam
3745 2465 3798 2519 in

2200 2546 2445 2602 Romana
2476 2550 2602 2605 sede
2637 2551 2938 2620 apostolica
2980 2555 3308 2608 auctoritate
3333 2556 3574 2625 cognovi
3601 2557 3798 2625 pratia-

2199 2641 2398 2705 ditam,
2425 2649 2482 2696 et
2510 2642 2578 2697 de
2605 2659 2708 2712 qua
2740 2646 2986 2699 eamdem
3021 2646 3155 2700 mibi
3189 2647 3376 2702 sedem
3404 2647 3665 2703 declamo
3689 2647 3800 2703 fore

2198 2733 2492 2787 auctricem
2539 2751 2552 2788 :
2603 2733 2756 2804 cujus
2803 2735 3030 2791 interest
3077 2745 3134 2791 et
3180 2738 3247 2793 de
3295 2738 3385 2792 illa
3436 2754 3468 2792 a
3524 2754 3619 2795 me
3663 2741 3798 2795 facta

2198 2825 2761 2882 excommunicatione
2782 2827 3048 2897 judicare,
3078 2839 3135 2885 et
3159 2829 3228 2884 de
3246 2839 3431 2887 vestra
3465 2831 3800 2888 resolutione

2198 2914 2510 2970 decernere.
2545 2935 2562 2965 ι

2217 3042 2224 3048 .
2266 3004 2346 3058 Ad
2371 3021 2493 3075 quae
2515 3007 2776 3062 rescribo.
2808 3007 3039 3076 Maiores
3063 3009 3132 3063 ad
3155 3010 3411 3066 doctores
3441 3013 3627 3067 nostri
3652 3013 3798 3068 dixe-

2198 3106 2343 3161 runt,
2367 3101 2615 3167 quaedam
2642 3115 2766 3156 esse
2795 3103 3034 3167 nomina,
3059 3118 3178 3173 qua:
3205 3103 3257 3157 in
3297 3103 3634 3160 femininum
3659 3105 3794 3162 ﬂecti

2200 3203 2305 3243 non
2336 3199 2595 3260 possunt,
2628 3200 2688 3245 ut
2731 3202 2953 3258 auctor,
2985 3209 3193 3248 cursor.
3230 3195 3298 3248 Et
3345 3195 3456 3250 iste
3491 3211 3672 3251 novus
3700 3196 3796 3250 do-

2199 3289 2351 3346 ctor,
2401 3282 2492 3351 qui
2541 3284 2752 3338 noviter
2798 3283 3074 3338 adinveuit
3119 3286 3262 3354 quod
3306 3285 3522 3340 diceret
3566 3287 3634 3340 de
3686 3287 3794 3356 ipsa

2199 3376 2761 3430 excommunicatione
2781 3417 2796 3441 ,
2828 3376 3182 3446 apostolicam
3215 3378 3402 3432 sedem
3431 3393 3493 3432 se
3539 3379 3797 3433 reclamat

2199 3465 2315 3523 fore
2343 3469 2647 3522 auctricem.
2681 3467 2787 3524 Sed
2813 3484 2900 3523 me
2924 3477 3200 3524 auctorem
3229 3485 3336 3523 non
3362 3470 3601 3532 habebit,
3632 3472 3703 3524 de
3729 3484 3796 3523 eo

2198 3561 2340 3631 quod
2371 3576 2534 3631 super
2564 3576 2651 3615 me
2678 3562 2829 3624 dicit,
2869 3582 2886 3612 ε
2921 3561 3046 3631 quia
3075 3577 3180 3615 non
3209 3560 3376 3615 aliam
3399 3561 3540 3614 illam
3565 3575 3800 3615 excom-

2199 3653 2618 3707 municationem
2650 3654 2907 3723 parocbia
2938 3668 3035 3708 sua
3069 3653 3220 3718 fecit,
3246 3668 3413 3723 quam
3438 3668 3466 3706 a
3498 3667 3621 3707 mea
3653 3653 3796 3707 viva

2199 3747 2347 3801 vocis
2398 3745 2644 3801 doctrina
2689 3745 2994 3801 faciendam
3044 3745 3250 3800 didicit.
3285 3765 3306 3798 ι
3356 3745 3425 3799 Et
3473 3746 3623 3814 quod
3667 3761 3794 3801 mox

2200 3838 2576 3907 subsequitur:
2607 3857 2626 3888 ι
2657 3837 2918 3904 Quoniam
2948 3851 3011 3890 ea
3042 3851 3162 3906 quae
3183 3837 3308 3906 jure
3335 3836 3615 3900 dextruxi,
3645 3837 3716 3890 ab
3738 3849 3794 3889 re

2199 3931 2470 3986 aediﬁcare
2517 3945 2622 3984 non
2670 3930 2860 3993 debeo,
2893 3947 2912 3980 ι
2953 3944 3142 3984 verum
3181 3941 3306 3981 esse
3334 3925 3626 3981 confirmo.
3661 3924 3791 3978 Nam

2200 4031 2297 4094 per
2320 4022 2682 4090 evangelicam
2711 4021 3018 4085 veritatem,
3046 4028 3102 4074 et
3127 4017 3485 4088 apostolicam
3512 4027 3680 4087 atque
3699 4031 3789 4070 ca-

2200 4114 2449 4167 nonicam
2475 4112 2884 4176 auctoritatem;
2919 4123 3127 4165 necnon
3154 4117 3212 4163 et
3237 4122 3334 4176 per
3364 4106 3684 4175 apostolica
3707 4119 3788 4158 se-

2201 4204 2284 4259 dis
2332 4205 2633 4258 doctrinam
2685 4213 2847 4271 atque
2905 4203 3164 4264 decreta,
3216 4215 3370 4254 suam
3427 4199 3785 4268 perniciosam

2199 4294 2811 4352 cxcommunicationem
2839 4290 3085 4347 destruxi
3117 4309 3128 4346 :
3155 4304 3318 4360 quam
3341 4288 3412 4341 ab
3439 4303 3498 4342 re
3519 4286 3786 4342 aediﬁcare

2200 4407 2308 4445 non
2339 4388 2530 4452 debeo,
2562 4402 2662 4442 nec
2689 4385 2831 4449 volo,
2865 4400 2965 4440 nec
2996 4383 3169 4438 valeo.

2272 4482 2328 4536 Iu
2351 4497 2416 4536 eo
2439 4495 2568 4535 vero
2593 4479 2735 4552 quod
2760 4478 2911 4543 dicit,
2933 4477 3062 4546 quia
3089 4491 3193 4530 non
3216 4474 3374 4528 aliam
3404 4473 3552 4526 illam
3575 4486 3783 4528 excom-

2198 4574 2618 4630 municationem
2667 4571 2823 4634 fecit,
2859 4589 2877 4619 ι
2908 4585 3069 4638 quam
3115 4569 3167 4622 in
3216 4567 3463 4622 Romana
3496 4567 3630 4621 sede
3658 4580 3780 4635 apo-

2198 4668 2388 4724 stolica
2435 4665 2757 4720 auctoritate
2802 4663 3053 4731 cognovit
3097 4662 3442 4733 prazinditam
3471 4701 3486 4724 ,
3535 4679 3555 4712 ι
3606 4659 3659 4714 id
3704 4668 3782 4714 est

2198 4770 2324 4816 ante
2364 4761 2661 4823 insertam,
2705 4765 2830 4812 ante
2877 4756 3221 4826 impositam,
3262 4762 3388 4808 ante
3435 4753 3778 4808 immissam:

2197 4853 2360 4907 nimis
2392 4851 2648 4905 audacter
2678 4848 2857 4918 posuit
2899 4847 2952 4900 in
2983 4845 3182 4900 ccelum
3227 4857 3288 4898 os
3332 4858 3519 4899 suum.
3561 4843 3632 4897 Et
3670 4843 3782 4897 ideo

2197 4959 2305 5000 non
2339 4951 2424 4997 est
2451 4943 2646 4995 mirum
2674 4940 2719 4994 si
2750 4939 2932 5008 lingua
2959 4939 3075 5008 ejus
3103 4935 3357 4989 transivit
3385 4935 3439 4987 in
3473 4943 3700 4995 terram,
3729 4940 3783 4985 ut

2199 5037 2265 5090 de
2306 5049 2391 5087 me
2432 5041 2719 5102 peccatore
2749 5031 2955 5084 diceret
2993 5047 3004 5082 ε
3045 5047 3062 5078 ι
3092 5026 3207 5080 Νοη
3255 5025 3417 5078 aliam
3466 5025 3614 5078 illam
3661 5023 3778 5087 feci,

2197 5141 2359 5195 quam
2398 5141 2428 5179 a
2458 5133 2634 5178 vestra
2670 5123 2804 5175 vivae
2834 5120 2983 5175 vocis
3021 5117 3268 5173 doctrina
3301 5115 3613 5170 faciendam
3646 5115 3782 5169 didi-

2196 5220 2266 5274 ci.
2293 5239 2311 5271 ι
2347 5217 2454 5273 Sed
2483 5217 2623 5270 sicut
2657 5213 2950 5284 apostolica
2973 5211 3130 5266 sedes
3155 5225 3185 5262 a
3212 5207 3370 5262 nobis
3397 5206 3650 5262 accusari
3681 5223 3780 5261 non

2195 5310 2378 5374 debet,
2407 5324 2508 5364 nec
2532 5307 2675 5361 valet
2709 5326 2721 5358 :
2755 5306 2827 5359 ita
2858 5302 3210 5358 excusatione
3235 5309 3436 5354 nostrzc
3461 5299 3784 5352 humilitatis

2197 5420 2303 5458 non
2334 5402 2556 5472 indiget.
2583 5401 2965 5455 Verumtamen
2995 5395 3138 5464 quod
3167 5408 3270 5446 nou
3299 5393 3368 5446 ab
3399 5391 3626 5446 incertis
3650 5391 3781 5444 rela-

2195 5497 2403 5551 toribus
2426 5495 2552 5548 inde
2573 5491 2894 5553 audivimus,
2921 5503 3043 5543 cum
3065 5487 3221 5540 venia
3247 5485 3418 5554 ipsius
3442 5482 3590 5536 sedis
3617 5481 3782 5534 libere

2194 5589 2373 5643 dicere
2413 5599 2718 5656 possumus.
2750 5581 3069 5636 Audivimns
3104 5591 3341 5644 namque
3361 5615 3377 5640 ,
3409 5574 3538 5643 quia
3582 5579 3781 5627 sancta:

2193 5681 2469 5737 memoria:
2499 5679 2749 5733 Nicolaus
2779 5691 2936 5746 papa,
2963 5680 3148 5728 sancta
3181 5669 3426 5725 Romana
3457 5666 3700 5721 Ecclesia
3727 5662 3776 5715 in

2193 5773 2480 5830 alliictlmtc
2507 5772 2724 5842 posita,;
2738 5767 3061 5822 auctoritate
3086 5761 3300 5816 Veteris
3329 5768 3384 5814 et
3425 5756 3559 5811 Novi
3589 5754 3772 5808 Testa-
