  <div class='ocr_page' id='page_1' title='image "/cluster/home/n/w/nwhite01/storage/ocr_20150623/126/hvd.32044015471675/328.png"; bbox 0 0 4002 6296; ppageno 0'>
   <div class='ocr_carea' id='block_1_1' title="bbox 157 414 266 471">
    <p class='ocr_par' dir='ltr' id='par_1_1' title="bbox 157 414 266 471">
     <span class='ocr_line' id='line_1_1' title="bbox 157 414 266 471; baseline -0.009 0"><span class='ocrx_word' id='word_1_1' title='bbox 157 414 266 471; x_wconf 74' lang='grc'><strong>615</strong></span> 
     </span>
    </p>
   </div>
   <div class='ocr_carea' id='block_1_2' title="bbox 937 384 2662 457">
    <p class='ocr_par' dir='ltr' id='par_1_2' title="bbox 937 384 2662 457">
     <span class='ocr_line' id='line_1_2' title="bbox 937 384 2662 457; baseline -0.011 0"><span class='ocrx_word' id='word_1_2' title='bbox 937 398 1180 457; x_wconf 82' lang='lat' dir='ltr'><strong>OPUSC.</strong></span> <span class='ocrx_word' id='word_1_3' title='bbox 1222 396 1311 452; x_wconf 82' lang='lat' dir='ltr'><strong>ET</strong></span> <span class='ocrx_word' id='word_1_4' title='bbox 1351 391 1571 449; x_wconf 82' lang='lat' dir='ltr'><strong>EPIST.</strong></span> <span class='ocrx_word' id='word_1_5' title='bbox 1616 388 1681 443; x_wconf 79' lang='grc' dir='ltr'><strong>ΙΝ</strong></span> <span class='ocrx_word' id='word_1_6' title='bbox 1719 387 1941 443; x_wconf 64' lang='lat' dir='ltr'><strong>CAUSA</strong></span> <span class='ocrx_word' id='word_1_7' title='bbox 1988 385 2315 444; x_wconf 70' lang='lat' dir='ltr'><strong>HINCM&#39;AM</strong></span> <span class='ocrx_word' id='word_1_8' title='bbox 2358 384 2662 442; x_wconf 76' lang='lat' dir='ltr'><strong>LAUDUN.</strong></span> 
     </span>
    </p>
   </div>
   <div class='ocr_carea' id='block_1_3' title="bbox 3308 386 3449 479">
    <p class='ocr_par' dir='ltr' id='par_1_3' title="bbox 3308 386 3449 479">
     <span class='ocr_line' id='line_1_3' title="bbox 3308 386 3449 479; baseline -0.007 -38"><span class='ocrx_word' id='word_1_9' title='bbox 3308 386 3449 479; x_wconf 42' lang='lat'><strong>‘62!</strong></span> 
     </span>
    </p>
   </div>
   <div class='ocr_carea' id='block_1_4' title="bbox 156 496 3449 595">
    <p class='ocr_par' dir='ltr' id='par_1_4' title="bbox 156 496 3449 595">
     <span class='ocr_line' id='line_1_4' title="bbox 156 496 3449 595; baseline -0.009 -9"><span class='ocrx_word' id='word_1_10' title='bbox 156 530 357 594; x_wconf 87' lang='lat' dir='ltr'><strong>menti,</strong></span> <span class='ocrx_word' id='word_1_11' title='bbox 404 527 458 581; x_wconf 90' lang='lat' dir='ltr'><strong>in</strong></span> <span class='ocrx_word' id='word_1_12' title='bbox 499 520 727 595; x_wconf 72' lang='lat' dir='ltr'><strong>jejunio,</strong></span> <span class='ocrx_word' id='word_1_13' title='bbox 761 528 815 573; x_wconf 91' lang='lat' dir='ltr'><strong>et</strong></span> <span class='ocrx_word' id='word_1_14' title='bbox 852 518 1003 582; x_wconf 75' lang='lat' dir='ltr'><strong>fietu,</strong></span> <span class='ocrx_word' id='word_1_15' title='bbox 1030 531 1095 571; x_wconf 91' lang='lat' dir='ltr'><strong>ac</strong></span> <span class='ocrx_word' id='word_1_16' title='bbox 1123 516 1360 584; x_wconf 88' lang='lat' dir='ltr'><strong>planctu,</strong></span> <span class='ocrx_word' id='word_1_17' title='bbox 1400 512 1453 566; x_wconf 87' lang='lat' dir='ltr'><strong>in</strong></span> <span class='ocrx_word' id='word_1_18' title='bbox 1484 511 1670 566; x_wconf 90' lang='lat' dir='ltr'><strong>cinere</strong></span> <span class='ocrx_word' id='word_1_19' title='bbox 1702 515 1759 560; x_wconf 89' lang='lat' dir='ltr'><strong>et</strong></span> <span class='ocrx_word' id='word_1_20' title='bbox 1784 507 1833 565; x_wconf 78' lang='grc' dir='ltr'>Α</span> <span class='ocrx_word' id='word_1_21' title='bbox 1862 502 2199 595; x_wconf 79' lang='lat' dir='ltr'><strong>baptizandis</strong></span> <span class='ocrx_word' id='word_1_22' title='bbox 2231 496 2464 567; x_wconf 83' lang='lat' dir='ltr'><strong>infudit,</strong></span> <span class='ocrx_word' id='word_1_23' title='bbox 2494 500 2717 595; x_wconf 73' lang='lat' dir='ltr'><strong>sicutin</strong></span> <span class='ocrx_word' id='word_1_24' title='bbox 2752 512 2910 555; x_wconf 85' lang='lat' dir='ltr'><strong>sacra</strong></span> <span class='ocrx_word' id='word_1_25' title='bbox 2955 498 3181 595; x_wconf 77' lang='lat' dir='ltr'><strong>historia</strong></span> <span class='ocrx_word' id='word_1_26' title='bbox 3229 499 3449 595; x_wconf 77' lang='lat' dir='ltr'><strong>legitur.</strong></span> 
     </span>
    </p>
   </div>
   <div class='ocr_carea' id='block_1_5' title="bbox 157 602 1756 675">
    <p class='ocr_par' dir='ltr' id='par_1_5' title="bbox 157 602 1756 675">
     <span class='ocr_line' id='line_1_5' title="bbox 157 602 1756 675; baseline -0.014 0"><span class='ocrx_word' id='word_1_27' title='bbox 157 621 346 675; x_wconf 79' lang='lat' dir='ltr'><strong>cilicio</strong></span> <span class='ocrx_word' id='word_1_28' title='bbox 392 616 616 670; x_wconf 80' lang='lat' dir='ltr'><strong>manias</strong></span> <span class='ocrx_word' id='word_1_29' title='bbox 672 610 947 665; x_wconf 78' lang='lat' dir='ltr'><strong>indixerit.</strong></span> <span class='ocrx_word' id='word_1_30' title='bbox 1002 606 1108 661; x_wconf 86' lang='lat' dir='ltr'><strong>Sed</strong></span> <span class='ocrx_word' id='word_1_31' title='bbox 1157 621 1187 659; x_wconf 88' lang='lat' dir='ltr'><strong>a</strong></span> <span class='ocrx_word' id='word_1_32' title='bbox 1239 603 1383 658; x_wconf 91' lang='lat' dir='ltr'><strong>nullo</strong></span> <span class='ocrx_word' id='word_1_33' title='bbox 1433 602 1756 662; x_wconf 76' lang='lat' dir='ltr'><strong>audivimus,</strong></span> 
     </span>
    </p>
   </div>
   <div class='ocr_carea' id='block_1_6' title="bbox 159 694 1760 780">
    <p class='ocr_par' dir='ltr' id='par_1_6' title="bbox 159 694 1760 780">
     <span class='ocr_line' id='line_1_6' title="bbox 159 694 1760 780; baseline -0.012 -17"><span class='ocrx_word' id='word_1_34' title='bbox 159 710 293 780; x_wconf 83' lang='lat' dir='ltr'><strong>quia</strong></span> <span class='ocrx_word' id='word_1_35' title='bbox 328 722 493 762; x_wconf 89' lang='lat' dir='ltr'><strong>causa</strong></span> <span class='ocrx_word' id='word_1_36' title='bbox 526 717 749 758; x_wconf 87' lang='lat' dir='ltr'><strong>suarum</strong></span> <span class='ocrx_word' id='word_1_37' title='bbox 785 700 1103 770; x_wconf 91' lang='lat' dir='ltr'><strong>injuriarum</strong></span> <span class='ocrx_word' id='word_1_38' title='bbox 1147 706 1204 751; x_wconf 86' lang='lat' dir='ltr'><strong>et</strong></span> <span class='ocrx_word' id='word_1_39' title='bbox 1243 696 1410 764; x_wconf 70' lang='lat' dir='ltr'><strong>ipsius</strong></span> <span class='ocrx_word' id='word_1_40' title='bbox 1453 694 1599 748; x_wconf 81' lang='lat' dir='ltr'><strong>sedis</strong></span> <span class='ocrx_word' id='word_1_41' title='bbox 1627 706 1760 760; x_wconf 87' lang='lat' dir='ltr'><strong>apo-</strong></span> 
     </span>
    </p>
   </div>
   <div class='ocr_carea' id='block_1_7' title="bbox 160 782 1760 864">
    <p class='ocr_par' dir='ltr' id='par_1_7' title="bbox 160 782 1760 864">
     <span class='ocr_line' id='line_1_7' title="bbox 160 782 1760 864; baseline -0.012 -11"><span class='ocrx_word' id='word_1_42' title='bbox 160 797 396 861; x_wconf 64' lang='lat' dir='ltr'><strong>stolicae,</strong></span> <span class='ocrx_word' id='word_1_43' title='bbox 429 794 679 864; x_wconf 86' lang='lat' dir='ltr'><strong>parvulos</strong></span> <span class='ocrx_word' id='word_1_44' title='bbox 704 793 756 845; x_wconf 92' lang='lat' dir='ltr'><strong>in</strong></span> <span class='ocrx_word' id='word_1_45' title='bbox 787 789 1099 844; x_wconf 90' lang='lat' dir='ltr'><strong>discrimine</strong></span> <span class='ocrx_word' id='word_1_46' title='bbox 1130 786 1321 841; x_wconf 90' lang='lat' dir='ltr'><strong>mortis</strong></span> <span class='ocrx_word' id='word_1_47' title='bbox 1348 785 1554 853; x_wconf 89' lang='lat' dir='ltr'><strong>positos</strong></span> <span class='ocrx_word' id='word_1_48' title='bbox 1581 782 1760 851; x_wconf 83' lang='lat' dir='ltr'><strong>bapti-</strong></span> 
     </span>
    </p>
   </div>
   <div class='ocr_carea' id='block_1_8' title="bbox 164 872 1762 953">
    <p class='ocr_par' dir='ltr' id='par_1_8' title="bbox 164 872 1762 953">
     <span class='ocr_line' id='line_1_8' title="bbox 164 872 1762 953; baseline -0.012 -9"><span class='ocrx_word' id='word_1_49' title='bbox 164 889 284 944; x_wconf 80' lang='lat' dir='ltr'><strong>zari</strong></span> <span class='ocrx_word' id='word_1_50' title='bbox 308 928 326 953; x_wconf 93' lang='lat'><strong>,</strong></span> <span class='ocrx_word' id='word_1_51' title='bbox 352 897 408 940; x_wconf 92' lang='lat' dir='ltr'><strong>et</strong></span> <span class='ocrx_word' id='word_1_52' title='bbox 434 883 758 940; x_wconf 86' lang='lat' dir='ltr'><strong>obeuntibus</strong></span> <span class='ocrx_word' id='word_1_53' title='bbox 787 889 949 948; x_wconf 87' lang='lat' dir='ltr'><strong>atque</strong></span> <span class='ocrx_word' id='word_1_54' title='bbox 976 878 1287 947; x_wconf 73' lang='lat' dir='ltr'><strong>petentibus</strong></span> <span class='ocrx_word' id='word_1_55' title='bbox 1315 875 1559 928; x_wconf 88' lang='lat' dir='ltr'><strong>ultimam</strong></span> <span class='ocrx_word' id='word_1_56' title='bbox 1583 872 1762 942; x_wconf 58' lang='lat' dir='ltr'><strong>patui-</strong></span> 
     </span>
    </p>
   </div>
   <div class='ocr_carea' id='block_1_9' title="bbox 163 956 1761 1041">
    <p class='ocr_par' dir='ltr' id='par_1_9' title="bbox 163 956 1761 1041">
     <span class='ocr_line' id='line_1_9' title="bbox 163 956 1761 1041; baseline -0.012 -7"><span class='ocrx_word' id='word_1_57' title='bbox 163 956 400 1035; x_wconf 75' lang='lat' dir='ltr'><strong>tentiam</strong></span> <span class='ocrx_word' id='word_1_58' title='bbox 419 1016 434 1041; x_wconf 93' lang='lat'><strong>,</strong></span> <span class='ocrx_word' id='word_1_59' title='bbox 470 984 526 1030; x_wconf 89' lang='lat' dir='ltr'><strong>et</strong></span> <span class='ocrx_word' id='word_1_60' title='bbox 548 973 730 1029; x_wconf 85' lang='lat' dir='ltr'><strong>viatici</strong></span> <span class='ocrx_word' id='word_1_61' title='bbox 765 970 1004 1024; x_wconf 85' lang='lat' dir='ltr'><strong>muneris</strong></span> <span class='ocrx_word' id='word_1_62' title='bbox 1030 967 1467 1022; x_wconf 89' lang='lat' dir='ltr'><strong>communionem</strong></span> <span class='ocrx_word' id='word_1_63' title='bbox 1487 1005 1502 1028; x_wconf 95' lang='lat'><strong>,</strong></span> <span class='ocrx_word' id='word_1_64' title='bbox 1533 972 1590 1018; x_wconf 90' lang='lat' dir='ltr'><strong>et</strong></span> <span class='ocrx_word' id='word_1_65' title='bbox 1613 978 1761 1018; x_wconf 87' lang='lat' dir='ltr'><strong>mor-</strong></span> 
     </span>
    </p>
   </div>
   <div class='ocr_carea' id='block_1_10' title="bbox 162 1055 1762 1139">
    <p class='ocr_par' dir='ltr' id='par_1_10' title="bbox 162 1055 1762 1139">
     <span class='ocr_line' id='line_1_10' title="bbox 162 1055 1762 1139; baseline -0.01 -14"><span class='ocrx_word' id='word_1_66' title='bbox 162 1072 279 1125; x_wconf 84' lang='lat' dir='ltr'><strong>tuis</strong></span> <span class='ocrx_word' id='word_1_67' title='bbox 319 1068 654 1139; x_wconf 75' lang='lat' dir='ltr'><strong>sepulturam</strong></span> <span class='ocrx_word' id='word_1_68' title='bbox 688 1062 874 1131; x_wconf 80' lang='lat' dir='ltr'><strong>negari</strong></span> <span class='ocrx_word' id='word_1_69' title='bbox 916 1059 1254 1130; x_wconf 76' lang='lat' dir='ltr'><strong>praeceperit.</strong></span> <span class='ocrx_word' id='word_1_70' title='bbox 1299 1059 1367 1113; x_wconf 87' lang='lat' dir='ltr'><strong>Et</strong></span> <span class='ocrx_word' id='word_1_71' title='bbox 1402 1058 1546 1127; x_wconf 88' lang='lat' dir='ltr'><strong>quod</strong></span> <span class='ocrx_word' id='word_1_72' title='bbox 1577 1058 1643 1110; x_wconf 87' lang='lat' dir='ltr'><strong>de</strong></span> <span class='ocrx_word' id='word_1_73' title='bbox 1672 1055 1762 1109; x_wconf 79' lang='lat' dir='ltr'><strong>iila</strong></span> 
     </span>
    </p>
   </div>
   <div class='ocr_carea' id='block_1_11' title="bbox 161 1147 1761 1222">
    <p class='ocr_par' dir='ltr' id='par_1_11' title="bbox 161 1147 1761 1222">
     <span class='ocr_line' id='line_1_11' title="bbox 161 1147 1761 1222; baseline -0.012 -5"><span class='ocrx_word' id='word_1_74' title='bbox 161 1157 734 1217; x_wconf 76' lang='lat' dir='ltr'><strong>exeommunicatioue</strong></span> <span class='ocrx_word' id='word_1_75' title='bbox 775 1151 1078 1222; x_wconf 86' lang='lat' dir='ltr'><strong>perniciosa</strong></span> <span class='ocrx_word' id='word_1_76' title='bbox 1115 1163 1276 1220; x_wconf 90' lang='lat' dir='ltr'><strong>quam</strong></span> <span class='ocrx_word' id='word_1_77' title='bbox 1323 1148 1483 1211; x_wconf 90' lang='lat' dir='ltr'><strong>fecit,</strong></span> <span class='ocrx_word' id='word_1_78' title='bbox 1514 1147 1761 1201; x_wconf 89' lang='lat' dir='ltr'><strong>eamdem</strong></span> 
     </span>
    </p>
   </div>
   <div class='ocr_carea' id='block_1_12' title="bbox 164 1238 1763 1319">
    <p class='ocr_par' dir='ltr' id='par_1_12' title="bbox 164 1238 1763 1319">
     <span class='ocr_line' id='line_1_12' title="bbox 164 1238 1763 1319; baseline -0.012 -9"><span class='ocrx_word' id='word_1_79' title='bbox 164 1255 274 1310; x_wconf 86' lang='lat' dir='ltr'><strong>sibi</strong></span> <span class='ocrx_word' id='word_1_80' title='bbox 309 1253 492 1307; x_wconf 87' lang='lat' dir='ltr'><strong>sedem</strong></span> <span class='ocrx_word' id='word_1_81' title='bbox 528 1249 673 1319; x_wconf 77' lang='lat' dir='ltr'><strong>fore,</strong></span> <span class='ocrx_word' id='word_1_82' title='bbox 702 1260 952 1302; x_wconf 84' lang='lat' dir='ltr'><strong>sermone</strong></span> <span class='ocrx_word' id='word_1_83' title='bbox 977 1244 1174 1298; x_wconf 81' lang='lat' dir='ltr'><strong>vitioso</strong></span> <span class='ocrx_word' id='word_1_84' title='bbox 1195 1282 1209 1306; x_wconf 96' lang='lat'><strong>,</strong></span> <span class='ocrx_word' id='word_1_85' title='bbox 1235 1249 1397 1309; x_wconf 90' lang='lat' dir='ltr'><strong>atque</strong></span> <span class='ocrx_word' id='word_1_86' title='bbox 1427 1238 1763 1293; x_wconf 87' lang='lat' dir='ltr'><strong>calumnioso</strong></span> 
     </span>
    </p>
   </div>
   <div class='ocr_carea' id='block_1_13' title="bbox 161 1331 1766 1404">
    <p class='ocr_par' dir='ltr' id='par_1_13' title="bbox 161 1331 1766 1404">
     <span class='ocr_line' id='line_1_13' title="bbox 161 1331 1766 1404; baseline -0.011 -3"><span class='ocrx_word' id='word_1_87' title='bbox 161 1347 308 1401; x_wconf 83' lang='lat' dir='ltr'><strong>dicit</strong></span> <span class='ocrx_word' id='word_1_88' title='bbox 334 1349 649 1404; x_wconf 80' lang='lat' dir='ltr'><strong>auctrtcem,</strong></span> <span class='ocrx_word' id='word_1_89' title='bbox 684 1353 790 1393; x_wconf 93' lang='lat' dir='ltr'><strong>non</strong></span> <span class='ocrx_word' id='word_1_90' title='bbox 820 1338 1107 1392; x_wconf 79' lang='lat' dir='ltr'><strong>credimus.</strong></span> <span class='ocrx_word' id='word_1_91' title='bbox 1145 1334 1300 1389; x_wconf 84' lang='lat' dir='ltr'><strong>Absit</strong></span> <span class='ocrx_word' id='word_1_92' title='bbox 1335 1332 1477 1388; x_wconf 91' lang='lat' dir='ltr'><strong>enim</strong></span> <span class='ocrx_word' id='word_1_93' title='bbox 1502 1340 1596 1395; x_wconf 89' lang='lat' dir='ltr'><strong>ut,</strong></span> <span class='ocrx_word' id='word_1_94' title='bbox 1624 1331 1766 1385; x_wconf 85' lang='lat' dir='ltr'><strong>sicut</strong></span> 
     </span>
    </p>
   </div>
   <div class='ocr_carea' id='block_1_14' title="bbox 164 1421 1763 1499">
    <p class='ocr_par' dir='ltr' id='par_1_14' title="bbox 164 1421 1763 1499">
     <span class='ocr_line' id='line_1_14' title="bbox 164 1421 1763 1499; baseline -0.014 -4"><span class='ocrx_word' id='word_1_95' title='bbox 164 1440 262 1495; x_wconf 90' lang='lat' dir='ltr'><strong>hic</strong></span> <span class='ocrx_word' id='word_1_96' title='bbox 287 1440 463 1492; x_wconf 78' lang='lat' dir='ltr'><strong>frater</strong></span> <span class='ocrx_word' id='word_1_97' title='bbox 488 1433 811 1487; x_wconf 89' lang='lat' dir='ltr'><strong>Hinemarus</strong></span> <span class='ocrx_word' id='word_1_98' title='bbox 842 1431 896 1484; x_wconf 92' lang='lat' dir='ltr'><strong>in</strong></span> <span class='ocrx_word' id='word_1_99' title='bbox 924 1427 1230 1499; x_wconf 89' lang='lat' dir='ltr'><strong>pernicioso</strong></span> <span class='ocrx_word' id='word_1_100' title='bbox 1271 1426 1474 1493; x_wconf 90' lang='lat' dir='ltr'><strong>scripto</strong></span> <span class='ocrx_word' id='word_1_101' title='bbox 1514 1437 1613 1476; x_wconf 90' lang='lat' dir='ltr'><strong>suo</strong></span> <span class='ocrx_word' id='word_1_102' title='bbox 1658 1421 1763 1474; x_wconf 84' lang='lat' dir='ltr'><strong>im-</strong></span> 
     </span>
    </p>
   </div>
   <div class='ocr_carea' id='block_1_15' title="bbox 162 1514 1765 1601">
    <p class='ocr_par' dir='ltr' id='par_1_15' title="bbox 162 1514 1765 1601">
     <span class='ocr_line' id='line_1_15' title="bbox 162 1514 1765 1601; baseline -0.01 -17"><span class='ocrx_word' id='word_1_103' title='bbox 162 1529 395 1601; x_wconf 82' lang='lat' dir='ltr'><strong>proprie</strong></span> <span class='ocrx_word' id='word_1_104' title='bbox 422 1526 607 1580; x_wconf 87' lang='lat' dir='ltr'><strong>dicens</strong></span> <span class='ocrx_word' id='word_1_105' title='bbox 645 1523 910 1579; x_wconf 87' lang='lat' dir='ltr'><strong>declamat</strong></span> <span class='ocrx_word' id='word_1_106' title='bbox 929 1560 945 1587; x_wconf 90' lang='lat'><strong>,</strong></span> <span class='ocrx_word' id='word_1_107' title='bbox 982 1535 1095 1574; x_wconf 68' lang='lat' dir='ltr'><strong>sua:</strong></span> <span class='ocrx_word' id='word_1_108' title='bbox 1118 1516 1552 1588; x_wconf 87' lang='lat' dir='ltr'><strong>colligationibus</strong></span> <span class='ocrx_word' id='word_1_109' title='bbox 1576 1514 1765 1583; x_wconf 78' lang='lat' dir='ltr'><strong>impie-</strong></span> 
     </span>
    </p>
   </div>
   <div class='ocr_carea' id='block_1_16' title="bbox 167 1607 1764 1686">
    <p class='ocr_par' dir='ltr' id='par_1_16' title="bbox 167 1607 1764 1686">
     <span class='ocr_line' id='line_1_16' title="bbox 167 1607 1764 1686; baseline -0.011 -12"><span class='ocrx_word' id='word_1_110' title='bbox 167 1622 304 1675; x_wconf 84' lang='lat' dir='ltr'><strong>tatis</strong></span> <span class='ocrx_word' id='word_1_111' title='bbox 333 1615 626 1686; x_wconf 84' lang='lat' dir='ltr'><strong>apostolica</strong></span> <span class='ocrx_word' id='word_1_112' title='bbox 653 1613 811 1668; x_wconf 87' lang='lat' dir='ltr'><strong>sedes</strong></span> <span class='ocrx_word' id='word_1_113' title='bbox 839 1609 1175 1674; x_wconf 86' lang='lat' dir='ltr'><strong>consentiat;</strong></span> <span class='ocrx_word' id='word_1_114' title='bbox 1209 1607 1431 1661; x_wconf 91' lang='lat' dir='ltr'><strong>minime</strong></span> <span class='ocrx_word' id='word_1_115' title='bbox 1459 1615 1637 1659; x_wconf 89' lang='lat' dir='ltr'><strong>autem</strong></span> <span class='ocrx_word' id='word_1_116' title='bbox 1667 1621 1764 1657; x_wconf 89' lang='lat' dir='ltr'><strong>au-</strong></span> 
     </span>
    </p>
   </div>
   <div class='ocr_carea' id='block_1_17' title="bbox 166 1700 1763 1773">
    <p class='ocr_par' dir='ltr' id='par_1_17' title="bbox 166 1700 1763 1773">
     <span class='ocr_line' id='line_1_17' title="bbox 166 1700 1763 1773; baseline -0.009 -7"><span class='ocrx_word' id='word_1_117' title='bbox 166 1713 313 1766; x_wconf 71' lang='lat' dir='ltr'><strong>ctrix</strong></span> <span class='ocrx_word' id='word_1_118' title='bbox 338 1710 555 1765; x_wconf 75' lang='lat' dir='ltr'><strong>existat.</strong></span> <span class='ocrx_word' id='word_1_119' title='bbox 586 1708 716 1773; x_wconf 81' lang='lat' dir='ltr'><strong>Quae</strong></span> <span class='ocrx_word' id='word_1_120' title='bbox 743 1718 842 1773; x_wconf 90' lang='lat' dir='ltr'><strong>per</strong></span> <span class='ocrx_word' id='word_1_121' title='bbox 867 1702 929 1756; x_wconf 90' lang='grc' dir='ltr'><strong>Β.</strong></span> <span class='ocrx_word' id='word_1_122' title='bbox 955 1701 1308 1758; x_wconf 64' lang='lat' dir='ltr'><strong>Caelestinum</strong></span> <span class='ocrx_word' id='word_1_123' title='bbox 1335 1700 1587 1753; x_wconf 87' lang='lat' dir='ltr'><strong>universo</strong></span> <span class='ocrx_word' id='word_1_124' title='bbox 1615 1713 1763 1752; x_wconf 90' lang='lat' dir='ltr'><strong>mun-</strong></span> 
     </span>
    </p>
   </div>
   <div class='ocr_carea' id='block_1_18' title="bbox 167 1791 1759 1872">
    <p class='ocr_par' dir='ltr' id='par_1_18' title="bbox 167 1791 1759 1872">
     <span class='ocr_line' id='line_1_18' title="bbox 167 1791 1759 1872; baseline -0.009 -13"><span class='ocrx_word' id='word_1_125' title='bbox 167 1805 242 1859; x_wconf 87' lang='lat' dir='ltr'><strong>do</strong></span> <span class='ocrx_word' id='word_1_126' title='bbox 284 1801 577 1872; x_wconf 90' lang='lat' dir='ltr'><strong>apostolice</strong></span> <span class='ocrx_word' id='word_1_127' title='bbox 616 1799 827 1853; x_wconf 85' lang='lat' dir='ltr'><strong>intonat</strong></span> <span class='ocrx_word' id='word_1_128' title='bbox 857 1813 873 1850; x_wconf 91' lang='lat'><strong>:</strong></span> <span class='ocrx_word' id='word_1_129' title='bbox 909 1813 928 1846; x_wconf 72' lang='grc' dir='ltr'><strong>ε</strong></span> <span class='ocrx_word' id='word_1_130' title='bbox 957 1794 1406 1850; x_wconf 86' lang='lat' dir='ltr'><strong>Obsecrationutn</strong></span> <span class='ocrx_word' id='word_1_131' title='bbox 1431 1833 1446 1858; x_wconf 85' lang='lat'><strong>,</strong></span> <span class='ocrx_word' id='word_1_132' title='bbox 1487 1791 1759 1860; x_wconf 79' lang='lat' dir='ltr'><strong>inquiens,</strong></span> 
     </span>
    </p>
   </div>
   <div class='ocr_carea' id='block_1_19' title="bbox 1864 590 3454 661">
    <p class='ocr_par' dir='ltr' id='par_1_19' title="bbox 1864 590 3454 661">
     <span class='ocr_line' id='line_1_19' title="bbox 1864 590 3454 661; baseline -0.001 -13"><span class='ocrx_word' id='word_1_133' title='bbox 1864 592 2128 648; x_wconf 87' lang='lat' dir='ltr'><strong>Similiter</strong></span> <span class='ocrx_word' id='word_1_134' title='bbox 2150 603 2206 648; x_wconf 92' lang='lat' dir='ltr'><strong>et</strong></span> <span class='ocrx_word' id='word_1_135' title='bbox 2234 594 2301 648; x_wconf 90' lang='lat' dir='ltr'><strong>de</strong></span> <span class='ocrx_word' id='word_1_136' title='bbox 2327 594 2410 647; x_wconf 90' lang='lat' dir='ltr'><strong>his</strong></span> <span class='ocrx_word' id='word_1_137' title='bbox 2434 592 2526 661; x_wconf 86' lang='lat' dir='ltr'><strong>qui</strong></span> <span class='ocrx_word' id='word_1_138' title='bbox 2556 591 2801 645; x_wconf 80' lang='lat' dir='ltr'><strong>ultimam</strong></span> <span class='ocrx_word' id='word_1_139' title='bbox 2831 590 3232 658; x_wconf 62' lang='lat' dir='ltr'><strong>paenitentiam,</strong></span> <span class='ocrx_word' id='word_1_140' title='bbox 3256 599 3313 645; x_wconf 88' lang='lat' dir='ltr'><strong>et</strong></span> <span class='ocrx_word' id='word_1_141' title='bbox 3337 591 3454 646; x_wconf 87' lang='lat' dir='ltr'><strong>via-</strong></span> 
     </span>
    </p>
   </div>
   <div class='ocr_carea' id='block_1_20' title="bbox 1866 676 3454 753">
    <p class='ocr_par' dir='ltr' id='par_1_20' title="bbox 1866 676 3454 753">
     <span class='ocr_line' id='line_1_20' title="bbox 1866 676 3454 753; baseline 0.002 -16"><span class='ocrx_word' id='word_1_142' title='bbox 1866 684 1957 738; x_wconf 88' lang='lat' dir='ltr'><strong>tici</strong></span> <span class='ocrx_word' id='word_1_143' title='bbox 2000 685 2241 738; x_wconf 88' lang='lat' dir='ltr'><strong>muneris</strong></span> <span class='ocrx_word' id='word_1_144' title='bbox 2265 676 2701 738; x_wconf 79' lang='lat' dir='ltr'><strong>communionem</strong></span> <span class='ocrx_word' id='word_1_145' title='bbox 2730 683 3026 752; x_wconf 86' lang='lat' dir='ltr'><strong>petierunt,</strong></span> <span class='ocrx_word' id='word_1_146' title='bbox 3058 692 3114 737; x_wconf 90' lang='lat' dir='ltr'><strong>et</strong></span> <span class='ocrx_word' id='word_1_147' title='bbox 3158 684 3454 753; x_wconf 87' lang='lat' dir='ltr'><strong>impetrare</strong></span> 
     </span>
    </p>
   </div>
   <div class='ocr_carea' id='block_1_21' title="bbox 1863 774 3450 844">
    <p class='ocr_par' dir='ltr' id='par_1_21' title="bbox 1863 774 3450 844">
     <span class='ocr_line' id='line_1_21' title="bbox 1863 774 3450 844; baseline 0 -17"><span class='ocrx_word' id='word_1_148' title='bbox 1863 787 1962 843; x_wconf 92' lang='lat' dir='ltr'><strong>pro</strong></span> <span class='ocrx_word' id='word_1_149' title='bbox 1999 789 2094 829; x_wconf 88' lang='lat' dir='ltr'><strong>sua</strong></span> <span class='ocrx_word' id='word_1_150' title='bbox 2150 774 2533 829; x_wconf 89' lang='lat' dir='ltr'><strong>interdictione</strong></span> <span class='ocrx_word' id='word_1_151' title='bbox 2581 790 2686 827; x_wconf 90' lang='lat' dir='ltr'><strong>non</strong></span> <span class='ocrx_word' id='word_1_152' title='bbox 2719 783 3042 841; x_wconf 86' lang='lat' dir='ltr'><strong>potuerunt,</strong></span> <span class='ocrx_word' id='word_1_153' title='bbox 3085 776 3262 843; x_wconf 84' lang='lat' dir='ltr'><strong>gratia</strong></span> <span class='ocrx_word' id='word_1_154' title='bbox 3308 775 3450 844; x_wconf 83' lang='lat' dir='ltr'><strong>ejus,</strong></span> 
     </span>
    </p>
   </div>
   <div class='ocr_carea' id='block_1_22' title="bbox 1863 861 3453 920">
    <p class='ocr_par' dir='ltr' id='par_1_22' title="bbox 1863 861 3453 920">
     <span class='ocr_line' id='line_1_22' title="bbox 1863 861 3453 920; baseline 0 0"><span class='ocrx_word' id='word_1_155' title='bbox 1863 866 1950 920; x_wconf 88' lang='lat' dir='ltr'><strong>cui</strong></span> <span class='ocrx_word' id='word_1_156' title='bbox 1979 866 2047 920; x_wconf 81' lang='lat' dir='ltr'><strong>ab</strong></span> <span class='ocrx_word' id='word_1_157' title='bbox 2068 865 2215 919; x_wconf 90' lang='lat' dir='ltr'><strong>omni</strong></span> <span class='ocrx_word' id='word_1_158' title='bbox 2248 864 2388 919; x_wconf 82' lang='lat' dir='ltr'><strong>fideli</strong></span> <span class='ocrx_word' id='word_1_159' title='bbox 2415 866 2615 920; x_wconf 87' lang='lat' dir='ltr'><strong>dicitur</strong></span> <span class='ocrx_word' id='word_1_160' title='bbox 2640 883 2653 917; x_wconf 88' lang='lat'>:</span> <span class='ocrx_word' id='word_1_161' title='bbox 2681 861 2916 918; x_wconf 78' lang='lat' dir='ltr'><strong>Gemitus</strong></span> <span class='ocrx_word' id='word_1_162' title='bbox 2941 882 3083 918; x_wconf 78' lang='lat' dir='ltr'><strong>meus</strong></span> <span class='ocrx_word' id='word_1_163' title='bbox 3112 880 3143 916; x_wconf 88' lang='lat' dir='ltr'><strong>a</strong></span> <span class='ocrx_word' id='word_1_164' title='bbox 3172 876 3221 917; x_wconf 82' lang='lat' dir='ltr'><strong>te</strong></span> <span class='ocrx_word' id='word_1_165' title='bbox 3248 882 3351 919; x_wconf 86' lang='lat' dir='ltr'><strong>non</strong></span> <span class='ocrx_word' id='word_1_166' title='bbox 3378 878 3453 920; x_wconf 77' lang='lat' dir='ltr'><strong>est</strong></span> 
     </span>
    </p>
   </div>
   <div class='ocr_carea' id='block_1_23' title="bbox 1864 955 3454 1027">
    <p class='ocr_par' dir='ltr' id='par_1_23' title="bbox 1864 955 3454 1027">
     <span class='ocr_line' id='line_1_23' title="bbox 1864 955 3454 1027; baseline 0.001 -16"><span class='ocrx_word' id='word_1_167' title='bbox 1864 957 2200 1011; x_wconf 69' lang='lat' dir='ltr'><strong>absconditus</strong></span> <span class='ocrx_word' id='word_1_168' title='bbox 2227 955 2399 1024; x_wconf 78' lang='lat' dir='ltr'><strong>(Psal.</strong></span> <span class='ocrx_word' id='word_1_169' title='bbox 2430 958 2638 1027; x_wconf 77' lang='lat' dir='ltr'><strong>xxxvii)</strong></span> <span class='ocrx_word' id='word_1_170' title='bbox 2670 976 2683 1011; x_wconf 90' lang='lat'>:</span> <span class='ocrx_word' id='word_1_171' title='bbox 2715 968 2771 1011; x_wconf 91' lang='lat' dir='ltr'><strong>et</strong></span> <span class='ocrx_word' id='word_1_172' title='bbox 2795 957 2992 1026; x_wconf 87' lang='lat' dir='ltr'><strong>quilms</strong></span> <span class='ocrx_word' id='word_1_173' title='bbox 3017 958 3242 1027; x_wconf 78' lang='lat' dir='ltr'><strong>singulis</strong></span> <span class='ocrx_word' id='word_1_174' title='bbox 3274 958 3454 1012; x_wconf 84' lang='lat' dir='ltr'><strong>Dmni-</strong></span> 
     </span>
    </p>
   </div>
   <div class='ocr_carea' id='block_1_24' title="bbox 1864 1049 3451 1120">
    <p class='ocr_par' dir='ltr' id='par_1_24' title="bbox 1864 1049 3451 1120">
     <span class='ocr_line' id='line_1_24' title="bbox 1864 1049 3451 1120; baseline -0.001 -15"><span class='ocrx_word' id='word_1_175' title='bbox 1864 1067 1967 1105; x_wconf 89' lang='lat' dir='ltr'><strong>nus</strong></span> <span class='ocrx_word' id='word_1_176' title='bbox 1993 1049 2125 1105; x_wconf 87' lang='lat' dir='ltr'><strong>dicit</strong></span> <span class='ocrx_word' id='word_1_177' title='bbox 2154 1066 2167 1103; x_wconf 89' lang='lat'><strong>:</strong></span> <span class='ocrx_word' id='word_1_178' title='bbox 2199 1050 2317 1103; x_wconf 80' lang='lat' dir='ltr'><strong>Mox</strong></span> <span class='ocrx_word' id='word_1_179' title='bbox 2351 1058 2408 1104; x_wconf 89' lang='lat' dir='ltr'><strong>ut</strong></span> <span class='ocrx_word' id='word_1_180' title='bbox 2443 1050 2772 1120; x_wconf 90' lang='lat' dir='ltr'><strong>ingemueris</strong></span> <span class='ocrx_word' id='word_1_181' title='bbox 2792 1091 2806 1111; x_wconf 94' lang='lat'><strong>,</strong></span> <span class='ocrx_word' id='word_1_182' title='bbox 2837 1050 3019 1103; x_wconf 73' lang='lat' dir='ltr'><strong>salvus</strong></span> <span class='ocrx_word' id='word_1_183' title='bbox 3044 1050 3185 1111; x_wconf 88' lang='lat' dir='ltr'><strong>eris,</strong></span> <span class='ocrx_word' id='word_1_184' title='bbox 3211 1051 3277 1102; x_wconf 88' lang='lat' dir='ltr'><strong>ad</strong></span> <span class='ocrx_word' id='word_1_185' title='bbox 3305 1050 3451 1103; x_wconf 86' lang='lat' dir='ltr'><strong>salu-</strong></span> 
     </span>
    </p>
   </div>
   <div class='ocr_carea' id='block_1_25' title="bbox 1867 1140 3453 1211">
    <p class='ocr_par' dir='ltr' id='par_1_25' title="bbox 1867 1140 3453 1211">
     <span class='ocr_line' id='line_1_25' title="bbox 1867 1140 3453 1211; baseline 0.001 -16"><span class='ocrx_word' id='word_1_186' title='bbox 1867 1150 1973 1195; x_wconf 90' lang='lat' dir='ltr'><strong>tem</strong></span> <span class='ocrx_word' id='word_1_187' title='bbox 2003 1141 2259 1211; x_wconf 83' lang='lat' dir='ltr'><strong>prodesse</strong></span> <span class='ocrx_word' id='word_1_188' title='bbox 2283 1140 2530 1195; x_wconf 88' lang='lat' dir='ltr'><strong>valuerit.</strong></span> <span class='ocrx_word' id='word_1_189' title='bbox 2577 1140 2695 1210; x_wconf 90' lang='lat' dir='ltr'><strong>Ipse</strong></span> <span class='ocrx_word' id='word_1_190' title='bbox 2737 1150 2914 1196; x_wconf 86' lang='lat' dir='ltr'><strong>tamen</strong></span> <span class='ocrx_word' id='word_1_191' title='bbox 2943 1141 3009 1195; x_wconf 90' lang='lat' dir='ltr'><strong>de</strong></span> <span class='ocrx_word' id='word_1_192' title='bbox 3050 1156 3235 1195; x_wconf 87' lang='lat' dir='ltr'><strong>eorum</strong></span> <span class='ocrx_word' id='word_1_193' title='bbox 3276 1144 3453 1211; x_wconf 86' lang='lat' dir='ltr'><strong>perdi-</strong></span> 
     </span>
    </p>
   </div>
   <div class='ocr_carea' id='block_1_26' title="bbox 1867 1232 3450 1301">
    <p class='ocr_par' dir='ltr' id='par_1_26' title="bbox 1867 1232 3450 1301">
     <span class='ocr_line' id='line_1_26' title="bbox 1867 1232 3450 1301; baseline 0 -14"><span class='ocrx_word' id='word_1_194' title='bbox 1867 1232 2012 1287; x_wconf 89' lang='lat' dir='ltr'><strong>tione</strong></span> <span class='ocrx_word' id='word_1_195' title='bbox 2038 1248 2263 1287; x_wconf 88' lang='lat' dir='ltr'><strong>securus</strong></span> <span class='ocrx_word' id='word_1_196' title='bbox 2288 1247 2411 1287; x_wconf 86' lang='lat' dir='ltr'><strong>esse</strong></span> <span class='ocrx_word' id='word_1_197' title='bbox 2454 1247 2557 1286; x_wconf 91' lang='lat' dir='ltr'><strong>non</strong></span> <span class='ocrx_word' id='word_1_198' title='bbox 2588 1242 2796 1301; x_wconf 88' lang='lat' dir='ltr'><strong>potest,</strong></span> <span class='ocrx_word' id='word_1_199' title='bbox 2829 1234 2872 1285; x_wconf 80' lang='lat' dir='ltr'><strong>si</strong></span> <span class='ocrx_word' id='word_1_200' title='bbox 2909 1233 3074 1300; x_wconf 86' lang='lat' dir='ltr'><strong>aliqui</strong></span> <span class='ocrx_word' id='word_1_201' title='bbox 3105 1234 3221 1287; x_wconf 83' lang='lat' dir='ltr'><strong>sine</strong></span> <span class='ocrx_word' id='word_1_202' title='bbox 3247 1235 3450 1288; x_wconf 85' lang='lat' dir='ltr'><strong>eisdem</strong></span> 
     </span>
    </p>
   </div>
   <div class='ocr_carea' id='block_1_27' title="bbox 1865 1326 3449 1395">
    <p class='ocr_par' dir='ltr' id='par_1_27' title="bbox 1865 1326 3449 1395">
     <span class='ocr_line' id='line_1_27' title="bbox 1865 1326 3449 1395; baseline 0.001 -16"><span class='ocrx_word' id='word_1_203' title='bbox 1865 1327 2221 1380; x_wconf 84' lang='lat' dir='ltr'><strong>sacramentis</strong></span> <span class='ocrx_word' id='word_1_204' title='bbox 2252 1340 2349 1394; x_wconf 90' lang='lat' dir='ltr'><strong>per</strong></span> <span class='ocrx_word' id='word_1_205' title='bbox 2373 1340 2525 1378; x_wconf 90' lang='lat' dir='ltr'><strong>suam</strong></span> <span class='ocrx_word' id='word_1_206' title='bbox 2571 1326 2873 1395; x_wconf 86' lang='lat' dir='ltr'><strong>jussionem</strong></span> <span class='ocrx_word' id='word_1_207' title='bbox 2920 1326 3202 1390; x_wconf 88' lang='lat' dir='ltr'><strong>abierunt,</strong></span> <span class='ocrx_word' id='word_1_208' title='bbox 3241 1336 3301 1379; x_wconf 90' lang='lat' dir='ltr'><strong>ut</strong></span> <span class='ocrx_word' id='word_1_209' title='bbox 3347 1343 3449 1380; x_wconf 89' lang='lat' dir='ltr'><strong>nnn</strong></span> 
     </span>
    </p>
   </div>
   <div class='ocr_carea' id='block_1_28' title="bbox 1865 1415 2993 1486">
    <p class='ocr_par' dir='ltr' id='par_1_28' title="bbox 1865 1415 2993 1486">
     <span class='ocr_line' id='line_1_28' title="bbox 1865 1415 2993 1486; baseline 0.001 -15"><span class='ocrx_word' id='word_1_210' title='bbox 1865 1415 2114 1471; x_wconf 90' lang='lat' dir='ltr'><strong>districte</strong></span> <span class='ocrx_word' id='word_1_211' title='bbox 2146 1418 2269 1471; x_wconf 91' lang='lat' dir='ltr'><strong>inde</strong></span> <span class='ocrx_word' id='word_1_212' title='bbox 2298 1415 2594 1486; x_wconf 83' lang='lat' dir='ltr'><strong>judicetur.</strong></span> <span class='ocrx_word' id='word_1_213' title='bbox 2986 1462 2993 1472; x_wconf 88' lang='lat'><strong>.</strong></span> 
     </span>
    </p>
   </div>
   <div class='ocr_carea' id='block_1_29' title="bbox 1914 1508 3455 1573">
    <p class='ocr_par' dir='ltr' id='par_1_29' title="bbox 1914 1508 3455 1573">
     <span class='ocr_line' id='line_1_29' title="bbox 1914 1508 3455 1573; baseline 0.002 -11"><span class='ocrx_word' id='word_1_214' title='bbox 1914 1508 2003 1562; x_wconf 32' lang='lat' dir='ltr'><strong>[Et</strong></span> <span class='ocrx_word' id='word_1_215' title='bbox 2052 1508 2098 1562; x_wconf 90' lang='lat' dir='ltr'><strong>si</strong></span> <span class='ocrx_word' id='word_1_216' title='bbox 2126 1508 2241 1563; x_wconf 92' lang='lat' dir='ltr'><strong>vult</strong></span> <span class='ocrx_word' id='word_1_217' title='bbox 2271 1509 2453 1563; x_wconf 87' lang='lat' dir='ltr'><strong>dicere</strong></span> <span class='ocrx_word' id='word_1_218' title='bbox 2482 1508 2547 1562; x_wconf 90' lang='lat' dir='ltr'><strong>de</strong></span> <span class='ocrx_word' id='word_1_219' title='bbox 2576 1509 3139 1563; x_wconf 74' lang='lat' dir='ltr'><strong>excommunicatioxze</strong></span> <span class='ocrx_word' id='word_1_220' title='bbox 3169 1508 3455 1573; x_wconf 78' lang='lat' dir='ltr'><strong>qutman-</strong></span> 
     </span>
    </p>
   </div>
   <div class='ocr_carea' id='block_1_30' title="bbox 1864 1600 3454 1675">
    <p class='ocr_par' dir='ltr' id='par_1_30' title="bbox 1864 1600 3454 1675">
     <span class='ocr_line' id='line_1_30' title="bbox 1864 1600 3454 1675; baseline 0.004 -21"><span class='ocrx_word' id='word_1_221' title='bbox 1864 1600 1951 1662; x_wconf 87' lang='lat' dir='ltr'><strong>ni,</strong></span> <span class='ocrx_word' id='word_1_222' title='bbox 1982 1616 2147 1670; x_wconf 89' lang='lat' dir='ltr'><strong>quam</strong></span> <span class='ocrx_word' id='word_1_223' title='bbox 2191 1602 2526 1656; x_wconf 85' lang='lat' dir='ltr'><strong>mendaciter</strong></span> <span class='ocrx_word' id='word_1_224' title='bbox 2553 1616 2648 1671; x_wconf 87' lang='lat' dir='ltr'><strong>per</strong></span> <span class='ocrx_word' id='word_1_225' title='bbox 2681 1602 3082 1671; x_wconf 77' lang='lat' dir='ltr'><strong>subreptionem</strong></span> <span class='ocrx_word' id='word_1_226' title='bbox 3111 1621 3138 1656; x_wconf 85' lang='lat' dir='ltr'><strong>a</strong></span> <span class='ocrx_word' id='word_1_227' title='bbox 3175 1607 3300 1657; x_wconf 81' lang='lat' dir='ltr'><strong>sede</strong></span> <span class='ocrx_word' id='word_1_228' title='bbox 3322 1621 3454 1675; x_wconf 85' lang='lat' dir='ltr'><strong>apo-</strong></span> 
     </span>
    </p>
   </div>
   <div class='ocr_carea' id='block_1_31' title="bbox 1865 1691 3455 1762">
    <p class='ocr_par' dir='ltr' id='par_1_31' title="bbox 1865 1691 3455 1762">
     <span class='ocr_line' id='line_1_31' title="bbox 1865 1691 3455 1762; baseline 0.003 -17"><span class='ocrx_word' id='word_1_229' title='bbox 1865 1691 2052 1746; x_wconf 88' lang='lat' dir='ltr'><strong>stolica</strong></span> <span class='ocrx_word' id='word_1_230' title='bbox 2093 1691 2306 1756; x_wconf 89' lang='lat' dir='ltr'><strong>elicuit,</strong></span> <span class='ocrx_word' id='word_1_231' title='bbox 2338 1707 2631 1762; x_wconf 80' lang='lat' dir='ltr'><strong>suggerens</strong></span> <span class='ocrx_word' id='word_1_232' title='bbox 2672 1692 3062 1748; x_wconf 77' lang='lat' dir='ltr'><strong>Nortmannum</strong></span> <span class='ocrx_word' id='word_1_233' title='bbox 3105 1712 3192 1750; x_wconf 87' lang='lat' dir='ltr'><strong>res</strong></span> <span class='ocrx_word' id='word_1_234' title='bbox 3217 1712 3326 1750; x_wconf 67' lang='lat' dir='ltr'><strong>suae</strong></span> <span class='ocrx_word' id='word_1_235' title='bbox 3366 1713 3455 1750; x_wconf 86' lang='lat' dir='ltr'><strong>cc-</strong></span> 
     </span>
    </p>
   </div>
   <div class='ocr_carea' id='block_1_32' title="bbox 1866 1785 3456 1859">
    <p class='ocr_par' dir='ltr' id='par_1_32' title="bbox 1866 1785 3456 1859">
     <span class='ocr_line' id='line_1_32' title="bbox 1866 1785 3456 1859; baseline 0.003 -20"><span class='ocrx_word' id='word_1_236' title='bbox 1866 1785 2045 1840; x_wconf 70' lang='lat' dir='ltr'><strong>clesite</strong></span> <span class='ocrx_word' id='word_1_237' title='bbox 2073 1786 2340 1841; x_wconf 87' lang='lat' dir='ltr'><strong>invasisse</strong></span> <span class='ocrx_word' id='word_1_238' title='bbox 2360 1827 2375 1852; x_wconf 86' lang='lat'><strong>,</strong></span> <span class='ocrx_word' id='word_1_239' title='bbox 2401 1803 2538 1857; x_wconf 87' lang='lat' dir='ltr'><strong>quas</strong></span> <span class='ocrx_word' id='word_1_240' title='bbox 2562 1786 2677 1856; x_wconf 88' lang='lat' dir='ltr'><strong>ipse</strong></span> <span class='ocrx_word' id='word_1_241' title='bbox 2712 1796 2807 1841; x_wconf 91' lang='lat' dir='ltr'><strong>aut</strong></span> <span class='ocrx_word' id='word_1_242' title='bbox 2830 1787 2970 1859; x_wconf 83' lang='lat' dir='ltr'><strong>regi,</strong></span> <span class='ocrx_word' id='word_1_243' title='bbox 2997 1799 3089 1843; x_wconf 87' lang='lat' dir='ltr'><strong>aut</strong></span> <span class='ocrx_word' id='word_1_244' title='bbox 3118 1789 3456 1857; x_wconf 60' lang='lat' dir='ltr'><strong>hortulaan</strong></span> 
     </span>
    </p>
   </div>
   <div class='ocr_carea' id='block_1_33' title="bbox 167 1854 3456 1955">
    <p class='ocr_par' dir='ltr' id='par_1_33' title="bbox 167 1854 3456 1955">
     <span class='ocr_line' id='line_1_33' title="bbox 167 1854 3456 1955; baseline -0.004 -5"><span class='ocrx_word' id='word_1_245' title='bbox 167 1854 592 1950; x_wconf 40' lang='lat' dir='ltr'><strong>sacer-tdotalium</strong></span> <span class='ocrx_word' id='word_1_246' title='bbox 621 1894 962 1945; x_wconf 86' lang='lat' dir='ltr'><strong>sacramenta</strong></span> <span class='ocrx_word' id='word_1_247' title='bbox 989 1885 1363 1955; x_wconf 86' lang='lat' dir='ltr'><strong>respiciamus,</strong></span> <span class='ocrx_word' id='word_1_248' title='bbox 1388 1898 1510 1952; x_wconf 69' lang='lat' dir='ltr'><strong>quae</strong></span> <span class='ocrx_word' id='word_1_249' title='bbox 1536 1882 1605 1936; x_wconf 87' lang='lat' dir='ltr'><strong>ab</strong></span> <span class='ocrx_word' id='word_1_250' title='bbox 1628 1895 1761 1951; x_wconf 91' lang='lat' dir='ltr'><strong>apo-</strong></span> <span class='ocrx_word' id='word_1_251' title='bbox 1793 1854 1840 1916; x_wconf 73' lang='grc' dir='ltr'><strong>Β</strong></span> <span class='ocrx_word' id='word_1_252' title='bbox 1867 1877 2269 1932; x_wconf 81' lang='lat' dir='ltr'><strong>beneﬁciandas</strong></span> <span class='ocrx_word' id='word_1_253' title='bbox 2304 1874 2602 1941; x_wconf 78' lang='lat' dir='ltr'><strong>concessit,</strong></span> <span class='ocrx_word' id='word_1_254' title='bbox 2633 1888 2726 1933; x_wconf 90' lang='lat' dir='ltr'><strong>aut</strong></span> <span class='ocrx_word' id='word_1_255' title='bbox 2757 1878 2868 1933; x_wconf 84' lang='lat' dir='ltr'><strong>ﬁlio</strong></span> <span class='ocrx_word' id='word_1_256' title='bbox 2900 1879 3216 1936; x_wconf 84' lang='lat' dir='ltr'><strong>Nortmanni</strong></span> <span class='ocrx_word' id='word_1_257' title='bbox 3249 1881 3456 1936; x_wconf 83' lang='lat' dir='ltr'><strong>beneli-</strong></span> 
     </span>
    </p>
   </div>
   <div class='ocr_carea' id='block_1_34' title="bbox 167 1971 1766 2051">
    <p class='ocr_par' dir='ltr' id='par_1_34' title="bbox 167 1971 1766 2051">
     <span class='ocr_line' id='line_1_34' title="bbox 167 1971 1766 2051; baseline -0.011 -10"><span class='ocrx_word' id='word_1_258' title='bbox 167 1987 331 2042; x_wconf 80' lang='lat' dir='ltr'><strong>stolis</strong></span> <span class='ocrx_word' id='word_1_259' title='bbox 363 1984 595 2046; x_wconf 90' lang='lat' dir='ltr'><strong>tradita,</strong></span> <span class='ocrx_word' id='word_1_260' title='bbox 624 1990 680 2035; x_wconf 91' lang='lat' dir='ltr'><strong>et</strong></span> <span class='ocrx_word' id='word_1_261' title='bbox 713 1980 768 2034; x_wconf 92' lang='lat' dir='ltr'><strong>in</strong></span> <span class='ocrx_word' id='word_1_262' title='bbox 801 1987 915 2051; x_wconf 83' lang='lat' dir='ltr'><strong>toto</strong></span> <span class='ocrx_word' id='word_1_263' title='bbox 954 1976 1192 2040; x_wconf 89' lang='lat' dir='ltr'><strong>mundo,</strong></span> <span class='ocrx_word' id='word_1_264' title='bbox 1225 1983 1389 2044; x_wconf 88' lang='lat' dir='ltr'><strong>atque</strong></span> <span class='ocrx_word' id='word_1_265' title='bbox 1417 1974 1470 2027; x_wconf 91' lang='lat' dir='ltr'><strong>in</strong></span> <span class='ocrx_word' id='word_1_266' title='bbox 1500 1971 1647 2027; x_wconf 91' lang='lat' dir='ltr'><strong>omni</strong></span> <span class='ocrx_word' id='word_1_267' title='bbox 1673 1986 1766 2025; x_wconf 91' lang='lat' dir='ltr'><strong>ca-</strong></span> 
     </span>
    </p>
   </div>
   <div class='ocr_carea' id='block_1_35' title="bbox 168 2063 1765 2133">
    <p class='ocr_par' dir='ltr' id='par_1_35' title="bbox 168 2063 1765 2133">
     <span class='ocr_line' id='line_1_35' title="bbox 168 2063 1765 2133; baseline -0.01 -2"><span class='ocrx_word' id='word_1_268' title='bbox 168 2075 375 2132; x_wconf 82' lang='lat' dir='ltr'><strong>tholica</strong></span> <span class='ocrx_word' id='word_1_269' title='bbox 417 2071 657 2128; x_wconf 86' lang='lat' dir='ltr'><strong>Ecclesia</strong></span> <span class='ocrx_word' id='word_1_270' title='bbox 702 2068 1048 2124; x_wconf 83' lang='lat' dir='ltr'><strong>nuil’ormiter</strong></span> <span class='ocrx_word' id='word_1_271' title='bbox 1077 2065 1422 2121; x_wconf 85' lang='lat' dir='ltr'><strong>celebrantur</strong></span> <span class='ocrx_word' id='word_1_272' title='bbox 1457 2082 1471 2117; x_wconf 92' lang='lat'><strong>:</strong></span> <span class='ocrx_word' id='word_1_273' title='bbox 1502 2072 1563 2117; x_wconf 92' lang='lat' dir='ltr'><strong>ut</strong></span> <span class='ocrx_word' id='word_1_274' title='bbox 1590 2063 1765 2133; x_wconf 80' lang='lat' dir='ltr'><strong>legem</strong></span> 
     </span>
    </p>
   </div>
   <div class='ocr_carea' id='block_1_36' title="bbox 167 2156 1766 2230">
    <p class='ocr_par' dir='ltr' id='par_1_36' title="bbox 167 2156 1766 2230">
     <span class='ocr_line' id='line_1_36' title="bbox 167 2156 1766 2230; baseline -0.009 -8"><span class='ocrx_word' id='word_1_275' title='bbox 167 2165 464 2229; x_wconf 84' lang='lat' dir='ltr'><strong>credendi,</strong></span> <span class='ocrx_word' id='word_1_276' title='bbox 497 2162 582 2218; x_wconf 82' lang='lat' dir='ltr'><strong>lex</strong></span> <span class='ocrx_word' id='word_1_277' title='bbox 609 2169 810 2217; x_wconf 85' lang='lat' dir='ltr'><strong>statuat</strong></span> <span class='ocrx_word' id='word_1_278' title='bbox 835 2158 1193 2230; x_wconf 87' lang='lat' dir='ltr'><strong>supplicandi.</strong></span> <span class='ocrx_word' id='word_1_279' title='bbox 1221 2156 1355 2211; x_wconf 91' lang='lat' dir='ltr'><strong>Cum</strong></span> <span class='ocrx_word' id='word_1_280' title='bbox 1378 2157 1520 2210; x_wconf 89' lang='lat' dir='ltr'><strong>enim</strong></span> <span class='ocrx_word' id='word_1_281' title='bbox 1551 2165 1766 2209; x_wconf 87' lang='lat' dir='ltr'><strong>sancta-</strong></span> 
     </span>
    </p>
   </div>
   <div class='ocr_carea' id='block_1_37' title="bbox 170 2249 1767 2326">
    <p class='ocr_par' dir='ltr' id='par_1_37' title="bbox 170 2249 1767 2326">
     <span class='ocr_line' id='line_1_37' title="bbox 170 2249 1767 2326; baseline -0.005 -13"><span class='ocrx_word' id='word_1_282' title='bbox 170 2273 300 2313; x_wconf 85' lang='lat' dir='ltr'><strong>rum</strong></span> <span class='ocrx_word' id='word_1_283' title='bbox 346 2255 583 2326; x_wconf 86' lang='lat' dir='ltr'><strong>plebium</strong></span> <span class='ocrx_word' id='word_1_284' title='bbox 631 2253 891 2324; x_wconf 68' lang='lat' dir='ltr'><strong>praesules</strong></span> <span class='ocrx_word' id='word_1_285' title='bbox 936 2252 1189 2307; x_wconf 88' lang='lat' dir='ltr'><strong>mandata</strong></span> <span class='ocrx_word' id='word_1_286' title='bbox 1235 2250 1453 2306; x_wconf 86' lang='lat' dir='ltr'><strong>sibimet</strong></span> <span class='ocrx_word' id='word_1_287' title='bbox 1497 2249 1767 2321; x_wconf 82' lang='lat' dir='ltr'><strong>legatione</strong></span> 
     </span>
    </p>
   </div>
   <div class='ocr_carea' id='block_1_38' title="bbox 167 2340 1764 2419">
    <p class='ocr_par' dir='ltr' id='par_1_38' title="bbox 167 2340 1764 2419">
     <span class='ocr_line' id='line_1_38' title="bbox 167 2340 1764 2419; baseline -0.006 -16"><span class='ocrx_word' id='word_1_288' title='bbox 167 2348 493 2419; x_wconf 79' lang='lat' dir='ltr'><strong>funguntur,</strong></span> <span class='ocrx_word' id='word_1_289' title='bbox 523 2345 664 2414; x_wconf 89' lang='lat' dir='ltr'><strong>apud</strong></span> <span class='ocrx_word' id='word_1_290' title='bbox 698 2344 936 2398; x_wconf 84' lang='lat' dir='ltr'><strong>divinam</strong></span> <span class='ocrx_word' id='word_1_291' title='bbox 963 2341 1307 2397; x_wconf 90' lang='lat' dir='ltr'><strong>clementiam</strong></span> <span class='ocrx_word' id='word_1_292' title='bbox 1335 2340 1556 2395; x_wconf 89' lang='lat' dir='ltr'><strong>humani</strong></span> <span class='ocrx_word' id='word_1_293' title='bbox 1591 2354 1764 2411; x_wconf 83' lang='lat' dir='ltr'><strong>gene-</strong></span> 
     </span>
    </p>
   </div>
   <div class='ocr_carea' id='block_1_39' title="bbox 170 2430 1768 2509">
    <p class='ocr_par' dir='ltr' id='par_1_39' title="bbox 170 2430 1768 2509">
     <span class='ocr_line' id='line_1_39' title="bbox 170 2430 1768 2509; baseline -0.006 -14"><span class='ocrx_word' id='word_1_294' title='bbox 170 2440 252 2495; x_wconf 82' lang='lat' dir='ltr'><strong>n&#39;s</strong></span> <span class='ocrx_word' id='word_1_295' title='bbox 283 2445 453 2509; x_wconf 86' lang='lat' dir='ltr'><strong>agunt</strong></span> <span class='ocrx_word' id='word_1_296' title='bbox 488 2450 738 2501; x_wconf 84' lang='lat' dir='ltr'><strong>causam;</strong></span> <span class='ocrx_word' id='word_1_297' title='bbox 782 2442 837 2488; x_wconf 90' lang='lat' dir='ltr'><strong>et</strong></span> <span class='ocrx_word' id='word_1_298' title='bbox 869 2442 981 2488; x_wconf 91' lang='lat' dir='ltr'><strong>tota</strong></span> <span class='ocrx_word' id='word_1_299' title='bbox 1015 2447 1197 2488; x_wconf 90' lang='lat' dir='ltr'><strong>secum</strong></span> <span class='ocrx_word' id='word_1_300' title='bbox 1227 2430 1467 2488; x_wconf 86' lang='lat' dir='ltr'><strong>Ecclesia</strong></span> <span class='ocrx_word' id='word_1_301' title='bbox 1493 2431 1768 2502; x_wconf 84' lang='lat' dir='ltr'><strong>congemi-</strong></span> 
     </span>
    </p>
   </div>
   <div class='ocr_carea' id='block_1_40' title="bbox 173 2521 1767 2597">
    <p class='ocr_par' dir='ltr' id='par_1_40' title="bbox 173 2521 1767 2597">
     <span class='ocr_line' id='line_1_40' title="bbox 173 2521 1767 2597; baseline -0.004 -14"><span class='ocrx_word' id='word_1_302' title='bbox 173 2538 367 2585; x_wconf 83' lang='lat' dir='ltr'><strong>scente</strong></span> <span class='ocrx_word' id='word_1_303' title='bbox 392 2525 667 2597; x_wconf 88' lang='lat' dir='ltr'><strong>postulant</strong></span> <span class='ocrx_word' id='word_1_304' title='bbox 690 2533 745 2580; x_wconf 90' lang='lat' dir='ltr'><strong>et</strong></span> <span class='ocrx_word' id='word_1_305' title='bbox 771 2532 1082 2595; x_wconf 84' lang='lat' dir='ltr'><strong>precantur,</strong></span> <span class='ocrx_word' id='word_1_306' title='bbox 1115 2531 1175 2577; x_wconf 90' lang='lat' dir='ltr'><strong>ut</strong></span> <span class='ocrx_word' id='word_1_307' title='bbox 1204 2521 1512 2577; x_wconf 80' lang='lat' dir='ltr'><strong>infidelibus</strong></span> <span class='ocrx_word' id='word_1_308' title='bbox 1538 2524 1767 2577; x_wconf 84' lang='lat' dir='ltr'><strong>donetur</strong></span> 
     </span>
    </p>
   </div>
   <div class='ocr_carea' id='block_1_41' title="bbox 173 2613 1768 2685">
    <p class='ocr_par' dir='ltr' id='par_1_41' title="bbox 173 2613 1768 2685">
     <span class='ocr_line' id='line_1_41' title="bbox 173 2613 1768 2685; baseline -0.003 -13"><span class='ocrx_word' id='word_1_309' title='bbox 173 2619 332 2672; x_wconf 70' lang='lat' dir='ltr'><strong>ﬁdes.</strong></span> <span class='ocrx_word' id='word_1_310' title='bbox 364 2635 385 2668; x_wconf 83' lang='grc' dir='ltr'><strong>ι</strong></span> <span class='ocrx_word' id='word_1_311' title='bbox 413 2616 480 2670; x_wconf 83' lang='lat' dir='ltr'><strong>Et</strong></span> <span class='ocrx_word' id='word_1_312' title='bbox 505 2616 583 2671; x_wconf 82' lang='lat' dir='ltr'><strong>sic</strong></span> <span class='ocrx_word' id='word_1_313' title='bbox 610 2629 710 2685; x_wconf 91' lang='lat' dir='ltr'><strong>pro</strong></span> <span class='ocrx_word' id='word_1_314' title='bbox 732 2615 987 2669; x_wconf 86' lang='lat' dir='ltr'><strong>omnibus</strong></span> <span class='ocrx_word' id='word_1_315' title='bbox 1008 2628 1240 2668; x_wconf 82' lang='lat' dir='ltr'><strong>exorare</strong></span> <span class='ocrx_word' id='word_1_316' title='bbox 1266 2613 1553 2668; x_wconf 89' lang='lat' dir='ltr'><strong>Dominum</strong></span> <span class='ocrx_word' id='word_1_317' title='bbox 1576 2614 1768 2667; x_wconf 88' lang='lat' dir='ltr'><strong>catho-</strong></span> 
     </span>
    </p>
   </div>
   <div class='ocr_carea' id='block_1_42' title="bbox 170 2704 1768 2769">
    <p class='ocr_par' dir='ltr' id='par_1_42' title="bbox 170 2704 1768 2769">
     <span class='ocr_line' id='line_1_42' title="bbox 170 2704 1768 2769; baseline -0.003 -7"><span class='ocrx_word' id='word_1_318' title='bbox 170 2707 337 2763; x_wconf 84' lang='lat' dir='ltr'><strong>licam</strong></span> <span class='ocrx_word' id='word_1_319' title='bbox 387 2704 684 2761; x_wconf 84' lang='lat' dir='ltr'><strong>Ecclesiam</strong></span> <span class='ocrx_word' id='word_1_320' title='bbox 723 2705 925 2759; x_wconf 89' lang='lat' dir='ltr'><strong>debere</strong></span> <span class='ocrx_word' id='word_1_321' title='bbox 968 2704 1310 2758; x_wconf 83' lang='lat' dir='ltr'><strong>demonstrat</strong></span> <span class='ocrx_word' id='word_1_322' title='bbox 1333 2743 1348 2769; x_wconf 95' lang='lat'><strong>,</strong></span> <span class='ocrx_word' id='word_1_323' title='bbox 1384 2712 1447 2757; x_wconf 91' lang='lat' dir='ltr'><strong>ut</strong></span> <span class='ocrx_word' id='word_1_324' title='bbox 1481 2712 1666 2758; x_wconf 89' lang='lat' dir='ltr'><strong>erutos</strong></span> <span class='ocrx_word' id='word_1_325' title='bbox 1699 2704 1768 2758; x_wconf 88' lang='lat' dir='ltr'><strong>de</strong></span> 
     </span>
    </p>
   </div>
   <div class='ocr_carea' id='block_1_43' title="bbox 168 2792 1769 2871">
    <p class='ocr_par' dir='ltr' id='par_1_43' title="bbox 168 2792 1769 2871">
     <span class='ocr_line' id='line_1_43' title="bbox 168 2792 1769 2871; baseline -0.003 -20"><span class='ocrx_word' id='word_1_326' title='bbox 168 2804 447 2866; x_wconf 84' lang='lat' dir='ltr'><strong>potestate</strong></span> <span class='ocrx_word' id='word_1_327' title='bbox 478 2795 824 2871; x_wconf 82' lang='lat' dir='ltr'><strong>tenebrarum</strong></span> <span class='ocrx_word' id='word_1_328' title='bbox 857 2792 1152 2847; x_wconf 87' lang='lat' dir='ltr'><strong>transferat</strong></span> <span class='ocrx_word' id='word_1_329' title='bbox 1181 2793 1234 2847; x_wconf 92' lang='lat' dir='ltr'><strong>in</strong></span> <span class='ocrx_word' id='word_1_330' title='bbox 1266 2808 1490 2862; x_wconf 78' lang='lat' dir='ltr'><strong>regnum</strong></span> <span class='ocrx_word' id='word_1_331' title='bbox 1523 2792 1615 2847; x_wconf 81' lang='lat' dir='ltr'><strong>filii</strong></span> <span class='ocrx_word' id='word_1_332' title='bbox 1639 2793 1769 2847; x_wconf 61' lang='lat' dir='ltr'><strong>chao</strong></span> 
     </span>
    </p>
   </div>
   <div class='ocr_carea' id='block_1_44' title="bbox 171 2884 1766 2957">
    <p class='ocr_par' dir='ltr' id='par_1_44' title="bbox 171 2884 1766 2957">
     <span class='ocr_line' id='line_1_44' title="bbox 171 2884 1766 2957; baseline -0.003 -12"><span class='ocrx_word' id='word_1_333' title='bbox 171 2890 355 2945; x_wconf 82' lang='lat' dir='ltr'><strong>ritatis</strong></span> <span class='ocrx_word' id='word_1_334' title='bbox 382 2903 494 2943; x_wconf 62' lang='lat' dir='ltr'><strong>sua</strong></span> <span class='ocrx_word' id='word_1_335' title='bbox 519 2884 657 2957; x_wconf 86' lang='lat' dir='ltr'><strong>(Col.</strong></span> <span class='ocrx_word' id='word_1_336' title='bbox 690 2886 731 2955; x_wconf 85' lang='grc' dir='ltr'>ι)</span> <span class='ocrx_word' id='word_1_337' title='bbox 765 2903 779 2939; x_wconf 87' lang='lat'><strong>:</strong></span> <span class='ocrx_word' id='word_1_338' title='bbox 811 2894 865 2940; x_wconf 86' lang='lat' dir='ltr'><strong>et</strong></span> <span class='ocrx_word' id='word_1_339' title='bbox 893 2900 959 2940; x_wconf 84' lang='lat' dir='ltr'><strong>ex</strong></span> <span class='ocrx_word' id='word_1_340' title='bbox 989 2886 1133 2940; x_wconf 88' lang='lat' dir='ltr'><strong>vasis</strong></span> <span class='ocrx_word' id='word_1_341' title='bbox 1165 2885 1277 2949; x_wconf 63' lang='lat' dir='ltr'><strong>irae,</strong></span> <span class='ocrx_word' id='word_1_342' title='bbox 1307 2885 1474 2941; x_wconf 83' lang='lat' dir='ltr'><strong>faciat</strong></span> <span class='ocrx_word' id='word_1_343' title='bbox 1500 2901 1629 2941; x_wconf 88' lang='lat' dir='ltr'><strong>vasa</strong></span> <span class='ocrx_word' id='word_1_344' title='bbox 1661 2886 1766 2940; x_wconf 89' lang='lat' dir='ltr'><strong>mi-</strong></span> 
     </span>
    </p>
   </div>
   <div class='ocr_carea' id='block_1_45' title="bbox 170 2976 1770 3048">
    <p class='ocr_par' dir='ltr' id='par_1_45' title="bbox 170 2976 1770 3048">
     <span class='ocr_line' id='line_1_45' title="bbox 170 2976 1770 3048; baseline -0.003 -14"><span class='ocrx_word' id='word_1_345' title='bbox 170 2978 489 3034; x_wconf 68' lang='lat' dir='ltr'><strong>sericordiae</strong></span> <span class='ocrx_word' id='word_1_346' title='bbox 514 2977 694 3048; x_wconf 82' lang='lat' dir='ltr'><strong>(Rom.</strong></span> <span class='ocrx_word' id='word_1_347' title='bbox 719 2977 800 3046; x_wconf 77' lang='grc' dir='ltr'>ιι)</span> <span class='ocrx_word' id='word_1_348' title='bbox 826 2995 840 3030; x_wconf 86' lang='lat'><strong>:</strong></span> <span class='ocrx_word' id='word_1_349' title='bbox 870 2977 960 3046; x_wconf 87' lang='lat' dir='ltr'><strong>qui</strong></span> <span class='ocrx_word' id='word_1_350' title='bbox 989 2992 1094 3030; x_wconf 88' lang='lat' dir='ltr'><strong>non</strong></span> <span class='ocrx_word' id='word_1_351' title='bbox 1120 2976 1238 3031; x_wconf 89' lang='lat' dir='ltr'><strong>vult</strong></span> <span class='ocrx_word' id='word_1_352' title='bbox 1262 2985 1491 3031; x_wconf 86' lang='lat' dir='ltr'><strong>mortem</strong></span> <span class='ocrx_word' id='word_1_353' title='bbox 1517 2985 1770 3046; x_wconf 60' lang='lat' dir='ltr'><strong>peccato.</strong></span> 
     </span>
    </p>
   </div>
   <div class='ocr_carea' id='block_1_46' title="bbox 171 3066 1769 3139">
    <p class='ocr_par' dir='ltr' id='par_1_46' title="bbox 171 3066 1769 3139">
     <span class='ocr_line' id='line_1_46' title="bbox 171 3066 1769 3139; baseline -0.002 -14"><span class='ocrx_word' id='word_1_354' title='bbox 171 3070 413 3136; x_wconf 77' lang='lat' dir='ltr'><strong>ris,-sed</strong></span> <span class='ocrx_word' id='word_1_355' title='bbox 439 3076 499 3123; x_wconf 87' lang='lat' dir='ltr'><strong>ut</strong></span> <span class='ocrx_word' id='word_1_356' title='bbox 533 3077 890 3124; x_wconf 88' lang='lat' dir='ltr'><strong>convertatur</strong></span> <span class='ocrx_word' id='word_1_357' title='bbox 927 3075 983 3122; x_wconf 91' lang='lat' dir='ltr'><strong>et</strong></span> <span class='ocrx_word' id='word_1_358' title='bbox 1009 3068 1154 3121; x_wconf 85' lang='lat' dir='ltr'><strong>vivat</strong></span> <span class='ocrx_word' id='word_1_359' title='bbox 1183 3066 1401 3139; x_wconf 77' lang='lat' dir='ltr'><strong>(Ezech.</strong></span> <span class='ocrx_word' id='word_1_360' title='bbox 1430 3069 1625 3138; x_wconf 76' lang='lat' dir='ltr'><strong>xxxni)</strong></span> <span class='ocrx_word' id='word_1_361' title='bbox 1658 3083 1673 3122; x_wconf 91' lang='lat'><strong>:</strong></span> <span class='ocrx_word' id='word_1_362' title='bbox 1713 3077 1769 3123; x_wconf 89' lang='lat' dir='ltr'><strong>ct</strong></span> 
     </span>
    </p>
   </div>
   <div class='ocr_carea' id='block_1_47' title="bbox 170 3155 1764 3229">
    <p class='ocr_par' dir='ltr' id='par_1_47' title="bbox 170 3155 1764 3229">
     <span class='ocr_line' id='line_1_47' title="bbox 170 3155 1764 3229; baseline -0.003 -15"><span class='ocrx_word' id='word_1_363' title='bbox 170 3161 266 3229; x_wconf 79' lang='lat' dir='ltr'><strong>qui</strong></span> <span class='ocrx_word' id='word_1_364' title='bbox 289 3158 409 3213; x_wconf 80' lang='lat' dir='ltr'><strong>vult</strong></span> <span class='ocrx_word' id='word_1_365' title='bbox 428 3172 618 3213; x_wconf 87' lang='lat' dir='ltr'><strong>omnes</strong></span> <span class='ocrx_word' id='word_1_366' title='bbox 637 3157 886 3211; x_wconf 86' lang='lat' dir='ltr'><strong>homines</strong></span> <span class='ocrx_word' id='word_1_367' title='bbox 915 3155 1097 3210; x_wconf 87' lang='lat' dir='ltr'><strong>salvos</strong></span> <span class='ocrx_word' id='word_1_368' title='bbox 1119 3155 1260 3220; x_wconf 81' lang='lat' dir='ltr'><strong>fieri,</strong></span> <span class='ocrx_word' id='word_1_369' title='bbox 1282 3155 1414 3209; x_wconf 88' lang='lat' dir='ltr'><strong>etin</strong></span> <span class='ocrx_word' id='word_1_370' title='bbox 1437 3156 1764 3226; x_wconf 77' lang='lat' dir='ltr'><strong>agnitionem</strong></span> 
     </span>
    </p>
   </div>
   <div class='ocr_carea' id='block_1_48' title="bbox 173 3244 1762 3328">
    <p class='ocr_par' dir='ltr' id='par_1_48' title="bbox 173 3244 1762 3328">
     <span class='ocr_line' id='line_1_48' title="bbox 173 3244 1762 3328; baseline -0.001 -26"><span class='ocrx_word' id='word_1_371' title='bbox 173 3249 423 3305; x_wconf 78' lang='lat' dir='ltr'><strong>veritatis</strong></span> <span class='ocrx_word' id='word_1_372' title='bbox 442 3249 661 3311; x_wconf 81' lang='lat' dir='ltr'><strong>venire;</strong></span> <span class='ocrx_word' id='word_1_373' title='bbox 694 3254 749 3301; x_wconf 90' lang='lat' dir='ltr'><strong>et</strong></span> <span class='ocrx_word' id='word_1_374' title='bbox 775 3247 1046 3328; x_wconf 71' lang='lat' dir='ltr'><strong>neminem</strong></span> <span class='ocrx_word' id='word_1_375' title='bbox 1067 3245 1182 3301; x_wconf 90' lang='lat' dir='ltr'><strong>vult</strong></span> <span class='ocrx_word' id='word_1_376' title='bbox 1202 3246 1380 3315; x_wconf 87' lang='lat' dir='ltr'><strong>perire</strong></span> <span class='ocrx_word' id='word_1_377' title='bbox 1402 3244 1486 3317; x_wconf 88' lang='grc'><strong>(11</strong></span> <span class='ocrx_word' id='word_1_378' title='bbox 1516 3245 1646 3299; x_wconf 85' lang='lat' dir='ltr'><strong>Tim.</strong></span> <span class='ocrx_word' id='word_1_379' title='bbox 1679 3247 1762 3318; x_wconf 89' lang='grc' dir='ltr'>ιι).</span> 
     </span>
    </p>
   </div>
   <div class='ocr_carea' id='block_1_49' title="bbox 174 3336 1767 3410">
    <p class='ocr_par' dir='ltr' id='par_1_49' title="bbox 174 3336 1767 3410">
     <span class='ocr_line' id='line_1_49' title="bbox 174 3336 1767 3410; baseline -0.004 -14"><span class='ocrx_word' id='word_1_380' title='bbox 174 3341 356 3404; x_wconf 78' lang='lat' dir='ltr'><strong>Absit,</strong></span> <span class='ocrx_word' id='word_1_381' title='bbox 388 3340 630 3410; x_wconf 87' lang='lat' dir='ltr'><strong>inquam,</strong></span> <span class='ocrx_word' id='word_1_382' title='bbox 659 3347 721 3392; x_wconf 94' lang='lat' dir='ltr'><strong>ut</strong></span> <span class='ocrx_word' id='word_1_383' title='bbox 748 3345 941 3392; x_wconf 87' lang='lat' dir='ltr'><strong>auctor</strong></span> <span class='ocrx_word' id='word_1_384' title='bbox 968 3337 1041 3391; x_wconf 89' lang='lat' dir='ltr'><strong>sit</strong></span> <span class='ocrx_word' id='word_1_385' title='bbox 1064 3346 1253 3392; x_wconf 87' lang='lat' dir='ltr'><strong>sancta</strong></span> <span class='ocrx_word' id='word_1_386' title='bbox 1282 3336 1441 3391; x_wconf 88' lang='lat' dir='ltr'><strong>sedes</strong></span> <span class='ocrx_word' id='word_1_387' title='bbox 1472 3337 1767 3405; x_wconf 87' lang='lat' dir='ltr'><strong>apostolica</strong></span> 
     </span>
    </p>
   </div>
   <div class='ocr_carea' id='block_1_50' title="bbox 174 3427 1762 3503">
    <p class='ocr_par' dir='ltr' id='par_1_50' title="bbox 174 3427 1762 3503">
     <span class='ocr_line' id='line_1_50' title="bbox 174 3427 1762 3503; baseline -0.004 -16"><span class='ocrx_word' id='word_1_388' title='bbox 174 3434 335 3489; x_wconf 78' lang='lat' dir='ltr'><strong>istius</strong></span> <span class='ocrx_word' id='word_1_389' title='bbox 382 3431 682 3503; x_wconf 87' lang='lat' dir='ltr'><strong>pertinacis</strong></span> <span class='ocrx_word' id='word_1_390' title='bbox 730 3428 1068 3484; x_wconf 87' lang='lat' dir='ltr'><strong>crudelitatis</strong></span> <span class='ocrx_word' id='word_1_391' title='bbox 1116 3436 1393 3482; x_wconf 86' lang='lat' dir='ltr'><strong>tantorum</strong></span> <span class='ocrx_word' id='word_1_392' title='bbox 1444 3427 1721 3481; x_wconf 83' lang='lat' dir='ltr'><strong>hominum</strong></span> <span class='ocrx_word' id='word_1_393' title='bbox 1747 3467 1762 3490; x_wconf 94' lang='lat'><strong>,</strong></span> 
     </span>
    </p>
   </div>
   <div class='ocr_carea' id='block_1_51' title="bbox 173 3519 1767 3594">
    <p class='ocr_par' dir='ltr' id='par_1_51' title="bbox 173 3519 1767 3594">
     <span class='ocr_line' id='line_1_51' title="bbox 173 3519 1767 3594; baseline -0.004 -15"><span class='ocrx_word' id='word_1_394' title='bbox 173 3525 264 3594; x_wconf 86' lang='lat' dir='ltr'><strong>qui</strong></span> <span class='ocrx_word' id='word_1_395' title='bbox 294 3538 399 3594; x_wconf 87' lang='lat' dir='ltr'><strong>per</strong></span> <span class='ocrx_word' id='word_1_396' title='bbox 424 3523 784 3591; x_wconf 86' lang='lat' dir='ltr'><strong>baptismum,</strong></span> <span class='ocrx_word' id='word_1_397' title='bbox 812 3520 895 3576; x_wconf 85' lang='lat' dir='ltr'><strong>vel</strong></span> <span class='ocrx_word' id='word_1_398' title='bbox 943 3535 1041 3590; x_wconf 86' lang='lat' dir='ltr'><strong>per</strong></span> <span class='ocrx_word' id='word_1_399' title='bbox 1090 3519 1446 3575; x_wconf 86' lang='lat' dir='ltr'><strong>sacerdotalis</strong></span> <span class='ocrx_word' id='word_1_400' title='bbox 1478 3519 1767 3573; x_wconf 88' lang='lat' dir='ltr'><strong>ministerii</strong></span> 
     </span>
    </p>
   </div>
   <div class='ocr_carea' id='block_1_52' title="bbox 175 3611 1768 3680">
    <p class='ocr_par' dir='ltr' id='par_1_52' title="bbox 175 3611 1768 3680">
     <span class='ocr_line' id='line_1_52' title="bbox 175 3611 1768 3680; baseline -0.003 -9"><span class='ocrx_word' id='word_1_401' title='bbox 175 3614 670 3671; x_wconf 80' lang='lat' dir='ltr'><strong>reconciliationem</strong></span> <span class='ocrx_word' id='word_1_402' title='bbox 729 3612 972 3678; x_wconf 88' lang='lat' dir='ltr'><strong>salvari,</strong></span> <span class='ocrx_word' id='word_1_403' title='bbox 1028 3620 1085 3667; x_wconf 92' lang='lat' dir='ltr'><strong>et</strong></span> <span class='ocrx_word' id='word_1_404' title='bbox 1134 3627 1236 3680; x_wconf 91' lang='lat' dir='ltr'><strong>per</strong></span> <span class='ocrx_word' id='word_1_405' title='bbox 1286 3611 1470 3666; x_wconf 84' lang='lat' dir='ltr'><strong>viatici</strong></span> <span class='ocrx_word' id='word_1_406' title='bbox 1527 3612 1768 3666; x_wconf 87' lang='lat' dir='ltr'><strong>muneris</strong></span> 
     </span>
    </p>
   </div>
   <div class='ocr_carea' id='block_1_53' title="bbox 173 3700 1765 3772">
    <p class='ocr_par' dir='ltr' id='par_1_53' title="bbox 173 3700 1765 3772">
     <span class='ocr_line' id='line_1_53' title="bbox 173 3700 1765 3772; baseline -0.006 -9"><span class='ocrx_word' id='word_1_407' title='bbox 173 3705 614 3763; x_wconf 83' lang='lat' dir='ltr'><strong>communionem</strong></span> <span class='ocrx_word' id='word_1_408' title='bbox 643 3704 713 3759; x_wconf 89' lang='lat' dir='ltr'><strong>ab</strong></span> <span class='ocrx_word' id='word_1_409' title='bbox 749 3713 957 3759; x_wconf 77' lang='lat' dir='ltr'><strong>:eterno</strong></span> <span class='ocrx_word' id='word_1_410' title='bbox 997 3708 1251 3772; x_wconf 89' lang='lat' dir='ltr'><strong>poterant</strong></span> <span class='ocrx_word' id='word_1_411' title='bbox 1293 3701 1510 3756; x_wconf 87' lang='lat' dir='ltr'><strong>liberari</strong></span> <span class='ocrx_word' id='word_1_412' title='bbox 1543 3700 1765 3754; x_wconf 88' lang='lat' dir='ltr'><strong>interitu</strong></span> 
     </span>
    </p>
   </div>
   <div class='ocr_carea' id='block_1_54' title="bbox 173 3790 1771 3868">
    <p class='ocr_par' dir='ltr' id='par_1_54' title="bbox 173 3790 1771 3868">
     <span class='ocr_line' id='line_1_54' title="bbox 173 3790 1771 3868; baseline -0.006 -15"><span class='ocrx_word' id='word_1_413' title='bbox 173 3798 449 3854; x_wconf 81' lang='lat' dir='ltr'><strong>mortibus</strong></span> <span class='ocrx_word' id='word_1_414' title='bbox 485 3811 579 3852; x_wconf 89' lang='lat' dir='ltr'><strong>reo</strong></span> <span class='ocrx_word' id='word_1_415' title='bbox 619 3796 842 3868; x_wconf 83' lang='lat' dir='ltr'><strong>(aliquid</strong></span> <span class='ocrx_word' id='word_1_416' title='bbox 871 3794 1071 3864; x_wconf 79' lang='lat' dir='ltr'><strong>deest);</strong></span> <span class='ocrx_word' id='word_1_417' title='bbox 1100 3794 1227 3862; x_wconf 85' lang='lat' dir='ltr'><strong>quia</strong></span> <span class='ocrx_word' id='word_1_418' title='bbox 1270 3807 1377 3846; x_wconf 91' lang='lat' dir='ltr'><strong>non</strong></span> <span class='ocrx_word' id='word_1_419' title='bbox 1409 3801 1622 3861; x_wconf 87' lang='lat' dir='ltr'><strong>poterat</strong></span> <span class='ocrx_word' id='word_1_420' title='bbox 1650 3790 1771 3845; x_wconf 84' lang='lat' dir='ltr'><strong>ﬁeri</strong></span> 
     </span>
    </p>
   </div>
   <div class='ocr_carea' id='block_1_55' title="bbox 174 3884 1768 3958">
    <p class='ocr_par' dir='ltr' id='par_1_55' title="bbox 174 3884 1768 3958">
     <span class='ocr_line' id='line_1_55' title="bbox 174 3884 1768 3958; baseline -0.005 -12"><span class='ocrx_word' id='word_1_421' title='bbox 174 3899 235 3945; x_wconf 88' lang='lat' dir='ltr'><strong>ut</strong></span> <span class='ocrx_word' id='word_1_422' title='bbox 260 3892 316 3945; x_wconf 90' lang='lat' dir='ltr'><strong>in</strong></span> <span class='ocrx_word' id='word_1_423' title='bbox 348 3900 454 3945; x_wconf 85' lang='lat' dir='ltr'><strong>tam</strong></span> <span class='ocrx_word' id='word_1_424' title='bbox 485 3889 663 3958; x_wconf 90' lang='lat' dir='ltr'><strong>ampla</strong></span> <span class='ocrx_word' id='word_1_425' title='bbox 694 3886 976 3956; x_wconf 81' lang='lat' dir='ltr'><strong>parochia,</strong></span> <span class='ocrx_word' id='word_1_426' title='bbox 998 3888 1137 3942; x_wconf 89' lang='lat' dir='ltr'><strong>sicut</strong></span> <span class='ocrx_word' id='word_1_427' title='bbox 1166 3886 1253 3940; x_wconf 88' lang='lat' dir='ltr'><strong>illa</strong></span> <span class='ocrx_word' id='word_1_428' title='bbox 1280 3893 1383 3948; x_wconf 84' lang='lat' dir='ltr'><strong>est,</strong></span> <span class='ocrx_word' id='word_1_429' title='bbox 1411 3899 1533 3953; x_wconf 65' lang='lat' dir='ltr'><strong>quae</strong></span> <span class='ocrx_word' id='word_1_430' title='bbox 1555 3884 1768 3954; x_wconf 87' lang='lat' dir='ltr'><strong>specia-</strong></span> 
     </span>
    </p>
   </div>
   <div class='ocr_carea' id='block_1_56' title="bbox 174 3975 1769 4049">
    <p class='ocr_par' dir='ltr' id='par_1_56' title="bbox 174 3975 1769 4049">
     <span class='ocr_line' id='line_1_56' title="bbox 174 3975 1769 4049; baseline -0.004 -12"><span class='ocrx_word' id='word_1_431' title='bbox 174 3982 306 4037; x_wconf 82' lang='lat' dir='ltr'><strong>liter</strong></span> <span class='ocrx_word' id='word_1_432' title='bbox 332 3979 574 4049; x_wconf 76' lang='lat' dir='ltr'><strong>subiacet</strong></span> <span class='ocrx_word' id='word_1_433' title='bbox 602 3979 846 4035; x_wconf 84' lang='lat' dir='ltr'><strong>Lauduni</strong></span> <span class='ocrx_word' id='word_1_434' title='bbox 890 3978 1186 4047; x_wconf 88' lang='lat' dir='ltr'><strong>municipio</strong></span> <span class='ocrx_word' id='word_1_435' title='bbox 1208 4017 1223 4041; x_wconf 89' lang='lat'><strong>,</strong></span> <span class='ocrx_word' id='word_1_436' title='bbox 1256 3991 1352 4046; x_wconf 86' lang='lat' dir='ltr'><strong>per</strong></span> <span class='ocrx_word' id='word_1_437' title='bbox 1386 3976 1627 4045; x_wconf 88' lang='lat' dir='ltr'><strong>quinque</strong></span> <span class='ocrx_word' id='word_1_438' title='bbox 1660 3975 1769 4030; x_wconf 85' lang='lat' dir='ltr'><strong>cir-</strong></span> 
     </span>
    </p>
   </div>
   <div class='ocr_carea' id='block_1_57' title="bbox 173 4066 1769 4141">
    <p class='ocr_par' dir='ltr' id='par_1_57' title="bbox 173 4066 1769 4141">
     <span class='ocr_line' id='line_1_57' title="bbox 173 4066 1769 4141; baseline -0.005 -13"><span class='ocrx_word' id='word_1_439' title='bbox 173 4072 319 4128; x_wconf 89' lang='lat' dir='ltr'><strong>citer</strong></span> <span class='ocrx_word' id='word_1_440' title='bbox 340 4072 480 4137; x_wconf 86' lang='lat' dir='ltr'><strong>dies,</strong></span> <span class='ocrx_word' id='word_1_441' title='bbox 506 4071 704 4141; x_wconf 87' lang='lat' dir='ltr'><strong>quibus</strong></span> <span class='ocrx_word' id='word_1_442' title='bbox 748 4085 815 4125; x_wconf 90' lang='lat' dir='ltr'><strong>eo</strong></span> <span class='ocrx_word' id='word_1_443' title='bbox 846 4070 1035 4133; x_wconf 86' lang='lat' dir='ltr'><strong>modo,</strong></span> <span class='ocrx_word' id='word_1_444' title='bbox 1083 4070 1224 4124; x_wconf 88' lang='lat' dir='ltr'><strong>sicut</strong></span> <span class='ocrx_word' id='word_1_445' title='bbox 1270 4067 1540 4137; x_wconf 74' lang='lat' dir='ltr'><strong>prtemisi,</strong></span> <span class='ocrx_word' id='word_1_446' title='bbox 1590 4066 1769 4122; x_wconf 78' lang='lat' dir='ltr'><strong>fuerat</strong></span> 
     </span>
    </p>
   </div>
   <div class='ocr_carea' id='block_1_58' title="bbox 170 4157 1766 4232">
    <p class='ocr_par' dir='ltr' id='par_1_58' title="bbox 170 4157 1766 4232">
     <span class='ocr_line' id='line_1_58' title="bbox 170 4157 1766 4232; baseline -0.003 -16"><span class='ocrx_word' id='word_1_447' title='bbox 170 4161 450 4232; x_wconf 79' lang='lat' dir='ltr'><strong>colligata,</strong></span> <span class='ocrx_word' id='word_1_448' title='bbox 473 4161 744 4231; x_wconf 76' lang='lat' dir='ltr'><strong>quiae‘am</strong></span> <span class='ocrx_word' id='word_1_449' title='bbox 765 4167 924 4214; x_wconf 84' lang='lat' dir='ltr'><strong>antea</strong></span> <span class='ocrx_word' id='word_1_450' title='bbox 948 4158 1360 4228; x_wconf 89' lang='lat' dir='ltr'><strong>metropolitana</strong></span> <span class='ocrx_word' id='word_1_451' title='bbox 1383 4157 1766 4223; x_wconf 84' lang='lat' dir='ltr'><strong>sollicitudine,</strong></span> 
     </span>
    </p>
   </div>
   <div class='ocr_carea' id='block_1_59' title="bbox 170 4249 1770 4327">
    <p class='ocr_par' dir='ltr' id='par_1_59' title="bbox 170 4249 1770 4327">
     <span class='ocr_line' id='line_1_59' title="bbox 170 4249 1770 4327; baseline -0.004 -17"><span class='ocrx_word' id='word_1_452' title='bbox 170 4252 513 4323; x_wconf 82' lang='lat' dir='ltr'><strong>evangelica,</strong></span> <span class='ocrx_word' id='word_1_453' title='bbox 539 4261 595 4307; x_wconf 90' lang='lat' dir='ltr'><strong>et</strong></span> <span class='ocrx_word' id='word_1_454' title='bbox 620 4251 944 4327; x_wconf 74' lang='lat' dir='ltr'><strong>apostolica,</strong></span> <span class='ocrx_word' id='word_1_455' title='bbox 972 4259 1136 4320; x_wconf 86' lang='lat' dir='ltr'><strong>atque</strong></span> <span class='ocrx_word' id='word_1_456' title='bbox 1158 4249 1445 4315; x_wconf 88' lang='lat' dir='ltr'><strong>canonica,</strong></span> <span class='ocrx_word' id='word_1_457' title='bbox 1473 4259 1530 4303; x_wconf 90' lang='lat' dir='ltr'><strong>et</strong></span> <span class='ocrx_word' id='word_1_458' title='bbox 1554 4259 1770 4318; x_wconf 78' lang='lat' dir='ltr'><strong>aposto-</strong></span> 
     </span>
    </p>
   </div>
   <div class='ocr_carea' id='block_1_60' title="bbox 173 4341 1770 4411">
    <p class='ocr_par' dir='ltr' id='par_1_60' title="bbox 173 4341 1770 4411">
     <span class='ocr_line' id='line_1_60' title="bbox 173 4341 1770 4411; baseline -0.002 -12"><span class='ocrx_word' id='word_1_459' title='bbox 173 4345 295 4399; x_wconf 65' lang='lat' dir='ltr'><strong>licae</strong></span> <span class='ocrx_word' id='word_1_460' title='bbox 336 4343 485 4399; x_wconf 80' lang='lat' dir='ltr'><strong>sedis</strong></span> <span class='ocrx_word' id='word_1_461' title='bbox 512 4343 839 4398; x_wconf 67' lang='lat' dir='ltr'><strong>auctoritate&quot;</strong></span> <span class='ocrx_word' id='word_1_462' title='bbox 865 4342 1147 4399; x_wconf 87' lang='lat' dir='ltr'><strong>absolvere</strong></span> <span class='ocrx_word' id='word_1_463' title='bbox 1175 4357 1280 4396; x_wconf 93' lang='lat' dir='ltr'><strong>non</strong></span> <span class='ocrx_word' id='word_1_464' title='bbox 1317 4341 1557 4405; x_wconf 90' lang='lat' dir='ltr'><strong>cucurri,</strong></span> <span class='ocrx_word' id='word_1_465' title='bbox 1588 4341 1770 4411; x_wconf 84' lang='lat' dir='ltr'><strong>plures</strong></span> 
     </span>
    </p>
   </div>
   <div class='ocr_carea' id='block_1_61' title="bbox 173 4434 1767 4504">
    <p class='ocr_par' dir='ltr' id='par_1_61' title="bbox 173 4434 1767 4504">
     <span class='ocr_line' id='line_1_61' title="bbox 173 4434 1767 4504; baseline 0 -15"><span class='ocrx_word' id='word_1_466' title='bbox 173 4436 297 4490; x_wconf 89' lang='lat' dir='ltr'><strong>sine</strong></span> <span class='ocrx_word' id='word_1_467' title='bbox 328 4435 633 4504; x_wconf 88' lang='lat' dir='ltr'><strong>baptismo,</strong></span> <span class='ocrx_word' id='word_1_468' title='bbox 671 4442 727 4487; x_wconf 91' lang='lat' dir='ltr'><strong>et</strong></span> <span class='ocrx_word' id='word_1_469' title='bbox 754 4434 960 4503; x_wconf 79' lang='lat' dir='ltr'><strong>absque</strong></span> <span class='ocrx_word' id='word_1_470' title='bbox 985 4434 1382 4489; x_wconf 88' lang='lat' dir='ltr'><strong>communionis</strong></span> <span class='ocrx_word' id='word_1_471' title='bbox 1418 4434 1590 4504; x_wconf 82' lang='lat' dir='ltr'><strong>gratia</strong></span> <span class='ocrx_word' id='word_1_472' title='bbox 1610 4473 1626 4498; x_wconf 95' lang='lat'><strong>,</strong></span> <span class='ocrx_word' id='word_1_473' title='bbox 1660 4451 1767 4489; x_wconf 92' lang='lat' dir='ltr'><strong>non</strong></span> 
     </span>
    </p>
   </div>
   <div class='ocr_carea' id='block_1_62' title="bbox 172 4524 1768 4595">
    <p class='ocr_par' dir='ltr' id='par_1_62' title="bbox 172 4524 1768 4595">
     <span class='ocr_line' id='line_1_62' title="bbox 172 4524 1768 4595; baseline -0.001 -14"><span class='ocrx_word' id='word_1_474' title='bbox 172 4525 453 4581; x_wconf 83' lang='lat' dir='ltr'><strong>obierint:</strong></span> <span class='ocrx_word' id='word_1_475' title='bbox 485 4526 552 4579; x_wconf 89' lang='lat' dir='ltr'><strong>de</strong></span> <span class='ocrx_word' id='word_1_476' title='bbox 576 4525 775 4594; x_wconf 89' lang='lat' dir='ltr'><strong>quibus</strong></span> <span class='ocrx_word' id='word_1_477' title='bbox 800 4525 1110 4595; x_wconf 83' lang='lat' dir='ltr'><strong>quicunque</strong></span> <span class='ocrx_word' id='word_1_478' title='bbox 1138 4524 1328 4579; x_wconf 86' lang='lat' dir='ltr'><strong>salvati</strong></span> <span class='ocrx_word' id='word_1_479' title='bbox 1363 4533 1488 4579; x_wconf 90' lang='lat' dir='ltr'><strong>sunt</strong></span> <span class='ocrx_word' id='word_1_480' title='bbox 1507 4564 1522 4587; x_wconf 90' lang='lat'><strong>,</strong></span> <span class='ocrx_word' id='word_1_481' title='bbox 1553 4525 1768 4580; x_wconf 84' lang='lat' dir='ltr'><strong>salvan—</strong></span> 
     </span>
    </p>
   </div>
   <div class='ocr_carea' id='block_1_63' title="bbox 176 4616 1768 4687">
    <p class='ocr_par' dir='ltr' id='par_1_63' title="bbox 176 4616 1768 4687">
     <span class='ocr_line' id='line_1_63' title="bbox 176 4616 1768 4687; baseline -0.001 -14"><span class='ocrx_word' id='word_1_482' title='bbox 176 4620 247 4673; x_wconf 82' lang='lat' dir='ltr'><strong>tis</strong></span> <span class='ocrx_word' id='word_1_483' title='bbox 270 4627 360 4676; x_wconf 85' lang='lat' dir='ltr'><strong>est</strong></span> <span class='ocrx_word' id='word_1_484' title='bbox 397 4619 628 4682; x_wconf 68' lang='lat' dir='ltr'><strong>dolium;</strong></span> <span class='ocrx_word' id='word_1_485' title='bbox 663 4617 757 4687; x_wconf 91' lang='lat' dir='ltr'><strong>qui</strong></span> <span class='ocrx_word' id='word_1_486' title='bbox 787 4626 968 4671; x_wconf 86' lang='lat' dir='ltr'><strong>autem</strong></span> <span class='ocrx_word' id='word_1_487' title='bbox 1014 4616 1333 4687; x_wconf 87' lang='lat' dir='ltr'><strong>perierunt,</strong></span> <span class='ocrx_word' id='word_1_488' title='bbox 1381 4616 1673 4686; x_wconf 88' lang='lat' dir='ltr'><strong>perditoris</strong></span> <span class='ocrx_word' id='word_1_489' title='bbox 1710 4624 1768 4671; x_wconf 85' lang='lat' dir='ltr'><strong>et</strong></span> 
     </span>
    </p>
   </div>
   <div class='ocr_carea' id='block_1_64' title="bbox 173 4708 957 4779">
    <p class='ocr_par' dir='ltr' id='par_1_64' title="bbox 173 4708 957 4779">
     <span class='ocr_line' id='line_1_64' title="bbox 173 4708 957 4779; baseline 0 -17"><span class='ocrx_word' id='word_1_490' title='bbox 173 4710 520 4779; x_wconf 86' lang='lat' dir='ltr'><strong>pereuntium</strong></span> <span class='ocrx_word' id='word_1_491' title='bbox 552 4708 653 4763; x_wconf 81' lang='lat' dir='ltr'><strong>fuit</strong></span> <span class='ocrx_word' id='word_1_492' title='bbox 680 4709 957 4763; x_wconf 83' lang='lat' dir='ltr'><strong>meritum.</strong></span> 
     </span>
    </p>
   </div>
   <div class='ocr_carea' id='block_1_65' title="bbox 244 4801 1764 4864">
    <p class='ocr_par' dir='ltr' id='par_1_65' title="bbox 244 4801 1764 4864">
     <span class='ocr_line' id='line_1_65' title="bbox 244 4801 1764 4864; baseline 0.001 -8"><span class='ocrx_word' id='word_1_493' title='bbox 244 4802 501 4856; x_wconf 79' lang='lat' dir='ltr'><strong>Attamen</strong></span> <span class='ocrx_word' id='word_1_494' title='bbox 538 4801 694 4864; x_wconf 90' lang='lat' dir='ltr'><strong>licet,</strong></span> <span class='ocrx_word' id='word_1_495' title='bbox 722 4802 870 4856; x_wconf 88' lang='lat' dir='ltr'><strong>velut</strong></span> <span class='ocrx_word' id='word_1_496' title='bbox 913 4809 1135 4856; x_wconf 87' lang='lat' dir='ltr'><strong>sanctus</strong></span> <span class='ocrx_word' id='word_1_497' title='bbox 1178 4802 1498 4857; x_wconf 82' lang='lat' dir='ltr'><strong>Ambrosius</strong></span> <span class='ocrx_word' id='word_1_498' title='bbox 1544 4803 1597 4856; x_wconf 91' lang='lat' dir='ltr'><strong>in</strong></span> <span class='ocrx_word' id='word_1_499' title='bbox 1642 4802 1764 4858; x_wconf 85' lang='lat' dir='ltr'><strong>lidei</strong></span> 
     </span>
    </p>
   </div>
   <div class='ocr_carea' id='block_1_66' title="bbox 172 4890 1768 4962">
    <p class='ocr_par' dir='ltr' id='par_1_66' title="bbox 172 4890 1768 4962">
     <span class='ocr_line' id='line_1_66' title="bbox 172 4890 1768 4962; baseline 0.001 -17"><span class='ocrx_word' id='word_1_500' title='bbox 172 4892 465 4948; x_wconf 86' lang='lat' dir='ltr'><strong>devotione</strong></span> <span class='ocrx_word' id='word_1_501' title='bbox 493 4891 851 4947; x_wconf 84' lang='lat' dir='ltr'><strong>Valentiniani</strong></span> <span class='ocrx_word' id='word_1_502' title='bbox 902 4890 1028 4961; x_wconf 87' lang='lat' dir='ltr'><strong>(lib.</strong></span> <span class='ocrx_word' id='word_1_503' title='bbox 1069 4891 1135 4945; x_wconf 79' lang='lat' dir='ltr'><strong>de</strong></span> <span class='ocrx_word' id='word_1_504' title='bbox 1179 4891 1322 4945; x_wconf 83' lang='lat' dir='ltr'><strong>obitu</strong></span> <span class='ocrx_word' id='word_1_505' title='bbox 1364 4890 1668 4962; x_wconf 81' lang='lat' dir='ltr'><strong>Valentin.),</strong></span> <span class='ocrx_word' id='word_1_506' title='bbox 1709 4901 1768 4946; x_wconf 87' lang='lat' dir='ltr'><strong>et</strong></span> 
     </span>
    </p>
   </div>
   <div class='ocr_carea' id='block_1_67' title="bbox 170 4982 1767 5053">
    <p class='ocr_par' dir='ltr' id='par_1_67' title="bbox 170 4982 1767 5053">
     <span class='ocr_line' id='line_1_67' title="bbox 170 4982 1767 5053; baseline 0.001 -14"><span class='ocrx_word' id='word_1_507' title='bbox 170 4986 368 5039; x_wconf 80' lang='lat' dir='ltr'><strong>beatus</strong></span> <span class='ocrx_word' id='word_1_508' title='bbox 395 4982 726 5053; x_wconf 80' lang='lat' dir='ltr'><strong>Augustinus</strong></span> <span class='ocrx_word' id='word_1_509' title='bbox 767 4983 1095 5053; x_wconf 86' lang='lat' dir='ltr'><strong>disputando</strong></span> <span class='ocrx_word' id='word_1_510' title='bbox 1129 4983 1499 5047; x_wconf 87' lang='lat' dir='ltr'><strong>demonstrat,</strong></span> <span class='ocrx_word' id='word_1_511' title='bbox 1531 4993 1591 5038; x_wconf 88' lang='lat' dir='ltr'><strong>ut</strong></span> <span class='ocrx_word' id='word_1_512' title='bbox 1624 4985 1767 5041; x_wconf 84' lang='lat' dir='ltr'><strong>sicut</strong></span> 
     </span>
    </p>
   </div>
   <div class='ocr_carea' id='block_1_68' title="bbox 174 5072 1768 5139">
    <p class='ocr_par' dir='ltr' id='par_1_68' title="bbox 174 5072 1768 5139">
     <span class='ocr_line' id='line_1_68' title="bbox 174 5072 1768 5139; baseline 0.001 -11"><span class='ocrx_word' id='word_1_513' title='bbox 174 5074 233 5128; x_wconf 86' lang='lat' dir='ltr'><strong>in</strong></span> <span class='ocrx_word' id='word_1_514' title='bbox 265 5072 361 5127; x_wconf 91' lang='lat' dir='ltr'><strong>illo</strong></span> <span class='ocrx_word' id='word_1_515' title='bbox 390 5072 599 5127; x_wconf 83' lang='lat' dir='ltr'><strong>latrone</strong></span> <span class='ocrx_word' id='word_1_516' title='bbox 622 5088 745 5127; x_wconf 89' lang='lat' dir='ltr'><strong>cum</strong></span> <span class='ocrx_word' id='word_1_517' title='bbox 775 5074 1000 5128; x_wconf 84' lang='lat' dir='ltr'><strong>Domino</strong></span> <span class='ocrx_word' id='word_1_518' title='bbox 1030 5072 1290 5127; x_wconf 78' lang='lat' dir='ltr'><strong>crucifixo</strong></span> <span class='ocrx_word' id='word_1_519' title='bbox 1319 5083 1376 5128; x_wconf 88' lang='lat' dir='ltr'><strong>ct</strong></span> <span class='ocrx_word' id='word_1_520' title='bbox 1406 5077 1680 5139; x_wconf 86' lang='lat' dir='ltr'><strong>credente,</strong></span> <span class='ocrx_word' id='word_1_521' title='bbox 1711 5084 1768 5131; x_wconf 91' lang='lat' dir='ltr'><strong>et</strong></span> 
     </span>
    </p>
   </div>
   <div class='ocr_carea' id='block_1_69' title="bbox 171 5162 1765 5233">
    <p class='ocr_par' dir='ltr' id='par_1_69' title="bbox 171 5162 1765 5233">
     <span class='ocr_line' id='line_1_69' title="bbox 171 5162 1765 5233; baseline 0.001 -14"><span class='ocrx_word' id='word_1_522' title='bbox 171 5162 492 5227; x_wconf 77' lang='lat' dir='ltr'><strong>confitente,</strong></span> <span class='ocrx_word' id='word_1_523' title='bbox 513 5165 655 5233; x_wconf 87' lang='lat' dir='ltr'><strong>quod</strong></span> <span class='ocrx_word' id='word_1_524' title='bbox 678 5164 726 5218; x_wconf 92' lang='lat' dir='ltr'><strong>ei</strong></span> <span class='ocrx_word' id='word_1_525' title='bbox 752 5178 818 5218; x_wconf 80' lang='lat' dir='ltr'><strong>ex</strong></span> <span class='ocrx_word' id='word_1_526' title='bbox 849 5164 1105 5233; x_wconf 88' lang='lat' dir='ltr'><strong>baptismi</strong></span> <span class='ocrx_word' id='word_1_527' title='bbox 1129 5175 1474 5219; x_wconf 89' lang='lat' dir='ltr'><strong>sacramento</strong></span> <span class='ocrx_word' id='word_1_528' title='bbox 1496 5165 1765 5231; x_wconf 84' lang='lat' dir='ltr'><strong>defuerat,</strong></span> 
     </span>
    </p>
   </div>
   <div class='ocr_carea' id='block_1_70' title="bbox 171 5253 1766 5328">
    <p class='ocr_par' dir='ltr' id='par_1_70' title="bbox 171 5253 1766 5328">
     <span class='ocr_line' id='line_1_70' title="bbox 171 5253 1766 5328; baseline 0.003 -19"><span class='ocrx_word' id='word_1_529' title='bbox 171 5253 468 5322; x_wconf 83' lang='lat' dir='ltr'><strong>complevit</strong></span> <span class='ocrx_word' id='word_1_530' title='bbox 487 5256 877 5324; x_wconf 85' lang='lat' dir='ltr'><strong>omnipotentis</strong></span> <span class='ocrx_word' id='word_1_531' title='bbox 901 5255 1206 5325; x_wconf 82' lang='lat' dir='ltr'><strong>benignitas</strong></span> <span class='ocrx_word' id='word_1_532' title='bbox 1230 5274 1243 5308; x_wconf 90' lang='lat'><strong>:</strong></span> <span class='ocrx_word' id='word_1_533' title='bbox 1270 5257 1342 5309; x_wconf 85' lang='lat' dir='ltr'><strong>ita</strong></span> <span class='ocrx_word' id='word_1_534' title='bbox 1364 5256 1506 5312; x_wconf 83' lang='lat' dir='ltr'><strong>forte</strong></span> <span class='ocrx_word' id='word_1_535' title='bbox 1528 5259 1766 5328; x_wconf 84' lang='lat' dir='ltr'><strong>parvulis</strong></span> 
     </span>
    </p>
   </div>
   <div class='ocr_carea' id='block_1_71' title="bbox 171 5344 1765 5417">
    <p class='ocr_par' dir='ltr' id='par_1_71' title="bbox 171 5344 1765 5417">
     <span class='ocr_line' id='line_1_71' title="bbox 171 5344 1765 5417; baseline 0.003 -19"><span class='ocrx_word' id='word_1_536' title='bbox 171 5344 375 5415; x_wconf 88' lang='lat' dir='ltr'><strong>quibus</strong></span> <span class='ocrx_word' id='word_1_537' title='bbox 422 5346 748 5414; x_wconf 83' lang='lat' dir='ltr'><strong>baptismum</strong></span> <span class='ocrx_word' id='word_1_538' title='bbox 798 5347 1052 5417; x_wconf 85' lang='lat' dir='ltr'><strong>denegari</strong></span> <span class='ocrx_word' id='word_1_539' title='bbox 1101 5344 1303 5414; x_wconf 68' lang='lat' dir='ltr'><strong>jussit,</strong></span> <span class='ocrx_word' id='word_1_540' title='bbox 1350 5359 1639 5417; x_wconf 85' lang='lat' dir='ltr'><strong>parentum</strong></span> <span class='ocrx_word' id='word_1_541' title='bbox 1683 5349 1765 5403; x_wconf 82' lang='lat' dir='ltr'><strong>vel</strong></span> 
     </span>
    </p>
   </div>
   <div class='ocr_carea' id='block_1_72' title="bbox 172 5439 1767 5510">
    <p class='ocr_par' dir='ltr' id='par_1_72' title="bbox 172 5439 1767 5510">
     <span class='ocr_line' id='line_1_72' title="bbox 172 5439 1767 5510; baseline 0.003 -19"><span class='ocrx_word' id='word_1_542' title='bbox 172 5448 531 5507; x_wconf 86' lang='lat' dir='ltr'><strong>patronorum</strong></span> <span class='ocrx_word' id='word_1_543' title='bbox 582 5439 746 5493; x_wconf 88' lang='lat' dir='ltr'><strong>corde</strong></span> <span class='ocrx_word' id='word_1_544' title='bbox 797 5439 1172 5501; x_wconf 84' lang='lat' dir='ltr'><strong>credentium,</strong></span> <span class='ocrx_word' id='word_1_545' title='bbox 1216 5447 1273 5495; x_wconf 88' lang='lat' dir='ltr'><strong>et</strong></span> <span class='ocrx_word' id='word_1_546' title='bbox 1318 5439 1481 5494; x_wconf 85' lang='lat' dir='ltr'><strong>etiam</strong></span> <span class='ocrx_word' id='word_1_547' title='bbox 1528 5441 1767 5510; x_wconf 87' lang='lat' dir='ltr'><strong>parvulis</strong></span> 
     </span>
    </p>
   </div>
   <div class='ocr_carea' id='block_1_73' title="bbox 176 5527 1765 5601">
    <p class='ocr_par' dir='ltr' id='par_1_73' title="bbox 176 5527 1765 5601">
     <span class='ocr_line' id='line_1_73' title="bbox 176 5527 1765 5601; baseline 0.004 -20"><span class='ocrx_word' id='word_1_548' title='bbox 176 5528 326 5582; x_wconf 76' lang='lat' dir='ltr'><strong>fideli</strong></span> <span class='ocrx_word' id='word_1_549' title='bbox 356 5527 717 5583; x_wconf 80' lang='lat' dir='ltr'><strong>confessionis</strong></span> <span class='ocrx_word' id='word_1_550' title='bbox 748 5529 914 5584; x_wconf 86' lang='lat' dir='ltr'><strong>verbo</strong></span> <span class='ocrx_word' id='word_1_551' title='bbox 946 5530 1209 5599; x_wconf 88' lang='lat' dir='ltr'><strong>baptisma</strong></span> <span class='ocrx_word' id='word_1_552' title='bbox 1236 5532 1634 5601; x_wconf 79' lang='lat' dir='ltr'><strong>expetentinm,</strong></span> <span class='ocrx_word' id='word_1_553' title='bbox 1669 5533 1765 5587; x_wconf 77' lang='lat' dir='ltr'><strong>sed</strong></span> 
     </span>
    </p>
   </div>
   <div class='ocr_carea' id='block_1_74' title="bbox 176 5623 1771 5695">
    <p class='ocr_par' dir='ltr' id='par_1_74' title="bbox 176 5623 1771 5695">
     <span class='ocr_line' id='line_1_74' title="bbox 176 5623 1771 5695; baseline 0.001 -18"><span class='ocrx_word' id='word_1_554' title='bbox 176 5638 288 5677; x_wconf 88' lang='lat' dir='ltr'><strong>non</strong></span> <span class='ocrx_word' id='word_1_555' title='bbox 318 5623 721 5692; x_wconf 81' lang='lat' dir='ltr'><strong>impctrantimn</strong></span> <span class='ocrx_word' id='word_1_556' title='bbox 748 5625 897 5686; x_wconf 78' lang='lat' dir='ltr'><strong>fides,</strong></span> <span class='ocrx_word' id='word_1_557' title='bbox 921 5633 976 5678; x_wconf 88' lang='lat' dir='ltr'><strong>et</strong></span> <span class='ocrx_word' id='word_1_558' title='bbox 998 5624 1171 5679; x_wconf 81' lang='lat' dir='ltr'><strong>ﬁdelis</strong></span> <span class='ocrx_word' id='word_1_559' title='bbox 1194 5624 1484 5693; x_wconf 85' lang='lat' dir='ltr'><strong>postulatio</strong></span> <span class='ocrx_word' id='word_1_560' title='bbox 1507 5626 1771 5695; x_wconf 84' lang='lat' dir='ltr'><strong>prodesse</strong></span> 
     </span>
    </p>
   </div>
   <div class='ocr_carea' id='block_1_75' title="bbox 174 5716 1766 5788">
    <p class='ocr_par' dir='ltr' id='par_1_75' title="bbox 174 5716 1766 5788">
     <span class='ocr_line' id='line_1_75' title="bbox 174 5716 1766 5788; baseline 0.003 -20"><span class='ocrx_word' id='word_1_561' title='bbox 174 5716 419 5785; x_wconf 84' lang='lat' dir='ltr'><strong>potuerit</strong></span> <span class='ocrx_word' id='word_1_562' title='bbox 450 5733 464 5769; x_wconf 92' lang='lat'>:</span> <span class='ocrx_word' id='word_1_563' title='bbox 497 5719 735 5771; x_wconf 85' lang='lat' dir='ltr'><strong>donante</strong></span> <span class='ocrx_word' id='word_1_564' title='bbox 765 5732 853 5781; x_wconf 90' lang='lat' dir='ltr'><strong>eo,</strong></span> <span class='ocrx_word' id='word_1_565' title='bbox 880 5717 1034 5783; x_wconf 85' lang='lat' dir='ltr'><strong>cujus</strong></span> <span class='ocrx_word' id='word_1_566' title='bbox 1062 5718 1317 5787; x_wconf 85' lang='lat' dir='ltr'><strong>spiritus,</strong></span> <span class='ocrx_word' id='word_1_567' title='bbox 1345 5733 1453 5788; x_wconf 78' lang='lat' dir='ltr'><strong>quo</strong></span> <span class='ocrx_word' id='word_1_568' title='bbox 1466 5733 1766 5788; x_wconf 53' lang='lat' dir='ltr'><strong>regi-nera-</strong></span> 
     </span>
    </p>
   </div>
   <div class='ocr_carea' id='block_1_76' title="bbox 180 5805 1765 5883">
    <p class='ocr_par' dir='ltr' id='par_1_76' title="bbox 180 5805 1765 5883">
     <span class='ocr_line' id='line_1_76' title="bbox 180 5805 1765 5883; baseline 0.004 -22"><span class='ocrx_word' id='word_1_569' title='bbox 180 5807 261 5861; x_wconf 85' lang='lat' dir='ltr'><strong>tio</strong></span> <span class='ocrx_word' id='word_1_570' title='bbox 286 5805 383 5873; x_wconf 83' lang='lat' dir='ltr'><strong>tit,</strong></span> <span class='ocrx_word' id='word_1_571' title='bbox 404 5806 497 5862; x_wconf 88' lang='lat' dir='ltr'><strong>ubi</strong></span> <span class='ocrx_word' id='word_1_572' title='bbox 522 5806 636 5865; x_wconf 80' lang='lat' dir='ltr'><strong>vult</strong></span> <span class='ocrx_word' id='word_1_573' title='bbox 664 5809 957 5877; x_wconf 52' lang='lat' dir='ltr'><strong>spirataet</strong></span> <span class='ocrx_word' id='word_1_574' title='bbox 994 5809 1160 5869; x_wconf 83' lang='lat' dir='ltr'><strong>etiam</strong></span> <span class='ocrx_word' id='word_1_575' title='bbox 1189 5819 1315 5866; x_wconf 87' lang='lat' dir='ltr'><strong>ante</strong></span> <span class='ocrx_word' id='word_1_576' title='bbox 1345 5811 1667 5883; x_wconf 81' lang='lat' dir='ltr'><strong>baptismum</strong></span> <span class='ocrx_word' id='word_1_577' title='bbox 1706 5825 1765 5879; x_wconf 68' lang='lat' dir='ltr'><strong>se</strong></span> 
     </span>
    </p>
   </div>
   <div class='ocr_carea' id='block_1_77' title="bbox 1866 1967 3458 2043">
    <p class='ocr_par' dir='ltr' id='par_1_77' title="bbox 1866 1967 3458 2043">
     <span class='ocr_line' id='line_1_77' title="bbox 1866 1967 3458 2043; baseline 0.003 -21"><span class='ocrx_word' id='word_1_578' title='bbox 1866 1967 2066 2031; x_wconf 87' lang='lat' dir='ltr'><strong>ciavit,</strong></span> <span class='ocrx_word' id='word_1_579' title='bbox 2107 1968 2247 2022; x_wconf 86' lang='lat' dir='ltr'><strong>sicut</strong></span> <span class='ocrx_word' id='word_1_580' title='bbox 2292 1968 2491 2038; x_wconf 87' lang='lat' dir='ltr'><strong>scripta</strong></span> <span class='ocrx_word' id='word_1_581' title='bbox 2533 1983 2629 2023; x_wconf 87' lang='lat' dir='ltr'><strong>sua</strong></span> <span class='ocrx_word' id='word_1_582' title='bbox 2663 1969 3085 2025; x_wconf 89' lang='lat' dir='ltr'><strong>demonstrant:</strong></span> <span class='ocrx_word' id='word_1_583' title='bbox 3127 1974 3458 2043; x_wconf 86' lang='lat' dir='ltr'><strong>responden-</strong></span> 
     </span>
    </p>
   </div>
   <div class='ocr_carea' id='block_1_78' title="bbox 1865 2050 3459 2118">
    <p class='ocr_par' dir='ltr' id='par_1_78' title="bbox 1865 2050 3459 2118">
     <span class='ocr_line' id='line_1_78' title="bbox 1865 2050 3459 2118; baseline 0.004 -7"><span class='ocrx_word' id='word_1_584' title='bbox 1865 2056 1992 2111; x_wconf 90' lang='lat' dir='ltr'><strong>dum</strong></span> <span class='ocrx_word' id='word_1_585' title='bbox 2026 2056 2094 2111; x_wconf 87' lang='lat' dir='ltr'><strong>ab</strong></span> <span class='ocrx_word' id='word_1_586' title='bbox 2122 2058 2311 2113; x_wconf 88' lang='lat' dir='ltr'><strong>eadem</strong></span> <span class='ocrx_word' id='word_1_587' title='bbox 2356 2070 2542 2113; x_wconf 84' lang='lat' dir='ltr'><strong>sancta</strong></span> <span class='ocrx_word' id='word_1_588' title='bbox 2576 2068 2632 2114; x_wconf 89' lang='lat' dir='ltr'><strong>et</strong></span> <span class='ocrx_word' id='word_1_589' title='bbox 2673 2060 3061 2116; x_wconf 87' lang='lat' dir='ltr'><strong>discretissima</strong></span> <span class='ocrx_word' id='word_1_590' title='bbox 3105 2050 3232 2117; x_wconf 84' lang='lat' dir='ltr'><strong>sede</strong></span> <span class='ocrx_word' id='word_1_591' title='bbox 3277 2063 3459 2118; x_wconf 78' lang='lat' dir='ltr'><strong>credi-</strong></span> 
     </span>
    </p>
   </div>
   <div class='ocr_carea' id='block_1_79' title="bbox 1866 2146 3456 2222">
    <p class='ocr_par' dir='ltr' id='par_1_79' title="bbox 1866 2146 3456 2222">
     <span class='ocr_line' id='line_1_79' title="bbox 1866 2146 3456 2222; baseline 0.004 -22"><span class='ocrx_word' id='word_1_592' title='bbox 1866 2162 2032 2201; x_wconf 91' lang='lat' dir='ltr'><strong>mus:</strong></span> <span class='ocrx_word' id='word_1_593' title='bbox 2063 2146 2186 2202; x_wconf 81' lang='lat' dir='ltr'><strong>Fiat</strong></span> <span class='ocrx_word' id='word_1_594' title='bbox 2231 2150 2325 2202; x_wconf 84' lang='lat' dir='ltr'><strong>tibi</strong></span> <span class='ocrx_word' id='word_1_595' title='bbox 2374 2151 2660 2205; x_wconf 79' lang='lat' dir='ltr'><strong>secundum</strong></span> <span class='ocrx_word' id='word_1_596' title='bbox 2704 2150 2863 2218; x_wconf 81' lang='lat' dir='ltr'><strong>ﬁdem</strong></span> <span class='ocrx_word' id='word_1_597' title='bbox 2909 2162 3053 2205; x_wconf 76' lang='lat' dir='ltr'><strong>tuam</strong></span> <span class='ocrx_word' id='word_1_598' title='bbox 3093 2152 3309 2222; x_wconf 75' lang='lat' dir='ltr'><strong>(Matth.</strong></span> <span class='ocrx_word' id='word_1_599' title='bbox 3356 2154 3456 2215; x_wconf 78' lang='lat' dir='ltr'><strong>Ix).</strong></span> 
     </span>
    </p>
   </div>
   <div class='ocr_carea' id='block_1_80' title="bbox 1866 2236 3460 2310">
    <p class='ocr_par' dir='ltr' id='par_1_80' title="bbox 1866 2236 3460 2310">
     <span class='ocr_line' id='line_1_80' title="bbox 1866 2236 3460 2310; baseline 0.003 -18"><span class='ocrx_word' id='word_1_600' title='bbox 1866 2238 1978 2292; x_wconf 87' lang='lat' dir='ltr'><strong>Et:</strong></span> <span class='ocrx_word' id='word_1_601' title='bbox 2022 2236 2107 2292; x_wconf 76' lang='lat' dir='ltr'><em>Ex</em></span> <span class='ocrx_word' id='word_1_602' title='bbox 2150 2239 2313 2294; x_wconf 78' lang='lat' dir='ltr'><strong>verbis</strong></span> <span class='ocrx_word' id='word_1_603' title='bbox 2359 2241 2463 2293; x_wconf 78' lang='lat' dir='ltr'><strong>tuis</strong></span> <span class='ocrx_word' id='word_1_604' title='bbox 2506 2240 2935 2294; x_wconf 79' lang='lat' dir='ltr'><strong>condemnaberis</strong></span> <span class='ocrx_word' id='word_1_605' title='bbox 2978 2240 3194 2310; x_wconf 70' lang='lat' dir='ltr'><strong>(Matth.</strong></span> <span class='ocrx_word' id='word_1_606' title='bbox 3230 2245 3348 2309; x_wconf 79' lang='lat' dir='ltr'><strong>xu).</strong></span> <span class='ocrx_word' id='word_1_607' title='bbox 3391 2244 3460 2297; x_wconf 77' lang='lat' dir='ltr'><strong>Et</strong></span> 
     </span>
    </p>
   </div>
   <div class='ocr_carea' id='block_1_81' title="bbox 1866 2329 3454 2400">
    <p class='ocr_par' dir='ltr' id='par_1_81' title="bbox 1866 2329 3454 2400">
     <span class='ocr_line' id='line_1_81' title="bbox 1866 2329 3454 2400; baseline 0.001 -18"><span class='ocrx_word' id='word_1_608' title='bbox 1866 2330 2009 2399; x_wconf 86' lang='lat' dir='ltr'><strong>quod</strong></span> <span class='ocrx_word' id='word_1_609' title='bbox 2051 2329 2111 2383; x_wconf 83' lang='grc' dir='ltr'><strong>Β.</strong></span> <span class='ocrx_word' id='word_1_610' title='bbox 2149 2330 2480 2400; x_wconf 84' lang='lat' dir='ltr'><strong>Augustinus</strong></span> <span class='ocrx_word' id='word_1_611' title='bbox 2525 2329 2580 2383; x_wconf 93' lang='lat' dir='ltr'><strong>in</strong></span> <span class='ocrx_word' id='word_1_612' title='bbox 2625 2344 2789 2384; x_wconf 90' lang='lat' dir='ltr'><strong>serm.</strong></span> <span class='ocrx_word' id='word_1_613' title='bbox 2835 2329 2866 2382; x_wconf 86' lang='lat'><strong>7</strong></span> <span class='ocrx_word' id='word_1_614' title='bbox 2904 2329 3179 2399; x_wconf 81' lang='lat' dir='ltr'><strong>Evangelii</strong></span> <span class='ocrx_word' id='word_1_615' title='bbox 3223 2329 3454 2386; x_wconf 74' lang='lat' dir='ltr'><strong>Joannis</strong></span> 
     </span>
    </p>
   </div>
   <div class='ocr_carea' id='block_1_82' title="bbox 1866 2418 3455 2490">
    <p class='ocr_par' dir='ltr' id='par_1_82' title="bbox 1866 2418 3455 2490">
     <span class='ocr_line' id='line_1_82' title="bbox 1866 2418 3455 2490; baseline 0.001 -17"><span class='ocrx_word' id='word_1_616' title='bbox 1866 2419 1997 2474; x_wconf 90' lang='lat' dir='ltr'><strong>dicit</strong></span> <span class='ocrx_word' id='word_1_617' title='bbox 2025 2437 2039 2473; x_wconf 91' lang='lat'><strong>:</strong></span> <span class='ocrx_word' id='word_1_618' title='bbox 2077 2437 2096 2467; x_wconf 73' lang='grc' dir='ltr'><strong>ε</strong></span> <span class='ocrx_word' id='word_1_619' title='bbox 2128 2418 2294 2483; x_wconf 82' lang='lat' dir='ltr'><strong>Juris,</strong></span> <span class='ocrx_word' id='word_1_620' title='bbox 2329 2419 2605 2488; x_wconf 89' lang='lat' dir='ltr'><strong>inquiens,</strong></span> <span class='ocrx_word' id='word_1_621' title='bbox 2635 2418 2869 2476; x_wconf 85' lang='lat' dir='ltr'><strong>forensis</strong></span> <span class='ocrx_word' id='word_1_622' title='bbox 2897 2429 3000 2483; x_wconf 90' lang='lat' dir='ltr'><strong>est,</strong></span> <span class='ocrx_word' id='word_1_623' title='bbox 3032 2420 3205 2490; x_wconf 88' lang='lat' dir='ltr'><strong>utqui</strong></span> <span class='ocrx_word' id='word_1_624' title='bbox 3242 2421 3297 2475; x_wconf 93' lang='lat' dir='ltr'><strong>in</strong></span> <span class='ocrx_word' id='word_1_625' title='bbox 3328 2437 3455 2490; x_wconf 89' lang='lat' dir='ltr'><strong>prc-</strong></span> 
     </span>
    </p>
   </div>
   <div class='ocr_carea' id='block_1_83' title="bbox 1866 2509 3460 2581">
    <p class='ocr_par' dir='ltr' id='par_1_83' title="bbox 1866 2509 3460 2581">
     <span class='ocr_line' id='line_1_83' title="bbox 1866 2509 3460 2581; baseline -0.003 -13"><span class='ocrx_word' id='word_1_626' title='bbox 1866 2512 2019 2568; x_wconf 89' lang='lat' dir='ltr'><strong>cibus</strong></span> <span class='ocrx_word' id='word_1_627' title='bbox 2047 2512 2308 2566; x_wconf 83' lang='lat' dir='ltr'><strong>mentitus</strong></span> <span class='ocrx_word' id='word_1_628' title='bbox 2334 2510 2525 2574; x_wconf 86' lang='lat' dir='ltr'><strong>fuerit,</strong></span> <span class='ocrx_word' id='word_1_629' title='bbox 2557 2526 2666 2565; x_wconf 93' lang='lat' dir='ltr'><strong>non</strong></span> <span class='ocrx_word' id='word_1_630' title='bbox 2704 2510 2780 2565; x_wconf 92' lang='lat' dir='ltr'><strong>illi</strong></span> <span class='ocrx_word' id='word_1_631' title='bbox 2817 2512 2993 2581; x_wconf 86' lang='lat' dir='ltr'><strong>prosit</strong></span> <span class='ocrx_word' id='word_1_632' title='bbox 3017 2511 3161 2580; x_wconf 83' lang='lat' dir='ltr'><strong>quod</strong></span> <span class='ocrx_word' id='word_1_633' title='bbox 3200 2509 3460 2581; x_wconf 86' lang='lat' dir='ltr'><strong>impetra-</strong></span> 
     </span>
    </p>
   </div>
   <div class='ocr_carea' id='block_1_84' title="bbox 1866 2602 3461 2673">
    <p class='ocr_par' dir='ltr' id='par_1_84' title="bbox 1866 2602 3461 2673">
     <span class='ocr_line' id='line_1_84' title="bbox 1866 2602 3461 2673; baseline -0.001 -16"><span class='ocrx_word' id='word_1_634' title='bbox 1866 2604 1967 2657; x_wconf 87' lang='lat' dir='ltr'><strong>vit.</strong></span> <span class='ocrx_word' id='word_1_635' title='bbox 1995 2602 2188 2659; x_wconf 79' lang='lat' dir='ltr'><strong>Dixisti</strong></span> <span class='ocrx_word' id='word_1_636' title='bbox 2215 2603 2360 2658; x_wconf 78' lang='lat' dir='ltr'><strong>enitn</strong></span> <span class='ocrx_word' id='word_1_637' title='bbox 2387 2603 2532 2673; x_wconf 88' lang='lat' dir='ltr'><strong>quod</strong></span> <span class='ocrx_word' id='word_1_638' title='bbox 2558 2602 2775 2658; x_wconf 90' lang='lat' dir='ltr'><strong>voluisti</strong></span> <span class='ocrx_word' id='word_1_639' title='bbox 2805 2617 2820 2656; x_wconf 90' lang='lat'><strong>:</strong></span> <span class='ocrx_word' id='word_1_640' title='bbox 2850 2612 2906 2658; x_wconf 86' lang='lat' dir='ltr'><strong>et</strong></span> <span class='ocrx_word' id='word_1_641' title='bbox 2932 2603 3017 2658; x_wconf 91' lang='lat' dir='ltr'><strong>cui</strong></span> <span class='ocrx_word' id='word_1_642' title='bbox 3046 2602 3253 2669; x_wconf 81' lang='lat' dir='ltr'><strong>dixisti,</strong></span> <span class='ocrx_word' id='word_1_643' title='bbox 3281 2602 3461 2657; x_wconf 74' lang='lat' dir='ltr'><strong>nesci-</strong></span> 
     </span>
    </p>
   </div>
   <div class='ocr_carea' id='block_1_85' title="bbox 1867 2695 3461 2760">
    <p class='ocr_par' dir='ltr' id='par_1_85' title="bbox 1867 2695 3461 2760">
     <span class='ocr_line' id='line_1_85' title="bbox 1867 2695 3461 2760; baseline -0.001 -9"><span class='ocrx_word' id='word_1_644' title='bbox 1867 2697 1947 2752; x_wconf 86' lang='lat' dir='ltr'><strong>vit</strong></span> <span class='ocrx_word' id='word_1_645' title='bbox 1970 2712 2041 2751; x_wconf 89' lang='lat' dir='ltr'><strong>au</strong></span> <span class='ocrx_word' id='word_1_646' title='bbox 2078 2711 2269 2751; x_wconf 88' lang='lat' dir='ltr'><strong>verum</strong></span> <span class='ocrx_word' id='word_1_647' title='bbox 2296 2696 2387 2751; x_wconf 90' lang='lat' dir='ltr'><strong>sit.</strong></span> <span class='ocrx_word' id='word_1_648' title='bbox 2417 2696 2632 2751; x_wconf 89' lang='lat' dir='ltr'><strong>Dimisit</strong></span> <span class='ocrx_word' id='word_1_649' title='bbox 2659 2704 2711 2751; x_wconf 89' lang='lat' dir='ltr'><strong>te</strong></span> <span class='ocrx_word' id='word_1_650' title='bbox 2746 2696 3059 2752; x_wconf 86' lang='lat' dir='ltr'><strong>adversario</strong></span> <span class='ocrx_word' id='word_1_651' title='bbox 3100 2706 3194 2752; x_wconf 92' lang='lat' dir='ltr'><strong>tuo</strong></span> <span class='ocrx_word' id='word_1_652' title='bbox 3234 2695 3461 2760; x_wconf 81' lang='lat' dir='ltr'><strong>convin-</strong></span> 
     </span>
    </p>
   </div>
   <div class='ocr_carea' id='block_1_86' title="bbox 1869 2787 3461 2859">
    <p class='ocr_par' dir='ltr' id='par_1_86' title="bbox 1869 2787 3461 2859">
     <span class='ocr_line' id='line_1_86' title="bbox 1869 2787 3461 2859; baseline -0.001 -16"><span class='ocrx_word' id='word_1_653' title='bbox 1869 2789 2134 2853; x_wconf 89' lang='lat' dir='ltr'><strong>cendum,</strong></span> <span class='ocrx_word' id='word_1_654' title='bbox 2183 2798 2243 2843; x_wconf 91' lang='lat' dir='ltr'><strong>ut</strong></span> <span class='ocrx_word' id='word_1_655' title='bbox 2291 2789 2335 2843; x_wconf 91' lang='lat' dir='ltr'><strong>si</strong></span> <span class='ocrx_word' id='word_1_656' title='bbox 2383 2796 2512 2842; x_wconf 84' lang='lat' dir='ltr'><strong>ante</strong></span> <span class='ocrx_word' id='word_1_657' title='bbox 2554 2788 2791 2859; x_wconf 80' lang='lat' dir='ltr'><strong>judicent</strong></span> <span class='ocrx_word' id='word_1_658' title='bbox 2834 2791 3123 2844; x_wconf 79' lang='lat' dir='ltr'><strong>convictus</strong></span> <span class='ocrx_word' id='word_1_659' title='bbox 3176 2787 3344 2843; x_wconf 86' lang='lat' dir='ltr'><strong>fueris</strong></span> <span class='ocrx_word' id='word_1_660' title='bbox 3392 2799 3461 2842; x_wconf 84' lang='lat' dir='ltr'><strong>de</strong></span> 
     </span>
    </p>
   </div>
   <div class='ocr_carea' id='block_1_87' title="bbox 1871 2881 3460 2952">
    <p class='ocr_par' dir='ltr' id='par_1_87' title="bbox 1871 2881 3460 2952">
     <span class='ocr_line' id='line_1_87' title="bbox 1871 2881 3460 2952; baseline 0 -18"><span class='ocrx_word' id='word_1_661' title='bbox 1871 2881 2174 2945; x_wconf 88' lang='lat' dir='ltr'><strong>mendacio,</strong></span> <span class='ocrx_word' id='word_1_662' title='bbox 2189 2881 2314 2951; x_wconf 84' lang='lat' dir='ltr'><strong>quia</strong></span> <span class='ocrx_word' id='word_1_663' title='bbox 2340 2896 2445 2935; x_wconf 92' lang='lat' dir='ltr'><strong>non</strong></span> <span class='ocrx_word' id='word_1_664' title='bbox 2466 2881 2642 2951; x_wconf 89' lang='lat' dir='ltr'><strong>potuit</strong></span> <span class='ocrx_word' id='word_1_665' title='bbox 2665 2881 2756 2936; x_wconf 90' lang='lat' dir='ltr'><strong>ille</strong></span> <span class='ocrx_word' id='word_1_666' title='bbox 2778 2881 2881 2937; x_wconf 86' lang='lat' dir='ltr'><strong>nisi</strong></span> <span class='ocrx_word' id='word_1_667' title='bbox 2904 2890 3183 2952; x_wconf 80' lang='lat' dir='ltr'><strong>praestare,</strong></span> <span class='ocrx_word' id='word_1_668' title='bbox 3208 2881 3460 2937; x_wconf 87' lang='lat' dir='ltr'><strong>nesciens</strong></span> 
     </span>
    </p>
   </div>
   <div class='ocr_carea' id='block_1_88' title="bbox 1869 2972 3456 3044">
    <p class='ocr_par' dir='ltr' id='par_1_88' title="bbox 1869 2972 3456 3044">
     <span class='ocr_line' id='line_1_88' title="bbox 1869 2972 3456 3044; baseline -0.004 -11"><span class='ocrx_word' id='word_1_669' title='bbox 1869 2990 1937 3033; x_wconf 82' lang='lat' dir='ltr'><strong>an</strong></span> <span class='ocrx_word' id='word_1_670' title='bbox 1987 2974 2157 3033; x_wconf 87' lang='lat' dir='ltr'><strong>fueris</strong></span> <span class='ocrx_word' id='word_1_671' title='bbox 2198 2976 2485 3036; x_wconf 86' lang='lat' dir='ltr'><strong>mentitus.</strong></span> <span class='ocrx_word' id='word_1_672' title='bbox 2519 2976 2591 3030; x_wconf 89' lang='lat' dir='ltr'><strong>ibi</strong></span> <span class='ocrx_word' id='word_1_673' title='bbox 2635 2991 2825 3030; x_wconf 82' lang='lat' dir='ltr'><strong>careas</strong></span> <span class='ocrx_word' id='word_1_674' title='bbox 2874 2974 3138 3030; x_wconf 78' lang='lat' dir='ltr'><strong>beneﬁcio</strong></span> <span class='ocrx_word' id='word_1_675' title='bbox 3188 2972 3456 3044; x_wconf 87' lang='lat' dir='ltr'><strong>rescripti,</strong></span> 
     </span>
    </p>
   </div>
   <div class='ocr_carea' id='block_1_89' title="bbox 1870 3062 3461 3135">
    <p class='ocr_par' dir='ltr' id='par_1_89' title="bbox 1870 3062 3461 3135">
     <span class='ocr_line' id='line_1_89' title="bbox 1870 3062 3461 3135; baseline -0.001 -18"><span class='ocrx_word' id='word_1_676' title='bbox 1870 3081 1981 3133; x_wconf 89' lang='lat' dir='ltr'><strong>quo</strong></span> <span class='ocrx_word' id='word_1_677' title='bbox 2007 3065 2306 3134; x_wconf 81' lang='lat' dir='ltr'><strong>perduxisti</strong></span> <span class='ocrx_word' id='word_1_678' title='bbox 2343 3065 2689 3134; x_wconf 88' lang='lat' dir='ltr'><strong>rescriptum.</strong></span> <span class='ocrx_word' id='word_1_679' title='bbox 2721 3085 2739 3117; x_wconf 78' lang='grc' dir='ltr'><strong>ι</strong></span> <span class='ocrx_word' id='word_1_680' title='bbox 2777 3064 2843 3120; x_wconf 85' lang='lat' dir='ltr'><strong>Et</strong></span> <span class='ocrx_word' id='word_1_681' title='bbox 2873 3065 2976 3120; x_wconf 92' lang='lat' dir='ltr'><strong>hoc</strong></span> <span class='ocrx_word' id='word_1_682' title='bbox 3012 3064 3101 3135; x_wconf 88' lang='lat' dir='ltr'><strong>jus</strong></span> <span class='ocrx_word' id='word_1_683' title='bbox 3136 3062 3190 3118; x_wconf 92' lang='lat' dir='ltr'><strong>in</strong></span> <span class='ocrx_word' id='word_1_684' title='bbox 3229 3078 3461 3132; x_wconf 88' lang='lat' dir='ltr'><strong>corpore</strong></span> 
     </span>
    </p>
   </div>
   <div class='ocr_carea' id='block_1_90' title="bbox 1872 3151 3503 3225">
    <p class='ocr_par' dir='ltr' id='par_1_90' title="bbox 1872 3151 3503 3225">
     <span class='ocr_line' id='line_1_90' title="bbox 1872 3151 3503 3225; baseline 0.001 -17"><span class='ocrx_word' id='word_1_685' title='bbox 1872 3153 1995 3209; x_wconf 89' lang='lat' dir='ltr'><strong>libri</strong></span> <span class='ocrx_word' id='word_1_686' title='bbox 2037 3155 2428 3209; x_wconf 77' lang='lat' dir='ltr'><strong>Theodosiame</strong></span> <span class='ocrx_word' id='word_1_687' title='bbox 2476 3154 2609 3225; x_wconf 88' lang='lat' dir='ltr'><strong>legis</strong></span> <span class='ocrx_word' id='word_1_688' title='bbox 2654 3154 2841 3208; x_wconf 90' lang='lat' dir='ltr'><strong>haberi</strong></span> <span class='ocrx_word' id='word_1_689' title='bbox 2880 3153 3129 3223; x_wconf 81' lang='lat' dir='ltr'><strong>legimus.</strong></span> <span class='ocrx_word' id='word_1_690' title='bbox 3168 3151 3457 3216; x_wconf 74' lang='lat' dir='ltr'><strong>Czeterum,</strong></span> <span class='ocrx_word' id='word_1_691' title='bbox 3490 3204 3503 3209; x_wconf 89' lang='lat'>_</span> 
     </span>
    </p>
   </div>
   <div class='ocr_carea' id='block_1_91' title="bbox 1870 3243 3463 3314">
    <p class='ocr_par' dir='ltr' id='par_1_91' title="bbox 1870 3243 3463 3314">
     <span class='ocr_line' id='line_1_91' title="bbox 1870 3243 3463 3314; baseline 0.001 -16"><span class='ocrx_word' id='word_1_692' title='bbox 1870 3243 2011 3298; x_wconf 89' lang='lat' dir='ltr'><strong>sicut</strong></span> <span class='ocrx_word' id='word_1_693' title='bbox 2031 3245 2099 3298; x_wconf 89' lang='lat' dir='ltr'><strong>de</strong></span> <span class='ocrx_word' id='word_1_694' title='bbox 2121 3244 2232 3298; x_wconf 91' lang='lat' dir='ltr'><strong>Deo</strong></span> <span class='ocrx_word' id='word_1_695' title='bbox 2253 3243 2641 3313; x_wconf 89' lang='lat' dir='ltr'><strong>omnipotente,</strong></span> <span class='ocrx_word' id='word_1_696' title='bbox 2671 3259 2793 3298; x_wconf 87' lang='lat' dir='ltr'><strong>cum</strong></span> <span class='ocrx_word' id='word_1_697' title='bbox 2823 3244 3006 3298; x_wconf 91' lang='lat' dir='ltr'><strong>omnia</strong></span> <span class='ocrx_word' id='word_1_698' title='bbox 3035 3243 3226 3314; x_wconf 91' lang='lat' dir='ltr'><strong>possit,</strong></span> <span class='ocrx_word' id='word_1_699' title='bbox 3251 3244 3463 3299; x_wconf 85' lang='lat' dir='ltr'><strong>scilicet</strong></span> 
     </span>
    </p>
   </div>
   <div class='ocr_carea' id='block_1_92' title="bbox 1869 3333 3473 3405">
    <p class='ocr_par' dir='ltr' id='par_1_92' title="bbox 1869 3333 3473 3405">
     <span class='ocr_line' id='line_1_92' title="bbox 1869 3333 3473 3405; baseline 0.002 -19"><span class='ocrx_word' id='word_1_700' title='bbox 1869 3347 1988 3403; x_wconf 68' lang='lat' dir='ltr'><strong>quae</strong></span> <span class='ocrx_word' id='word_1_701' title='bbox 2012 3333 2417 3403; x_wconf 80' lang='lat' dir='ltr'><strong>omnipotentiae</strong></span> <span class='ocrx_word' id='word_1_702' title='bbox 2440 3333 2583 3388; x_wconf 90' lang='lat' dir='ltr'><strong>illius</strong></span> <span class='ocrx_word' id='word_1_703' title='bbox 2609 3333 2954 3403; x_wconf 86' lang='lat' dir='ltr'><strong>conveniunt,</strong></span> <span class='ocrx_word' id='word_1_704' title='bbox 2990 3343 3136 3389; x_wconf 90' lang='lat' dir='ltr'><strong>recte</strong></span> <span class='ocrx_word' id='word_1_705' title='bbox 3163 3335 3294 3389; x_wconf 89' lang='lat' dir='ltr'><strong>dicit</strong></span> <span class='ocrx_word' id='word_1_706' title='bbox 3317 3335 3473 3405; x_wconf 77' lang='lat' dir='ltr'><strong>Apo-.</strong></span> 
     </span>
    </p>
   </div>
   <div class='ocr_carea' id='block_1_93' title="bbox 1868 3422 3460 3496">
    <p class='ocr_par' dir='ltr' id='par_1_93' title="bbox 1868 3422 3460 3496">
     <span class='ocr_line' id='line_1_93' title="bbox 1868 3422 3460 3496; baseline -0.002 -16"><span class='ocrx_word' id='word_1_707' title='bbox 1868 3425 2037 3480; x_wconf 83' lang='lat' dir='ltr'><strong>stolus</strong></span> <span class='ocrx_word' id='word_1_708' title='bbox 2067 3443 2080 3478; x_wconf 90' lang='lat'><strong>:</strong></span> <span class='ocrx_word' id='word_1_709' title='bbox 2114 3423 2357 3490; x_wconf 82' lang='lat' dir='ltr'><strong>Seipsum</strong></span> <span class='ocrx_word' id='word_1_710' title='bbox 2395 3439 2587 3495; x_wconf 81' lang='lat' dir='ltr'><strong>negare</strong></span> <span class='ocrx_word' id='word_1_711' title='bbox 2621 3439 2725 3476; x_wconf 84' lang='lat' dir='ltr'><strong>non</strong></span> <span class='ocrx_word' id='word_1_712' title='bbox 2764 3433 2931 3493; x_wconf 77' lang='lat' dir='ltr'><strong>potest</strong></span> <span class='ocrx_word' id='word_1_713' title='bbox 2967 3422 3053 3494; x_wconf 86' lang='lat' dir='ltr'><strong>(II</strong></span> <span class='ocrx_word' id='word_1_714' title='bbox 3080 3422 3216 3478; x_wconf 86' lang='lat' dir='ltr'><strong>Tim.</strong></span> <span class='ocrx_word' id='word_1_715' title='bbox 3247 3424 3308 3496; x_wconf 88' lang='grc' dir='ltr'>ιι)</span> <span class='ocrx_word' id='word_1_716' title='bbox 3338 3442 3350 3477; x_wconf 87' lang='lat'><strong>:</strong></span> <span class='ocrx_word' id='word_1_717' title='bbox 3386 3425 3460 3478; x_wconf 88' lang='lat' dir='ltr'><strong>ita</strong></span> 
     </span>
    </p>
   </div>
   <div class='ocr_carea' id='block_1_94' title="bbox 1868 3513 3457 3583">
    <p class='ocr_par' dir='ltr' id='par_1_94' title="bbox 1868 3513 3457 3583">
     <span class='ocr_line' id='line_1_94' title="bbox 1868 3513 3457 3583; baseline -0.004 -11"><span class='ocrx_word' id='word_1_718' title='bbox 1868 3525 1925 3572; x_wconf 88' lang='lat' dir='ltr'><strong>et</strong></span> <span class='ocrx_word' id='word_1_719' title='bbox 1949 3531 2048 3571; x_wconf 91' lang='lat' dir='ltr'><strong>nos</strong></span> <span class='ocrx_word' id='word_1_720' title='bbox 2075 3517 2143 3571; x_wconf 92' lang='lat' dir='ltr'><strong>de</strong></span> <span class='ocrx_word' id='word_1_721' title='bbox 2173 3516 2261 3570; x_wconf 92' lang='lat' dir='ltr'><strong>illa</strong></span> <span class='ocrx_word' id='word_1_722' title='bbox 2291 3524 2482 3570; x_wconf 87' lang='lat' dir='ltr'><strong>sancta</strong></span> <span class='ocrx_word' id='word_1_723' title='bbox 2524 3514 2654 3568; x_wconf 87' lang='lat' dir='ltr'><strong>sede</strong></span> <span class='ocrx_word' id='word_1_724' title='bbox 2695 3514 2961 3578; x_wconf 89' lang='lat' dir='ltr'><strong>dicimus,</strong></span> <span class='ocrx_word' id='word_1_725' title='bbox 3007 3514 3134 3582; x_wconf 89' lang='lat' dir='ltr'><strong>quia</strong></span> <span class='ocrx_word' id='word_1_726' title='bbox 3183 3513 3286 3569; x_wconf 88' lang='lat' dir='ltr'><strong>sibi</strong></span> <span class='ocrx_word' id='word_1_727' title='bbox 3335 3513 3457 3583; x_wconf 87' lang='lat' dir='ltr'><strong>ipsi,</strong></span> 
     </span>
    </p>
   </div>
   <div class='ocr_carea' id='block_1_95' title="bbox 1866 3604 3457 3679">
    <p class='ocr_par' dir='ltr' id='par_1_95' title="bbox 1866 3604 3457 3679">
     <span class='ocr_line' id='line_1_95' title="bbox 1866 3604 3457 3679; baseline -0.003 -17"><span class='ocrx_word' id='word_1_728' title='bbox 1866 3606 2171 3679; x_wconf 58' lang='lat' dir='ltr'><strong>praesertim</strong></span> <span class='ocrx_word' id='word_1_729' title='bbox 2202 3610 2255 3660; x_wconf 86' lang='lat' dir='ltr'><strong>in</strong></span> <span class='ocrx_word' id='word_1_730' title='bbox 2283 3616 2392 3667; x_wconf 89' lang='lat' dir='ltr'><strong>tam</strong></span> <span class='ocrx_word' id='word_1_731' title='bbox 2417 3604 2876 3659; x_wconf 87' lang='lat' dir='ltr'><strong>manifestissimis</strong></span> <span class='ocrx_word' id='word_1_732' title='bbox 2897 3612 2951 3658; x_wconf 90' lang='lat' dir='ltr'><strong>et</strong></span> <span class='ocrx_word' id='word_1_733' title='bbox 2981 3605 3235 3659; x_wconf 78' lang='lat' dir='ltr'><strong>maximis</strong></span> <span class='ocrx_word' id='word_1_734' title='bbox 3256 3606 3457 3667; x_wconf 79' lang='lat' dir='ltr'><strong>causis,</strong></span> 
     </span>
    </p>
   </div>
   <div class='ocr_carea' id='block_1_96' title="bbox 1868 3696 3461 3766">
    <p class='ocr_par' dir='ltr' id='par_1_96' title="bbox 1868 3696 3461 3766">
     <span class='ocr_line' id='line_1_96' title="bbox 1868 3696 3461 3766; baseline -0.001 -14"><span class='ocrx_word' id='word_1_735' title='bbox 1868 3707 1923 3752; x_wconf 90' lang='lat' dir='ltr'><strong>et</strong></span> <span class='ocrx_word' id='word_1_736' title='bbox 1948 3697 2198 3751; x_wconf 67' lang='lat' dir='ltr'><strong>humana:</strong></span> <span class='ocrx_word' id='word_1_737' title='bbox 2233 3697 2621 3766; x_wconf 88' lang='lat' dir='ltr'><strong>redemptionis</strong></span> <span class='ocrx_word' id='word_1_738' title='bbox 2661 3704 2824 3764; x_wconf 87' lang='lat' dir='ltr'><strong>atque</strong></span> <span class='ocrx_word' id='word_1_739' title='bbox 2862 3696 3054 3750; x_wconf 83' lang='lat' dir='ltr'><strong>salutis</strong></span> <span class='ocrx_word' id='word_1_740' title='bbox 3095 3696 3461 3766; x_wconf 76' lang='lat' dir='ltr'><strong>singularibus</strong></span> 
     </span>
    </p>
   </div>
   <div class='ocr_carea' id='block_1_97' title="bbox 1867 3787 3459 3860">
    <p class='ocr_par' dir='ltr' id='par_1_97' title="bbox 1867 3787 3459 3860">
     <span class='ocr_line' id='line_1_97' title="bbox 1867 3787 3459 3860; baseline -0.002 -16"><span class='ocrx_word' id='word_1_741' title='bbox 1867 3789 2155 3860; x_wconf 77' lang='lat' dir='ltr'><strong>prtesidiis,</strong></span> <span class='ocrx_word' id='word_1_742' title='bbox 2181 3788 2455 3843; x_wconf 88' lang='lat' dir='ltr'><strong>contraria</strong></span> <span class='ocrx_word' id='word_1_743' title='bbox 2486 3787 2632 3841; x_wconf 91' lang='lat' dir='ltr'><strong>nullo</strong></span> <span class='ocrx_word' id='word_1_744' title='bbox 2662 3787 2822 3843; x_wconf 90' lang='lat' dir='ltr'><strong>modo</strong></span> <span class='ocrx_word' id='word_1_745' title='bbox 2857 3802 2977 3843; x_wconf 89' lang='lat' dir='ltr'><strong>esse</strong></span> <span class='ocrx_word' id='word_1_746' title='bbox 3010 3797 3187 3857; x_wconf 90' lang='lat' dir='ltr'><strong>potest</strong></span> <span class='ocrx_word' id='word_1_747' title='bbox 3213 3806 3225 3841; x_wconf 90' lang='lat'>:</span> <span class='ocrx_word' id='word_1_748' title='bbox 3258 3796 3312 3843; x_wconf 90' lang='lat' dir='ltr'><strong>et</strong></span> <span class='ocrx_word' id='word_1_749' title='bbox 3338 3803 3459 3857; x_wconf 73' lang='lat' dir='ltr'><strong>qua:</strong></span> 
     </span>
    </p>
   </div>
   <div class='ocr_carea' id='block_1_98' title="bbox 1868 3880 3458 3952">
    <p class='ocr_par' dir='ltr' id='par_1_98' title="bbox 1868 3880 3458 3952">
     <span class='ocr_line' id='line_1_98' title="bbox 1868 3880 3458 3952; baseline -0.001 -15"><span class='ocrx_word' id='word_1_750' title='bbox 1868 3882 2164 3937; x_wconf 88' lang='lat' dir='ltr'><strong>secundum</strong></span> <span class='ocrx_word' id='word_1_751' title='bbox 2210 3880 2956 3950; x_wconf 69' lang='lat' dir='ltr'><strong>evangelicamxveritalem,</strong></span> <span class='ocrx_word' id='word_1_752' title='bbox 3005 3890 3057 3935; x_wconf 90' lang='lat' dir='ltr'><strong>et</strong></span> <span class='ocrx_word' id='word_1_753' title='bbox 3105 3880 3458 3952; x_wconf 77' lang='lat' dir='ltr'><strong>apostolicam</strong></span> 
     </span>
    </p>
   </div>
   <div class='ocr_carea' id='block_1_99' title="bbox 1870 3971 3461 4043">
    <p class='ocr_par' dir='ltr' id='par_1_99' title="bbox 1870 3971 3461 4043">
     <span class='ocr_line' id='line_1_99' title="bbox 1870 3971 3461 4043; baseline -0.001 -16"><span class='ocrx_word' id='word_1_754' title='bbox 1870 3973 2253 4035; x_wconf 87' lang='lat' dir='ltr'><strong>traditionem,</strong></span> <span class='ocrx_word' id='word_1_755' title='bbox 2281 3984 2446 4043; x_wconf 87' lang='lat' dir='ltr'><strong>atque</strong></span> <span class='ocrx_word' id='word_1_756' title='bbox 2472 3971 2788 4027; x_wconf 88' lang='lat' dir='ltr'><strong>canonicam</strong></span> <span class='ocrx_word' id='word_1_757' title='bbox 2815 3972 3192 4028; x_wconf 86' lang='lat' dir='ltr'><strong>auctoritatem</strong></span> <span class='ocrx_word' id='word_1_758' title='bbox 3212 4012 3228 4038; x_wconf 96' lang='lat'><strong>,</strong></span> <span class='ocrx_word' id='word_1_759' title='bbox 3252 3988 3348 4041; x_wconf 89' lang='lat' dir='ltr'><strong>per</strong></span> <span class='ocrx_word' id='word_1_760' title='bbox 3374 3972 3461 4027; x_wconf 85' lang='lat' dir='ltr'><strong>Si-</strong></span> 
     </span>
    </p>
   </div>
   <div class='ocr_carea' id='block_1_100' title="bbox 1868 4063 3460 4131">
    <p class='ocr_par' dir='ltr' id='par_1_100' title="bbox 1868 4063 3460 4131">
     <span class='ocr_line' id='line_1_100' title="bbox 1868 4063 3460 4131; baseline -0.001 -10"><span class='ocrx_word' id='word_1_761' title='bbox 1868 4067 2084 4131; x_wconf 88' lang='lat' dir='ltr'><strong>ricium,</strong></span> <span class='ocrx_word' id='word_1_762' title='bbox 2114 4066 2513 4130; x_wconf 86' lang='lat' dir='ltr'><strong>Innocentium,</strong></span> <span class='ocrx_word' id='word_1_763' title='bbox 2541 4063 2928 4131; x_wconf 63' lang='lat' dir='ltr'><strong>Caelestinum,</strong></span> <span class='ocrx_word' id='word_1_764' title='bbox 2967 4065 3202 4121; x_wconf 89' lang='lat' dir='ltr'><strong>Leonem</strong></span> <span class='ocrx_word' id='word_1_765' title='bbox 3238 4065 3460 4121; x_wconf 81' lang='lat' dir='ltr'><strong>irrefra-</strong></span> 
     </span>
    </p>
   </div>
   <div class='ocr_carea' id='block_1_101' title="bbox 1868 4155 3461 4229">
    <p class='ocr_par' dir='ltr' id='par_1_101' title="bbox 1868 4155 3461 4229">
     <span class='ocr_line' id='line_1_101' title="bbox 1868 4155 3461 4229; baseline 0 -17"><span class='ocrx_word' id='word_1_766' title='bbox 1868 4157 2116 4229; x_wconf 87' lang='lat' dir='ltr'><strong>gabiliter</strong></span> <span class='ocrx_word' id='word_1_767' title='bbox 2160 4158 2484 4221; x_wconf 88' lang='lat' dir='ltr'><strong>constituit,</strong></span> <span class='ocrx_word' id='word_1_768' title='bbox 2536 4155 2797 4228; x_wconf 81' lang='lat' dir='ltr'><strong>refragari</strong></span> <span class='ocrx_word' id='word_1_769' title='bbox 2846 4172 2877 4210; x_wconf 90' lang='lat' dir='ltr'><strong>a</strong></span> <span class='ocrx_word' id='word_1_770' title='bbox 2919 4172 3191 4227; x_wconf 89' lang='lat' dir='ltr'><strong>quoquam</strong></span> <span class='ocrx_word' id='word_1_771' title='bbox 3240 4158 3461 4228; x_wconf 89' lang='lat' dir='ltr'><strong>impune</strong></span> 
     </span>
    </p>
   </div>
   <div class='ocr_carea' id='block_1_102' title="bbox 1867 4247 3458 4319">
    <p class='ocr_par' dir='ltr' id='par_1_102' title="bbox 1867 4247 3458 4319">
     <span class='ocr_line' id='line_1_102' title="bbox 1867 4247 3458 4319; baseline -0.002 -15"><span class='ocrx_word' id='word_1_772' title='bbox 1867 4250 2011 4304; x_wconf 85' lang='lat' dir='ltr'><strong>nulla</strong></span> <span class='ocrx_word' id='word_1_773' title='bbox 2052 4249 2261 4304; x_wconf 88' lang='lat' dir='ltr'><strong>ratione</strong></span> <span class='ocrx_word' id='word_1_774' title='bbox 2304 4249 2557 4303; x_wconf 88' lang='lat' dir='ltr'><strong>dimittet.</strong></span> <span class='ocrx_word' id='word_1_775' title='bbox 2591 4247 2760 4319; x_wconf 81' lang='lat' dir='ltr'><strong>Cujus</strong></span> <span class='ocrx_word' id='word_1_776' title='bbox 2800 4247 3056 4313; x_wconf 88' lang='lat' dir='ltr'><strong>interest,</strong></span> <span class='ocrx_word' id='word_1_777' title='bbox 3100 4248 3239 4302; x_wconf 89' lang='lat' dir='ltr'><strong>sicut</strong></span> <span class='ocrx_word' id='word_1_778' title='bbox 3286 4247 3458 4302; x_wconf 89' lang='lat' dir='ltr'><strong>isdem</strong></span> 
     </span>
    </p>
   </div>
   <div class='ocr_carea' id='block_1_103' title="bbox 1868 4336 3457 4402">
    <p class='ocr_par' dir='ltr' id='par_1_103' title="bbox 1868 4336 3457 4402">
     <span class='ocr_line' id='line_1_103' title="bbox 1868 4336 3457 4402; baseline -0.003 -8"><span class='ocrx_word' id='word_1_779' title='bbox 1868 4340 2038 4395; x_wconf 86' lang='lat' dir='ltr'><strong>frater</strong></span> <span class='ocrx_word' id='word_1_780' title='bbox 2063 4339 2389 4395; x_wconf 83' lang='lat' dir='ltr'><strong>ﬂiucmarus</strong></span> <span class='ocrx_word' id='word_1_781' title='bbox 2417 4337 2626 4402; x_wconf 88' lang='lat' dir='ltr'><strong>scribit,</strong></span> <span class='ocrx_word' id='word_1_782' title='bbox 2660 4356 2679 4388; x_wconf 77' lang='grc' dir='ltr'><strong>ι</strong></span> <span class='ocrx_word' id='word_1_783' title='bbox 2708 4338 2774 4392; x_wconf 92' lang='lat' dir='ltr'><strong>de</strong></span> <span class='ocrx_word' id='word_1_784' title='bbox 2802 4336 2890 4390; x_wconf 87' lang='lat' dir='ltr'><strong>illa</strong></span> <span class='ocrx_word' id='word_1_785' title='bbox 2918 4352 2948 4389; x_wconf 87' lang='lat' dir='ltr'><strong>a</strong></span> <span class='ocrx_word' id='word_1_786' title='bbox 2977 4352 3036 4390; x_wconf 89' lang='lat' dir='ltr'><strong>se</strong></span> <span class='ocrx_word' id='word_1_787' title='bbox 3064 4336 3204 4391; x_wconf 86' lang='lat' dir='ltr'><strong>facta</strong></span> <span class='ocrx_word' id='word_1_788' title='bbox 3235 4351 3457 4392; x_wconf 75' lang='lat' dir='ltr'><strong>excom-</strong></span> 
     </span>
    </p>
   </div>
   <div class='ocr_carea' id='block_1_104' title="bbox 1866 4429 3457 4500">
    <p class='ocr_par' dir='ltr' id='par_1_104' title="bbox 1866 4429 3457 4500">
     <span class='ocr_line' id='line_1_104' title="bbox 1866 4429 3457 4500; baseline -0.002 -13"><span class='ocrx_word' id='word_1_789' title='bbox 1866 4432 2234 4488; x_wconf 85' lang='lat' dir='ltr'><strong>municatione</strong></span> <span class='ocrx_word' id='word_1_790' title='bbox 2257 4430 2541 4500; x_wconf 86' lang='lat' dir='ltr'><strong>judicare,</strong></span> <span class='ocrx_word' id='word_1_791' title='bbox 2576 4438 2631 4486; x_wconf 92' lang='lat' dir='ltr'><strong>et</strong></span> <span class='ocrx_word' id='word_1_792' title='bbox 2657 4431 2724 4486; x_wconf 86' lang='lat' dir='ltr'><strong>de</strong></span> <span class='ocrx_word' id='word_1_793' title='bbox 2757 4445 2876 4485; x_wconf 90' lang='lat' dir='ltr'><strong>mea</strong></span> <span class='ocrx_word' id='word_1_794' title='bbox 2908 4429 3239 4485; x_wconf 89' lang='lat' dir='ltr'><strong>resolutione</strong></span> <span class='ocrx_word' id='word_1_795' title='bbox 3265 4433 3457 4488; x_wconf 85' lang='lat' dir='ltr'><strong>decer-</strong></span> 
     </span>
    </p>
   </div>
   <div class='ocr_carea' id='block_1_105' title="bbox 1870 4537 2071 4578">
    <p class='ocr_par' dir='ltr' id='par_1_105' title="bbox 1870 4537 2071 4578">
     <span class='ocr_line' id='line_1_105' title="bbox 1870 4537 2071 4578; baseline -0.03 -1"><span class='ocrx_word' id='word_1_796' title='bbox 1870 4537 2019 4578; x_wconf 89' lang='lat' dir='ltr'><strong>nere.</strong></span> <span class='ocrx_word' id='word_1_797' title='bbox 2052 4539 2071 4572; x_wconf 67' lang='grc' dir='ltr'><strong>ι</strong></span> 
     </span>
    </p>
   </div>
   <div class='ocr_carea' id='block_1_106' title="bbox 1944 4605 3456 4672">
    <p class='ocr_par' dir='ltr' id='par_1_106' title="bbox 1944 4605 3456 4672">
     <span class='ocr_line' id='line_1_106' title="bbox 1944 4605 3456 4672; baseline 0.002 -10"><span class='ocrx_word' id='word_1_798' title='bbox 1944 4611 2366 4672; x_wconf 82' lang='lat' dir='ltr'><strong>Verumtamen,</strong></span> <span class='ocrx_word' id='word_1_799' title='bbox 2414 4609 2565 4663; x_wconf 84' lang='lat' dir='ltr'><strong>sicut</strong></span> <span class='ocrx_word' id='word_1_800' title='bbox 2597 4622 2667 4663; x_wconf 77' lang='lat' dir='ltr'><strong>ex</strong></span> <span class='ocrx_word' id='word_1_801' title='bbox 2715 4606 2928 4662; x_wconf 86' lang='lat' dir='ltr'><strong>concilii</strong></span> <span class='ocrx_word' id='word_1_802' title='bbox 2981 4605 3322 4665; x_wconf 89' lang='lat' dir='ltr'><strong>Sardiceusis</strong></span> <span class='ocrx_word' id='word_1_803' title='bbox 3364 4625 3456 4665; x_wconf 78' lang='lat' dir='ltr'><strong>za-</strong></span> 
     </span>
    </p>
   </div>
   <div class='ocr_carea' id='block_1_107' title="bbox 1869 4695 3454 4771">
    <p class='ocr_par' dir='ltr' id='par_1_107' title="bbox 1869 4695 3454 4771">
     <span class='ocr_line' id='line_1_107' title="bbox 1869 4695 3454 4771; baseline 0 -16"><span class='ocrx_word' id='word_1_804' title='bbox 1869 4700 2108 4757; x_wconf 88' lang='lat' dir='ltr'><strong>nonibus</strong></span> <span class='ocrx_word' id='word_1_805' title='bbox 2145 4698 2247 4754; x_wconf 88' lang='lat' dir='ltr'><strong>SS.</strong></span> <span class='ocrx_word' id='word_1_806' title='bbox 2294 4698 2672 4762; x_wconf 89' lang='lat' dir='ltr'><strong>Innocentius,</strong></span> <span class='ocrx_word' id='word_1_807' title='bbox 2713 4695 3054 4763; x_wconf 85' lang='lat' dir='ltr'><strong>Bonifacius,</strong></span> <span class='ocrx_word' id='word_1_808' title='bbox 3089 4705 3145 4753; x_wconf 91' lang='lat' dir='ltr'><strong>et</strong></span> <span class='ocrx_word' id='word_1_809' title='bbox 3178 4697 3289 4756; x_wconf 88' lang='lat' dir='ltr'><strong>Leo</strong></span> <span class='ocrx_word' id='word_1_810' title='bbox 3328 4715 3454 4771; x_wconf 87' lang='lat' dir='ltr'><strong>pro-</strong></span> 
     </span>
    </p>
   </div>
   <div class='ocr_carea' id='block_1_108' title="bbox 1870 4787 3455 4861">
    <p class='ocr_par' dir='ltr' id='par_1_108' title="bbox 1870 4787 3455 4861">
     <span class='ocr_line' id='line_1_108' title="bbox 1870 4787 3455 4861; baseline 0.001 -16"><span class='ocrx_word' id='word_1_811' title='bbox 1870 4790 2283 4861; x_wconf 80' lang='lat' dir='ltr'><strong>mulgaverunt,</strong></span> <span class='ocrx_word' id='word_1_812' title='bbox 2334 4789 2487 4858; x_wconf 91' lang='lat' dir='ltr'><strong>prius</strong></span> <span class='ocrx_word' id='word_1_813' title='bbox 2531 4787 2765 4854; x_wconf 87' lang='lat' dir='ltr'><strong>majores</strong></span> <span class='ocrx_word' id='word_1_814' title='bbox 2801 4801 3197 4859; x_wconf 79' lang='lat' dir='ltr'><strong>causas,,qu.&#39;e</strong></span> <span class='ocrx_word' id='word_1_815' title='bbox 3239 4792 3306 4846; x_wconf 90' lang='lat' dir='ltr'><strong>ad</strong></span> <span class='ocrx_word' id='word_1_816' title='bbox 3345 4800 3455 4846; x_wconf 86' lang='lat' dir='ltr'><strong>sta-</strong></span> 
     </span>
    </p>
   </div>
   <div class='ocr_carea' id='block_1_109' title="bbox 1872 4877 3451 4948">
    <p class='ocr_par' dir='ltr' id='par_1_109' title="bbox 1872 4877 3451 4948">
     <span class='ocr_line' id='line_1_109' title="bbox 1872 4877 3451 4948; baseline -0.002 -11"><span class='ocrx_word' id='word_1_817' title='bbox 1872 4890 1984 4937; x_wconf 92' lang='lat' dir='ltr'><strong>tum</strong></span> <span class='ocrx_word' id='word_1_818' title='bbox 2012 4881 2397 4944; x_wconf 82' lang='lat' dir='ltr'><strong>Ecclesiarum,</strong></span> <span class='ocrx_word' id='word_1_819' title='bbox 2421 4888 2477 4933; x_wconf 90' lang='lat' dir='ltr'><strong>et</strong></span> <span class='ocrx_word' id='word_1_820' title='bbox 2502 4879 2568 4934; x_wconf 84' lang='lat' dir='ltr'><strong>ad</strong></span> <span class='ocrx_word' id='word_1_821' title='bbox 2594 4877 2941 4933; x_wconf 90' lang='lat' dir='ltr'><strong>concordiam</strong></span> <span class='ocrx_word' id='word_1_822' title='bbox 2968 4880 3240 4948; x_wconf 89' lang='lat' dir='ltr'><strong>pertinent</strong></span> <span class='ocrx_word' id='word_1_823' title='bbox 3265 4894 3451 4935; x_wconf 86' lang='lat' dir='ltr'><strong>sacer-</strong></span> 
     </span>
    </p>
   </div>
   <div class='ocr_carea' id='block_1_110' title="bbox 1870 4971 3472 5044">
    <p class='ocr_par' dir='ltr' id='par_1_110' title="bbox 1870 4971 3472 5044">
     <span class='ocr_line' id='line_1_110' title="bbox 1870 4971 3472 5044; baseline -0.002 -14"><span class='ocrx_word' id='word_1_824' title='bbox 1870 4975 2080 5040; x_wconf 90' lang='lat' dir='ltr'><strong>dotum,</strong></span> <span class='ocrx_word' id='word_1_825' title='bbox 2108 4974 2248 5044; x_wconf 89' lang='lat' dir='ltr'><strong>apud</strong></span> <span class='ocrx_word' id='word_1_826' title='bbox 2275 4987 2396 5038; x_wconf 86' lang='lat' dir='ltr'><strong>nos,</strong></span> <span class='ocrx_word' id='word_1_827' title='bbox 2430 4972 2530 5027; x_wconf 90' lang='lat' dir='ltr'><strong>sub</strong></span> <span class='ocrx_word' id='word_1_828' title='bbox 2560 4971 2751 5026; x_wconf 90' lang='lat' dir='ltr'><strong>timore</strong></span> <span class='ocrx_word' id='word_1_829' title='bbox 2782 4971 3016 5039; x_wconf 90' lang='lat' dir='ltr'><strong>Domini,</strong></span> <span class='ocrx_word' id='word_1_830' title='bbox 3045 4972 3297 5027; x_wconf 87' lang='lat' dir='ltr'><strong>convenit</strong></span> <span class='ocrx_word' id='word_1_831' title='bbox 3324 4987 3472 5026; x_wconf 62' lang='lat' dir='ltr'><strong>ven-»</strong></span> 
     </span>
    </p>
   </div>
   <div class='ocr_carea' id='block_1_111' title="bbox 1868 5061 3455 5135">
    <p class='ocr_par' dir='ltr' id='par_1_111' title="bbox 1868 5061 3455 5135">
     <span class='ocr_line' id='line_1_111' title="bbox 1868 5061 3455 5135; baseline -0.003 -14"><span class='ocrx_word' id='word_1_832' title='bbox 1868 5068 2041 5132; x_wconf 89' lang='lat' dir='ltr'><strong>tilari;</strong></span> <span class='ocrx_word' id='word_1_833' title='bbox 2072 5076 2129 5122; x_wconf 92' lang='lat' dir='ltr'><strong>et</strong></span> <span class='ocrx_word' id='word_1_834' title='bbox 2152 5066 2218 5121; x_wconf 88' lang='lat' dir='ltr'><strong>de</strong></span> <span class='ocrx_word' id='word_1_835' title='bbox 2241 5062 2648 5133; x_wconf 89' lang='lat' dir='ltr'><strong>componendis.</strong></span> <span class='ocrx_word' id='word_1_836' title='bbox 2674 5077 2794 5135; x_wconf 68' lang='lat' dir='ltr'><strong>quae</strong></span> <span class='ocrx_word' id='word_1_837' title='bbox 2825 5061 2963 5117; x_wconf 84' lang='lat' dir='ltr'><strong>forte</strong></span> <span class='ocrx_word' id='word_1_838' title='bbox 2989 5072 3173 5116; x_wconf 91' lang='lat' dir='ltr'><strong>nostro</strong></span> <span class='ocrx_word' id='word_1_839' title='bbox 3199 5062 3455 5129; x_wconf 85' lang='lat' dir='ltr'><strong>nequive-</strong></span> 
     </span>
    </p>
   </div>
   <div class='ocr_carea' id='block_1_112' title="bbox 1868 5156 3477 5229">
    <p class='ocr_par' dir='ltr' id='par_1_112' title="bbox 1868 5156 3477 5229">
     <span class='ocr_line' id='line_1_112' title="bbox 1868 5156 3477 5229; baseline -0.002 -13"><span class='ocrx_word' id='word_1_840' title='bbox 1868 5161 1978 5216; x_wconf 91' lang='lat' dir='ltr'><strong>rint</strong></span> <span class='ocrx_word' id='word_1_841' title='bbox 2008 5161 2172 5229; x_wconf 87' lang='lat' dir='ltr'><strong>s0piri</strong></span> <span class='ocrx_word' id='word_1_842' title='bbox 2201 5159 2435 5229; x_wconf 83' lang='lat' dir='ltr'><strong>judicio;</strong></span> <span class='ocrx_word' id='word_1_843' title='bbox 2488 5167 2542 5213; x_wconf 88' lang='lat' dir='ltr'><strong>et</strong></span> <span class='ocrx_word' id='word_1_844' title='bbox 2575 5158 2642 5212; x_wconf 90' lang='lat' dir='ltr'><strong>de</strong></span> <span class='ocrx_word' id='word_1_845' title='bbox 2665 5156 2871 5226; x_wconf 84' lang='lat' dir='ltr'><strong>judicio</strong></span> <span class='ocrx_word' id='word_1_846' title='bbox 2910 5165 3095 5211; x_wconf 86' lang='lat' dir='ltr'><strong>nostro</strong></span> <span class='ocrx_word' id='word_1_847' title='bbox 3140 5157 3477 5225; x_wconf 73' lang='lat' dir='ltr'><strong>compasitis</strong></span> 
     </span>
    </p>
   </div>
   <div class='ocr_carea' id='block_1_113' title="bbox 1866 5248 3471 5323">
    <p class='ocr_par' dir='ltr' id='par_1_113' title="bbox 1866 5248 3471 5323">
     <span class='ocr_line' id='line_1_113' title="bbox 1866 5248 3471 5323; baseline -0.001 -17"><span class='ocrx_word' id='word_1_848' title='bbox 1866 5262 1989 5323; x_wconf 90' lang='lat' dir='ltr'><strong>post</strong></span> <span class='ocrx_word' id='word_1_849' title='bbox 2006 5252 2266 5322; x_wconf 83' lang='lat' dir='ltr'><strong>judicium</strong></span> <span class='ocrx_word' id='word_1_850' title='bbox 2293 5258 2506 5320; x_wconf 83' lang='lat' dir='ltr'><strong>cpurtet</strong></span> <span class='ocrx_word' id='word_1_851' title='bbox 2545 5251 2611 5303; x_wconf 88' lang='lat' dir='ltr'><strong>ad</strong></span> <span class='ocrx_word' id='word_1_852' title='bbox 2644 5249 2825 5305; x_wconf 85' lang='lat' dir='ltr'><strong>sedem</strong></span> <span class='ocrx_word' id='word_1_853' title='bbox 2857 5248 3206 5318; x_wconf 88' lang='lat' dir='ltr'><strong>apostolicam</strong></span> <span class='ocrx_word' id='word_1_854' title='bbox 3235 5248 3471 5317; x_wconf 85' lang='lat' dir='ltr'><strong>plenam.</strong></span> 
     </span>
    </p>
   </div>
   <div class='ocr_carea' id='block_1_114' title="bbox 1867 5338 3475 5417">
    <p class='ocr_par' dir='ltr' id='par_1_114' title="bbox 1867 5338 3475 5417">
     <span class='ocr_line' id='line_1_114' title="bbox 1867 5338 3475 5417; baseline -0.003 -19"><span class='ocrx_word' id='word_1_855' title='bbox 1867 5343 2129 5398; x_wconf 88' lang='lat' dir='ltr'><strong>rationem</strong></span> <span class='ocrx_word' id='word_1_856' title='bbox 2162 5342 2459 5407; x_wconf 39' lang='lat' dir='ltr'><strong>transmitti.</strong></span> <span class='ocrx_word' id='word_1_857' title='bbox 2487 5357 2502 5397; x_wconf 87' lang='lat'><strong>:</strong></span> <span class='ocrx_word' id='word_1_858' title='bbox 2530 5350 2683 5395; x_wconf 89' lang='lat' dir='ltr'><strong>utea</strong></span> <span class='ocrx_word' id='word_1_859' title='bbox 2711 5355 2828 5409; x_wconf 81' lang='lat' dir='ltr'><strong>quae</strong></span> <span class='ocrx_word' id='word_1_860' title='bbox 2849 5338 3001 5406; x_wconf 82' lang='lat' dir='ltr'><strong>juxta</strong></span> <span class='ocrx_word' id='word_1_861' title='bbox 3022 5339 3475 5417; x_wconf 77' lang='lat' dir='ltr'><strong>ecclesiasticum.</strong></span> 
     </span>
    </p>
   </div>
   <div class='ocr_carea' id='block_1_115' title="bbox 1869 5428 3477 5506">
    <p class='ocr_par' dir='ltr' id='par_1_115' title="bbox 1869 5428 3477 5506">
     <span class='ocr_line' id='line_1_115' title="bbox 1869 5428 3477 5506; baseline -0.007 -13"><span class='ocrx_word' id='word_1_862' title='bbox 1869 5450 2077 5493; x_wconf 87' lang='lat' dir='ltr'><strong>morem</strong></span> <span class='ocrx_word' id='word_1_863' title='bbox 2096 5433 2244 5503; x_wconf 88' lang='lat' dir='ltr'><strong>jnste</strong></span> <span class='ocrx_word' id='word_1_864' title='bbox 2270 5442 2326 5488; x_wconf 90' lang='lat' dir='ltr'><strong>ct</strong></span> <span class='ocrx_word' id='word_1_865' title='bbox 2355 5432 2748 5500; x_wconf 75' lang='lat' dir='ltr'><strong>rationabiliter</strong></span> <span class='ocrx_word' id='word_1_866' title='bbox 2776 5431 2919 5506; x_wconf 71' lang='lat' dir='ltr'><strong>apud</strong></span> <span class='ocrx_word' id='word_1_867' title='bbox 2960 5444 3064 5497; x_wconf 81' lang='lat' dir='ltr'><strong>nos</strong></span> <span class='ocrx_word' id='word_1_868' title='bbox 3095 5428 3293 5489; x_wconf 83' lang='lat' dir='ltr'><strong>fuerint</strong></span> <span class='ocrx_word' id='word_1_869' title='bbox 3316 5428 3477 5497; x_wconf 51' lang='lat' dir='ltr'><strong>tliﬂi-.</strong></span> 
     </span>
    </p>
   </div>
   <div class='ocr_carea' id='block_1_116' title="bbox 1868 5508 3543 5602">
    <p class='ocr_par' dir='ltr' id='par_1_116' title="bbox 1868 5508 3543 5602">
     <span class='ocr_line' id='line_1_116' title="bbox 1868 5508 3543 5602; baseline -0.008 -14"><span class='ocrx_word' id='word_1_870' title='bbox 1868 5534 2004 5596; x_wconf 82' lang='lat' dir='ltr'><strong>uita,</strong></span> <span class='ocrx_word' id='word_1_871' title='bbox 2039 5532 2205 5602; x_wconf 91' lang='lat' dir='ltr'><strong>ipsius</strong></span> <span class='ocrx_word' id='word_1_872' title='bbox 2243 5528 2553 5599; x_wconf 69' lang='lat' dir='ltr'><strong>apostolicae</strong></span> <span class='ocrx_word' id='word_1_873' title='bbox 2601 5508 3055 5593; x_wconf 30' lang='lat' dir='ltr'><strong>Sedis&#39;seutentia</strong></span> <span class='ocrx_word' id='word_1_874' title='bbox 3106 5524 3475 5597; x_wconf 57' lang='lat' dir='ltr'><strong>roborenturr1</strong></span> <span class='ocrx_word' id='word_1_875' title='bbox 3534 5534 3543 5541; x_wconf 77' lang='lat'>&#39;</span> 
     </span>
    </p>
   </div>
   <div class='ocr_carea' id='block_1_117' title="bbox 1869 5613 3479 5703">
    <p class='ocr_par' dir='ltr' id='par_1_117' title="bbox 1869 5613 3479 5703">
     <span class='ocr_line' id='line_1_117' title="bbox 1869 5613 3479 5703; baseline -0.008 -24"><span class='ocrx_word' id='word_1_876' title='bbox 1869 5624 1961 5683; x_wconf 82' lang='lat' dir='ltr'><strong>Sic</strong></span> <span class='ocrx_word' id='word_1_877' title='bbox 1984 5623 2126 5703; x_wconf 85' lang='lat' dir='ltr'><strong>enim</strong></span> <span class='ocrx_word' id='word_1_878' title='bbox 2154 5628 2457 5703; x_wconf 69' lang='lat' dir='ltr'><strong>etsanctus</strong></span> <span class='ocrx_word' id='word_1_879' title='bbox 2486 5618 2803 5695; x_wconf 68' lang='lat' dir='ltr'><strong>Ambrosius</strong></span> <span class='ocrx_word' id='word_1_880' title='bbox 2830 5616 3157 5691; x_wconf 42' lang='lat' dir='ltr'><strong>scribens‘ad</strong></span> <span class='ocrx_word' id='word_1_881' title='bbox 3181 5613 3479 5689; x_wconf 52' lang='grc' dir='ltr'><strong>ἰῖιιςεᾳρὶιῖνη</strong></span> 
     </span>
    </p>
   </div>
   <div class='ocr_carea' id='block_1_118' title="bbox 1867 5702 3477 5803">
    <p class='ocr_par' dir='ltr' id='par_1_118' title="bbox 1867 5702 3477 5803">
     <span class='ocr_line' id='line_1_118' title="bbox 1867 5702 3477 5803; baseline -0.007 -35"><span class='ocrx_word' id='word_1_882' title='bbox 1867 5714 1976 5791; x_wconf 77' lang='lat' dir='ltr'><strong>tum</strong></span> <span class='ocrx_word' id='word_1_883' title='bbox 2007 5702 2442 5795; x_wconf 66' lang='lat' dir='ltr'><strong>Alexandrinqu</strong></span> <span class='ocrx_word' id='word_1_884' title='bbox 2466 5710 2777 5803; x_wconf 71' lang='lat' dir='ltr'><strong>episcopum</strong></span> <span class='ocrx_word' id='word_1_885' title='bbox 2794 5723 3026 5785; x_wconf 30' lang='lat' dir='ltr'><strong>[sacras</strong></span> <span class='ocrx_word' id='word_1_886' title='bbox 3050 5708 3227 5799; x_wconf 67' lang='lat' dir='ltr'><strong>leges,</strong></span> <span class='ocrx_word' id='word_1_887' title='bbox 3258 5718 3325 5795; x_wconf 22' lang='lat' dir='ltr'><strong>(et.</strong></span> <span class='ocrx_word' id='word_1_888' title='bbox 3353 5722 3477 5783; x_wconf 35' lang='lat' dir='ltr'><strong>cule}.</strong></span> 
     </span>
    </p>
   </div>
   <div class='ocr_carea' id='block_1_119' title="bbox 1866 5800 3478 5898">
    <p class='ocr_par' dir='ltr' id='par_1_119' title="bbox 1866 5800 3478 5898">
     <span class='ocr_line' id='line_1_119' title="bbox 1866 5800 3478 5898; baseline -0.001 -21"><span class='ocrx_word' id='word_1_889' title='bbox 1866 5824 2067 5889; x_wconf 53' lang='lat' dir='ltr'><strong>nones.</strong></span> <span class='ocrx_word' id='word_1_890' title='bbox 2085 5817 2141 5881; x_wconf 67' lang='grc' dir='ltr'><strong>ιιι</strong></span> <span class='ocrx_word' id='word_1_891' title='bbox 2166 5800 3228 5898; x_wconf 38' lang='lat' dir='ltr'><strong>postquam!“.ad’wtvmnrstoticam</strong></span> <span class='ocrx_word' id='word_1_892' title='bbox 3252 5800 3478 5876; x_wconf 58' lang='lat' dir='ltr'><strong>sciatis.</strong></span> 
     </span>
    </p>
   </div>
  </div>
