4002 6296
497 304 603 361 615

1469 291 1803 350 HINCMABI
1840 287 2235 368 RHEMENSlS
2275 290 2312 342 Α
2326 288 2793 346 RCHIEPISCOPI

3681 297 3794 352 636

492 421 781 480 referatur.
832 424 887 470 et
915 414 1008 483 qui
1039 413 1287 484 legaliter
1309 421 1569 468 evocatus
1596 453 1612 479 ,
1656 400 1861 481 judicio
1891 411 2080 464 adesse
2109 411 2157 469 A
2185 409 2317 463 mihi
2347 410 2492 478 quod
2521 410 2663 465 male
2690 409 2768 464 illi
2799 410 2864 465 de
2893 409 2995 464 hac
3021 413 3582 468 excommunicatione
3613 430 3791 484 quam

491 511 813 584 neglexerit,
855 509 1168 563 dilationem
1222 509 1508 563 sententia:
1556 507 1914 577 proferendae,
1943 508 2082 562 sicut

496 603 550 656 in
585 608 956 655 contumacem
977 639 992 659 ,
1026 599 1092 651 de
1130 598 1373 653 absentia
1407 614 1512 651 non
1543 599 1807 662 lucretur,
1835 615 1892 654 se
1927 599 2084 652 intel-

493 689 692 744 lexisse
742 688 1098 751 demonstrat,
1149 688 1377 741 dicens:
1418 706 1434 736 ‹
1466 687 1599 741 Cum
1625 697 1809 742 sancta
1849 689 2085 757 synodus

497 780 823 850 cognitionis
891 779 983 848 jus
1057 779 1400 833 unanimitati
1456 790 1602 836 tum.
1657 781 1970 850 caxterisqne
2019 795 2083 834 ex

497 868 734 940 Egypto
762 868 1242 923 consacerdotibus
1268 869 1468 923 nostris
1508 868 1858 934 commiserit,
1892 870 2083 924 iterum

496 970 709 1029 oportet
739 959 960 1012 fratrem
996 966 1238 1012 nostrum
1267 957 1580 1013 Flavianum
1613 959 1924 1022 convenias,
1949 968 2007 1012 ut
2038 959 2082 1013 si

497 1053 550 1106 in
577 1066 642 1105 eo
672 1051 1127 1119 perseveraverit,
1156 1065 1265 1119 quo
1293 1051 1616 1106 veniendum
1649 1068 1752 1106 non
1785 1061 1954 1121 putet,
1982 1053 2089 1106 sal-

498 1142 584 1195 vis
614 1140 828 1194 concilii
855 1140 1078 1204 Nicmni,
1109 1143 1270 1194 etiam
1300 1142 1490 1210 synodi
1527 1141 1821 1212 Capuensis
1850 1142 2084 1206 statutis,

498 1228 708 1284 illibata
735 1223 868 1298 pace
891 1230 1264 1283 universorum
1289 1230 1362 1282 ita
1386 1231 1652 1291 consulas,
1685 1241 1743 1283 ut
1773 1247 1876 1284 non
1909 1231 2088 1285 videa-

497 1336 622 1375 mur
652 1321 932 1374 destruere
982 1321 1126 1390 quod
1175 1320 1500 1375 aedificatum
1532 1331 1634 1376 est.
1685 1322 1742 1376 Si
1773 1324 1915 1376 cnim
1944 1323 2085 1391 quod

497 1412 758 1466 aedificavi
782 1412 1024 1473 destruo,
1043 1412 1511 1479 praevaricatorem
1538 1429 1624 1466 me
1647 1413 1757 1481 ipse
1780 1413 2084 1477 constituo;

498 1520 564 1559 ac
594 1507 636 1558 si
666 1519 789 1574 quae
818 1504 1078 1566 destruxi,
1110 1504 1306 1558 iterum
1341 1504 1624 1560 tedificem.
1677 1506 1932 1561 Scrvelur
1959 1512 2088 1576 ergo

500 1597 783 1666 impertita:
812 1597 959 1666 pacis
986 1597 1158 1666 gratia
1188 1597 1329 1650 inter
1356 1598 1634 1652 universos
1659 1638 1673 1661 ,
1720 1607 1775 1652 et
1813 1599 2087 1652 nihilomi-

503 1704 604 1742 nus
633 1688 921 1743 declinatio
951 1689 1120 1758 partis
1146 1687 1369 1742 alterius
1398 1689 1692 1743 frustrandi
1722 1688 1968 1744 effectum
1995 1693 2089 1744 lia-

2181 502 2510 570 perpetravil
2538 542 2552 565 ,
2601 501 3020 566 insinuaverim,
3058 517 3207 555 reum
3253 517 3310 556 se
3352 503 3647 558 confessus
3678 517 3793 571 est,

2183 593 2310 661 quia
2340 594 2578 648 scienter
2608 592 2748 647 male
2787 592 2932 648 fecit.
2962 594 3040 646 Ac
3068 609 3162 661 per
3197 595 3320 658 hoc,
3352 596 3665 650 secundum
3695 598 3790 649 dc-

2185 693 2335 737 crcla
2382 684 2546 739 Hilari
2581 701 2763 754 papae,
2796 700 2952 739 suum
2989 693 3175 738 contra
3210 685 3419 754 regulas
3444 686 3666 740 factum
3696 688 3790 740 de-

2186 777 2339 831 beret
2371 777 2484 846 ipse
2511 777 2825 831 dissolvere.
2874 776 3026 843 Quod
3064 777 3107 829 si
3138 777 3319 842 nollet,
3347 793 3443 846 per
3467 780 3790 834 sententias

2187 883 2456 922 canonum
2482 908 2496 929 ,
2549 878 2604 921 et
2649 869 2957 938 apostolica:
3003 869 3146 922 sedis
3189 871 3428 934 decreta,
3469 887 3601 940 quae
3633 871 3786 925 nulla

2186 967 2414 1028 possunt
2462 961 2672 1013 ratione
2715 959 2984 1022 convelli,
3029 961 3322 1013 auctoritas
3355 960 3784 1031 metropolitana

2189 1051 2318 1106 illud
2365 1051 2586 1105 deberet
2635 1050 2956 1105 annibilare.
3010 1051 3287 1114 Tertium,
3332 1053 3452 1120 quia
3487 1061 3550 1105 ut
3585 1067 3784 1106 secum

2189 1158 2276 1197 me
2306 1150 2488 1210 posset
2533 1140 2913 1210 iltaqueare,.si
2943 1140 3083 1196 forte
3107 1183 3122 1206 ,
3159 1150 3217 1196 ut
3243 1143 3434 1196 assolet
3458 1144 3787 1212 improvisa:

2189 1234 2359 1288 menti
2406 1234 2670 1295 accidere,
2714 1233 2788 1288 illi
2821 1236 3018 1289 statim.
3053 1236 3169 1289 lit'ec
3207 1234 3339 1288 falsa
3389 1237 3454 1290 de
3494 1253 3589 1290 me
3650 1239 3783 1306 reji-

2190 1326 2380 1380 ciendo
2408 1327 2705 1394 imparatus
2728 1335 2780 1380 et
2803 1325 2882 1379 ira
2902 1335 3202 1381 commotus
3231 1343 3332 1380 non
3363 1329 3787 1396 responderem,

2189 1425 2245 1470 et
2291 1432 2347 1470 se
2375 1415 2584 1483 jactare
2635 1417 2868 1479 valeret,
2902 1433 2988 1471 me
3020 1419 3073 1470 in
3110 1418 3288 1486 aliquo
3324 1419 3443 1472 inde
3486 1422 3787 1474 concredi-

2192 1508 2374 1572 disse;
2422 1507 2722 1563 voluntarie
2771 1509 2871 1562 sibi
2921 1509 2988 1562 de
3017 1508 3108 1561 tali
3148 1509 3483 1566 confessione
3513 1511 3781 1580 laqueum

2191 1597 2396 1651 studuit
2439 1595 2678 1664 injicere.
2731 1597 2796 1651 Et
2831 1613 2926 1667 pro
2958 1599 3110 1652 bonis
3138 1599 3275 1652 mala
3307 1601 3642 1662 retribuens,
3675 1617 3781 1654 non

2192 1696 2251 1740 ut
2281 1688 2556 1756 quondam
2595 1689 2931 1756 proditorum
2969 1690 3310 1758 primicerius
3344 1692 3657 1746 simulando
3685 1709 3778 1762 pa-

501 1777 629 1832 bere
676 1794 781 1832 non
829 1780 1015 1848 possit.
1065 1778 1208 1833 Sane
1253 1779 1597 1834 referendum
1647 1782 1974 1835 arbitramur
2021 1783 2088 1836 ad
2121 1785 2164 1842 Β
2192 1795 2309 1834 cem
2356 1780 2575 1841 osculo,
2627 1795 2787 1848 quam
2840 1797 2944 1834 non
2994 1782 3226 1836 habebat
3271 1783 3322 1837 in
3371 1794 3598 1852 pectore
3627 1825 3644 1848 ,
3689 1786 3780 1840 sed

501 1879 748 1923 sant-tum
789 1870 1008 1924 fratrem
1042 1881 1284 1924 nostrum
1329 1870 1585 1924 Romana:
1615 1873 1949 1927 sacerdotem
1983 1875 2089 1930 Ec-

501 1960 711 2023 clesitc;
762 1963 1016 2028 quoniam
1066 1963 1443 2030 praesumimus
1495 1979 1558 2017 ea
1612 1973 1662 2017 te
1701 1963 2087 2032 iudicaturum,

501 2069 623 2120 qua:
646 2054 810 2106 etiam
841 2053 914 2106 illi
943 2054 1228 2123 displicere
1275 2072 1382 2108 non
1414 2065 1634 2125 queant.
1679 2057 1757 2111 Ita
1786 2060 1927 2113 enim
1959 2061 2091 2115 utile

500 2145 607 2198 crit
633 2146 934 2200 Consultum
973 2149 1255 2201 sententiae
1283 2187 1299 2210 ,
1351 2149 1423 2201 ita
1455 2149 1608 2216 pacis
1636 2158 1691 2203 et
1717 2151 1913 2219 quietis
1941 2168 2092 2207 secu-

502 2236 636 2290 ritas
660 2274 676 2299 ,
723 2236 765 2288 si
799 2237 851 2289 id
881 2246 1062 2290 vestro
1089 2246 1361 2291 statuatur
1386 2239 1635 2303 consilio,
1681 2244 1822 2310 quod
1852 2257 2094 2298 commu-

503 2326 649 2380 nioni
679 2338 881 2380 nostra:
911 2328 1303 2382 dissensionem
1347 2345 1452 2382 non
1485 2327 1708 2396 afferat;
1745 2342 1806 2386 ut
1837 2349 1934 2388 nos
1959 2351 2088 2404 quo-

503 2435 608 2486 que
637 2428 855 2488 accepta
882 2428 1187 2473 vestrorum
1223 2420 1366 2474 serie
1397 2430 1747 2486 statutorum,
1781 2439 1902 2477 cum
1931 2425 1982 2478 id
2009 2441 2096 2493 ge-

505 2525 645 2566 stum
677 2527 799 2566 esse
825 2512 1260 2583 cognoverimus,
1281 2515 1423 2582 quod
1441 2515 1677 2570 Ecclesia
1697 2515 1936 2570 Romana
1953 2519 2095 2573 baud

505 2601 664 2655 dubie
698 2604 1169 2671 comprobaverit,
1201 2603 1305 2659 laeti
1343 2604 1576 2660 fructum
1625 2606 1928 2676 bujusmodi
1965 2623 2096 2663 exa-

508 2694 670 2748 minis
699 2694 1084 2764 adipiscamur.
1120 2714 1139 2746 ι

1080 2807 1308 2864 CAPUT
1346 2810 1543 2865 XXIX.

508 2893 662 2960 Quod
701 2896 924 2972 similem
965 2902 1550 2972 “communicationem
1579 2902 1644 2955 ab
1675 2903 1788 2972 ipso
1817 2902 2095 2959 themensi

871 2969 1069 3037 factum
1103 2986 1214 3022 esse
1242 2971 1377 3038 falso
1405 2969 1736 3026 criminatur.

577 3057 654 3112 De
679 3058 783 3114 liac
809 3059 973 3113 etiam
999 3061 1560 3116 exconnnunicatione
1596 3064 1725 3118 mibi
1758 3065 1812 3118 in
1840 3065 2090 3122 Gundulfl

2193 1879 2380 1925 exerto
2415 1870 2606 1940 lingua:
2631 1870 2809 1940 gladio
2859 1887 2945 1924 me
2977 1882 3182 1941 aperte,
3213 1890 3278 1926 ac
3307 1875 3663 1943 impudenter
3689 1879 3777 1932 dc-

2191 1959 2362 2012 crevit
2393 1960 2650 2028 impetere
2681 1978 2693 2011 :
2725 1969 2780 2014 et
2825 1960 2976 2028 quasi
3016 1975 3099 2014 me
3124 1963 3495 2032 qualicunque
3527 1977 3775 2034 patrem,

2193 2068 2255 2106 ac
2287 2052 2660 2117 benefactore,
2701 2060 2865 2120 atque
2912 2053 3224 2119 ordinatore
3269 2070 3368 2109 suo
3403 2057 3633 2121 tradito,
3666 2060 3783 2113 tatis

2192 2143 2546 2196 confessionis
2571 2143 2634 2196 de
2664 2143 2826 2196 tantis
2854 2143 3218 2211 impietatibus
3249 2145 3446 2215 laqueo
3476 2163 3538 2201 se
3565 2164 3782 2218 θυεμ-ας

2193 2232 2340 2287 dere.
2375 2232 2480 2286 Sed
2513 2232 2828 2288 benedictus
2861 2233 3145 2296 Dominus,
3183 2235 3275 2302 qui
3314 2240 3626 2291 secundum
3660 2255 3775 2307 pm-

2204 2323 2516 2377 missionem
2547 2339 2696 2378 suam
2717 2363 2730 2386 ,
2759 2339 2864 2392 qua
2901 2326 3034 2380 dixit
3069 2339 3084 2377 :
3114 2327 3154 2378 A
3192 2328 3406 2396 ﬂagello
3437 2330 3644 2398 lingua-
3668 2331 3781 2385 abs-

2194 2417 2431 2470 conderis
2479 2415 2600 2485 (Job
2631 2417 2713 2486 v),
2764 2417 3039 2472 liberando
3077 2419 3311 2472 animam
3361 2436 3546 2475 meam
3574 2439 3606 2474 a
3637 2423 3784 2476 labiis

2195 2506 2416 2575 iniquis,
2445 2516 2498 2560 et
2527 2523 2556 2560 a
2585 2507 2762 2577 lingua
2793 2508 2998 2572 dolosa,
3027 2509 3233 2577 adjuvit
3259 2526 3368 2572 me.
3395 2522 3452 2564 et
3481 2514 3784 2568 consolatus

2194 2607 2277 2651 est
2303 2613 2386 2652 me
2412 2616 2424 2650 :
2452 2614 2576 2654 mox
2603 2599 2766 2654 telum
2800 2600 3071 2662 falsitatis,
3091 2610 3242 2654 scuto
3265 2605 3546 2667 veritatis,
3573 2620 3782 2673 respon-

2193 2689 2373 2745 dendo
2403 2691 2582 2758 rejcci.
2908 2753 2912 2757 η

2266 2783 2395 2848 Quae
2425 2782 2590 2835 animi
2635 2782 2820 2838 dolore
2866 2793 3240 2852 compunctus,
3281 2799 3392 2838 non
3424 2787 3600 2842 animi
3628 2786 3786 2842 livore

2195 2874 2522 2939 stimulatus,
2560 2873 2695 2938 dixi,
2732 2875 2911 2928 sciens
2958 2875 3120 2946 capiti
3167 2891 3231 2930 ac
3285 2874 3567 2930 Salvatori
3609 2888 3783 2932 nostro

2195 2967 2528 3020 mendaciter
2564 2966 2732 3020 multa
2783 2965 2950 3020 fuisse
2998 2965 3212 3033 objecta
3240 2984 3254 3020 :
3283 2969 3382 3022 sed
3409 2976 3467 3020 et
3498 2970 3782 3036 productos

2195 3059 2454 3112 adversus
2495 3073 2616 3111 eum
2663 3056 2826 3112 falsos
2866 3067 3030 3112 testes
3060 3057 3247 3112 fuisse.
3281 3057 3418 3112 Nam
3447 3069 3507 3114 et
3537 3059 3783 3114 Romanae

505 3147 634 3202 villa
668 3165 764 3218 per
791 3149 1150 3204 venerabilem
1183 3153 1450 3220 quondam
1479 3154 1942 3226 archiepiscopum
1970 3157 2091 3212 We-

2200 3150 2342 3202 sedis
2369 3149 2711 3218 pontificibus
2739 3149 2992 3212 Damaso,
3022 3147 3176 3203 Sixto
3202 3159 3257 3203 et
3284 3149 3456 3204 Leoni
3483 3149 3576 3214 lli,
3603 3167 3782 3205 verum

506 3238 741 3293 nilonem
769 3239 901 3293 milii
938 3241 1212 3294 mandavit
1259 3243 1397 3297 sicut
1435 3243 1664 3299 domnus
1692 3246 2009 3313 Adventius,
2039 3257 2095 3303 et

507 3328 690 3382 caeteri
721 3329 811 3397 qui
841 3328 1131 3385 adfuerunt
1173 3333 1438 3402 episcopi,
1475 3335 1673 3400 sciunt,
1704 3337 1828 3405 quia
1858 3339 2000 3406 quod
2030 3340 2095 3393 de

508 3417 600 3473 illa
627 3421 1184 3476 excon'imunicatione
1216 3421 1345 3478 fecit
1369 3465 1384 3488 ,
1431 3441 1530 3495 ego
1578 3427 1649 3481 illi
1681 3429 1948 3484 insinuavi
1969 3470 1983 3494 ,
2015 3431 2096 3485 di-

507 3526 640 3567 cens
667 3528 724 3567 se
753 3513 952 3568 habere
979 3516 1264 3583 quamdam
1294 3518 1472 3572 villam
1505 3519 1556 3573 in
1587 3537 1704 3574 mea
1736 3525 2013 3589 parocliia,
2041 3532 2099 3578 et

509 3604 633 3672 quia
667 3605 916 3662 homines
941 3605 1180 3675 ejusdem
1229 3609 1368 3662 villa:
1397 3611 1624 3681 rogavit,
1653 3613 1719 3666 ad
1747 3613 1889 3668 illam
1919 3615 2094 3670 eccle-

510 3697 646 3750 siam
674 3698 803 3753 dare
832 3698 1044 3752 illorum
1073 3699 1362 3764 decimam,
1395 3703 1460 3756 ad
1495 3720 1656 3772 quam
1697 3721 1816 3760 eam
1846 3707 1976 3760 dare
2006 3707 2098 3761 de-

509 3787 737 3855 bebant,
765 3791 1347 3846 exconnnunieaverim
1373 3795 1493 3850 illos
1525 3815 1537 3848 :
1562 3806 1615 3850 et
1646 3797 1879 3853 habebat
1907 3801 2101 3855 imbre-

506 3879 702 3942 viatos,
730 3889 861 3948 quot
893 3880 1127 3934 infantes
1155 3883 1274 3936 sine
1305 3885 1628 3952 baptismate
1652 3925 1667 3949 ,
1693 3897 1748 3941 et
1772 3898 1904 3957 quot
1931 3891 2100 3945 homi-

509 3986 608 4026 nes
653 3971 771 4025 sine
808 3972 1188 4026 communione
1223 3974 1346 4028 inde
1393 3976 1670 4030 obierint:
1704 3995 1824 4046 quae
1870 3982 2002 4036 mihi
2043 3983 2097 4036 in

511 4061 786 4129 publicum
815 4061 1052 4130 objicere
1089 4063 1252 4117 nollet
1275 4105 1290 4130 ,
1325 4080 1394 4119 ne
1434 4075 1618 4134 postea
1656 4068 1728 4122 illi
1770 4069 2101 4139 impropera-

513 4167 651 4204 rem.
682 4151 835 4216 Quod
863 4153 905 4205 si
939 4152 1042 4206 alia
1069 4154 1208 4208 mala
1235 4156 1301 4209 de
1328 4170 1412 4208 me
1436 4157 1622 4223 sciret,
1652 4158 1740 4212 illa
1765 4161 1930 4214 etiam
1952 4163 2099 4216 dice-

513 4249 615 4296 ret.
671 4242 822 4298 Unde
872 4243 944 4298 illi
993 4245 1173 4299 statim
1210 4261 1304 4315 per
1337 4249 1583 4302 eumdem
1632 4249 1967 4308 Wenilonem
2017 4269 2100 4308 re-

515 4336 790 4402 mandavi,
828 4339 953 4409 quia
1002 4349 1058 4392 et
1091 4339 1236 4402 inde,
1268 4349 1325 4395 et
1367 4341 1434 4395 de
1477 4342 1888 4415 q'iibuscunque
1918 4346 2095 4412 vellet,

513 4440 636 4495 qua:
661 4427 734 4480 illi
764 4429 1099 4495 viderentur,
1130 4429 1408 4497 objiceret.
1449 4430 1553 4486 Sed
1587 4434 1652 4488 de
1682 4435 1782 4488 bac
1809 4452 1972 4490 causa
2002 4453 2094 4492 ve-

515 4533 636 4571 rum
664 4535 767 4572 non
793 4520 996 4574 diceret
1021 4561 1035 4586 ,
1082 4531 1138 4575 et
1163 4533 1352 4576 contra
1377 4538 1614 4585 canones
1657 4541 1714 4580 se
1741 4527 2099 4584 confitebatur

516 4607 724 4680 egisse,
759 4611 846 4678 qui
897 4627 984 4666 me
1033 4614 1331 4681 postposito
1359 4615 1756 4671 ordinationem
1787 4618 2008 4674 decimae
2042 4620 2098 4673 in

517 4716 638 4754 mea
669 4701 922 4768 parocliia
952 4704 1250 4771 usurpavit.

587 4791 657 4846 Et
685 4801 871 4860 postea
910 4793 1033 4846 inde
1080 4794 1154 4847 illi
1198 4795 1401 4864 scripto
1431 4798 1703 4866 respondi,
1736 4797 1888 4867 cujus
1917 4815 2103 4855 exem-

520 4882 637 4952 plar
666 4884 753 4936 bic
780 4883 951 4937 habeo
985 4901 996 4935 :
1028 4883 1080 4936 in
1112 4896 1217 4952 quo
1251 4886 1578 4951 continetur,
1611 4889 1712 4941 tria
1744 4904 1829 4942 me
1855 4891 2100 4944 conside-

522 4991 673 5030 rasse
703 4977 756 5029 in
783 4977 886 5030 hoc
916 4977 1060 5046 quod
1087 4977 1244 5041 dixit,
1279 4993 1362 5032 me
1393 4978 1466 5031 illi
1515 4978 1822 5034 insinuasse
1863 4979 2006 5050 quod
2035 4982 2103 5036 de

485 5123 492 5132 κ
523 5069 612 5123 illa
647 5069 1210 5123 exeonnnunicatione
1240 5069 1388 5124 fecit.
1431 5070 1671 5128 Primum
1699 5072 1939 5140 quidem,
1971 5088 2104 5141 quo-

523 5162 667 5214 niam
717 5161 763 5214 si
809 5160 946 5216 ratio
996 5162 1136 5216 inter
1185 5161 1330 5214 illum
1379 5170 1433 5215 et
1476 5162 1701 5217 clericos
1731 5164 2104 5220 Lauduncnsis

524 5255 778 5310 Ecclesia:
809 5253 1059 5323 agitanda
1090 5252 1246 5316 foret,
1277 5254 1341 5306 de
1371 5253 1626 5322 petitione
1650 5268 1716 5308 ex
1749 5255 1928 5311 causis
1957 5257 2010 5309 in
2041 5273 2106 5310 eo

523 5346 927 5400 continentibus
951 5345 1020 5399 ab
1049 5345 1250 5398 eisdem
1291 5345 1421 5398 milii
1455 5357 1724 5413 porrecta,
1755 5357 1934 5400 utrum
1965 5356 2108 5401 esset

447 5472 460 5482 ι
523 5457 592 5495 an
623 5459 729 5495 non
753 5441 981 5494 veritate
1009 5439 1256 5498 subnixa,
1286 5439 1484 5491 nullam
1512 5441 1860 5508 qiizcstioncm
1887 5441 2108 5495 deberet

525 5537 810 5604 recipere,
860 5543 1146 5604 postquam
1199 5547 1309 5587 suae
1358 5531 1714 5588 confessitmis
1761 5533 2109 5588 attestatione

525 5628 794 5682 ﬁrmatur.
843 5626 1001 5681 Aliud
1035 5641 1191 5688 vero,
1225 5626 1348 5694 quia
1377 5627 1593 5681 silentio
1619 5627 1922 5696 suppressis
1953 5626 2111 5680 bonis

527 5737 649 5792 qua:
694 5721 768 5773 illi
801 5721 1086 5784 insinuavi,
1121 5730 1281 5789 atque
1330 5723 1588 5777 insinuari
1637 5723 1758 5786 feri,
1799 5722 2111 5792 imputando

2126 4487 2180 4547 D

2195 3251 2251 3296 et
2269 3241 2499 3295 aliarum
2526 3242 2818 3310 insignium
2841 3231 3206 3298 Ecclesiarum
3228 3244 3600 3312 pontiﬁcibus,
3623 3244 3785 3296 Atha-

2199 3333 2353 3386 nasio
2380 3331 2591 3386 scilicet
2619 3331 3021 3395 Alexandrino,
3059 3331 3256 3387 Joanni
3287 3331 3784 3402 Constantinopoli-

2201 3433 2358 3488 tano,
2398 3423 2684 3478 Caeciliano
2727 3422 3177 3494 Carthaginensi,
3226 3425 3517 3478 sanctitate
3563 3424 3687 3478 fidei
3733 3435 3790 3478 et

2199 3515 2528 3586 Operationis
2555 3524 2718 3582 atque
2747 3514 2990 3568 scientia:
3019 3514 3284 3568 doctrina:
3310 3512 3579 3582 praeclaris
3608 3530 3622 3565 :
3652 3527 3786 3566 nec-

2199 3622 2304 3661 non
2334 3616 2389 3660 et
2418 3605 2832 3675 quamplurimis
2858 3605 2978 3658 aliis
3007 3605 3336 3658 venerandis
3364 3603 3626 3674 episcopis
3652 3642 3672 3665 ,
3717 3603 3789 3654 ab

2196 3697 2510 3752 hominibus
2539 3696 2757 3760 invidis,
2787 3705 2840 3750 et
2865 3711 3054 3750 eorum
3085 3695 3283 3758 locum,
3311 3710 3380 3749 ac
3405 3695 3562 3749 bona
3583 3694 3790 3764 opinio-

2202 3792 2286 3844 nis
2337 3789 2538 3842 famam
2588 3790 2834 3844 obtinere
2891 3789 3228 3854 volentibus;
3283 3789 3377 3843 sed
3427 3804 3536 3843 non
3593 3788 3789 3841 habere

2201 3883 2454 3935 meritum
2504 3880 2716 3936 illorum
2761 3881 3102 3936 studentibus
3131 3921 3145 3945 ,
3192 3879 3444 3936 mortalia
3492 3887 3549 3934 et
3589 3877 3787 3932 nefaria

2203 3975 2434 4029 crimina
2463 3973 2601 4027 falso
2629 3973 2886 4042 impacta,
2914 3982 2968 4028 et
2997 3987 3168 4042 usque
3195 3973 3262 4026 ad
3303 3972 3683 4028 ecclesiastica
3703 3971 3789 4038 ju-

2203 4067 2366 4132 dicia,
2393 4077 2448 4125 et
2475 4066 2839 4136 cognitionem
2870 4065 3138 4134 publicam
3167 4065 3333 4119 fuisse
3364 4049 3634 4134 perducta
3663 4065 3788 4135 legi-

2203 4175 2343 4213 nius.
2387 4158 2524 4212 Sunt
2551 4158 2693 4212 enim
2734 4154 3039 4223 liujusmodi
3069 4157 3300 4226 viperea:
3333 4157 3596 4225 nequitia:
3621 4157 3789 4210 homi-

2202 4268 2322 4317 nes,
2357 4252 2448 4322 qni
2479 4251 2606 4306 licet
2633 4251 2784 4320 prius
2814 4266 3002 4304 eorum
3036 4259 3243 4304 mentes
3277 4250 3500 4318 propria
3534 4251 3692 4303 rodat
3718 4250 3792 4302 in-

2204 4345 2369 4409 vidia,
2398 4346 2450 4398 in
2481 4345 2580 4398 hoc
2609 4353 2789 4397 tamen
2819 4359 2946 4397 suas
2971 4350 3151 4411 tegere
3176 4355 3335 4409 posse
3360 4340 3683 4408 iniquitates
3707 4355 3792 4407 pu-

2207 4446 2344 4497 tant,
2373 4437 2417 4490 si
2450 4436 2584 4490 alios
2609 4434 2831 4488 infamia
2879 4434 3040 4488 modo
3067 4430 3308 4501 quolibet
3337 4430 3620 4484 maculare
3647 4445 3792 4484 cura-

2204 4530 2381 4582 verint
2411 4546 2423 4581 ;
2452 4542 2682 4597 quorum
2713 4525 3120 4580 criminationes
3160 4509 3466 4578 iidem’viri
3496 4523 3674 4577 sancti
3703 4536 3788 4591 pa-

2204 4619 2528 4674 tientissime
2565 4617 2934 4672 toleraverunt
2961 4656 2975 4680 ,
3025 4624 3079 4668 et
3108 4615 3556 4668 constantissime
3579 4654 3595 4678 ,
3647 4613 3790 4681 adju-

2203 4722 2365 4766 vante
2390 4711 2636 4772 Domino,
2665 4708 2997 4762 reviccrunt.
3032 4707 3096 4760 Et
3123 4707 3341 4768 borum,
3369 4708 3514 4760 sicut
3539 4707 3792 4775 scriptum

2203 4812 2308 4864 est,
2342 4802 2559 4855 intuens
2588 4800 2792 4855 exitum
2813 4839 2829 4863 ,
2862 4798 3292 4852 conversationis
3323 4797 3488 4851 fidem
3534 4799 3669 4851 inibi
3705 4812 3796 4850 ne»

2206 4908 2359 4948 cesse
2384 4901 2467 4947 est
2495 4890 2696 4946 imitari
2729 4908 2742 4943 :
2773 4900 2827 4944 et
2859 4889 2935 4944 ita
2960 4895 3288 4957 compertus,
3317 4895 3375 4941 et
3408 4889 3476 4941 de
3509 4889 3601 4941 illo
3632 4888 3687 4940 in
3719 4901 3798 4940 ine

2210 4997 2434 5054 prorsus
2459 4990 2736 5050 expertus,
2767 4980 2892 5048 quia
2920 4979 3267 5047 phreneticus
3295 4992 3438 5045 sazpe
3464 4977 3596 5030 nulli
3632 4975 3796 5043 majo-

2217 5092 2328 5130 rem
2356 5075 2564 5143 alapam
2593 5074 2724 5127 dare
2753 5073 2911 5136 solet,
2941 5087 3102 5142 quam
3146 5071 3243 5140 ipsi
3276 5071 3514 5133 medico,
3547 5071 3644 5140 qui
3681 5086 3798 5123 eum

2216 5169 2407 5223 curare
2455 5165 2613 5222 volet.
2667 5164 2774 5218 Sed
2820 5172 2875 5219 et
2907 5164 3138 5217 multum
3182 5177 3268 5215 me
3315 5163 3581 5215 miratum
3609 5161 3799 5229 scripsi

2218 5259 2313 5323 illi,
2343 5259 2431 5313 ubi
2463 5273 2683 5312 sensum
2711 5271 2872 5311 suum
2911 5256 3123 5320 habuit,
3151 5255 3368 5323 quando
3397 5254 3466 5307 de
3497 5268 3608 5315 me,
3643 5262 3800 5307 tanta:

2217 5350 2577 5413 auctoritatis,
2601 5357 2656 5402 et
2678 5348 2975 5418 sapientiae,
3001 5356 3162 5415 atque
3184 5345 3464 5415 religionis
3488 5346 3631 5407 viro,
3667 5344 3801 5397 sicut

2219 5445 2446 5499 domnus
2473 5449 2592 5495 erat
2620 5439 2860 5503 Wenilo,
2890 5439 3045 5502 dixit,
3076 5447 3130 5492 et
3170 5438 3236 5491 ad
3286 5436 3649 5506 plurimorum
3695 5434 3804 5500 epi-

2219 5551 2500 5604 scoporum
2527 5533 2774 5587 notitiam
2801 5533 3085 5600 pervenire
3113 5529 3266 5590 fecit,
3285 5529 3434 5597 quod
3459 5521 3504 5580 si
3534 5524 3798 5592 injudicio

2220 5627 2447 5697 regulari
2478 5627 2724 5689 dixisset,
2755 5625 2984 5694 probare
3016 5639 3121 5676 non
3154 5630 3337 5691 posset
3369 5639 3380 5673 :
3414 5619 3716 5688 pncsertim
3739 5630 3796 5669 se

2221 5737 2370 5778 reum
2413 5721 2480 5778 de
2525 5721 2630 5776 hoc
2678 5721 2794 5791 ipso
2829 5719 3135 5781 conlcssus,
3167 5726 3218 5770 ct
3251 5713 3560 5771 confitendo
3589 5725 3648 5766 se
3678 5705 3794 5763 talia
