4002 6296
455 3825 510 3848 .1!

542 338 650 396 655

1764 353 1774 364 ί
1811 333 2106 390 QUANle
2127 335 2358 393 -'PAPAS~
2383 338 2496 394 Vl"
2553 368 2559 372 -

3711 340 3811 396 τες

540 458 665 521 post
709 447 864 520 longa
919 458 1157 519 tempora
1184 449 1248 503 de
1285 443 1552 503 ‘ciaustris
1603 447 1798 502 inferni
1835 458 1888 501 et
1918 449 2112 502 daemo-
2145 453 2190 512 Α
2219 451 2283 502 dc
2311 460 2449 502 terra
2477 450 2619 503 Juda
2659 449 2742 521 (11
2783 450 2910 504 Par.
2955 451 3089 521 xix).
3137 452 3406 518 Quantum
3439 457 3711 522 prreterea
3749 454 3816 506 sit
3848 498 3850 500 τ

542 559 670 597 num
705 541 1200 612 potentiaeripuit.’
1225 559 1228 562 ’
1257 563 1259 565 ί
1286 567 1291 572 ι
1334 571 1339 576 ι

1189 645 1194 654 ’
1235 647 1387 703 “VH;
1420 661 1423 667 '
1509 649 1514 664 '

921 778 985 815 λυ
1019 745 1317 818 ιλυυυὶίεωι
1357 776 1756 824 ΙἉΡΕΒΚΤΟΒΕΜ.

1000 874 1215 944 Fragm.
1243 906 1324 924 .-—-
1359 876 1481 949 (An.
1514 874 1662 943 875.)

541 987 1042 1051 Excmumunicmur
1091 993 1398 1046 'Rainaldu's
1427 989 1628 1043 Casta-1'
1654 1021 1656 1023 ›
1682 983 1974 1038 Felicitatis
2019 981 2126 1050 epi-

574 1081 576 1084 '
1057 1091 1062 1096 ο
1227 1079 1434 1130 scapus.
1559 1098 1582 1118 .;
1640 1119 1642 1124 _
1843 1112 1848 1120 ,

609 1167 854 1245 Qualiter
909 1175 1211 1230 Rain'aldus
1257 1172 1435 1228 Castri
1490 1168 1787 1224 Felicitatis
1837 1164 2125 1234 episcottus

539 1281 703 1338 super
730 1267 1021 1322 ho’ndcidio
1057 1275 1162 1320 tam
1189 1279 1360 1334 penes
1383 1260 1734 1330 apostolicam
1766 1271 1926 1325 quam
1959 1265 2125 1322 pmies

541 1359 943 1429 imperatoriam
981 1357 1159 1411 sedem
1189 1353 1404 1424 publico
1447 1364 1725 1405 murmure
1767 1346 1926 1400 fuerit
1955 1345 2124 1398 deno~

541 1438 708 1515 tatus,
738 1458 791 1506 et
818 1449 1080 1520 Gregorio
1106 1447 1301 1502 dilecto
1343 1443 1453 1498 ﬁlio
1503 1439 1908 1496 nomenelatore
1957 1434 2124 1488 misso

540 1555 594 1598 et
639 1542 994 1613 apocrisiario
1019 1548 1223 1596 sanctae
1265 1537 1413 1592 sedis
1457 1541 1658 1590 nostra:
1697 1546 1820 1587 cum
1865 1526 2124 1597 Gregorio

535 1619 732 1690 illustri
762 1634 1018 1704 magistro
1042 1632 1270 1686 militum
1297 1646 1360 1684 ac
1391 1621 2003 1682 vestiariotsacrisnostri
2031 1633 2125 1685 pa-

544 1725 784 1780 triarehii
819 1724 959 1794 apud
991 1722 1396 1778 dilectissimant
1427 1719 1590 1771 tiliam
1622 1723 1863 1769 nostram
1888 1711 2121 1778 impera-

2229 541 2337 596 Deo
2374 542 2688 596 delectabile
2737 543 2803 596 ab
2843 543 3183 598 inimicorum
3221 545 3313 598 Dci
3345 558 3478 613 pace
3523 545 3814 608 desistere,

2228 642 2411 686 uoster
2436 632 2890 704 Psalmographus
2930 636 3249 689 manifestat
3264 641 3383 689 eum
3412 635 3590 688 dicit:
3625 634 3818 689 Nam

2224 723 2315 793 qui
2342 724 2557 776 oderant
2587 735 2656 789 te,
2687 724 2939 788 Domine,
2972 726 3185 781 oderam
3218 725 3368 790 illos,
3388 735 3436 779 et
3458 742 3622 794 super
3647 726 3817 779 inimi-

2225 834 2313 898 cos
2352 827 2468 869 tuos
2509 819 2871 871 tabescebam?
2902 817 3141 887 Perfecto
3170 820 3290 871 odio
3316 819 3533 871 oderam
3557 818 3705 882 illos,
3729 819 3817 869 ini-

2225 907 2346 959 mici
2373 905 2499 975 [acti
2523 917 2640 959 sum
2667 908 2790 960 mihi
2815 906 2983 976 (Psul.
3009 907 3274 976 cxxxvlt).
3305 907 3382 961 Ex
3405 923 3538 976 quo,
3573 906 3815 959 dilectis-

2225 995 2346 1049 simi
2395 996 2505 1057 iilii,
2550 1006 2800 1065 patenter
2835 999 3138 1067 ostenditur
3178 1009 3377 1068 quanto
3417 997 3658 1051 crimine
3699 1013 3815 1050 cum

2227 1087 2476 1154 pessimis
2503 1104 2605 1157 pax
2636 1098 2870 1153 tenetur,
2893 1090 2934 1144 si
2958 1092 3218 1160 preplteta
3250 1100 3429 1144 tantus
3457 1091 3562 1142 hoc
3591 1090 3743 1141 velut
3769 1090 3816 1140 in

2226 1178 2459 1232 hostiam
2511 1179 2618 1234 Deo
2665 1177 2856 1235 obtulit
2895 1181 3038 1251 quod
3085 1191 3273 1236 contra
3323 1193 3522 1250 pravos
3567 1193 3684 1247 pm‘
3712 1179 3819 1231 Deo

2227 1272 2536 1326 inimicitias
2579 1275 2852 1329 excitavit.
2899 1275 3036 1330 Hinc
3072 1275 3213 1330 Levi
3263 1276 3472 1338 tribus,
3522 1273 3819 1343 assumptis

2225 1363 2416 1432 gladiis
2446 1378 2539 1434 per
2560 1376 2863 1422 castrorum
2895 1369 3072 1422 media
3101 1369 3370 1422 transiens
3393 1369 3526 1436 quia
3558 1365 3820 1420 ferientis

2227 1452 2397 1507 noluit
2445 1455 2819 1523 peccatoribus
2864 1471 3106 1526 parcere,
3141 1457 3250 1509 Deo
3283 1472 3478 1510 manus
3511 1470 3650 1509 suas
3678 1454 3818 1516 dicta

2226 1552 2311 1598 est
2358 1559 2706 1600 consecrasse
2739 1563 2751 1598 :
2795 1547 2923 1600 hinc
2965 1546 3195 1601 Phinees
3225 1547 3583 1616 peccantium
3621 1544 3817 1599 civium

2226 1635 2452 1704 gratiam
2483 1651 2763 1704 spernens,
2792 1647 3051 1692 coeuntes
3083 1653 3203 1691 cum
3230 1636 3547 1691 Madianitis
3570 1634 3814 1704 perculit,

2225 1735 2282 1780 et
2305 1727 2438 1780 iram
2468 1728 2559 1780 Dei
2585 1728 2754 1782 iratus
2777 1728 3024 1798 placavit.

544 1817 735 1870 tricem
766 1820 1060 1886 Augustam
1107 1813 1459 1871 consistente,
1489 1825 1517 1861 a
1548 1817 1722 1860 matre
1748 1800 2008 1873 perempti
2029 1800 2117 1870 .jll‘:

2301 1816 2434 1882 Quia
2468 1819 2710 1872 ﬁdelibus
2739 1827 2793 1873 et
2825 1819 3136 1889 mysterium
3168 1817 3611 1872 Christianitatis
3654 1795 3815 1870 scien-

540 1907 696 1960 venis
748 1906 974 1972 aliisque
1013 1903 1338 1973 parentibus
1383 1900 1542 1952 fuerit
1589 1894 1899 1963 impolitus,
1955 1899 2010 1943 et
2056 1888 2124 1940 ad

534 1993 936 2068 puriﬁcandqu
962 2011 1019 2052 se
1048 2012 1076 2049 a
1114 1996 1268 2049 nobis
1297 2011 1390 2062 per
1421 1995 1732 2059 frequentes
1752 1980 2124 2050 excommuni-

542 2091 776 2146 catorias
806 2088 1060 2159 epistolas
1103 2085 1390 2140 accesserit
1431 2084 1657 2135 Romam
1707 2088 1947 2137 coactus,
1978 2084 2124 2126 sere-

541 2182 696 2237 nitati
727 2190 918 2237 vestra:
943 2179 1216 2234 credimus
1256 2175 1624 2230 manifestum.
1665 2169 1773 2225 Sed
1810 2167 1935 2236 quia
1958 2164 2122 2222 idem

542 2276 770 2329 Ruinam
800 2274 1020 2327 veniens
1052 2270 1392 2342 purgationis
1431 2282 1546 2320 suae
1587 2273 1795 2332 tempus
1821 2257 2122 2331 prteripuit,

530 2371 594 2424 ἰιι
621 2369 818 2422 indicta
855 2382 952 2437 pro
983 2382 1040 2421 se
1080 2366 1284 2434 synodo
1326 2363 1637 2431 deputatum
1671 2356 1770 2410 sibi
1793 2370 1822 2408 a
1851 2352 2013 2408 nobis
2042 2349 2123 2404 lo-

518 2447 687 2524 tum,
721 2456 1090 2511 fraudulentus
1119 2453 1386 2508 excedens
1418 2464 1564 2504 more
1593 2447 1726 2501 furis
1751 2459 1847 2514 per
1875 2441 2041 2500 Urbis
2065 2453 2124 2492 se

544 2563 728 2602 ltlllI'OS
755 2543 972 2616 dcjecit,
1005 2557 1058 2600 et
1083 2560 1204 2598 vera
1239 2544 1405 2598 fuisse
1433 2541 1682 2602 crimina,
1706 2551 1826 2606 quae
1851 2534 1950 2590 sibi
1976 2532 2121 2588 illata

530 2621 687 2701 sunt,
721 2638 977 2690 iudicium
1009 2633 1412 2703 stthtcrl‘ngiens
1435 2630 1754 2702 propalavit,
1785 2627 1911 2681 hinc
1939 2634 2121 2678 aucto-

543 2732 701 2785 ritate
735 2729 826 2783 Dei
873 2728 1256 2796 On'tnipotcntis
1295 2733 1710 2788 sanetorun'tque
1755 2715 2120 2785 apostolorum

543 2810 846 2894 principum
872 2831 927 2876 et
948 2835 1148 2896 nostrm
1181 2816 1570 2872 mediocritatis
1609 2815 1675 2867 ab
1695 2811 1844 2866 omni
1873 2807 2122 2871 ecclesia-

546 2901 682 2970 Stica
706 2913 864 2969 simul
886 2915 940 2968 et
963 2912 1268 2968 Christiana
1299 2906 1674 2964 communione
1700 2902 1912 2974 penitus
1935 2911 2122 2968 seque-

450 3017 454 3022 '
515 3081 518 3084 .
544 3004 798 3062 stramtis.
1484 3000 1486 3003 ’

534 3095 538 3100 ’
604 3103 606 3106 ’
641 3091 644 3096 ’
1264 3093 1394 3147 Vill.

860 3189 926 3243 ,ω
973 3203 1271 3245 ιυιιογιςωι
1315 3204 1350 3239 ιι
1401 3197 1794 3239 mrsnaronan.

1006 3298 1244 3370 (Fragut.
1279 3327 1345 3335 —
1374 3296 1474 3349 An.
1506 3294 1655 3364 87-5.)

542 3453 563 3476 ,ι
594 3419 768 3490 ,ζςεθὲε
794 3417 1104 3470 auctoritate
1135 3413 1433 3467 dissolvitur
1452 3409 1589 3479 quod
1618 3409 1795 3460 contra
1823 3411 1934 3458 eam
1955 3403 2046 3472 'ﬁt.

756 3531 932 3602 (Apud
955 3526 1135 3592 G.rat.,
1157 3527 1306 3592 Decr.
1329 3527 1377 3590 1,
1399 3525 1524 3594 dist.
1558 3523 1621 3584 10
1643 3561 1658 3586 ,
1688 3537 1804 3592 cap.
1827 3519 1906 3588 9.)

624 3646 820 3710 Vides,
856 3643 928 3696 lili
976 3639 1294 3695 charissitne
1323 3678 1335 3701 ,
1366 3637 1489 3705 quia
1538 3633 1683 3702 quod
1733 3641 1932 3692 contra
1976 3628 2120 3699 leges

550 3737 832 3806 accipitur,
873 3750 968 3804 per
994 3734 1140 3802 leges
1165 3730 1378 3785 dissolvi
1405 3735 1658 3782 tueretur.

499 3839 506 3848 4
703 3839 723 3855 ι·
791 3847 794 3850 .

1284 3840 1372 3893 IX.

490 3921 506 3934 ν
549 3899 609 3934 ’τί
693 3918 715 3934 .I

573 3979 646 4024 Αυ
682 3974 1094 4024 NEAI‘OLITANOS,
1132 3969 1522 4010 SALVRNITANOS
1558 3969 1624 4006 ΕΤ
1663 3963 2080 4004 AMALPIHTANOS.

987 4072 1203 4140 Fragm.
1240 4099 1308 4108 —-
1352 4067 1472 4142 (An.
1513 4066 1660 4138 875.)
1741 4129 1744 4134 _

485 4195 488 4200 ’
577 4185 584 4205 ⁷
609 4177 952 4248 COnscientia
981 4195 1172 4241 vestrae
1217 4185 1269 4237 in
1303 4182 1526 4237 Christo
1549 4175 2015 4244 dilecdouisjuste
2040 4177 2120 4231 di-

469 4279 472 4283 ’
526 4277 757 4353 ῙίιιΊίὄρῐ,
789 4289 1047 4350 quantum
1074 4275 1290 4330 Christo
1319 4271 1494 4327 aversi
1519 4278 1643 4326 sunt
1668 4268 1981 4336 hiquiteum
2003 4266 2119 4334 ejus

536 4365 841 4429 inﬁdelibus
873 4375 1061 4423 contra
1096 4363 1515 4434 prohibitionem
1547 4358 1697 4414 Pauli
1728 4357 1861 4424 tanti
1889 4355 2118 4426 apostoli
2181 4401 2185 4404 .

2145 4511 2194 4573 D

528 4463 790 4537 pollutam
822 4459 1044 4516 hederis
1081 4458 1268 4510 ineunt
1293 4454 1578 4512 unitatem.
1611 4449 1745 4504 Cum
1784 4450 1931 4503 enim
1975 4447 2118 4526 regis

421 4545 432 4556 ’
519 4527 1286 4620 'i'ebellioni‘bus"quocunque
1342 4543 1632 4615 participio
1691 4527 2109 4610 eonjunguntui,

481 4657 485 4666 '
531 4647 740 4724 pariter
763 4642 1069 4713 maiestatis
1096 4639 1412 4694 criminibus
1432 4635 1650 4692 obnoxii
1673 4633 1984 4703 judicantur
2007 4647 2078 4701 ,pa
2102 4661 2111 4671 -

535 4744 690 4813 rique
713 4737 978 4794 sententia
1001 4733 1469 4790 condemnamur:
1501 4735 1765 4798 quantum
1811 4739 1843 4778 a
1889 4738 2114 4794 corpore

530 4831 731 4890 Christi
753 4830 1066 4899 probantur
1091 4821 1356 4885 extranei,
1389 4820 1478 4890 qui
1516 4817 1631 4886 ejus
1668 4815 1912 4872 hostibus
1944 4815 2111 4869 finde-

475 4925 479 4928 ’
531 4927 657 4988 rati,
709 4923 950 4980 membra
995 4917 1164 4988 ipsius
1215 4923 1365 4968 tanto
1417 4911 1772 4982 perniciosius
1832 4907 2107 4972 lacerant,

527 5019 732 5090 quanto
756 5015 986 5071 vicinius
1010 5011 1264 5068 Ecclesia:
1293 5008 1388 5062 Dei
1417 5005 1788 5063 eolliminant?
1815 5003 1972 5057 Item.
1995 5063 1999 5072 _

600 5111 872 5177 Quantum
913 5116 1094 5162 autem
1137 5105 1248 5159 Deo
1290 5102 1367 5158 sit
1401 5097 1744 5163 exsecrabile,
1773 5112 1894 5152 cum
1941 5093 2107 5170 impio

527 5201 731 5255 l'tedera
771 5212 1024 5269 pangere,
1065 5193 1364 5250 luculenter
1401 5205 1468 5245 ex
1516 5190 1621 5244 hoc
1664 5185 2105 5258 deprehenditur,

528 5293 672 5362 quod
714 5289 974 5360 Josaphat
1025 5303 1120 5340 rex
1165 5283 1333 5347 J‘uda,
1360 5280 1453 5349 qui
1487 5288 1565 5336 tot
1603 5280 1669 5334 de
1704 5287 1952 5334 anteacta
1995 5276 2104 5329 vita

526 5382 811 5453 prteconiis
836 5378 1133 5442 extollitur,
1173 5377 1238 5429 de
1265 5371 1450 5426 Achab
1484 5369 1737 5425 amicitiis
1774 5368 2102 5436 increpatur,

526 5486 650 5527 eum
691 5473 742 5524 ei
791 5484 888 5539 per
913 5468 1047 5522 Jehu
1079 5465 1393 5534 prophetam
1423 5461 1659 5516 dicitur:
1695 5457 1872 5528 Impia
1912 5457 2108 5526 pra‘bes

529 5565 809 5627 auxilium,
846 5573 892 5616 ct
926 5562 1003 5616 his
1039 5561 1129 5630 qui
1163 5559 1380 5612 oderunt
1411 5555 1694 5610 Dominum
1719 5550 1950 5604 antiritia
1970 5549 2103 5617 jun-

527 5656 684 5727 geris.
719 5653 786 5706 Et
811 5653 1005 5706 idcirco
1035 5651 1170 5704 iram
1191 5648 1399 5718 quidem
1429 5645 1640 5700 Domini
1674 5642 1979 5702 mercbaris,
2017 5642 2107 5694 sed
2159 5705 2164 5716 1

533 5749 666 5801 bona
698 5759 852 5812 opera
876 5745 1078 5796 inuenta
1109 5750 1224 5794 sunt
1254 5741 1306 5792 in
1332 5750 1376 5792 te
1404 5756 1461 5792 eo
1485 5735 1621 5808 quod
1654 5733 1930 5812 abstuleris
1962 5732 2105 5786 lucos

2229 1910 2369 1964 tibus
2412 1910 2556 1979 loqui
2603 1927 2700 1964 nos
2731 1913 3000 1966 credimus
3021 1952 3034 1974 ,
3063 1927 3160 1980 per
3188 1927 3468 1966 sacrarum
3508 1911 3814 1979 Scriptura-

2226 2019 2344 2057 rum
2374 2004 2678 2056 testimonia
2709 2004 2920 2073 longius
2941 2006 3160 2059 tendere
3190 2005 3524 2066 devitamus,
3548 2003 3811 2057 dilectioai

2224 2103 2420 2147 vestra:
2457 2095 2721 2148 Donatum
2753 2096 3115 2150 venerabilem
3145 2096 3486 2165 episcopum,
3522 2094 3686 2164 cujus
3709 2093 3812 2149 laus

2223 2192 2307 2238 est
2335 2184 2388 2237 in
2415 2196 2599 2240 sancta
2625 2195 2814 2240 octava
2837 2187 3063 2256 synodo,
3086 2194 3139 2241 et
3164 2185 3466 2254 Eugenium
3501 2184 3808 2256 religiosum

2223 2275 2616 2348 presbyterum,
2664 2276 2891 2333 dilectos
2917 2276 3058 2332 ﬁlios
3097 2285 3152 2332 et
3184 2275 3536 2332 consiliarios
3563 2283 3806 2340 nostros,

2225 2379 2353 2420 ecce
2374 2366 2677 2438 dirigimus.

2596 2600 2662 2638 AD
2726 2599 2937 2638 CLERUM
2991 2595 3434 2637 ’SALERNITANUI.

2825 2695 3002 2764 (Anno
3060 2693 3210 2760 875.)

2227 2855 2232 2864 .
2285 2805 2520 2862 Jossxns
2551 2804 2656 2860 Vill
2679 2805 2823 2860 clero
2864 2807 2922 2858 et'
2946 2803 3120 2856 ordini
3153 2801 3528 2856 Salernitano.

2283 2896 2370 2956 De
2439 2900 2541 2955 illis
2608 2897 2944 2970 presbyteris
3008 2895 3100 2966 qui
3171 2905 3415 2962 tempore
3486 2890 3803 2948 sanctissimi

2223 2990 2525 3046 decessoris
2554 2989 2721 3044 nostri
2772 2987 2972 3042 domini
3028 3000 3178 3056 papre
3235 2983 3441 3038 Nicolai
3494 2999 3797 3039 excommuo

2225 3082 2628 3136 nicatisacrmn
2679 3079 3039 3133 ministerium
3081 3077 3397 3146 contingere
3449 3090 3800 3145 praesumpse-

2087 3169 2189 3229 -'C
2223 3175 2350 3234 rint,
2386 3172 2488 3241 ipsi
2518 3173 2570 3225 in
2602 3187 2660 3225 se
2689 3169 3053 3223 dannmtionis
3115 3168 3274 3223 sicuti
3337 3169 3522 3223 sancti
3584 3179 3802 3221 canones

2219 3273 2485 3329 statuunt,
2516 3263 2838 3318 sententiam
2865 3262 3227 3314 incurrerunt.
3261 3257 3466 3312 Tamen
3495 3261 3630 3328 quia
3657 3259 3800 3312 mise-

2222 3356 2363 3410 ratio
2389 3353 2678 3424 apostolica
2707 3351 2925 3406 veniam
2959 3349 3095 3404 sulel
3124 3358 3384 3422 praestare
3425 3349 3711 3412 correctis,
3739 3350 3802 3402 ob

2221 3447 2620 3503 multitudinem
2651 3441 3033 3498 misericordiae
3066 3440 3171 3494 illis
3223 3441 3362 3494 hanc
3416 3439 3800 3510 indulgentiam

2153 3579 2175 3589 ..
2221 3537 2558 3600 exhibemus,
2587 3543 2646 3587 ut
2667 3541 2854 3588 sancta
2885 3531 3265 3585 communione
3293 3530 3520 3600 saginati
3546 3529 3804 3583 studeant

2222 3629 2397 3701 tribus
2441 3628 2711 3682 continuis
2737 3626 2892 3679 annis
2935 3619 3030 3696 per
3076 3611 3464 3689 hebdomadam
3514 3609 3670 3674 omni
3711 3613 3804 3676 ἐιε-

2221 3720 2396 3773 cunda
2445 3727 2499 3771 et
2547 3727 2700 3771 sexta
2743 3713 2898 3779 feria,
2925 3720 3016 3767 aut
3043 3729 3074 3766 a
3107 3714 3255 3777 vino,
3287 3721 3380 3766 aut
3420 3726 3450 3764 a
3477 3709 3602 3765 cibo
3621 3709 3802 3784 [tecto

2223 3820 2276 3863 ut
2328 3808 2455 3862 alibi
2485 3805 2695 3877 legitur]
2742 3807 2956 3875 penitus
3003 3791 3273 3876 jejunarei,
3299 3814 3357 3859 et
3381 3804 3524 3858 ultra
3565 3793 3796 3875 lugenda

2222 3920 2561 3975 nequaquam
2583 3903 2943 3959 committere.

2911 4077 2913 4080 ,
2963 4015 3048 4070 ΧΙ.
3601 4069 3604 4072 .

2289 4110 2832 4166 Excommunicamur
2868 4108 2956 4176 qui
2982 4108 3046 4189 d_e
3088 4116 3252 4161 morte
3291 4105 3525 4178 Romani
3566 4105 3732 4160 clerici

2798 4186 3021 4248 suspecti
3053 4186 3222 4232 erant.

2249 4335 2251 4338 ,
2683 4267 2900 4340 Fragm.
2927 4260 2997 4307 -¥
3023 4268 3148 4338 (An.
3188 4267 3340 4338 875.)

2293 4367 2392 4434 Qui
2435 4367 2499 4421 de
2528 4364 2815 4419 homicidio
2856 4361 3082 4416 Romani
3123 4360 3360 4432 religiosi
3395 4343 3587 4414 clerici
3630 4357 3789 4426 su‘Spe-

2223 4459 2317 4523 cti,
2369 4473 2398 4511 a
2450 4456 2713 4524 nobisque
2757 4453 3029 4508 eanonicac
3074 4468 3185 4507 suae
3223 4449 3790 4507 exconununicationis

2220 4548 2538 4625 intentione,
2580 4545 2849 4599 mediante
2884 4543 3043 4600 Junio
3083 4544 3369 4615 prmsentis
3407 4551 3622 4596 octava:
3671 4527 3791 4595 indi-

2220 4641 2434 4702 ctionis,
2463 4637 2642 4694 vocati
2677 4635 2861 4690 venire
2888 4644 3354 4708 contempserunt,
3397 4645 3454 4688 et
3484 4635 3557 4688 ob
3588 4635 3685 4688 hoc
3709 4648 3791 4702 per

2219 4738 2432 4785 nostras
2471 4727 2680 4780 litteras
2728 4724 2963 4779 secundo
3004 4734 3058 4777 et
3096 4725 3255 4778 tertio
3300 4724 3581 4788 advocati,
3630 4731 3791 4777 extre.

2218 4832 2539 4892 munrvero
2579 4831 2681 4886 per
2721 4814 3002 4879 Joannem,
3034 4813 3271 4869 Leonem
3305 4815 3597 4884 episcopos
3641 4811 3793 4868 omni.

2219 4908 2379 4966 moda
2424 4906 3062 4976 communioneprivati,
3102 4906 3228 4974 quia
3277 4906 3623 4975 apostolatus
3662 4902 3786 4974 judi-

2215 5005 2359 5061 cium
2391 5004 2651 5057 hactenus
2678 4998 3068 5070 subtcrlugisse
3095 5008 3151 5052 ct
3176 5014 3352 5067 neque
3375 4998 3602 5052 venisse
3633 5007 3789 5064 neque

2215 5096 2430 5151 misisse
2469 5093 2766 5164 probantur
2793 5109 2807 5144 :
2831 5091 3152 5145 auctoritate
3182 5090 3366 5149 ,saneti
3395 5089 3646 5159 Spiritus
3675 5103 3790 5142 ana-

2217 5186 2594 5242 thematizatos
2625 5197 2744 5238 esse
2768 5179 3112 5236 decernimus
3137 5195 3423 5250 quousque
3464 5179 3668 5234 futuris
3691 5177 3788 5232 K2-

2215 5278 2390 5334 lendis
2413 5275 2757 5338 Octobribus,
2789 5272 2982 5340 futurae
3003 5287 3157 5326 nonne
3179 5270 3497 5326 indietionis
3528 5267 3787 5340 puriﬁcari

2189 5367 2473 5428 canonice
2504 5366 2843 5419 mereantur.
2878 5361 2934 5415 Si
2967 5367 3147 5414 autem
3184 5373 3360 5427 neque
3399 5368 3530 5413 tunc
3558 5357 3788 5426 plenissi-

2179 5474 2358 5513 .mam
2422 5457 2579 5511 nobis
2645 5453 3070 5509 satisfactionem
3125 5450 3481 5512 ostenderint,
3543 5455 3789 5519 perpetuo

2211 5551 2560 5622 anathemate
2615 5556 2902 5601 teneantur
2946 5537 3185 5607 innexi,
3251 5542 3327 5596 ita
3380 5552 3443 5595 ut
3493 5541 3787 5608 quicunque

2213 5637 2405 5693 amodo
2428 5639 2508 5692 eis
2533 5637 2588 5690 in
2633 5635 2777 5701 cibo,
2807 5643 2937 5705 potu
2965 5631 3049 5688 vel
3087 5629 3336 5686 oratione
3357 5630 3786 5685 communicave-

2212 5735 2338 5799 rint,
2371 5727 2484 5803 pari
2511 5727 2629 5785 eum
2655 5726 2737 5784 eis
2765 5723 3126 5783 anathematis
3161 5720 3428 5781 sententia
3451 5720 3782 5789 mlligentur.
