4002 6296
511 337 657 407 "659

1770 346 2054 406 JOANNIS
2091 342 2299 402 PAP-IE
2342 349 2453 407 Vill

508 461 513 467 ’
549 469 808 539 Athcjas,
847 467 1142 523 Saltiacum
1164 506 1178 532 ,
1228 465 1542 532 Liniacum,
1572 465 1916 535 Campanias,
1968 471 2024 518 et
2069 463 2126 516 in
2151 462 2204 520 Δ
2231 464 2276 518 si
2305 467 2448 534 apud
2475 464 2852 521 excellentiam
2893 474 3040 522 tuam
3057 467 3268 538 justitia
3309 470 3401 526 Dei
3441 471 3638 538 locum,
3678 475 3819 529 sicut

531 554 852 617 Fontanido
905 575 1126 615 mansos
1169 575 1256 622 In,
1282 569 1339 613 et
1386 559 1440 612 in
1485 559 1751 614 lariibras
1780 571 2031 613 mansum
2074 572 2123 623 ι,

508 643 602 707 "et
638 652 867 706 alterum
910 651 964 704 in
1012 649 1210 715 lladas,
1255 659 1311 704 ct
1353 649 1628 704 taberna-in
1679 667 1695 704 ι
1746 650 1800 704 in
1846 650 1971 704 vico
2011 661 2126 703 mo-

507 742 792 798 ‘naslerii.
839 741 921 796 Ad
974 750 1188 812 portam
1237 741 1521 809 Bernejam
1578 740 1780 808 villam,
1825 752 1880 796 et
1930 742 1984 796 in
2014 742 2125 796 An-

541 831 687 884 zinio
738 847 984 886 mansum
1031 847 1072 896 ι,
1121 847 1245 886 cum
1279 832 1592 888 molendino
1613 842 1666 888 et
1715 834 1767 887 in
1799 833 1944 888 Enez
1973 847 2125 887 man-

541 937 632 977 sos
671 937 719 983 ν,
751 937 875 976 cum
919 922 1226 979 molendino
1257 932 1314 978 ct
1356 923 1624 978 decimam
1655 923 1833 978 omnis
1869 923 2120 979 abbatite.
2184 1001 2188 1006 ἱ

541 1013 622 1066 Ad
655 1013 920 1083 h05pitale
973 1029 1268 1084 paupentm
1319 1017 1374 1070 in
1409 1015 1712 1085 Daginvilla
1757 1031 1980 1071 mansos
2023 1031 2120 1081 vn,

542 1107 596 1158 in
655 1106 908 1174 Bonejam
966 1108 1183 1173 villam,
1234 1119 1290 1164 ct
1339 1110 1618 1166 Lcntsales
1680 1126 1898 1166 mansos
1956 1125 2016 1165 ιιι
2065 1118 2122 1164 et

537 1196 783 1266 quintam
832 1206 1040 1267 partem
1083 1199 1260 1253 omnis
1309 1199 1553 1254 decimze.
1599 1199 1679 1252 Ad
1726 1201 1946 1255 domum
1990 1214 2124 1254 vero

536 1287 878 1343 inlirmorum
937 1303 1098 1344 omne
1156 1289 1410 1344 telonium
1461 1304 1527 1343 ex
1579 1300 1851 1355 mercato,
1910 1299 1966 1344 ct
2024 1290 2120 1343 has

537 1377 694 1432 villas
736 1394 872 1447 quas
894 1395 993 1447 pro
1033 1379 1272 1433 remedio
1300 1380 1497 1433 animm
1545 1396 1655 1435 sua:
1695 1382 1841 1435 dedit
1875 1381 1956 1434 vel
1997 1380 2120 1434 red-

537 1467 675 1522 didit
705 1468 764 1524 S.
818 1469 1072 1534 Vedasto,
1121 1469 1558 1534 Frontellicurte,
1594 1471 1902 1534 Cilliacum,
1952 1470 2118 1524 Luto—

536 1573 658 1613 sum
715 1567 985 1620 mntem,
1042 1570 1203 1629 atque
1257 1558 1548 1630 Tilgidum.
1609 1562 1718 1617 Has
1774 1577 1908 1632 ergo
1963 1561 2119 1616 villas

536 1664 659 1703 cum
702 1651 952 1704 omnibus
987 1652 1331 1719 appcnditiis,
1365 1661 1418 1707 et
1450 1653 1748 1708 redditibus
1808 1661 1864 1706 et
1911 1653 2117 1706 mnci-

532 1739 671 1807 piis,
711 1740 1166 1808 quemadmodum
1217 1757 1314 1810 per
1359 1743 1612 1813 prtecepti
1669 1743 1920 1812 paginam
1965 1743 2114 1798 στάξε

2232 556 2689 618 dccct,invcnerit
2715 575 2728 610 :
2754 557 2867 613 Hoc
2889 557 3032 612 enim
3065 560 3338 630 synodalia
3367 571 3510 630 gesta
3543 563 3818 627 indicant;

2230 647 2471 703 historiae
2493 649 2814 719 conscriptae
2851 651 3242 705 demonstrant.
3262 651 3594 722 Verumquia
3624 671 3664 707 a
3704 657 3820 725 qui-

2232 736 2456 792 busdam
2495 739 2770 793 hostilium
2830 741 3196 796 turbationum
3233 742 3595 798 simultatibus
3643 746 3819 814 impe-

2229 826 2521 892 dientibus,
2546 829 2671 884 illuc
2693 830 2764 883 ab
2784 831 3078 900 apostolica
3103 833 3228 887 sede
3272 849 3375 886 non
3418 845 3499 888 est
3549 836 3645 888 diu
3686 838 3822 893 dirc-

2228 928 2347 978 ctus
2377 922 2632 987 antistes,
2645 922 2746 978 hoc
2763 923 2902 993 apud
2920 925 3138 996 ignaros
3161 925 3304 980 venit
3333 927 3386 979 in
3406 927 3625 983 dubium
3639 965 3761 983 .....

2953 1055 3071 1114 XV.

2471 1165 2537 1202 AD
2577 1165 2854 1205 EPISCOPOS
2881 1166 3089 1206 (ιΑιιιιΕ
3135 1166 3206 1207 ET
3249 1167 3555 1210 suum;

2836 1243 3012 1311 (Anno
3051 1241 3204 1309 876.)

2234 1351 2381 1409 Vices
2419 1370 2545 1409 suas
2574 1354 2629 1408 in
2660 1354 2836 1435 Gallia
2862 1365 2910 1435 et
2936 1354 3219 1435 Germhania
3248 1359 3518 1435 committit
3548 1360 3820 1435 Ampiae

2650 1425 3034 1496 archiepiscopo
3069 1425 3371 1482 Senwtensi.

2295 1535 2531 1591 Joannes
2557 1539 2860 1607 episcopus,
2890 1554 3081 1594 servus
3101 1555 3376 1595 servorum
3404 1543 3519 1607 Dei,
3550 1548 3814 1604 omnibus

2220 1629 2587 1685 sanctissimis
2602 1631 2868 1700 episcopis
2887 1647 2984 1701 per
3007 1632 3216 1689 Gallias
3248 1645 3304 1689 et
3325 1636 3659 1692 Germanias
3690 1656 3812 1696 con-

2221 1719 2453 1775 stitutis.

532 1840 662 1887 nata
729 1842 856 1888 sunt
899 1842 1064 1903 atque
1123 1835 1320 1890 tradita
1340 1810 1375 1900 ,—
1406 1851 1506 1905 per
1539 1810 2112 1904 nostri—apostolatus
2143 1812 2195 1872 Β
2253 1810 2498 1905 ηνέθίτῗ
2525 1814 2762 1868 “mnium
2803 1814 3193 1871 ίηηο¹θ⁵⁰ί¹¹¹¹¹⁵
3220 1819 3492 1872 “nam”
3542 1822 3682 1889 quia
3715 1838 3816 1892 Pr"

535 1925 917 1981 auctoritatem
965 1927 1262 1993 sancimus,
1312 1937 1373 1982 ιιι
1414 1928 1544 1982 nulli
1597 1929 1903 1983 mortalium
1952 1929 2117 1984 ticeat

533 2016 693 2072 aliter
741 2018 1015 2083 ordinare,
1067 2030 1305 2086 mutare,
1356 2021 1441 2076 vel
1496 2022 1645 2077 aliud
1692 2023 1819 2091 quid
1869 2037 2113 2093 quoquo-

534 2113 695 2163 modo
749 2110 972 2176 exinde,
1028 2111 1112 2166 vel
1158 2128 1347 2182 parum
1395 2128 1585 2183 agere,
1636 2124 1840 2184 praeter
1885 2115 2030 2183 quod
2080 2131 2110 2170 a

531 2199 825 2268 saepedicto
880 2199 992 2255 tilio
1043 2211 1232 2256 nostro
1300 2202 1546 2271 piissimo
1618 2204 1865 2274 Augusto
1909 2205 2114 2260 consti-

533 2300 705 2346 tutum
736 2301 856 2357 est;
905 2293 1000 2348 sed
1042 2296 1222 2352 omnis
1267 2297 1540 2351 ordinatio
1585 2299 1636 2352 in
1680 2299 1910 2354 arbitrio
1951 2301 2113 2354 abba-

534 2382 604 2436 tis
648 2383 898 2451 pendeat.
949 2384 1050 2451 Qui
1093 2401 1223 2456 ergo
1264 2403 1327 2442 ea
1377 2404 1496 2458 qum
1538 2399 1721 2445 sancta
1771 2403 1937 2460 atque
1981 2408 2111 2462 apo-

528 2474 716 2530 stolica
759 2475 916 2533 sedes
953 2479 1212 2534 stabilivit
1237 2495 1336 2550 pro
1381 2483 1549 2536 nihilo
1599 2481 1841 2547 duxerit,
1871 2492 2107 2540 temera-

528 2567 716 2638 rioque
761 2585 894 2625 ausu
943 2573 1186 2627 avaritiae
1229 2575 1616 2644 diaboliczeque
1664 2577 1976 2644 cupiditatis
2023 2578 2107 2631 in-

527 2659 729 2715 stinctu
763 2662 1211 2735 qualitercunque
1236 2667 1437 2721 violare
1468 2669 1779 2733 tentavcrit,
1823 2669 1866 2722 si
1897 2685 1963 2723 ex
1998 2678 2108 2724 toto

528 2757 623 2803 aut
673 2766 739 2806 ex
797 2759 952 2820 parte
1001 2763 1370 2824 transgressor
1429 2759 1768 2827 apparuerit,
1833 2758 1892 2812 Β.
1961 2759 2105 2814 Petri

529 2842 893 2911 apostolorum
956 2846 1218 2915 principis
1273 2849 1558 2917 nostrique
1611 2849 1943 2918 apostolatus
2010 2865 2108 2903 au-

526 2932 779 2988 ctoritate
817 2937 1176 2992 anatltcmatis
1221 2938 1468 3002 nexibus,
1503 2946 1562 2992 ut
1603 2938 1690 2992 iur
1725 2949 1780 2993 et
1809 2939 2109 3011 sacrilegus

525 3025 818 3089 astrictus,
867 3037 1034 3096 atque
1094 3030 1162 3082 ab
1229 3030 1434 3084 unitate
1496 3031 1687 3086 matris
1740 3032 2000 3086 E‘cclcsim-
2052 3042 2110 3087 et

486 3100 488 3104 ’
525 3116 939 3186 participatione
973 3119 1216 3187 corporis
1249 3128 1302 3173 ct
1351 3121 1625 3190 sanguinis
1664 3121 1863 3178 Christi
1909 3139 2102 3193 seque-

525 3215 763 3273 stratus,
823 3224 942 3263 cum
988 3208 1124 3266 Juda
1182 3211 1438 3266 traditore
1491 3212 1700 3267 Domini
1758 3215 1924 3268 nostri
1975 3214 2105 3271 Jesu

523 3295 758 3364 Christi,
800 3308 855 3354 ct
892 3302 1102 3357 diabolo
1149 3304 1373 3374 ejusque
1411 3306 1775 3361 atrocissimis
1801 3309 2010 3377 pompis
2049 3308 2103 3363 in

524 3392 808 3448 tremendo
840 3394 927 3449 die
966 3396 1144 3466 magni
1191 3397 1457 3451 examinis
1514 3399 1841 3452 sententiam
1882 3400 2106 3454 damnav-

521 3486 686 3542 tionis
746 3488 996 3558 accipiat.
1053 3489 1123 3543 At
1181 3491 1271 3559 qui
1329 3491 1414 3545 his
1470 3491 1778 3559 apostolicis
1839 3493 2109 3547 constitu-

521 3576 760 3633 tionibus
797 3577 1008 3633 sincero
1034 3593 1216 3634 amore
1253 3578 1569 3634 observator
1612 3580 1900 3645 exstiterit,
1941 3581 2105 3638 benc-

519 3666 811 3722 dictionem
841 3676 898 3724 et
928 3668 1354 3724 misericordiam
1385 3685 1414 3723 a
1455 3669 1682 3724 Domino
1719 3669 1845 3724 Jesu
1880 3671 2100 3726 Christo

517 3756 811 3827 percipiat,
852 3767 906 3814 et
940 3768 1146 3830 partem
1177 3772 1232 3816 et
1275 3761 1588 3821 societatem
1610 3777 1731 3814 cum
1761 3760 1841 3816 eis
1870 3777 2100 3831 quorum

517 3849 737 3903 nomina
786 3860 911 3905 sunt
951 3852 1150 3920 scripta
1193 3853 1248 3908 in
1302 3852 1440 3907 libro
1474 3852 1598 3908 vitae
1633 3851 1770 3924 Agni
1814 3869 1846 3908 a
1896 3855 2098 3910 consti-

521 3937 728 3992 tutione
755 3939 962 3993 tnundi.
993 3939 1184 3995 Amen.

593 4029 728 4083 Data
793 4046 890 4099 per
956 4046 1148 4087 manus
1209 4032 1481 4089 Anastasii
1541 4034 1890 4104 primiscrinii
1957 4051 2100 4092 anno

518 4121 697 4192 primo
741 4123 949 4191 imperii
995 4123 1170 4179 Caroli
1217 4125 1552 4181 serenissimi
1593 4127 1857 4197 Augusti,
1898 4137 1952 4186 et
1979 4138 2101 4201 post

517 4211 860 4268 consulatuum
901 4212 1017 4282 ejus
1053 4230 1196 4271 anno
1222 4233 1263 4282 ι,
1295 4216 1590 4290 indictione
1617 4232 1736 4274 vm.

1241 4350 1380 4407 XIV.

661 4476 729 4516 an
769 4478 1198 4521 CAItOLOIANNUII
1223 4464 1343 4537 [al.,
1375 4483 1677 4524 Lunovlcuu
1729 4464 1953 4540 necem]

1123 4599 1301 4670 (Anno
1329 4599 1478 4670 875.)

517 4725 673 4795 Quod
739 4727 1049 4785 Pannonica
1092 4732 1323 4788 diaeresis
1370 4735 1618 4804 deputata
1670 4746 1744 4791 est

1069 4804 1364 4872 apostolica:
1387 4805 1544 4859 sedis.

587 4909 764 4981 (Apud
807 4909 1110 4977 Timonem,
1140 4911 1322 4984 Imago
1344 4923 1456 4968 ant.
1486 4914 1687 4986 llung.,
1718 4931 1841 4988 pag.
1871 4917 2020 4990 164.)

584 5041 819 5099 Joannes
848 5044 1134 5115 episcopus
1161 5045 1359 5102 dilecto
1383 5045 1492 5102 lilio
1529 5047 1926 5106 Canonomuuo
1974 5052 2092 5124 glo-

511 5148 658 5187 rioso
679 5149 813 5203 regi.

585 5223 1017 5278 Multisacvariis
1044 5223 1452 5294 manifestisque
1473 5229 1759 5298 prudentia
1783 5239 1870 5286 tua
1893 5233 2093 5302 poterit

514 5313 727 5368 indiciis
784 5314 1213 5384 deprehendere,
1248 5315 1612 5375 Pannonicam
1671 5321 1949 5378 dimcesim
2022 5325 2090 5380 ab

510 5404 638 5458 olim
665 5404 974 5475 apostolica
1000 5405 1147 5462 sedis
1194 5404 1361 5462 fuisse
1395 5409 1690 5482 privilegiis
1731 5411 2081 5483 deputatam:

581 5575 616 5633 ιιᾼ
641 5561 950 5631 Ansegisum
996 5565 1230 5633 fratrem.
1254 5565 1423 5632 Quem
1449 5584 1511 5623 ex
1537 5569 1730 5625 abbate
1760 5571 1818 5625 S.
1857 5570 2088 5628 Michae-

507 5630 574 5704 lis
607 5631 657 5684 in
689 5630 1005 5704 (ipist-Opattt'
1029 5630 1390 5692 Bellovacensi
1416 5639 1480 5691 ad
1509 5638 1875 5694 Scnoncnscm
1906 5645 2087 5696 cathe-

508 5702 935 5778 tlramevcclum
973 5705 1261 5778 didicimus
1305 5723 1446 5763 anno
1501 5709 1622 5762 87L
1663 5709 1918 5765 Romanae
1969 5713 2084 5778 ejus

511 5771 796 5843 legationis
847 5773 970 5829 cu'm
1003 5776 1180 5832 adhuc
1203 5778 1369 5834 abbas
1398 5789 1560 5843 esset,
1607 5782 1850 5838 meminit
1881 5771 2080 5840 Aimoi-

2217 1901 2536 1958 allcviandis
2561 1905 2948 1975 multiplicibus
2969 1908 3225 1963 oneribus
3251 1909 3668 1979 ecclesiasticis,
3698 1917 3807 1983 qui-

2214 1993 2317 2048 bus
2367 1995 2607 2062 quotidie
2658 1997 2791 2050 satis
2839 1996 3158 2066 abundeque
3199 1999 3558 2068 deprimimur
3605 2005 3806 2072 quibus

2215 2085 2451 2139 maxime
2475 2101 2638 2154 super
2654 2086 2963 2156 ncgotiisex
2987 2086 3282 2144 Galliarum
3305 2099 3360 2144 et
3385 2089 3807 2148 Germaniarum

2212 2178 2456 2248 partibus
2486 2178 2641 2232 nobis
2685 2178 2902 2234 assidue
2946 2178 3228 2234 destinatis
3275 2191 3580 2249 arctamur,
3631 2183 3806 2241 Anse-

2212 2271 2386 2340 gisum
2414 2269 2635 2326 fratrem
2657 2285 2685 2313 δ
2714 2283 2768 2326 et
2783 2273 3158 2343 coepin
3187 2283 3436 2330 nostrum
3466 2274 3801 2333 Senomnsis

2211 2361 2466 2416 Ecclesia
2494 2363 2912 2433 pmwlem,rpti
2944 2366 3156 2434 quoties
3185 2366 3389 2421 utilitas
3430 2369 3800 2424 ecclesiastica

2211 2451 2514 2516 dictaverit,
2543 2454 2654 2506 sive
2685 2453 2734 2506 in
2761 2453 2999 2506 vocanda
3019 2454 3241 2524 synodo,
3266 2455 3381 2510 sive
3411 2456 3466 2509 in
3485 2457 3610 2510 aliis
3638 2474 3792 2528 nego—

2213 2540 2304 2596 tiis
2329 2543 2648 2596 exercendis
2671 2558 2768 2611 per
2796 2541 3000 2597 GaHias
3021 2551 3075 2596 et
3105 2542 3431 2598 Germanias
3462 2545 3590 2599 vice
3621 2557 3798 2600 nostra

2209 2633 2439 2688 fruatur.
2473 2635 2538 2689 Et
2563 2634 2814 2689 volumus
2837 2643 2897 2688 ut
2917 2635 3136 2690 decreta
3163 2635 3318 2690 sedis
3354 2637 3674 2705 apostolica
3701 2654 3797 2706 per

2210 2727 2383 2797 ipsum
2437 2726 2590 2782 vobis
2636 2727 2920 2782 manifesta
2967 2725 3389 2791 eiliciantur,et
3449 2745 3648 2783 rursus
3686 2745 3802 2799 qua

2208 2828 2359 2890 gesta
2395 2818 2616 2883 fuerint,
2643 2818 2760 2889 ejus
2781 2818 2938 2873 nobis
2963 2817 3246 2883 relatione,
3285 2818 3332 2870 si
3359 2832 3593 2872 necesse
3623 2817 3800 2881 fuerit,

2207 2911 2513 2979 pandantur
2543 2929 2554 2964 :
2589 2918 2646 2964 ut
2675 2909 2880 2977 majora
2907 2910 3122 2979 negotia
3145 2924 3210 2964 ac
3237 2907 3549 2963 difficiliora
3579 2922 3804 2979 quaequo

2209 3003 2550 3072 suggestione
2571 3003 2739 3070 ipsius
2768 3019 2798 3056 a
2835 3000 2992 3056 nobis
3019 3000 3348 3070 disponenda
3384 3008 3442 3054 et
3463 3000 3799 3055 cnucleanda

2208 3102 2542 3162 qummntur.
2573 3093 2909 3162 Quapropter
2940 3107 3034 3145 vos
3058 3091 3185 3145 huic
3207 3091 3308 3160 pia:
3331 3091 3612 3144 sanctioni
3637 3090 3801 3145 omni-

2213 3182 2387 3236 modis
2413 3181 2772 3245 intendentes,
2797 3197 2919 3250 qua:
2942 3194 3105 3249 super
3132 3181 3235 3233 hoc
3264 3179 3573 3249 apostolica
3612 3189 3796 3234 aucto—

2209 3274 2376 3329 ritate
2399 3273 2741 3328 decernimus
2761 3271 3042 3326 unanimes
3066 3271 3355 3325 admittite.
3390 3271 3583 3326 Talem
3606 3271 3799 3340 quippe

2209 3361 2359 3417 illum
2387 3361 2727 3432 agnovimus,
2753 3361 3022 3430 talemque
3056 3359 3200 3416 circa
3229 3361 3414 3415 sedem
3441 3360 3802 3429 apostolicam

2207 3450 2458 3506 devotum
2490 3459 2545 3504 et
2572 3451 2624 3504 in
2654 3450 2943 3504 commisso
2971 3449 3180 3503 fidelem
3210 3448 3540 3519 reperimus,
3575 3456 3629 3502 ιιι
3680 3463 3796 3501 me-

2207 3542 2312 3596 rito
2337 3543 2386 3598 ei
2409 3541 2534 3596 talia
2572 3541 2834 3596 committi
2878 3555 3036 3610 posse
3087 3539 3350 3594 ducamus
3385 3539 3555 3607 :quin
3603 3549 3655 3593 et
3711 3539 3802 3594 his

2204 3629 2410 3700 majora
2441 3629 2676 3686 conferri
2703 3630 2902 3685 debere
2941 3629 3013 3684 illi
3039 3629 3157 3684 sine
3203 3629 3542 3683 cunctatione
3592 3628 3801 3680 creda-

2205 3735 2356 3786 ms,
2371 3735 2470 3789 pro
2492 3735 2587 3775 sua
2613 3719 2822 3775 scilicet
2877 3719 3187 3784 sanctitate,
3220 3727 3276 3773 et
3318 3718 3438 3773 ﬁdei
3461 3717 3678 3778 merito,
3713 3727 3799 3771 at-

2203 3827 2315 3882 que
2331 3811 2588 3866 divinitus
2614 3811 2893 3882 sapientire
2922 3812 3062 3867 dono
3097 3826 3380 3865 concesso.
3405 3809 3671 3879 Optamus
3699 3824 3795 3863 vos

2202 3906 2403 3961 benere
2422 3905 2622 3960 valere.
2637 3905 2770 3959 Data
2792 3921 2845 3961 tv
2868 3903 3046 3958 Nonas
3057 3902 3682 3969 Januarias,indictione
3719 3917 3792 3956 rx.

2206 3995 2440 4052 Recitata
2479 3997 2538 4050 in.
2561 3997 2760 4069 synodo
2791 3992 3188 4066 Pontigouensi.

2915 4127 3052 4183 XVI.

2201 4234 2369 4274 BULLA
2397 4234 2610 4275 JOANNIS
2642 4235 2789 4276 ωε
2829 4233 2902 4275 AD
2927 4233 3410 4276 CONGREGATIONEI
3457 4234 3512 4275 ε.
3554 4234 3792 4274 ιιειιηω

2766 4305 3184 4346 SUESSIONENSIS.

2813 4383 2992 4440 (Anno
3018 4383 3176 4454 876.).

2122 4511 2176 4571 1)
2201 4497 2561 4568 Con/irritatur
2597 4497 2810 4567 partitio
2842 4497 3220 4571 monachorum
3248 4493 3310 4551 S.
3346 4494 3602 4550 Μαίωνᾱί
3624 4495 3789 4551 Sm-

2842 4569 3118 4622 sionensis.

2264 4679 2497 4736 lamnas
2529 4679 2847 4751 episcopus,
2895 4693 3085 4732 servus
3126 4691 3410 4732 servorum
3440 4675 3577 4739 Der,
3628 4687 3788 4729 vene-

1810 4738 2092 4812 privilegiis

2214 4772 2377 4826 anda:
2399 4769 2802 4840 congregationi
2837 4768 3213 4839 religiosorum
3251 4767 3648 4820 monachorum
3694 4780 3782 4818 ve—

2195 4860 2452 4916 nerabilis
2497 4858 2812 4915 monasterii
2873 4858 3045 4912 sancti
3094 4865 3150 4910 et
3197 4857 3534 4910 confessoris
3585 4852 3787 4909 Christi

2196 4951 2453 5015 Medardi,
2482 4965 2694 5005 necnon
2721 4958 2778 5005 et
2799 4948 2944 5004 beati
2970 4947 3224 5018 martyris
3243 4945 3448 5002 Chr-isti
3474 4941 3785 5000 Sebastiani

2194 5042 2249 5098 in
2275 5052 2612 5113 perpetuum.

2266 5133 2488 5200 Quoties
2514 5133 2602 5187 illa
2631 5147 2660 5186 a
2688 5132 2846 5188 nobis
2875 5130 3036 5185 tribui
3070 5144 3170 5198 pro
3199 5129 3472 5184 desiderio
3505 5126 3783 5199 postulan-

2197 5222 2264 5278 tis
2284 5239 2401 5292 quac
2423 5223 2569 5277 omni
2601 5222 2796 5277 rationi
2824 5219 3571 5280 ineunctantcrconveniunt,
3604 5217 3786 5269 animo

2195 5331 2296 5372 nos
2317 5317 2469 5372 decet
2494 5315 2680 5371 libenti
2704 5314 3006 5370 concedere
3031 5321 3086 5367 ct
3112 5312 3200 5382 pie
3229 5311 3548 5382 petentibus
3577 5311 3782 5379 impar-

2195 5412 2284 5467 tiri
2319 5410 2656 5484 suﬂ'ragium.
2712 5409 2881 5481 igitur
2910 5409 3151 5464 omnium
3183 5406 3388 5462 Christi
3421 5403 3664 5461 ﬁdelium
3694 5417 3786 5459 oo-

2193 5571 2401 5626 nuslib.
2427 5587 2480 5632 v,
2511 5572 2663 5625 αξη.
2683 5569 2945 5624 Perverse
2962 5575 3142 5622 autem
3163 5567 3373 5621 faciunt
3388 5566 3480 5636 qui
3499 5567 3641 5632 hunc
3659 5579 3781 5636 qum

2192 5642 2361 5695 altero
2389 5643 2694 5714 antiquiore
2725 5639 3028 5714 Ansegisq
3052 5633 3420 5714 confundunt:
3438 5635 3659 5714 abhath

2192 5713 2476 5780 hiensi,qui
2507 5705 2687 5782 Caroli
2724 5705 2913 5779 Magni
2933 5706 3267 5782 ctLu_do_vic_i
3328 5707 3412 5762 Pii
3460 5705 3700 5782 capitula
3727 5705 3782 5757 in

2192 5777 2423 5852 quatuor
2444 5782 2610 5838 libros
2641 5777 2862 5851 digessit
2902 5795 3044 5835 amio
3073 5777 3198 5835 827.
3224 5778 3382 5834 Sllul.
