3958 5398
1397 290 1759 351 ΕΡίεΤΟῙΛΕ
1796 288 1881 345 ET
1923 287 2265 346 DECRETA.

3343 291 3456 363 ἔξω

199 424 420 490 gnmeat
454 414 672 472 solertia
706 415 965 485 quoidam
990 412 1373 470 dilectissimus
1408 412 1551 467 ﬁlius
1582 419 1771 465 noster
1794 407 1846 465 Α
1876 405 2102 463 terdicto
2126 444 2145 470 ,
2188 414 2250 461 ut
2278 404 2477 461 nemini
2522 405 2826 462 mortalium
2852 406 3013 463 liceat
3051 422 3267 478 quoque
3294 406 3454 463 modo

200 509 419 567 Carolus
441 509 736 578 imperator
755 508 1049 578 Angustus,
1070 507 1352 562 beatorum
1377 504 1522 560 Petri
1546 511 1602 559 et
1616 501 1765 556 Pauli

201 598 563 671 apostolorum
590 597 896 667 principum
922 596 1110 651 adiens
1135 595 1321 649 limina
1337 635 1351 657 ,
1399 594 1556 649 nobis
1590 598 1773 648 mente

200 692 389 746 devota
413 688 684 759 suggessit
703 696 971 757 quatenus
995 686 1170 742 eidem
1195 686 1454 754 praedicto
1477 680 1769 737 venerabili

172 822 179 825 Α
201 782 529 839 monasterio
552 781 621 837 ad
641 781 931 836 utilitatem
957 788 1015 835 et
1036 794 1194 835 nsum
1232 786 1340 833 tam
1370 775 1770 832 nominatorum

202 874 613 937 monachorum,
649 871 846 927 ibidem
866 871 1095 928 Domino
1117 870 1492 936 servientium,
1520 883 1618 939 per
1645 880 1775 937 apo-

202 966 427 1020 stolatus
450 963 618 1019 nostri
642 963 980 1035 privilegium
1002 961 1445 1019 conﬁrmaremus
1461 1000 1476 1024 ,
1504 969 1561 1015 et
1585 959 1777 1015 immo-

202 1054 322 1109 bilia
368 1054 487 1110 loca
511 1095 527 1118 ,
555 1068 676 1124 quae
716 1053 858 1108 idem
898 1052 1391 1108 Christianissimus
1431 1049 1632 1113 Caesar,
1665 1056 1775 1103 tam

202 1158 295 1214 pro
321 1144 674 1199 veneratione
700 1140 1014 1198 earumdem
1041 1149 1350 1197 sanctorum
1380 1152 1649 1210 quamque
1677 1150 1783 1207 pro

209 1232 475 1287 mercedis
499 1247 610 1286 suae
630 1240 922 1301 augmento
956 1246 1053 1301 per
1080 1229 1260 1301 regale
1291 1235 1614 1299 praeceptum
1648 1240 1779 1281 con-

204 1320 389 1376 tulisse
412 1321 772 1392 dignoscitur,
801 1336 1030 1391 quorum
1067 1318 1283 1374 nomina
1322 1316 1547 1372 inferius
1575 1316 1778 1385 scripta

202 1411 473 1483 leguntur,
522 1413 810 1468 Berncium
866 1412 1101 1477 scilicet,
1155 1409 1510 1473 Croviacum,
1570 1406 1779 1461 Domno

206 1504 411 1576 regium
430 1545 446 1570 ,
479 1504 766 1560 Sodoleum
784 1545 799 1569 ,
824 1504 1135 1558 Bcrziacum
1163 1516 1265 1556 una
1295 1515 1418 1556 cum
1453 1498 1778 1563 molendino,

203 1593 447 1661 Berziso,
477 1594 800 1649 mariziacos
822 1594 975 1661 duos,
998 1603 1160 1662 atque
1184 1591 1471 1660 spicarium
1499 1595 1785 1659 ctpropter

204 1686 303 1740 has
326 1684 717 1739 Murocinctam
740 1724 757 1749 ,
787 1682 1357 1747 Cerniacum-vadum,
1402 1679 1544 1734 sicut
1579 1677 1784 1732 Hildui-

1875 496 2077 566 aliquid
2119 498 2252 553 dare
2299 498 2367 554 de
2397 498 2481 554 his
2509 498 2760 554 omnibus
2798 514 2828 553 a
2859 497 2984 567 jure
3006 498 3329 556 venerabilis
3356 513 3454 553 no-

1874 585 1974 639 stri
2016 587 2329 642 monasterii
2357 627 2372 651 ,
2416 587 2501 643 vel
2530 588 2761 644 utilitate
2796 590 3185 645 ntouachorum
3217 587 3453 653 auferre,
3494 640 3503 647 κ

1875 674 2136 741 alienare,
2163 675 2466 746 subripere,
2496 684 2589 732 aut
2617 692 2714 748 per
2753 679 3183 751 qualemcunque
3213 680 3455 744 modum,

1875 764 1961 819 vel
1988 773 2364 835 argumentum
2410 768 2777 825 subtrahere:
2824 773 2919 826 sed
2966 772 3149 827 omnia
3196 772 3352 837 haec,
3402 780 3459 826 et

1876 872 2000 928 quae
2037 859 2216 925 adhuc
2245 860 2299 914 in
2347 861 2604 919 thesauro
2645 864 2715 918 ab
2761 864 2878 935 ipso
2914 864 3004 935 pio
3027 863 3240 921 Caisare
3272 863 3357 918 vel
3389 864 3457 919 ab

1878 948 2001 1005 aliis
2025 950 2195 1006 Deum
2223 951 2540 1008 timentibus
2582 954 2636 1008 in
2655 951 2772 1024 jus,
2798 955 3116 1021 dominium,
3145 955 3226 1011 vel
3254 954 3457 1015 utilita-

1882 1048 1989 1095 tem
2034 1041 2206 1096 nostri
2246 1043 2573 1100 venerabilis
2608 1046 2919 1102 monasterii
2961 1061 3027 1102 ac
3064 1047 3456 1103 monachorum

1881 1131 2081 1188 ibidem
2117 1136 2448 1190 morantium
2489 1136 2863 1206 conferentur,
2908 1139 3238 1213 perennibus
3278 1138 3460 1194 consi-

1881 1233 1993 1279 stat
2014 1226 2238 1282 omnino
2280 1228 2631 1298 temporibus.
2672 1229 2731 1287 Si
2756 1233 2882 1303 quis
2913 1240 3116 1299 autem,
3147 1230 3293 1300 quod
3317 1245 3460 1285 nun-

1882 1330 2045 1385 quam
2088 1324 2337 1385 optamus
2360 1356 2375 1382 ,
2422 1327 2612 1374 contra
2656 1320 2757 1375 hoc
2801 1328 3000 1375 nostra:
3033 1318 3460 1377 conﬁrmationis

1885 1416 2251 1478 praeceptum,
2296 1408 2459 1464 aliter
2503 1423 2665 1480 agere
2719 1425 2849 1466 non.
2878 1411 3206 1476 formidans,
3257 1410 3461 1480 aliquid

1885 1499 2011 1556 inde
2033 1500 2305 1569 alienare,
2344 1502 2590 1558 minuere
2612 1543 2631 1568 ,
2674 1504 3028 1570 subtrahere,
3060 1505 3145 1560 vel
3176 1504 3462 1561 temerario

1885 1605 2019 1644 ausu
2044 1599 2253 1657 mutare
2274 1579 2703 1664 praesumpserit,
2730 1605 2825 1649 aut
2849 1595 3005 1651 aliter
3029 1597 3303 1662 ordinare,
3327 1611 3459 1665 pra:-

1888 1686 1974 1733 ter
2000 1681 2142 1749 quod
2168 1681 2282 1752 jam
2305 1683 2615 1738 ordinatum
2644 1693 2746 1750 est,
2771 1686 3087 1752 tentavcrit,
3128 1686 3211 1740 vel
3241 1687 3292 1740 in
3323 1695 3460 1750 toto,

207 1790 310 1829 nus
337 1774 583 1827 anterior
610 1773 778 1827 abbas
802 1773 869 1827 ad
891 1788 1045 1831 suum
1076 1771 1248 1827 tenuit.
1271 1768 1787 1831 dominicatum,su-
1814 1750 1863 1809 Β
1889 1771 1974 1827 vel
2023 1773 2075 1827 in
2119 1750 2273 1844 parte
2305 1783 2674 1845 transgmssor
2696 1778 3006 1848 apparuerit
3028 1818 3043 1841 ,
3073 1750 3168 1833 Dei
3215 1777 3469 1847 οηιηίρο.

202 1865 506 1934 peraddens
541 1864 594 1917 in
640 1861 972 1917 Murocincto
1020 1874 1264 1915 mansum
1321 1874 1523 1923 unum,
1586 1855 1785 1910 Maleas

202 1957 368 2012 etiam
394 1966 448 2010 et
472 1955 711 2025 piscinas
754 1969 917 2022 super
962 1966 1112 2006 mare
1152 1959 1208 2005 et
1246 1947 1593 2005 Cuhonimaci
1626 1945 1784 2000 cultae

205 2058 365 2105 terra:
391 2048 617 2103 bonaria
662 2062 788 2103 xxw
820 2055 875 2100 et
903 2045 1223 2102 Ruminiaco
1269 2055 1487 2097 mansos
1524 2039 1795 2109 quinque,

201 2150 264 2196 et
284 2150 496 2209 partem
530 2140 669 2209 prati
701 2138 768 2192 de
814 2137 934 2193 loco
962 2134 1151 2206 Geigio
1175 2174 1195 2199 ,
1231 2141 1285 2188 et
1325 2144 1543 2186 mansos
1565 2129 1701 2185 duos
1731 2129 1784 2182 in

203 2231 367 2297 villa,
397 2246 521 2301 qua:
571 2230 771 2285 dicitur
812 2224 1430 2296 Lentegere-vicinium;
1460 2220 1785 2284 decernens,

204 2331 269 2377 ut
295 2336 513 2376 camera
548 2320 992 2374 vestimentorum
1030 2315 1418 2372 monachorum
1448 2312 1644 2366 haheat
1676 2319 1787 2365 tres

206 2411 390 2477 villas,
413 2410 667 2480 Capram,
695 2408 974 2463 Albiacum
992 2446 1009 2472 ,
1035 2416 1091 2461 et
1120 2405 1387 2469 Solmam;
1424 2411 1481 2458 et
1503 2398 1787 2470 hospitalis

205 2503 468 2560 nobilium
492 2501 725 2571 accipiat
751 2516 946 2554 nonam
990 2514 1056 2553 ex
1083 2497 1223 2552 villis
1252 2495 1420 2565 ipsius
1449 2493 1680 2547 abbatis:
1702 2505 1790 2545 se-

203 2593 445 2650 cundmn
471 2592 707 2662 priscam
731 2589 1209 2651 consuetudinem,
1257 2597 1313 2640 et
1346 2584 1544 2639 habeat
1564 2582 1789 2637 Caucia-

203 2697 335 2738 cum
384 2679 546 2737 simul
585 2697 707 2735 cum
742 2679 984 2749 lignariis
1024 2679 1090 2733 de
1134 2677 1371 2731 l‘ivone:
1403 2682 1458 2728 et
1506 2670 1789 2742 hospitalis

202 2774 619 2846 peregrinorum
649 2772 878 2841 accipiat
900 2771 1163 2825 decimam
1182 2809 1197 2833 ,
1220 2777 1273 2822 et
1304 2768 1502 2821 habeat
1539 2763 1791 2819 Batonis-

202 2872 444 2919 cnrtem.
500 2862 895 2918 Thesaurarius
944 2870 1123 2915 autem
1166 2867 1223 2914 ct
1273 2857 1576 2928 portarius,
1628 2863 1791 2924 atque

196 2956 613 3027 “hospitalarius,
662 2967 869 3009 necnon
900 2960 955 3005 et
979 2949 1313 3006 camerarius
1345 2950 1485 3003 intra
1513 2956 1638 3002 octo
1667 2945 1787 2999 die-

205 3066 337 3106 rum
378 3048 673 3103 Dominica:
715 3044 1042 3107 nativitatis,
1075 3054 1131 3096 et
1166 3039 1574 3096 resurrectionis
1602 3036 1785 3092 Domi—

202 3142 353 3198 nicae
376 3142 544 3214 spatia
565 3180 579 3205 ,
603 3139 689 3193 bis
724 3138 778 3191 in
809 3150 951 3192 anno
982 3132 1279 3204 plcnariam
1307 3128 1658 3183 refectionem
1692 3127 1790 3180 ha-

200 3235 415 3298 beant;
469 3231 692 3301 insuper
737 3242 806 3283 ex
855 3224 1099 3295 praefatis
1143 3221 1267 3276 aliis
1314 3219 1456 3275 villis
1499 3217 1788 3272 terminum

198 3323 512 3382 nativitatis
566 3320 746 3377 dilecti
799 3318 893 3373 ﬁlii
942 3317 1027 3372 sui
1069 3311 1447 3370 Carolomanni
1492 3309 1790 3380 plenariam

201 3415 564 3471 refectionem
595 3413 866 3476 habeant,
900 3418 957 3464 et
980 3415 1100 3478 post
1127 3405 1246 3477 ejus
1273 3403 1479 3460 obitum
1508 3402 1650 3457 diem
1695 3414 1792 3454 na-
1892 3434 1897 3439 τ

200 3507 444 3564 tivitatis
489 3505 822 3560 transferant
858 3503 912 3558 in
959 3502 1100 3557 diem
1139 3497 1512 3570 depositionis,
1543 3493 1794 3552 similiter

194 3614 282 3657 ex
321 3598 448 3652 villa
479 3595 732 3652 Bernoilo
777 3595 1017 3650 decrevit
1058 3592 1405 3647 refectionem
1453 3587 1794 3643 abundanter

196 3687 336 3744 fieri
365 3687 568 3741 eisdem
615 3683 891 3738 monachis
927 3682 981 3735 in
1020 3677 1394 3735 anniversario
1416 3677 1587 3730 Berta:
1616 3676 1794 3730 amita:

195 3792 362 3841 sum,
390 3783 445 3832 et
482 3774 767 3829 luminaria
801 3772 1053 3828 exhibeat
1078 3770 1326 3826 ecclesia:
1350 3775 1553 3823 sancta:
1578 3764 1795 3836 Sophia:

199 3865 460 3925 inferiori
484 3906 507 3930 ,
544 3873 603 3920 et
644 3872 843 3919 sanctze
892 3861 1177 3918 Trinitatis
1219 3857 1484 3929 superiori
1513 3898 1528 3923 ,
1557 3856 1698 3911 sicut
1738 3856 1791 3910 in

196 3954 498 4030 privilegio
533 3952 772 4023 ejusdem
806 3951 879 4020 pii
917 3950 1128 4021 angusti
1159 3950 1224 4004 de
1262 3947 1346 4001 his
1375 3945 1626 4001 omnibus
1651 3943 1795 3999 facto

196 4046 560 4105 continetur:
596 4053 657 4099 ut
681 4041 939 4114 quidquid
975 4043 1043 4096 ab
1067 4041 1256 4097 eodem
1286 4037 1648 4094 illustrissimo
1680 4037 1793 4095 Cre-

199 4154 339 4195 sare
362 4148 470 4192 tam
498 4138 563 4193 de
595 4135 917 4201 mobilibus,
942 4143 998 4190 et
1025 4133 1390 4190 immobilibus
1418 4132 1600 4195 rebus,
1628 4147 1792 4203 quam

197 4233 277 4285 de
312 4230 565 4283 thesauro
606 4227 866 4284 collatum
908 4234 1031 4290 est,
1072 4234 1128 4280 et
1162 4224 1214 4278 in
1254 4223 1439 4278 futuro
1460 4221 1791 4286 conferetur,

197 4334 315 4387 pro
358 4318 551 4372 animm
593 4332 705 4372 sua:
748 4315 1003 4371 remediis
1033 4315 1251 4369 ﬁrmum
1294 4321 1351 4369 et
1391 4311 1700 4368 inviolabile
1738 4312 1794 4366 in

1888 1863 2053 1919 tentis
2073 1863 2283 1933 judicio
2316 1866 2453 1922 sciat
2494 1882 2553 1921 se
2594 1881 2714 1923 esse
2747 1868 3110 1924 anathematis
3129 1868 3359 1924 vinculis
3382 1867 3467 1923 iu-

1884 1954 2167 2021 nodatum,
2194 1963 2251 2009 et
2279 1970 2401 2011 cum
2435 1957 2682 2023 Diabolo,
2707 1966 2766 2013 et
2790 1956 2908 2028 ejus
2929 1958 3282 2015 atrocissimis
3307 1974 3465 2030 pom-

1884 2045 2003 2114 pis;
2033 2053 2198 2115 atque
2224 2062 2351 2102 cum
2392 2046 2533 2103 Juda
2578 2048 2841 2104 traditore
2878 2049 3086 2104 Domini
3133 2051 3303 2105 nostri
3332 2048 3469 2106 Jesu

1882 2134 2120 2201 Christi;
2155 2145 2213 2191 et
2242 2152 2366 2192 cum
2411 2138 2591 2207 impiis
2635 2139 2887 2194 omnibus
2915 2141 3215 2209 portionem
3244 2140 3465 2203 habeat,

1884 2232 1941 2279 et
1969 2240 1999 2280 a
2028 2238 2196 2296 regno
2226 2226 2319 2281 Dei
2355 2226 2565 2282 alienus
2591 2227 2810 2283 existat.
2865 2227 2967 2294 Qui
2995 2242 3123 2283 vero
3147 2228 3238 2297 pio
3266 2227 3320 2282 in
3349 2243 3466 2283 om-

1886 2312 2044 2367 nibus
2075 2313 2271 2368 intuitu
2301 2329 2464 2370 verus
2491 2314 2829 2382 observator,
2860 2324 2916 2371 et
2954 2326 3174 2372 curator
3199 2317 3469 2372 exstiterit

1885 2404 2337 2472 benedictionem,
2361 2408 2611 2478 gratiam,
2634 2417 2692 2464 et
2712 2409 2987 2465 cmlestem
3010 2410 3470 2474 misericordiam,

1885 2495 2003 2550 sive
2027 2496 2243 2550 veniam
2279 2497 2613 2554 delictorum
2645 2515 2867 2555 suorum
2913 2515 2946 2554 a
2984 2498 3136 2569 justo
3154 2500 3339 2571 judice
3363 2501 3467 2557 Do-

1891 2583 2041 2639 ntino
2067 2583 2179 2639 Deo
2218 2594 2404 2641 nostro
2431 2589 2688 2659 consequi
2739 2600 3031 2644 mereatur.
3072 2588 3346 2660 Scriptum
3371 2604 3477 2660 per

1893 2689 2112 2729 manum
2143 2674 2423 2732 Benedicti
2451 2678 2644 2739 notarii
2672 2679 2958 2749 regionarii
2977 2720 2995 2747 ,
3023 2689 3081 2737 et
3107 2688 3473 2737 sacrosancta:

1891 2761 2401 2835 Romanaefecclesize
2418 2767 2470 2821 in
2496 2783 2682 2825 mense
2703 2768 2968 2835 Januarii,
2986 2770 3284 2826 indictione
3302 2784 3465 2827 noua.

1891 2855 2035 2911 Bene
2087 2856 2284 2922 valete,
2338 2858 2543 2926 Quarto
2596 2875 2769 2917 nonas
2812 2861 3082 2928 Januarii,
3124 2878 3224 2933 per
3246 2879 3475 2921 ntanum

1890 2943 2166 3001 Anastasii
2191 2946 2584 3005 bibliothecarii
2606 2958 2810 3007 sanctae
2829 2952 2975 3008 sedis
2985 2952 3313 3022 apostolicae,
3329 2967 3473 3008 anno

1894 3033 2007 3089 Deo
2049 3036 2287 3104 propitio
2328 3038 2679 3106 pontiﬁcatus
2722 3041 2924 3097 domini
2978 3039 3204 3099 Joannis
3248 3052 3467 3113 quarto,

1896 3122 2230 3192 imperatore
2252 3127 2471 3184 domino
2492 3130 2746 3201 piissimo.
2759 3142 3021 3204 perpetuo
3039 3133 3285 3206 Augusto
3308 3134 3476 3192 Caro—

1888 3214 1945 3270 lo
1971 3231 2002 3270 a
2032 3217 2142 3271 Deo
2167 3230 2427 3275 coronato
2448 3237 2644 3293 magno
2672 3225 2999 3296 imperatore
3020 3242 3164 3283 anno
3186 3228 3387 3297 primo,
3414 3236 3472 3284 et

1894 3312 2021 3373 post
2054 3305 2395 3361 consulatum
2417 3307 2536 3378 ejus
2564 3326 2708 3366 anno
2732 3313 2908 3383 primo
2930 3353 2946 3380 ,
2978 3296 3276 3374 indictione
3301 3296 3470 3375 nona.

2035 3523 2104 3562 an
2153 3522 2464 3565 HINCIABUI
2503 3520 2956 3570 ARCHIBPISCOPUI
2995 3530 3329 3574 suumn.

2506 3604 2685 3672 (Anno
2720 3604 2870 3675 876.)
3374 3646 3401 3671 .,

1895 3687 1966 3744 Ut
1990 3691 2046 3744 in
2068 3690 2239 3744 locum
2267 3691 2541 3767 Hincmari
2562 3696 2834 3767 ordinetur
2857 3697 3129 3767 episcopus
3158 3700 3214 3755 in
3240 3698 3481 3767 Ecclesia

2491 3763 2875 3820 Laudttnemis.
2885 3760 2897 3766 ’
3028 3760 3040 3767 ⁷
3372 3760 3397 3779 ”

1964 3870 2195 3926 Joannes
2214 3872 2521 3941 episcopus,
2543 3890 2734 3931 servus
2754 3892 3032 3934 servorum
3056 3852 3172 3947 Boi,
3195 3856 3479 3942 [bacuane

1894 3961 2305 4031 archiepiscopo
2340 3962 2653 4021 Rhemcusi.

1965 4051 2226 4119 Quamvis
2256 4066 2284 4095 ι
2315 4056 2381 4109 de
2408 4058 2843 4115 sanctitatistuae
2861 4060 3066 4131 judicio
3085 4065 3218 4121 nihil
3232 4067 3486 4125 ‘dubitas-.

1895 4160 2098 4209 scmus,
2130 4147 2255 4216 quia
2285 4153 2463 4204 tamen
2494 4151 2851 4215 charissimns
2876 4154 3017 4212 ﬁlius
3037 4166 3226 4213 noster
3251 4158 3479 4223 Carolus

1896 4234 2286 4293 invictissimus
2318 4239 2640 4309 imperator,
2664 4257 2695 4298 a
2723 4244 2879 4300 nobis
2908 4247 3319 4319 diligentissime
3345 4267 3495 4323 μετ-ι

1896 4333 2202 4391 cunctatus,
2225 4327 2688 4386 circumstantiam
2712 4330 2903 4400 judicii
2954 4351 2986 4392 a
3025 4337 3358 4398 beatitudine
3384 4350 3487 4398 tua

195 4418 533 4513 νετνεξιυυηι
563 4409 782 4513 PT“?
807 4403 1413 4513 ΨδῗέἚῗδῘῨΡῘἻὲῙέΪ
1438 4402 1633 4513 ’ξῗῗίῗζ
1664 4401 1790 4513 ⁴ῙῘ¹Ῐ³
1819 4452 1871 4513 ι)
1896 4413 2341 4513 θοθυίπονίῗίιυθ
2379 4420 2495 4475 θυῖε
2543 4421 2596 4513 ⁵η
2642 4419 2997 4513 mmmam“
3031 4428 3243 4485 “dum
3267 4430 3483 4489 Laudu-
3548 4486 3555 4491 ρ

194 4497 463 4552 eumdem
499 4497 781 4552 sublimem
818 4497 1198 4565 imperatorem
1236 4493 1418 4550 divino
1448 4506 1635 4546 amore
1663 4506 1794 4545 con-

195 4596 418 4641 tactum
447 4588 535 4658 pia
568 4587 745 4658 egisse
769 4584 1122 4650 conﬁdimus,
1153 4584 1406 4655 congruis
1435 4580 1793 4652 suggestioni-

190 4677 321 4734 bus
344 4678 461 4748 ejus
487 4678 668 4733 favere
690 4677 932 4731 volentes
950 4715 969 4741 ,
992 4675 1364 4739 decernimus,
1384 4672 1711 4738 stabilimus,
1740 4680 1797 4726 et

187 4767 507 4839 apostolica
537 4766 863 4821 auctoritate
893 4765 1214 4821 omnimodis
1243 4764 1628 4821 conﬁrmamus
1662 4778 1795 4821 cnn-

187 4863 305 4914 cta
328 4857 573 4926 superius
597 4856 743 4910 dicta
773 4853 1064 4908 immobilia
1096 4853 1210 4909 loca
1236 4870 1359 4910 cum
1387 4853 1676 4916 nobilibus,
1697 4867 1794 4907 seu

186 4944 429 5003 famulis
457 4947 742 5014 utriusque
771 4958 948 5006 sexus,
977 4959 1081 4997 una
1110 4960 1230 4999 cum
1257 4946 1513 5000 thesauro
1543 4943 1608 4997 ad
1637 4958 1792 4996 usum

182 5048 263 5096 et
299 5037 585 5093 utilitatem
644 5036 1075 5106 supradictorum
1122 5038 1548 5100 monachorum,
1605 5041 1793 5107 utpote

1901 4519 2125 4561 nensem
2153 4506 2463 4579 episcopum
2483 4512 3033 4585 prolatirapostolatui
3055 4528 3244 4578 nostro
3272 4525 3500 4590 retulit,

1902 4592 2218 4694 agnovimus
2252 4596 2459 4694 justum
2508 4598 2676 4694 fuisse
2713 4605 2937 4662 omnino
2966 4607 3252 4679 judicium.
3295 4611 3487 4684 Neque

1901 4687 2047 4738 enim
2074 4690 2258 4738 tantus
2283 4687 2541 4759 princeps
2574 4688 2683 4745 nisi
2717 4693 2942 4751 veritate
2967 4698 3165 4755 fultum
3188 4694 3512 4771 quidquam-

1900 4779 2114 4842 poterat
2161 4771 2448 4834 atiirmare.
2500 4776 2657 4833 Unde
2707 4780 2864 4841 nefas
2903 4786 3326 4844 esse-duximus
3378 4789 3500 4861 eius

1903 4862 2153 4919 relationi
2196 4878 2303 4925 non
2349 4871 2599 4938 prrebere
2636 4868 3012 4932 incunctanter
3056 4874 3329 4931 auditum.
3383 4868 3525 4934 Boii»

1900 4967 2030 5023 ergo
2074 4951 2190 5022 jam
2226 4968 2372 5034 nunc
2413 4958 2718 5018 Ecclesiam
2765 4962 3178 5021 Lamllmensem
3220 4958 3535 5024 viduatam.

1902 5055 1959 5102 et
2002 5046 2118 5119 sine
2164 5046 2429 5118 regimine
2474 5054 2743 5120 pastorali
2789 5057 3092 5120 dimittere;
3148 5052 3246 5109 sed
3290 5050 3537 5119 indiﬂe'
