4002 6296
1415 339 1772 401 EPISDOLJ!
1799 342 1917 396 ἘῬτ
1939 343 2275 404 DECRET‘A.

3390 355 3520 432 (1.5.5::

197 446 414 541 quam
444 460 600 529 Quin
629 461 815 532 potius
847 460 1180 525 reStitis‘tis',‘
1208 459 1568 530 pravitatibus
1613 465 1798 513 eorum
1831 460 1883 517 Α
1907 473 2002 511 sua
2032 459 2211 527 prism
2235 459 2348 528 jam
2397 470 2636 532 tempore
2679 474 2972 534 prauqttaut
3009 465 3371 538 Dminiuojhm
3389 485 3518 539 {tum

199 553 719 611 no'nicon'seu'sistis
745 553 855 620 ,"et
890 555 1126 625 peccatis
1164 554 1355 609 alienis
1381 553 1620 607 'minime
1659 567 1832 607 mare

198 647 554 700 unitiica‘stis.
578 645 792 699 'ld'circo
827 646 995 699 libere
1024 645 1206 700 dicere
1248 642 1498 699 valebitis
1525 660 1540 696 ι
1571 641 1686 696 Non
1712 643 1807 696 adt

197 727 371 792 his“
397 737 525 792 mihi
555 747 665 792 ‘cor
691 741 940 807 pravum;
969 738 1229 807 quoniam
1269 736 1413 792 nulla
1459 747 1586 806 pars
1633 736 1812 791 fidelis

198 839 335 886 eum
368 831 600 895 inﬁdeli,
633 831 841 887 Christi
876 833 942 886 ad
974 831 1172 894 Belial,
1201 830 1426 899 justitite
1458 828 1526 885 ad
1556 828 1830 899 iuiquita-'

198 912 343 985 teni,
375 926 460 980 vel
493 927 628 981 lucis
651 923 720 980 ad
755 927 1024 981 tenebras.
1064 926 1235 995 Ergo,
1257 925 1384 996 quia
1418 925 1490 979 ita
1529 934 1634 987 est,
1669 927 1831 977 state-

197 1014 265 1070 in
297 1015 424 1080 title,
453 1021 514 1071 et”
537 1013 778 1070 viriliter
808 1017 973 1086 agite,
1013 1017 1324 1086 seniorique
1373 1024 1553 1071 vestro
1589 1014 1824 1070 domino

201 1108 532 1177 imperatori
564 1110 726 1164 tidem
759 1111 1073 1180 specialiter
1103 1110 1504 1180 repromissum,
1535 1109 1674 1164 sicut
1702 1123 1810 1162 coe-

201 1201 392 1270 pistis,
415 1185 802 1257 ineonvulsam
833 1210 1078 1266 servate,
1110 1209 1164 1255 et
1203 1203 1257 1256 in
1302 1201 1492 1255 melius
1520 1199 1810 1254 confortati

199 1289 454 1357 ejusdem
486 1291 674 1345 honori
707 1305 799 1345 seu
839 1289 1106 1360 profecturi
1140 1291 1444 1362 providete;
1496 1305 1560 1344 ac
1609 1304 1676 1343 ne
1712 1302 1812 1360 pro

203 1383 608 1450 temporalibus
668 1393 909 1448 attcrna,
959 1400 1058 1455 pro
1104 1384 1476 1454 corporalibus
1521 1383 1810 1454 spiritalia,

202 1477 309 1543 pro
345 1473 579 1528 terrenis
613 1474 857 1528 caelestia
893 1474 1082 1544 gaudia
1117 1475 1378 1530 amittatis
1401 1516 1416 1538 ,
1468 1489 1813 1545 summOpere

203 1565 528 1630 ili-certate,
578 1566 811 1620 scientes
855 1566 980 1636 quia
1031 1565 1320 1634 adjuvante
1360 1566 1450 1621 illo
1495 1568 1585 1636 qui
1631 1567 1810 1622 dicit:

204 1653 321 1718 Otii
367 1657 771 1723 perseveraverit
821 1673 982 1726 usque
1029 1657 1081 1710 in
1122 1657 1317 1725 finem,
1363 1657 1448 1710 hic
1493 1657 1668 1711 salvus
1715 1658 1812 1710 erit

204 1745 432 1816 (Matth.
463 1747 518 1816 κ)
540 1741 560 1810 ,’
585 1758 635 1800 et
662 1762 820 1817 posse
851 1749 1002 1803 vobis
1028 1748 1240 1803 coalitus
1273 1749 1510 1812 dabitur,
1543 1759 1597 1804 et
1629 1763 1812 1818 perse-

201 1831 461 1892 verantia
505 1839 819 1894 tribuetur:
854 1855 1064 1910 opeque
1113 1857 1337 1896 somnne
1387 1842 1683 1896 divinitatis
1723 1858 1812 1897 ve-

203 1937 385 1983 strum
409 1942 506 1984 cor
527 1930 941 1995 confortabitur,
961 1931 1070 1985 imo
1090 1941 1145 1986 et
1165 1931 1230 1985 ad
1253 1947 1442 1986 omnes
1465 1932 1808 1986 inimicorum

203 2019 444 2075 insidias
495 2022 869 2090 reprimendas
919 2023 1250 2077 confortabit
1293 2022 1555 2077 Dominus
1604 2033 1812 2078 mentes

203 2113 426 2165 vestras
453 2111 505 2165 in
529 2111 800 2167 eharitate
830 2123 886 2167 et
916 2114 1112 2184 gratia,
1140 2123 1195 2168 et
1226 2115 1464 2168 tuebitur
1493 2130 1588 2169 vos
1622 2114 1674 2168 in
1705 2130 1810 2169 sa:-

203 2201 330 2255 cuia
367 2202 694 2256 saeculorum
727 2221 739 2256 :
770 2213 830 2257 ut
859 2205 1063 2258 iterum
1086 2213 1249 2274 atque
1289 2197 1486 2258 iterum
1526 2207 1812 2260 benedica-

205 2305 303 2370 tur
331 2289 599 2349 Dominus
627 2307 680 2350 et
712 2296 874 2351 Pater
899 2297 1112 2352 Domini
1149 2298 1320 2352 nostri
1351 2296 1474 2352 Jesu
1501 2298 1722 2360 Christi,
1757 2307 1814 2352 et

203 2405 236 2443 a
275 2378 470 2445 uestro
502 2387 850 2460 pontiﬁcatu,
892 2391 1000 2446 imo
1040 2393 1108 2446 ab
1150 2392 1415 2446 universis
1446 2390 1645 2446 Christi
1682 2392 1812 2447 tide—

207 2481 378 2542 Iibus,
411 2482 566 2536 vobis
596 2482 891 2536 innumera:
925 2483 1113 2553 gratim
1161 2482 1484 2537 referantur.
1535 2483 1724 2546 Porro,
1763 2483 1809 2538 si

207 2573 304 2640 qui
340 2570 551 2635 adhuc,
580 2573 722 2642 quod
756 2575 976 2628 minime
1005 2574 1276 2627 credimus
1301 2615 1316 2638 ,
1363 2575 1416 2628 in
1471 2574 1652 2640 aliquo
1700 2575 1809 2630 lzesi

205 2663 530 2733 quicunque
564 2674 804 2720 vestrum
851 2665 1051 2733 reperti
1121 2664 1374 2726 l‘ueruut,
1427 2666 1708 2718 hortamur
1754 2674 1813 2719 ut

211 2753 564 2820 resipiscam,
601 2763 657 2808 et
685 2755 903 2824 dignam
933 2755 1366 2809 emendationem
1399 2769 1456 2809 se
1491 2756 1813 2826 Corrigenda

209 2843 533 2920 exhibeant.
563 2842 696 2897 Nam
729 2841 1095 2912 cujuscunque
1125 2844 1196 2898 sit
1240 2845 1604 2910 sublimitatis,
1645 2846 1814 2916 digni-

215 2934 347 2988 tatis
375 2933 458 2988 vel
486 2934 714 2998 ordinis,
739 2935 827 3004 qui
853 2950 974 2987 cum
1000 2936 1356 3004 pnesenlihus
1379 2934 1565 3005 legatis
1590 2937 1811 3002 rn‘nstris,

210 3021 429 3078 Joanne
469 3024 717 3078 videlicet
758 3033 812 3078 et
839 3023 1046 3080 Joanne
1085 3025 1483 3079 venerabilihns
1523 3027 1808 3101 episcolzis,

214 3115 431 3170 dilectis
459 3131 672 3185 quoque
721 3114 1069 3170 falniliarilms
1101 3116 1322 3181 nostris,
1362 3130 1500 3184 quos
1538 3131 1667 3170 voce
1711 3132 1812 3170 no-

183 3215 331 3264 stra
364 3208 486 3263 illas
534 3208 586 3262 in
633 3218 818 3278 partes
858 3210 922 3263 ad
951 3210 1308 3263 examinanda
1358 3209 1624 3279 simulque
1676 3208 1813 3263 ditii-

213 3299 417 3355 nienda
450 3303 710 3356 canonice
748 3303 862 3356 sive
899 3302 1140 3370 legaliter
1169 3317 1289 3369 quae
1338 3301 1437 3354 hoc
1486 3316 1628 3355 anno
1673 3302 1814 3356 inter

215 3399 484 3461 utrosque
511 3392 709 3448 fratres
735 3407 1008 3448 emersere
1038 3393 1274 3458 negotia,
1301 3393 1586 3446 convenire
1615 3392 1666 3446 in
1697 3392 1814 3447 loco

211 3481 290 3536 ab
310 3482 395 3537 eis
428 3482 730 3553 designato,
762 3484 948 3552 eisque
987 3483 1302 3536 satisfacere
1338 3483 1614 3536 humiliter
1639 3483 1816 3536 detre-

213 3575 474 3637 ctaverit,
505 3575 826 3629 auctoritate
860 3575 950 3628 Dei
983 3575 1370 3642 omnipotentis
1398 3586 1816 3643 sanctorumque

216 3665 590 3734 apostolorum
628 3667 926 3735 principqu
978 3665 1124 3719 Petri
1175 3674 1230 3719 et
1282 3665 1474 3728 Pauli,
1515 3675 1815 3733 nostneqee

217 3757 634 3821 mediocritatis,
671 3759 877 3812 veniam
912 3758 1012 3813 sibi
1056 3757 1309 3826 deinceps
1356 3757 1601 3810 noverint
1647 3759 1813 3811 dene-

219 3847 364 3914 gari,
393 3861 491 3900 nec
526 3847 722 3901 annulo
760 3846 1160 3902 communionis
1207 3855 1408 3900 nostra:
1436 3847 1672 3898 l'uttu'um
1704 3845 1817 3901 fore

220 3946 576 4001 consortem,
639 3938 728 4006 qui
802 3937 981 3993 socius
1033 3951 1152 3990 esse
1209 3936 1441 3990 noiuerit
1497 3935 1812 4004 disciplinm.

221 4025 487 4108 Optamus
516 4031 858 4084 sanctitatem
890 4029 970 4084 vel
998 4028 1223 4098 gloriam
1255 4037 1486 4082 vestram
1518 4027 1568 4080 in
1598 4027 1817 4082 Cln‘isto

224 4117 370 4174 bene
430 4120 628 4173 valere.
697 4119 826 4174 Data
881 4136 976 4174 xui
1041 4119 1311 4174 Kalendas
1362 4119 1624 4183 Martias,
1681 4119 1818 4174 indi-

223 4209 406 4270 ethoc
433 4226 512 4265 ix.
547 4209 781 4266 Recitata
810 4213 863 4265 in
894 4211 1092 4282 synodo
1117 4208 1510 4280 l’ontigonensi.

958 4322 1102 4378 XXI.

226 4425 299 4468 ΑΟ
333 4428 611 4470 EI'ISCOI‘OS
647 4431 732 4479 ριη
755 4457 768 4479 ,
801 4433 829 4470 Λ
862 4431 1068 4471 (Ἀπιοιο
1106 4430 1818 4482 DESCISCENTES,‘LL‘D0\'ICO

755 4503 875 4543 ΙὶΕΙὶΙ
919 4502 1303 4541 ΔυΙΙΑΕδΕΙιΑΝΤ.

228 4613 264 4632 .-
439 4625 442 4628 .
845 4579 1022 4650 (Anno
1051 4579 1200 4651 876.)

226 4666 477 4736 Increpat
505 4685 684 4724 eorum
700 4670 1095 4738 infidelitatem,
1113 4678 1386 4739 monetque
1408 4678 1463 4722 at
1491 4669 1819 4738 resipiscam,

229 4787 253 4814 ,ι
267 4786 272 4796 ..
286 4755 368 4816 1ut:
385 4741 579 4810 legatos
597 4759 627 4795 a
643 4742 760 4794 sede
777 4741 1063 4810 apostolica
1079 4740 1260 4794 missos
1277 4741 1491 4810 benigne
1507 4741 1818 4810 suscipiant.

249 4847 587 4914 .-.,Relatioue
608 4863 784 4906 vera!l
808 4851 1093 4906 didicimus
1115 4851 1256 4920 quod
1281 4850 1480 4905 dilecto
1505 4865 1567 4904 ac
1591 4851 1820 4920 Spiritali

231 4941 349 5000 tilio
371 4953 554 4998 ner
574 4943 766 4998 Carolo
793 4943 1182 5012 gloriosissimo
1213 4943 1536 5011 imperatore
1557 4943 1820 5012 Augusto,

231 5035 451 5090 seniore
486 5043 703 5098 vestro,
753 5035 817 5090 ad
867 5034 1053 5088 limina
1098 5041 1407 5088 sanctorum
1459 5034 1825 5103 apostolorum

235 5123 382 5180 Petri
411 5133 469 5178 et
494 5123 642 5182 Pauli
671 5125 974 5195 principum
1005 5125 1253 5178 veniente
1279 5163 1294 5190 ,
1344 5124 1544 5194 ubique
1582 5134 1640 5178 ut
1665 5124 1827 5178 Chri-

225 5219 628 5290 stianissimmn
657 5221 813 5277 decet
843 5221 1096 5277 Ecclesia:
1126 5220 1327 5276 Christi
1359 5231 1665 5290 patromuu,
1701 5234 1826 5277 vota

225 5333 284 5365 ης.

227 5421 251 5456 )
289 5398 652 5456 .e-Relatione
679 5418 821 5456 vera.
853 5403 1049 5457 Eorum
1087 5403 1177 5471 qui
1218 5411 1345 5455 tunc
1373 5417 1401 5455 a
1433 5402 1624 5457 Carolo
1653 5402 1825 5457 desci-

221 5485 364 5544 agere
391 5471 646 5544 princeps
678 5473 806 5540 l'uit,
839 5474 1087 5528 Aimouio
1121 5483 1286 5537 teste,
1328 5473 1698 5544 lngelramnus
1728 5491 1824 5526 uu-

235 5541 333 5614 [pttj
381 5541 714 5614 camerarius
772 5545 990 5614 regique
1041 5545 1302 5608 intimus,
1353 5541 1495 5597 nunc
1553 5543 1825 5614 lauloviro

223 5605 544 5681 acrrumum
573 5615 682 5681 regi
712 5605 1157 5668 auctor-fraterni
1203 5605 1350 5677 regni
1398 5614 1701 5666 invadi-mli.
1753 5613 1824 5667 De

234 5678 323 5754 his
361 5695 493 5754 ergo
533 5678 814 5754 Aintonius
853 5686 993 5739 idem
1048 5685 1183 5754 (imo
1225 5685 1338 5753 ejus
1379 5683 1724 5738 Continuator
1761 5701 1824 5737 ηις

235 5747 528 5807 Annalibus
557 5753 874 5810 Bcrtiuianis
905 5757 973 5810 ad
1009 5747 1096 5810 an.
1131 5747 1276 5824 875},
1305 5756 1394 5809 lih.
1444 5771 1507 5819 v,
1557 5770 1675 5824 cap.
1705 5754 1774 5808 5:2
1806 5770 1819 5808 :

1910 547 2108 602 utiliter
2133 552 2466 618 essirlventc,
2504 553 2904 630 Augtlstalcqqe
2934 557 3334 624 tuiitl(.lllit,-Sil)i
3362 559 3520 630 divin

1910 639 2055 694 nitus
2097 641 2214 695 sine
2260 643 2424 697 dubio
2455 645 2774 716 .eolllatum,
2801 662 2894 715 per
2938 648 3520 724 iucunditatis“postne,

1909 731 2298 814 t'ninisteriuur'
2321 736 2640 806 accipiente,
2683 737 2835 800 fratri
2864 739 3010 808 ejus,
3034 739 3326 813 Ludovico
3354 745 3520 817 seuit-5;

1909 832 1996 877 cet
2025 825 2173 895 regi,
2217 825 2261 880 si
2300 835 2478 880 tamen
2509 844 2601 884 rex
2627 827 2750 898 jure
2783 831 2888 888 dici
2917 832 3142 899 debeat,
3181 834 3271 903 qui
3303 840 3518 900 nu-ntia.

1909 931 2021 970 sua:
2064 927 2243 973 motus
2287 918 2339 973 in
2375 920 2697 989 ‘abruptum
2749 921 3044 991 impietatis
3090 911 3516 993 Cadmi-toauunL

1910 1008 2090 1072 rexit,
2133 1010 2186 1063 in
2229 1026 2454 1081 regnum
2501 1011 2712 1081 ipsius,
2762 1015 2986 1072 collecta
3046 1017 3224 1088 populi
3283 1001 3510 1088 nciam“,

1909 1100 2276 1166 muititudiuc,
2305 1103 2552 1170 intranti,
2585 1115 2641 1161 el.
2664 1121 2992 1176 paganorum
3021 1109 3517 1178 utare-l-Icclesianr,

1911 1187 2005 1243 Dei
2031 1230 2046 1254 ,
2085 1191 2348 1261 pupulum
2401 1194 2648 1252 videlicet
2677 1197 2914 1266 pretioso
2947 1197 3145 1254 Christi
3187 1215 3380 1256 cruore
3411 1216 3502 1269 re-

1913 1280 2208 1350 demptmn,
2239 1283 2291 1336 in
2323 1298 2456 1353 pace
2500 1287 2733 1354 positum
2777 1287 3148 1356 conturbauti,
3182 1289 3382 1350 relictis
3410 1306 3507 1350 res

1913 1374 2040 1428 stris
2069 1376 2381 1432 eoneivibus
2419 1387 2579 1447 atque
2617 1380 2924 1446 sodalibus,
2965 1384 3054 1452 qui
3086 1383 3193 1438 Deo
3221 1393 3272 1438 et
3303 1383 3504 1444 seniori

1912 1480 2011 1519 suo
2040 1465 2223 1521 fideles
2251 1468 2435 1538 procul
2465 1469 2630 1525 dubio
2664 1485 2788 1526 csse
2825 1472 3098 1539 videntur,
3139 1475 3342 1530 hrcrerc
3363 1515 3378 1536 ,
3415 1485 3499 1529 at-

1912 1572 2017 1626 que
2039 1574 2161 1614 cum
2190 1576 2255 1615 eo
2284 1564 2543 1619 adversus
2571 1565 2854 1620 Domimun
2873 1607 2888 1628 ,
2923 1579 3134 1636 gentem
3165 1580 3217 1624 ct
3247 1569 3498 1638 populqu

1912 1663 2152 1706 vestrum
2181 1695 2196 1718 ,
2245 1655 2315 1708 ab
2352 1666 2494 1710 statu
2531 1671 2724 1714 vestra:
2757 1661 3028 1716 lidelitatts
3056 1672 3107 1715 et
3139 1665 3500 1732 promissione

1915 1742 2220 1798 divinorum
2273 1759 2780 1814 sacramentorum,
2816 1763 3003 1804 contra
3038 1753 3178 1806 sacri
3213 1752 3502 1806 ministerii

1917 1827 2078 1887 vestri
2109 1834 2342 1890 oﬂieium
2365 1879 2379 1901 ,
2407 1849 2460 1892 ct
2493 1852 2680 1893 contra
2712 1843 3018 1909 sponsionis
3054 1858 3115 1896 ac
3158 1842 3278 1895 ﬁdei
3309 1854 3504 1896 vestrae

1909 1925 2310 1996 jusjuramtum,
2334 1945 2482 1984 arma
2513 1946 2632 1984 cum
2667 1932 2912 1987 hostibus
2937 1932 3168 1997 elevare,
3193 1933 3504 2002 pariterque

1916 2019 2144 2074 nefanda
2189 2030 2243 2074 ct
2283 2023 2443 2091 impia
2489 2024 2826 2078 conuuittere
2877 2025 3312 2094 pra'sumpsistis.
3362 2023 3503 2089 lleu,

1915 2112 2049 2180 proh
2090 2111 2273 2166 dolor!
2325 2128 2493 2181 quare
2535 2124 2695 2168 tanta:
2745 2115 3044 2184 iniquitatis
3087 2116 3264 2170 scelus
3311 2124 3504 2184 sponte

1915 2205 2274 2268 committere,
2307 2220 2476 2273 quare
2509 2216 2670 2259 tant.c
2703 2206 3032 2261 inlidelitatis
3074 2207 3270 2260 malum
3301 2208 3502 2262 lltltltdo

1918 2281 2187 2355 universo,
2212 2294 2351 2348 sicut
2381 2293 2528 2348 Juda:
2555 2295 2846 2358 lseariota‘,
2875 2295 3206 2350 exsecrabile
3235 2295 3286 2348 in
3321 2311 3504 2349 exem-

1916 2383 2060 2452 plmu
2092 2385 2379 2439 ostendere
2421 2401 2524 2438 non
2566 2385 2886 2440 dubitastis?
2935 2388 3062 2452 Qum
3104 2401 3236 2456 gens
3280 2386 3380 2439 hoc
3408 2399 3504 2438 au-

1918 2474 2070 2528 diens
2102 2490 2196 2528 vos
2227 2492 2328 2528 nou
2361 2474 2544 2528 adiat?
2582 2475 2732 2542 ρηοιι
2781 2491 3000 2544 regnum
3036 2490 3129 2529 vos
3159 2490 3355 2529 csosos
3386 2473 3512 2529 fore

1919 2581 2023 2619 Iunt
2061 2565 2298 2636 judicet'.’
2343 2568 2566 2634 Quando
2614 2569 2776 2620 etiam
2825 2571 3113 2638 gentibus,
3165 2584 3283 2637 qua)
3332 2568 3499 2621 Deum

1918 2671 2104 2709 verum
2139 2657 2319 2726 utique
2353 2659 2624 2728 ignorant,
2659 2659 2762 2711 talo
2793 2661 3133 2713 committere
3171 2660 3321 2712 nefas
3350 2659 3498 2712 vide-

1922 2759 2008 2802 tur
2056 2750 2429 2820 ittt'Olt‘Olllltlll.
2480 2752 2719 2818 Qttztt'tlttt
2771 2767 2866 2820 pro
2917 2753 3146 2806 terrenis
3201 2751 3365 2805 lucris
3419 2749 3502 2804 vel

1920 2842 2081 2896 minis
2110 2857 2234 2905 eos,
2270 2859 2405 2912 quos
2439 2844 2698 2898 societate
2731 2853 2785 2896 et
2825 2845 3178 2899 unanimitate
3206 2852 3381 2897 vestra
3413 2844 3505 2896 de-

1921 2932 2139 2988 fendere
2166 2934 2480 3003 salvareipre
2511 2945 2564 2987 ut
2599 2945 2803 2988 vosmet
2837 2936 3117 2996 debuistis.
3151 2943 3424 3004 appetere,
3449 2942 3506 2987 et

1921 3038 2042 3077 cum
2099 3023 2334 3077 inimicis
2388 3025 2634 3092 persequi
2692 3041 2794 3078 nou
2863 3023 3305 3094 contempsistis?
3367 3022 3504 3076 Cum

1922 3117 2134 3169 dicente
2181 3113 2450 3169 Domino:
2489 3116 2746 3184 Maiorem
2787 3118 3093 3170 rham’tatem
3136 3133 3284 3170 nemo
3329 3116 3502 3180 habet,

1920 3222 2078 3274 quam
2112 3216 2164 3257 ut
2197 3206 2426 3258 animant
2464 3222 2612 3258 sitam
2637 3215 2795 3275 ponat
2826 3223 2920 3275 pro
2957 3208 3136 3260 amicis
3163 3209 3272 3260 suis
3319 3206 3500 3274 (Joan.

1922 3301 2044 3364 xv),
2090 3299 2141 3352 in
2173 3315 2280 3367 quo
2307 3297 2509 3352 scilicet
2555 3312 2650 3352 vos
2697 3313 2838 3360 eam,
2885 3313 3005 3366 quze
3037 3313 3131 3364 per
3160 3297 3504 3351 dilectionem

1920 3401 2196 3460 aperatur,
2236 3389 2592 3452 charitatcm,
2635 3387 2751 3442 sine
2785 3401 2888 3456 qua
2920 3387 3249 3456 impossibile
3287 3398 3369 3440 est
3396 3387 3506 3456 pla-

1922 3495 2046 3535 cere
2079 3481 2208 3543 Deo,
2241 3479 2291 3533 iu
2326 3496 2429 3549 qua
2461 3490 2626 3533 totam
2673 3479 2839 3549 legem
2871 3489 2924 3532 et
2955 3479 3242 3547 prophetas
3273 3479 3506 3546 pendere

1921 3575 2160 3634 scimus,
2214 3572 2520 3626 nullatenus
2567 3581 2779 3625 constet
2815 3572 3106 3634 habuisse,
3152 3571 3281 3640 quin
3327 3571 3504 3640 potius

1922 3665 2053 3719 Cain
2104 3663 2436 3717 fratricidam
2491 3663 2580 3715 diu
2639 3672 2820 3716 mente
2863 3662 3114 3730 gessisse.
3174 3660 3360 3715 Nonne
3414 3660 3504 3714 lux

1924 3756 2129 3818 mutuli,
2163 3765 2216 3810 et
2247 3755 2324 3808 sal
2362 3765 2516 3808 teme
2541 3795 2554 3816 ,
2602 3753 2842 3807 Veritate
2881 3761 3191 3818 attestante,
3231 3767 3324 3806 vos
3351 3752 3502 3816 estis,

1923 3850 2014 3919 qui
2065 3849 2244 3903 verbis
2313 3849 2514 3920 pariter
2560 3859 2614 3902 et
2656 3847 2954 3917 exemplis,
3011 3845 3164 3915 quasi
3218 3844 3506 3898 luminaria

1927 3941 2126 3996 Inundo
2170 3940 2349 3994 lucere.
2391 3940 2643 3994 omnilms
2675 3980 2688 4003 ,
2735 3947 2898 4008 atque
2948 3936 3181 3992 insulsas
3227 3935 3506 3990 hominum

1925 4046 2136 4089 tuentes
2164 4035 2441 4104 sapientia:
2474 4033 2709 4088 cazlcstis
2729 4034 2841 4088 sale
2870 4031 3092 4086 condire
3119 4030 3507 4086 instantissime

1925 4125 2170 4179 debetis"
2198 4123 2385 4178 Nonne
2407 4139 2502 4176 vos
2528 4125 2706 4192 posuit
2727 4123 2959 4192 Spiritus
2985 4132 3202 4176 sanctus
3227 4121 3508 4190 episcopos

1885 4207 1888 4210 ’
1925 4231 2112 4287 regere
2138 4216 2430 4270 Ecclesiam
2456 4215 2570 4279 Dei,
2596 4231 2756 4284 quam
2779 4213 3066 4282 acquisivit
3091 4213 3351 4284 sanguine
3376 4211 3510 4265 suo?

1924 4307 2111 4362 Nonne
2128 4309 2296 4378 magis
2310 4316 2546 4361 vestrum
2573 4315 2692 4362 erat
2705 4307 2898 4360 docere
2917 4304 3188 4374 populum,
3208 4319 3312 4356 non
3328 4311 3506 4356 autem

1928 4403 1979 4455 in
2001 4411 2106 4454 tam
2141 4401 2407 4470 perversis
2438 4403 2594 4452 rebus
2621 4413 2898 4451 assensum
2936 4397 3216 4465 prmbere?
3257 4393 3510 4449 Dolemus

1851 4510 1900 4569 ι)
1930 4495 2110 4562 itaque
2124 4495 2190 4546 de
2206 4494 2380 4555 vobis,
2395 4493 2549 4560 quasi
2567 4493 2630 4545 de
2647 4491 2902 4543 membris
2929 4489 3172 4556 corporis
3187 4486 3408 4549 Christi,
3425 4486 3509 4538 di-

1928 4593 2115 4638 centes
2143 4599 2263 4636 ruzn
2283 4581 2548 4649 Propheta
2583 4594 2597 4632 :
2643 4577 2880 4632 Ventrem
2911 4594 3080 4630 meum
3095 4576 3508 4639 doleo,ventrem

1925 4668 2101 4728 meum
2125 4674 2294 4736 doleo,
2311 4689 2492 4727 sensus
2507 4671 2677 4724 cordis
2696 4671 2794 4723 mei
2817 4669 3010 4722 turbati
3033 4679 3149 4721 sunt
3166 4667 3300 4736 (Jer.
3323 4665 3428 4736 tv);
3456 4675 3512 4720 et

1929 4768 2124 4821 iterum
2159 4785 2171 4818 :
2205 4765 2334 4830 Quis
2361 4763 2503 4816 dabit
2533 4761 2688 4828 capiti
2723 4775 2834 4812 meo
2865 4775 3078 4828 aquam,
3109 4769 3154 4811 et
3188 4758 3352 4812 oculis
3384 4757 3511 4809 meis

1929 4861 2126 4930 fontem
2168 4857 2520 4925 Iacrymarum
2549 4893 2563 4916 ,
2605 4863 2650 4906 et
2689 4852 2933 4921 plangam
2961 4851 3207 4922 populum
3238 4850 3392 4901 istum
3427 4848 3512 4900 die

1928 4967 1991 5004 ac
2018 4948 2203 5002 nocte?
2232 4946 2366 5016 (Jer.
2396 4947 2494 5011 Ix.)
2524 4943 2862 5012 Quapropter
2890 4956 3190 4999 monenms,
3210 4939 3510 5001 hortamur,

1929 5049 1983 5095 et
2019 5038 2176 5092 saluti
2214 5046 2406 5090 vestra:
2436 5034 2682 5088 volentes
2721 5048 2819 5102 pro
2849 5030 3040 5085 atIectu
3069 5027 3368 5087 consulere.
3398 5041 3514 5079 ma-

1931 5145 2164 5202 gnopere
2191 5129 2480 5182 suademus
2507 5133 2562 5178 ut
2591 5126 2987 5195 resipisccntes,
3024 5133 3184 5177 tanta:
3214 5121 3515 5190 iniquitatis

1933 5231 2154 5276 auctore
2179 5219 2408 5274 scelesto
2445 5217 2653 5279 relicto,
2685 5217 2754 5270 ad
2787 5215 2894 5269 Deo
2925 5213 3177 5267 dilectum
3221 5212 3513 5280 imperato-

1941 5421 1959 5452 ι
1990 5399 2068 5454 Ad
2097 5398 2489 5459 obsistendum,
2533 5397 2724 5464 inquit,
2766 5395 3038 5450 Ludovico
3068 5393 3331 5462 primores
3363 5395 3513 5462 regni

1933 5471 2134 5531 Caroli,
2159 5469 2382 5535 jubente
2418 5467 2662 5521 liiehilde
2695 5468 2900 5532 regina,
2936 5475 3277 5518 sacramento
3305 5479 3364 5516 se
3389 5477 3514 5516 con-

1935 5544 2303 5601 ﬁrmaverunt,
2333 5538 2472 5606 quod
2502 5554 2604 5590 non
2635 5544 3012 5606 servaverunt,
3031 5535 3122 5589 sed
3151 5549 3215 5588 ex
3243 5549 3340 5606 sua
3361 5542 3514 5602 parte

1933 5627 2156 5684 rpguum
2196 5605 2371 5663 Caroli
2414 5609 2822 5684 pessuuulantcs
2860 5605 3035 5658 hostili
3081 5620 3228 5658 more
3263 5605 3511 5684 devasta-

1934 5673 2077 5735 vei-e.
2112 5679 2372 5734 Similiter
2408 5673 2462 5730 et
2494 5676 2795 5730 lanlovieus
2823 5692 2942 5730 cum
2975 5693 3073 5731 suo
3101 5675 3343 5730 exercitu
3374 5673 3512 5729 idem

1936 5768 2160 5824 regnum
2190 5749 2572 5820 prssumdedit.
2607 5769 2623 5799 ι
2669 5749 2825 5803 Sum.
