4002 6296
196 339 311 394 669

1394 339 1757 400 ΕΡΙΒῑιὈω]
1771 341 1879 398 (Eli
1891 340 2257 403 WWA.

3347 347 3477 408 rem

201 452 485 509 seminare
512 453 809 510 contendit.
838 453 974 521 Quis
999 453 1126 519 hoc.
1171 455 1803 520 ειιιιιιίεδὶιιιί,ιιιιὶςίιι1ὶει-ι

1896 454 2328 522 pendeant..sz
2338 485 2344 502 ‹
2355 470 2540 526 neque:
2550 445 2881 524 Ελιιὶιιίιιιιαὶι
2891 474 2903 515 ι
2914 456 3198 526 ediximus
3209 486 3216 516 t
3227 459 3475 529 alistipli-

198 539 373 597 bolus
423 544 842 612 operatur?qui
887 542 1065 598 Caroli
1114 544 1530 618 virtutibus
1552 545 1793 601 ineuntis

199 630 392 688 artatis
428 632 711 703 principiis
740 633 1011 700 invidens,
1051 632 1286 705 ejusque.
1315 635 1795 706 religiowtnufplo-

201 723 453 794 positum
485 725 695 796 longius
718 727 1004 797 propagari
1033 729 1585 798 pav'escctts,.le\'ibus
1619 730 1794 800 primo

205 812 428 882 iaculis,
477 832 782 886 quanquam
829 818 1229 889 frequentibus,
1261 820 1797 884 lacessivitzdeinde

208 907 636 961 adversitatibus
694 908 911 972 multis,
973 911 1126 979 quasi
1184 912 1490 967 durissimis
1538 913 1797 968 arietibus

207 997 554 1063 stimulavit;
612 997 800 1054 ﬁdeles
855 1000 974 1070 ejus
1033 1000 1470 1071 frequentissime
1534 1005 1796 1062 rebellare

1873 546 2538 616 ruant-talslodienpuam
2566 547 3250 611 decessurum-itumitum
3265 550 3472 628 SCle

1863 649 2064 702 “quam
2081 636 2340 697 mamma.
2352 644 2560 698 nostra.
2574 673 2582 690 ι
2597 637 2838 714 monii-an
2849 635 3240 706 remissurum.
3257 637 3476 708 intimii-

1859 725 2396 806 nnumttettqumltest
2437 726 2773 807 minabitiusu
2789 736 3005 792 ,ροιιιτίιε
3018 729 3470 809 βιυιβιιιςιψιῆιιθηι

1869 823 2546 894 -ιγιίιηηοιιιιηεηιτειβιιιαι,
2575 817 2947 886 parvipmdit.
2972 817 3472 886 etintliatumnsibi

1899 921 1939 971 ει.
1967 907 2129 984 nobis
2152 916 2393 977 demptis
2407 923 2544 973 cum
2556 908 2936 990 ._mcdiantibns
2957 909 3126 976 “aliis
3139 924 3264 972 cum
3278 953 3284 962 ι
3299 910 3466 968 fuam

1885 995 2020 1066 jure,
2035 997 2436 1070 ulcisceretur,
2473 999 2810 1069 prazripicus.
2836 1010 3102 1069 mentum
3136 999 3206 1062 in
3346 1000 3453 1072 fuit

206 1087 410 1148 suasit,
439 1087 490 1140 in
524 1088 800 1156 procinctu
831 1101 1018 1144 contra
1056 1091 1461 1148 Northtnannos
1485 1109 1582 1162 pro
1609 1094 1798 1169 ,Eccie-

1899 1103 1997 1159 PU
2015 1099 2254 1170 3165mm
2269 1149 2274 1154 .
2294 1090 2682 1160 negligentiam.
2697 1091 2836 1175 ,sim
2854 1137 2860 1156 ι
2877 1092 3352 1158 mtidessensionis
3376 1108 3476 1160 au-

209 1175 312 1230 sia!
365 1175 458 1230 Dei
505 1176 824 1234 liberatione
870 1182 1150 1250 pugnanti,
1209 1192 1266 1236 et
1323 1183 1568 1240 inimicos
1611 1186 1798 1240 crucis
1863 1180 2136 1264 .atlaciaut.
2166 1179 2359 1246 famis.
2396 1180 3226 1250 amntis..msnuln..u¢msit.
3273 1198 3342 1246 at:
3381 1197 3480 1250 νει-

209 1263 420 1323 Christi
461 1283 632 1338 usque
659 1269 728 1324 ad
761 1270 1007 1327 ultimam
1053 1273 1379 1329 deditionem
1421 1276 1798 1346 constringere

1903 1273 2008 1340 hnq
2022 1273 2208 1338 totius.
2219 1327 2224 1338 ,
2237 1272 2482 1340 πεοῑιξεὶεῃ
2497 1329 2500 1336 ,
2515 1271 2622 1337 ,Dei
2665 1271 3118 1341 pulchritudinem
3157 1273 3477 1336 maculavit,

211 1360 504 1429 satagenti,
528 1362 760 1417 senioris
787 1364 950 1417 vestri
981 1365 1236 1434 utrinque
1264 1366 1524 1420 animum
1545 1368 1612 1420 ad
1650 1367 1802 1421 inva-

1899 1377 2092 1432 pacem
2131 1362 2746 1442 eoprttpiu,.neligiouem
2781 1361 3005 1432 fugavit,
3031 1370 3086 1426 et
3108 1370 3181 1422 ,ιιι
3209 1377 3340 1416 cum.
3377 1361 3479 1422 Te-

213 1449 428 1503 sionem
461 1450 635 1505 relicti
678 1453 890 1522 imperii
923 1455 1248 1510 suscitavit:
1292 1457 1438 1525 ipsos
1481 1456 1796 1520 familiares,

1903 1457 2489 1532 reutio'enmpend'tose
2527 1458 2798 1522 dicamus,
2842 1459 2969 1528 dum
3013 1457 3067 1514 in
3105 1457 3285 1514 alieno
3311 1459 3481 1514 bono—

215 1539 395 1609 ipsum
425 1551 696 1610 postremo
733 1543 924 1610 liliutn,
951 1547 1018 1599 ad
1044 1545 1159 1614 ejus
1187 1549 1606 1602 esstinctionem
1633 1547 1806 1612 hosti-
1900 1564 2031 1606 rum
2065 1558 2386 1606 exturinret
2438 1549 2611 1618 legum
2653 1558 2930 1614 contortor
2975 1550 3241 1619 apparuit,
3271 1549 3483 1604 cunctis

215 1627 346 1683 liter
387 1633 718 1699 provocavit.
767 1633 834 1687 Et
885 1650 960 1688 ne
1005 1637 1330 1707 quandoque
1371 1639 1436 1692 ad
1492 1639 1800 1706 imperium,
1904 1639 2224 1696 criminibus
2251 1640 2970 1720 licentiamrelaxavit..Nos
2995 1639 3484 1710 etenim,quamvls

215 1721 361 1790 quod
391 1723 440 1775 ei
479 1733 690 1777 constat
721 1740 823 1778 non
856 1725 1091 1781 humano
1117 1728 1375 1783 collatum
1425 1729 1710 1792 beneficio,
1739 1729 1809 1782 li-
1907 1730 2079 1794 illum,
2104 1745 2261 1804 quem
2281 1731 2504 1796 interim
2531 1730 2808 1788 tiliolitatis
2831 1746 3017 1785 amore
3043 1731 3482 1800 complectimur,

215 1821 305 1866 cet
328 1827 425 1882 per
445 1825 642 1868 nostra:
665 1817 1056 1873 mediocritatis
1081 1820 1573 1885 tninistcrium,sed
1596 1807 1876 1888 divin_o,-B
1905 1821 2780 1891 oppido.reprehcnsihilemnon
2829 1838 3104 1892 negemus,
3156 1837 3252 1876 vos
3301 1829 3484 1877 tamen

214 1905 530 1974 pertingere
579 1908 860 1974 potuisset,
905 1916 1016 1964 tota
1063 1910 1436 1967 fraudulentae
1466 1927 1577 1966 sua:
1598 1912 1799 1966 virtute
1896 1897 2070 1967 multo
2121 1914 2657 1981 reprehensibiliores
2713 1916 3076 1983 agnoscimus,
3125 1917 3217 1984 qui
3278 1915 3332 1969 itt
3377 1913 3483 1970 illis

216 1995 517 2062 prohibuit,
561 2004 669 2050 tota
719 1998 927 2053 consilii
973 2000 1055 2054 sui
1107 2000 1343 2055 versutia
1375 2001 1645 2055 debellare
1671 2016 1802 2055 con-

220 2086 416 2139 tendit.
447 2085 552 2140 Sed
592 2086 734 2141 Deus
763 2089 1125 2158 omnipotens,
1156 2091 1308 2159 cujus
1338 2090 1672 2161 providentia
1704 2105 1801 2161 per

219 2176 563 2230 mutabilium
594 2194 776 2232 rerum
823 2179 1094 2248 principes
1131 2181 1312 2234 mundi
1346 2181 1572 2235 latitudo
1605 2183 1802 2251 guber-

217 2275 380 2321 natur
408 2276 462 2322 et
493 2268 715 2338 regitur,
749 2271 894 2325 hunc
942 2270 1164 2341 ﬂagellis
1212 2273 1413 2326 erudiri
1457 2273 1660 2338 voluit,
1708 2273 1800 2326 dc-

214 2359 378 2428 primi
411 2361 647 2427 penitus,
682 2361 825 2416 sicut
875 2364 1028 2418 vobis
1056 2373 1141 2418 est
1175 2366 1471 2436 cognitum,
1526 2383 1798 2437 nunquam

214 2450 486 2520 permisit.
541 2451 607 2506 Et
659 2453 978 2510 alllictiones
1009 2465 1210 2512 sancta:
1241 2474 1351 2513 sua:
1398 2459 1652 2514 Ecclesia:
1705 2475 1800 2530 per

215 2556 341 2596 eum
374 2544 706 2612 specialiter,
739 2547 881 2602 sicut
909 2549 1170 2604 divinitus
1197 2551 1492 2607 revelatum
1524 2551 1723 2617 fuerat,
1745 2563 1801 2609 ct

216 2648 364 2688 nunc
394 2637 661 2691 veraciter
690 2639 988 2706 credimus,
1044 2641 1259 2696 tandem
1315 2642 1606 2714 aliquando
1651 2661 1801 2701 reve-

215 2723 333 2778 lare
365 2728 723 2793 contendcns,
753 2729 919 2794 hunc,
951 2745 980 2784 a
1031 2731 1404 2788 dccessoribus
1449 2734 1672 2799 nostris,
1717 2750 1802 2790 re-

217 2816 473 2869 verendte
500 2817 707 2873 scilicet
735 2821 1009 2876 memoria:
1035 2822 1255 2880 Nicolao
1278 2834 1334 2879 et
1357 2826 1595 2882 Adriano
1624 2827 1802 2896 ponti-

219 2907 440 2974 ﬁcibus,
467 2910 555 2964 diu
586 2912 804 2980 quidem
835 2915 1130 2971 desiderari
1156 2918 1361 2973 voluit:
1395 2921 1608 2976 tandem
1630 2935 1800 2990 usque

218 2998 287 3054 ad
333 2999 451 3054 hzec
487 3001 945 3071 periculosissima
1001 3015 1267 3078 tempora,
1311 3011 1506 3080 quibus
1554 3026 1584 3065 a
1633 3011 1800 3067 Belial

218 3088 354 3144 ﬁliis
392 3106 527 3162 pene
555 3101 664 3148 tota
692 3094 924 3149 vallatur
952 3095 1124 3162 Italia,
1166 3098 1591 3156 misericorditer
1624 3117 1800 3156 reser-

1886 2004 2145 2072 parjtibus
2201 2006 2520 2074 sacerdotali
2586 2007 2895 2075 magisterio
2958 2007 3191 2077 pmuliti,
3248 2015 3303 2061 et
3354 2021 3486 2077 apo-

1899 2098 2129 2152 Stolatus
2183 2099 2351 2156 nostri
2397 2100 2723 2154 recentibus
2781 2102 2999 2156 monitis
3060 2101 3313 2164 instituti,
3355 2102 3480 2154 duttt

1901 2202 1967 2240 ex
1996 2184 2170 2240 oﬂicio
2202 2197 2380 2241 vestro
2411 2187 2670 2242 restitisse
2701 2189 2865 2243 libere
2901 2189 3481 2258 nunquant_videmini,

1901 2275 2084 2344 procul
2123 2276 2284 2332 dubio
2323 2279 2660 2332 consensisse
2688 2279 3012 2346 probamini,
3046 2287 3100 2332 et
3137 2294 3230 2333 vos
3259 2279 3348 2348 qui
3392 2296 3483 2347 pa-

1899 2376 2075 2420 stores
2115 2366 2377 2432 dicimini,
2419 2384 2634 2436 gregem
2683 2368 2835 2422 vobis
2889 2369 3154 2423 creditum
3189 2368 3314 2437 quia
3376 2385 3481 2421 non

1901 2456 2224 2519 retraxistis,
2270 2457 2454 2525 utique
2498 2457 2564 2510 ad
2611 2457 2965 2526 pmcipitiuut
3015 2458 3368 2526 provocastis.
3419 2457 3486 2511 Et

1903 2548 1990 2600 ubi
2017 2555 2120 2611 est,
2161 2564 2490 2617 qua'sumus,
2515 2549 2658 2618 qttod
2694 2551 2864 2604 vicem
2904 2551 3104 2606 Christi
3148 2553 3200 2604 ιιι
3241 2549 3484 2605 Ecclesia

1898 2637 2192 2706 fungimur,
2235 2639 2278 2692 si
2311 2655 2407 2709 pro
2433 2641 2648 2694 Christo
2677 2650 2865 2700 contra
2900 2641 3238 2704 insolentiam
3282 2640 3483 2708 princi-

1900 2745 2028 2799 pum
2059 2746 2165 2785 non
2203 2731 2501 2797 luctamur;
2533 2734 2832 2802 praesertim
2863 2749 2985 2788 cum
3015 2734 3308 2788 secundum
3345 2733 3487 2800 Apo-

1900 2821 2096 2876 stolum
2129 2838 2232 2876 non
2260 2823 2332 2877 sit
2363 2823 2518 2878 nobis
2551 2823 2866 2882 colluctatio
2895 2824 3154 2878 adversus
3181 2837 3402 2877 carnem
3431 2830 3489 2874 et

1899 2912 2266 2981 sanguinem,
2319 2910 2413 2966 sed
2461 2913 2722 2967 adversus
2768 2913 3042 2984 principes
3089 2923 3144 2968 et
3193 2920 3486 2981 potestates

1903 3001 2118 3071 (Ephes.
2157 3003 2257 3073 vt).
2314 3001 2415 3057 Ubi
2452 3003 2710 3072 estquod
2747 3004 2982 3074 episcopi
3031 3003 3277 3065 dicimur,
3324 3003 3369 3057 si
3420 3003 3486 3056 de

1903 3094 2222 3149 sublimibus
2251 3094 2649 3175 ecclesiastica:
2704 3096 3046 3150 discretionis
3103 3095 3335 3165 speculis
3376 3093 3488 3164 gla-

218 3182 386 3244 vavit,
442 3184 698 3254 angelicis
730 3186 980 3242 ductibus
1027 3187 1146 3242 vias
1193 3189 1310 3260 ejus
1343 3206 1439 3260 per
1487 3191 1632 3245 invia
1683 3192 1800 3247 Ιοοει
1829 3173 1875 3236 C
1906 3187 2050 3240 diutn
2097 3173 2398 3241 venientem
2430 3201 2534 3240 non
2561 3187 2863 3251 cernimus,
2887 3195 3170 3244 cernentes
3193 3196 3252 3242 ut
3279 3186 3485 3242 devite-

221 3268 446 3335 direxit,
481 3272 755 3331 frustratis
807 3276 1019 3331 insidiis
1068 3277 1116 3331 ei
1164 3279 1476 3347 compositis
1528 3280 1799 3347 liberavit,

221 3360 449 3433 paludes
480 3363 715 3420 lubricas
756 3367 1078 3436 equitabiles
1109 3370 1366 3436 reddidit,
1399 3372 1534 3425 vada
1586 3371 1806 3441 profun-

221 3450 416 3506 dorum
448 3450 721 3508 ﬂuminum
750 3456 932 3512 multis
955 3457 1166 3514 sarculis
1203 3459 1472 3530 incognita
1505 3471 1806 3518 transmea-

223 3541 356 3597 bilia
407 3544 842 3602 demonstravit:
881 3549 930 3604 ei
976 3549 1262 3606 elementis
1308 3561 1494 3607 contra
1556 3562 1804 3608 naturam

223 3633 546 3692 cedentibus
565 3637 918 3694 dillidentium
945 3641 1108 3696 corda
1135 3643 1428 3711 perterruit
1451 3661 1464 3696 :
1494 3658 1597 3698 non
1629 3645 1804 3699 solum

225 3725 347 3780 sine
376 3729 656 3796 sanguine,
686 3745 873 3784 verum
905 3732 1068 3788 etiam
1101 3748 1223 3786 cum
1256 3734 1464 3804 magnis
1493 3735 1800 3801 honoribus,

226 3819 360 3875 hinc
408 3820 531 3876 inde
574 3825 932 3892 gaudentibus
980 3827 1211 3896 populis,
1266 3827 1472 3882 ltaliant
1523 3825 1806 3899 penetrare

226 3909 497 3977 permisit,
526 3921 581 3965 et
615 3928 712 3982 per
745 3914 1048 3984 apostolica:
1086 3916 1230 3971 sedis
1261 3917 1622 3988 privilegium,
1668 3936 1806 3998 cnn-

225 4007 438 4056 ctorum
470 4001 746 4058 favoribus
775 4007 1132 4076 approbatum
1179 4009 1407 4078 sceptris
1438 4010 1806 4080 imperialibus

225 4092 541 4150 sublimavit
568 4113 582 4150 :
613 4104 671 4148 ιιι
692 4097 783 4166 qui
819 4113 917 4166 per
946 4106 1023 4152 tot
1050 4114 1240 4165 annos,
1265 4101 1640 4154 communibus
1681 4116 1810 4170 pec-

225 4182 364 4236 catis
395 4185 747 4247 merentibus,
790 4200 889 4254 pro
921 4185 1220 4244 defectibus
1259 4198 1460 4244 sancta:
1488 4190 1577 4244 Dei
1620 4190 1808 4244 Eccle-

224 4272 323 4328 sia:
347 4271 577 4328 diversis
599 4275 771 4330 modis
808 4275 1116 4346 allligimur,
1151 4293 1248 4347 per
1273 4277 1390 4347 ejus
1429 4279 1805 4352 sollicitudinis

213 4369 504 4434 expertam
550 4363 889 4431 prudentiam
918 4359 1280 4440 consolemur,
1313 4383 1409 4438 per
1442 4384 1608 4440 quem
1643 4355 1808 4444 Galli-

225 4466 488 4506 canat-um
541 4453 904 4508 Ecclesiarum
951 4463 1144 4520 status,
1201 4465 1257 4511 et
1313 4459 1475 4514 totius
1529 4457 1806 4536 religionis

1907 3286 1994 3330 tur
2041 3276 2365 3330 annuntiare
2410 3275 2777 3347 diffugimus?
2842 3277 3133 3332 Enimvero
3178 3277 3491 3333 sacerdotes

1904 3380 2012 3420 non
2042 3366 2108 3419 ad
2143 3366 2394 3436 gratiam,
2433 3366 2528 3420 sed
2557 3366 2624 3420 ad
2659 3381 2909 3435 pompam
2951 3367 3222 3422 immerito
3255 3367 3362 3422 dici
3396 3380 3485 3422 σοι

1903 3457 2233 3534 gnoscimur,
2259 3457 2303 3512 si
2330 3471 2464 3526 quos
2486 3456 2681 3514 docere
2705 3457 2988 3512 debuimus
3017 3458 3167 3527 sequi
3197 3455 3476 3512 contendi-

1869 3601 1874 3608 ,
1905 3563 2044 3612 mus,
2073 3548 2118 3602 si
2145 3563 2280 3618 quos
2306 3549 2577 3618 corrigere
2605 3549 2910 3614 debuimus,
2954 3548 3145 3604 saltem
3175 3549 3356 3603 verbis
3384 3563 3482 3618 pud

1905 3636 2195 3714 storalibus
2229 3653 2336 3692 non
2376 3647 2662 3694 terremus.
2693 3637 2830 3697 llinc
2861 3637 3119 3692 Dominus
3158 3652 3254 3708 per
3290 3636 3483 3692 Isaiam

1905 3729 2222 3797 prophetam
2243 3728 2588 3784 sacerdotum
2605 3727 2912 3783 taciturnita
2921 3736 2998 3784 tes
3012 3728 3255 3796 increpat
3268 3727 3454 3782 dicens
3476 3757 3483 3770 ι

1907 3816 2075 3873 Canes
2099 3820 2251 3883 muti,
2278 3836 2380 3873 non
2411 3818 2634 3874 valentes
2667 3818 2863 3872 latrare
2887 3818 3022 3890 (Isa.
3049 3820 3183 3890 LVI).
3228 3818 3365 3873 Hinc
3391 3835 3476 3888 pet

1907 3909 2240 3982 Ezechielem
2285 3911 2629 3974 sacerdotum
2669 3911 3022 3982 negligentias
3055 3911 3233 3982 arguit
3260 3911 3484 3966 dicens:

1909 4003 2032 4059 Non
2056 4004 2364 4058 ascendislis
2391 4005 2721 4070 exadverso,
2749 4021 2909 4074 neque
2933 4005 3244 4074 opposuisti;
3280 4019 3490 4058 murum

1906 4112 2000 4166 pro
2038 4095 2192 4150 domo
2221 4094 2413 4160 Israel,
2452 4105 2508 4150 ut
2553 4097 2763 4149 staretis
2787 4096 2838 4148 in
2861 4095 3042 4162 prazlio
3073 4096 3126 4149 in
3152 4095 3236 4149 die
3279 4093 3491 4148 Domini

1909 4186 2126 4256 (Ezech.
2163 4187 2303 4258 xm).
2345 4187 2421 4242 Ex
2453 4187 2681 4242 adverso
2715 4187 2912 4256 quippe
2943 4187 3237 4242 ascendere
3259 4193 3363 4248 est,
3393 4199 3493 4254 pro

1871 4325 1875 4328 _
1903 4277 2219 4354 defensione
2247 4278 2428 4348 gregis
2465 4277 2632 4332 libera
2653 4293 2802 4346 ,voce
2842 4273 3002 4345 hujus
3037 4276 3222 4330 mundi
3256 4283 3488 4345 potestan

1909 4366 2387 4431 tibus.contraire;
2422 4373 2475 4420 et
2510 4365 2561 4419 in
2592 4365 2678 4420 die
2706 4363 2916 4436 Domini
2943 4365 2996 4419 in
3026 4363 3212 4433 praelia
3237 4372 3382 4417 stare
3408 4371 3493 4418 est

1907 4437 2530 4527 pravis-decertantibus
2582 4470 2647 4508 ex
2696 4453 2919 4524 justitia:
2973 4467 3158 4507 amore
3211 4453 3527 4509 resistere.-

221 4545 381 4616 vigor
406 4545 509 4600 illis
536 4546 588 4600 in
613 4547 858 4616 partibus
885 4547 1240 4618 plausibiliter
1273 4550 1578 4606 reﬂoruisse
1604 4536 1882 4623 cognosti)
1909 4546 2060 4613 000d
2090 4560 2302 4601 rursum
2344 4559 2442 4614 Per
2475 4545 2724 4598 8"!“de
2769 4544 3086 4613 prophelam
3130 4543 3364 4599 deterret
3411 4543 3494 4598 Ῐιιε·

221 4638 420 4694 scitur.
478 4638 604 4693 llaec
637 4639 820 4708 itaque
871 4640 1043 4695 hostis
1089 4641 1312 4696 humani
1360 4643 1573 4712 generis
1623 4642 1804 4712 futura

218 4741 486 4797 prospera
539 4741 871 4796 praecavens,
931 4727 1263 4806 (lilectilﬁlii
1321 4731 1492 4785 nostri
1547 4727 1804 4786 Ludovici

219 4816 449 4886 gloriosi
498 4818 643 4888 regis
689 4819 876 4882 vestri,
909 4819 954 4874 si
987 4829 1187 4895 tamen
1213 4811 1354 4877 filius
1387 4821 1491 4876 dici
1545 4832 1804 4896 meretur,

220 4910 317 4981 qui
365 4911 672 4980 apostolica:
718 4911 864 4967 sedis
907 4907 1128 4968 monitis
1170 4929 1268 4985 per
1307 4923 1683 4988 antecessores
1711 4930 1807 4970 n0-

217 5012 368 5058 stros
398 5019 601 5074 perque
643 5005 755 5061 nos
787 4997 934 5074 ipsos
963 4991 1207 5084 prolatis,
1238 5003 1455 5078 semper
1495 4997 1810 5080 iuobedien-

221 5094 473 5148 tissimus
497 5096 727 5159 exstitit,
755 5093 800 5150 si
829 5095 1100 5167 gloriosus
1139 5095 1245 5164 dici
1289 5097 1467 5170 debet,
1501 5095 1588 5153 cui
1616 5095 1807 5154 contra

220 5183 578 5241 Christicolas
615 5187 776 5258 bella
843 5189 955 5260 geri
1019 5177 1252 5264 placuit,
1322 5183 1496 5245 nullos
1555 5171 1808 5270 habitura

222 5278 552 5349 triumphos,
601 5281 646 5336 si
695 5297 788 5336 rex
824 5281 930 5337 dici
962 5290 1160 5352 potest.
1193 5271 1283 5352 qui
1333 5273 1690 5354 semetipsum
1715 5273 1808 5354 re-

219 5384 355 5440 gere
399 5371 594 5435 noluit,
651 5387 758 5443 quo
800 5374 978 5428 minus
1026 5381 1214 5427 contra
1270 5373 1455 5428 fratris
1509 5359 1804 5452 absentiam

220 5459 491 5528 inglorius
533 5459 896 5540 pugnavisset,
925 5465 1147 5519 animos
1203 5457 1466 5530 incitavit,
1525 5455 1806 5536 utineq'ue

217 5550 465 5605 divinum
499 5553 746 5607 timur'c'm
777 5548 888 5624 prie
915 5555 1086 5611 oeulis
1127 5557 1391 5622 retinens,
1424 5541 1598 5626 neque
1625 5555 1807 5642 immi-

196 5655 360 5697 'neus
389 5643 494 5698 sibi
519 5641 782 5711 judieium
829 5649 1098 5713 prdvcctie
1146 5643 1444 5702 senectutis
1484 5643 1804 5718 agnoscens,
1837 5652 1842 5655 ’

215 5741 404 5803 neque
422 5733 703 5804 sanguinis
745 5731 1450 5814 alliditatcni'jli‘aternaqtie
1465 5721 1471 5740 ’
1489 5737 1645 5824 pacta
1686 5733 1804 5810 μὲι·-

1909 4637 2101 4707 quiens
2151 4653 2164 4690 :
2217 4633 2274 4690 Si
2331 4651 2434 4688 non
2489 4633 2882 4688 annuntiaveris
2931 4633 3108 4703 iniquo
3164 4633 3493 4704 iniquitatem

1885 4742 2086 4791 suam
2104 4727 2413 4798 sanguinem
2437 4725 2558 4795 ejus
2589 4725 2652 4778 de
2679 4731 2955 4778 manu‘tua
2986 4724 3247 4792 requiram
3272 4724 3489 4788 (Eucti.

1910 4821 2128 4892 sum).
2162 4819 2300 4887 Quid
2319 4819 2386 4873 ad
2412 4819 2526 4873 hatc
2554 4817 2818 4882 dicemus,
2841 4816 3074 4872 fratres?
3100 4816 3347 4871 Forsitan
3371 4817 3493 4869 ideo

1912 4927 2010 4968 vos
2056 4911 2394 4968 excusabiles
2437 4903 2678 4974 creditis,
2721 4908 2847 4978 quia
2891 4922 3070 4978 regem
3118 4924 3223 4963 non
3262 4923 3494 4977 arguen-

1871 5001 2758 5067 -dum*-dieitis,.sedlmonendum.'
2792 5001 2872 5054 Ad
2900 5001 3014 5057 haec
3043 4999 3336 5069 apostolica
3365 5001 3491 5056 tuba

1903 5089 2204 5164 “respondet
2223 5105 2260 5146 τ’
2275 5087 2726 5168 etaescenam:
2751 5081 2869 5144 Deo.
2890 5083 3056 5161 magis
3080 5085 3242 5159 quam
3266 5088 3467 5144 homini
3480 5118 3494 5128 -

1911 5183 2004 5238 ιω
2035 5167 2184 5255 (Ἀὶιξ
2205 5179 2294 5254 v);
2333 5193 2386 5238 et
2411 5179 2615 5252 Pattltts
2645 5178 2930 5248 Timotheo
2955 5200 2968 5235 :
2995 5180 3213 5250 Argue,
3246 5180 3455 5236 obsecra
3477 5221 3492 5244 ,

1907 5277 2120 5354 increpa
2163 5277 2402 5354 innantni
2444 5277 2696 5354 patientia
2723 5286 2770 5330 et
2801 5275 3042 5328 doctrina
3079 5273 3163 5344 (II
3213 5273 3346 5352 Tini.
3394 5283 3492 5342 tv).

1899 5353 2237 5424 iltetitl'l‘itb‘:
2272 5353 2531 5443 limitibus
2574 5367 2732 5436 hujus
2775 5365 2956 5436 stecali
3001 5367 3224 5438 pra'cipe
3259 5381 3360 5418 non
3400 5381 3494 5417 sn-

1907 5443 2470 5532 perbé'sapéreﬁeque
2495 5473 2704 5534 sperare
2735 5455 2789 5510 in
2817 5457 3014 5538 incerto
3043 5456 3346 5538 divitiarum
3376 5470 3495 5506 sua-

1886 5533 2388 5623 viminum-'1");
2416 5547 2521 5601 Aut
2547 5533 2976 5617 persecutionem
3024 5533 3322 5634 qttat'nlihet
3353 5547 3488 5628 prte-

1911 5645 2148 5700 cavistis.
2197 5642 2302 5696 Sed
2347 5657 2375 5693 a
2419 5641 2645 5695 Domino
2687 5639 2895 5707 jussum
2943 5646 3028 5692 est
3076 5637 3147 5691 ita
3182 5655 3193 5690 :
3230 5635 3361 5690 Cum
3407 5653 3492 5688 ros

1913 5723 2180 5804 persecuti"
2214 5721 2418 5802 fuerint
2462 5721 2522 5783 in.
2561 5745 2664 5784 una
2716 5717 2960 5798 civitate,
3001 5719 3188 5798 fugite
3233 5729 3284 5781 in
3330 5726 3490 5808 aliam
