4002 6296
547 308 647 371 691

1764 372 1767 375 λ
1830 308 2111 368 JOANNIS
2145 307 2347 395 ΡᾼΡᾸΞ
2384 309 2499 368 vni
2580 354 2587 363 .

545 402 694 485 nunc
730 440 829 483 nos
869 426 1164 503 advolum
1215 437 1461 483 nostrum
1518 428 1609 501 ub
1635 428 1688 483 id
1714 426 1799 482 vel
1844 428 2119 513 maxime,
2152 430 2196 489 Α
2227 443 2348 482 cum
2396 444 2562 499 super
2597 425 2803 497 judicio
2847 427 2995 500 [edit.
3034 427 3214 507 Rom,
3250 428 3482 501 judicia]
3511 427 3833 486 Salomonis

543 506 763 576 Christo
807 519 1059 590 praeduce
1096 560 1111 586 ,
1166 520 1485 590 perduxisse
1534 521 1832 591 gaudemus
1882 508 2024 590 quod
2072 524 2129 572 et

546 625 782 671 vestram
815 615 1041 686 gloriam
1066 608 1529 685 perseverantem
1564 610 1985 670 testiﬁcatricem
2033 626 2128 668 co-

545 707 829 780 gnovimus
852 747 867 773 ,
899 714 954 763 et
975 706 1388 777 provincialium
1416 706 1706 778 praesulum
1740 715 2130 762 consentaneas

542 798 891 869 probationes
928 799 1313 868 probavimus,
1373 808 1429 853 ct
1477 797 1775 871 legatorum
1818 804 2130 854 nostrorum

542 888 931 945 subtilissimas
978 888 1382 959 disquisitiones
1424 890 1775 945 advertimus.
1821 888 2127 956 Qubcirca,

539 981 667 1038 licet
694 997 793 1039 nos
820 982 1006 1038 multis
1028 981 1306 1037 canonicis
1338 982 1661 1037 testimoniis
1690 980 1965 1053 provocati
1991 979 2131 1052 peti-

544 1075 746 1131 tionem
788 1085 986 1130 vestrae
1012 1075 1317 1131 devotionis
1356 1072 1581 1143 implere
1619 1089 1947 1146 magnOpere
1973 1072 2132 1129 moli-

542 1174 748 1232 remur,
778 1178 833 1223 et
863 1168 1034 1245 solius
1075 1167 1379 1239 maiestatis
1405 1177 1599 1223 vestrae
1634 1168 1943 1223 tesﬁulonio
1968 1180 2132 1237 super

492 1260 497 1263 ’
542 1261 868 1316 exterminio
896 1259 1301 1332 Burdigalensis
1337 1260 1630 1331 provincia:
1658 1260 1881 1317 credere
1909 1258 2133 1315 minime

542 1359 950 1414 cunctaremur,
986 1359 1163 1405 tamen
1195 1351 1322 1420 quia
1350 1351 1569 1420 pietatis
1596 1361 1789 1406 vestrae
1819 1351 2130 1407 testimonio

538 1436 1078 1510 comprovincialium
1117 1456 1334 1511 quoque
1365 1442 1655 1512 praesulum
1685 1440 1898 1497 litteras
1928 1457 2129 1498 conve-

536 1531 689 1597 nire,
725 1532 880 1587 sicuti
912 1533 1184 1598 rebamur,
1219 1548 1391 1604 nuper
1419 1534 1798 1606 cognovimus,
1830 1534 2128 1589 secundum

533 1623 752 1697 pietatis
765 1631 961 1679 vestra:
982 1622 1450 1695 religiosissimum
1472 1624 1681 1680 libitum
1694 1665 1709 1689 ,
1726 1623 2130 1695 Burdigalensis

536 1716 791 1773 dimcesis
823 1716 1172 1789 episc0pum,
1213 1717 1437 1774 fratrem
1466 1719 1677 1773 scilicet
1705 1727 1949 1773 nostrum
1986 1715 2123 1773 Fro-

2229 520 2487 590 scriptum
2535 522 2651 578 sit:
2699 521 2837 591 Quia
2887 518 3083 577 audivit
3130 524 3296 579 enini:
3344 523 3523 579 Israel
3552 524 3833 594 judicium

2228 615 2366 686 quod
2371 615 2664 685 judicassel
2686 633 2777 671 rex
2796 626 2842 671 et
2860 617 3143 671 timuerunt
3159 632 3345 687 regem,
3367 619 3609 671 ridente:
3621 617 3833 685 sapien-

2230 707 2356 760 tium
2375 706 2744 771 Deiesseinveo
2768 706 2839 762 ad
2861 707 3159 778 faciendum
3183 707 3454 779 judicium
3483 705 3538 777 (1
3564 705 3698 777 Reg.
3726 708 3828 778 tu).

2232 796 2405 868 Super
2435 804 2541 869 q'uo
2562 799 2812 856 videlicet
2834 798 3038 868 judicio
3065 800 3408 859 sentiendum
3439 800 3651 854 merito
3687 800 3835 854 duci-

2231 907 2353 948 mus
2398 893 2521 963 quia
2558 891 2720 947 laetati
2757 892 2974 963 quidem
3018 892 3272 961 benigni,
3305 892 3515 949 tristati
3556 906 3695 946 vero
3716 901 3834 948 sunt

2231 968 2451 1041 omnino
2481 984 2718 1056 maligni.
2751 984 2893 1056 Ergo
2920 992 2977 1040 et
2997 985 3087 1040 llic
3116 985 3194 1039 ita
3220 984 3378 1040 datur
3408 982 3693 1054 intelligi,
3717 984 3832 1055 qui

2238 1078 2496 1134 nimirum
2536 1092 2700 1147 super
2729 1077 2935 1147 judicio
2967 1085 3151 1133 vestro
3172 1077 3429 1133 ltetantur
3453 1077 3597 1148 justi
3617 1116 3636 1141 ,
3661 1078 3833 1133 deter-

2233 1171 2645 1244 renturinjusti.
2672 1170 2805 1227 Nam
2831 1180 2887 1229 et
2921 1171 3264 1243 omnipotens
3278 1172 3448 1237 Deus,
3477 1170 3728 1239 cujuslet
3748 1184 3834 1227 vos

2228 1268 2489 1341 judicium
2517 1268 2844 1341 :emulamini
2866 1264 2889 1335 ,’
2913 1267 3172 1323 terribilis
3195 1267 3589 1339 peccatoribus
3613 1275 3675 1321 et
3697 1263 3836 1323 blu-

2234 1363 2335 1419 dus
2354 1372 2437 1419 est
2464 1362 2645 1434 justis.
2672 1360 2808 1430 Quia
2851 1361 3015 1433 igitur
3046 1375 3210 1433 super
3246 1361 3523 1416 Emmeno
3542 1357 3667 1427 jam
3690 1356 3835 1413 exli-

2237 1456 2427 1511 Iiuistis
2472 1456 2819 1512 severitatem
2862 1454 3053 1527 judicii
3076 1494 3094 1520 ,
3129 1469 3444 1524 quaesumus
3483 1450 3756 1509 exhibere
3779 1452 3838 1507 de

2234 1557 2429 1605 caetero
2464 1548 2683 1618 pietatis
2712 1547 2942 1621 insigne.
2974 1546 3317 1619 Imposuistis
3347 1547 3400 1602 in
3431 1547 3711 1602 humeros
3732 1544 3835 1615 ejus

2234 1654 2370 1695 onus
2396 1639 2748 1706 austeritatis,
2774 1638 3032 1694 adhibete
3053 1637 3167 1708 jam
3199 1654 3345 1695 nunc
3376 1638 3431 1695 id
3466 1644 3834 1695 removeam

2234 1730 2457 1803 digitum
2499 1714 2757 1787 leuitatis.
2805 1730 3131 1787 Mementote
3166 1732 3293 1801 quia
3335 1732 3491 1788 hunc
3531 1730 3693 1787 vobis
3724 1744 3835 1789 cal

538 1808 743 1863 utrium
773 1808 828 1863 in
859 1808 1255 1865 Bituricensem
1287 1808 1585 1865 Ecclesiam
1634 1806 1964 1864 cardinalem
2011 1808 2127 1863 ﬁeri
2158 1805 2205 1875 B
2235 1820 2395 1877 Petro
2417 1821 2615 1877 Paulus
2642 1822 2857 1878 dilectis
2887 1824 3036 1888 suis,
3063 1824 3207 1879 sicut
3229 1822 3547 1881 Philemoni
3569 1821 3832 1894 (ιυοωω

540 1900 932 1967 decernentes,
961 1901 1395 1971 metropolitanae
1420 1901 1699 1972 dignitatis
1725 1901 2007 1973 privilegio
2031 1901 2130 1956 ite.

521 1999 658 2046 rato
687 1993 902 2049 munire
947 1993 1292 2061 curavimus;
1326 2005 1382 2050 et
1419 1995 1579 2050 studii
1609 1994 1775 2050 vestri
1803 1996 2081 2052 solertiam
2109 2035 2125 2065 ,

528 2097 645 2154 quo
671 2096 888 2154 semper
914 2085 1136 2141 idoneos
1161 2085 1416 2142 Ecclesiae
1435 2085 1584 2141 viros
1607 2085 1838 2155 quadam
1869 2084 2130 2143 naturalis

532 2174 737 2247 ingenii
786 2177 1068 2232 nobilitate
1122 2178 1393 2249 deligitis,
1443 2178 1810 2245 admirantes,
1860 2190 2130 2251 congruas

520 2266 782 2334 ‘litteras,
826 2270 911 2324 llis
950 2284 1181 2339 quorum
1223 2271 1476 2333 interest,
1526 2286 1593 2325 cx
1633 2270 1957 2325 auctoritate
1983 2269 2129 2326 sedis

535 2368 736 2416 nostra;
757 2362 1086 2428 direximus,
1121 2371 1283 2433 atque
1313 2362 1817 2435 magnanimitatem
1846 2372 2084 2419 vestram
2109 2403 2126 2430 ,

533 2468 697 2523 quam
723 2454 879 2510 istius
924 2456 1160 2528 religiosi
1192 2457 1396 2527 negotii
1435 2459 1579 2513 circa
1624 2454 1723 2513 n'os
1773 2458 2129 2513 incentricem

534 2544 922 2614 cognovimus,
978 2560 1099 2600 eam
1160 2546 1516 2602 nihilominus
1569 2549 1965 2604 exsecutricem
2013 2547 2129 2604 fore

532 2652 635 2690 nec
669 2637 942 2692 immerito
977 2637 1313 2709 delegamus.
1350 2640 1630 2708 Quatenus
1660 2653 1883 2713 propter
1916 2643 2124 2708 Deum,

536 2728 694 2797 cujus
739 2730 859 2786 Filii
890 2733 1132 2803 pretioso
1156 2733 1418 2805 sanguine
1450 2742 1559 2789 tota
1583 2751 1683 2804 per
1728 2736 1988 2791 mundum
2034 2750 2125 2791 re-

522 2826 753 2893 dempta
786 2826 1035 2880 consistit
1062 2827 1301 2882 Ecclesia
1320 2870 1334 2893 ,
1363 2828 1442 2884 sic
1471 2828 1630 2884 istius
1671 2831 1992 2885 necessariae
2015 2830 2127 2885 dis-

534 2916 870 2984 pensationis
900 2917 1146 2972 instituta
1176 2921 1484 2986 custodiat,
1528 2929 1589 2975 ut
1631 2937 1660 2975 a
1690 2922 1934 2992 paternis
1970 2937 2129 2993 regu-

536 3004 603 3060 lis
648 3008 963 3062 constitutis
1007 3009 1308 3080 antiquitus
1338 3011 1390 3065 in
1434 3020 1591 3080 parte
1633 3012 1802 3067 altera
1848 3028 2127 3084 nunquam

524 3099 754 3154 ‘omnino
799 3098 1059 3158 discedat.
1103 3100 1372 3159 Praeterea
1395 3145 1409 3170 ,
1438 3102 1581 3175 quod
1617 3104 1896 3160 ﬁliolitatis
1930 3115 2128 3162 vestra:

530 3191 667 3255 petit
698 3192 959 3248 industria
980 3236 994 3259 ,
1022 3203 1079 3249 ut
1099 3212 1328 3265 quorum
1353 3194 1786 3269 suggestionibus
1812 3199 2012 3254 dudum
2034 3216 2127 3256 ve-
2152 3175 2200 3255 (δ

532 3287 646 3333 stra
683 3280 755 3336 sit
796 3282 963 3339 dilata
1008 3285 1198 3355 petitio
1246 3287 1595 3358 delegamus,
1642 3289 1864 3344 omnino
1900 3290 2123 3359 sciatis,

534 3371 667 3440 quia
715 3387 815 3427 nos
850 3373 976 3429 licet
1016 3375 1219 3446 indigni
1260 3376 1462 3443 simus,
1498 3388 1700 3440 tamen,
1732 3379 1988 3448 quoniam
2029 3395 2127 3451 per
2217 3385 2220 3389 ’

534 3466 986 3534 consequentiam
1024 3469 1270 3538 priorum
1319 3480 1629 3528 nostrorum
1660 3472 1973 3544 pontiﬁcum
2006 3489 2125 3528 ma-

530 3560 656 3609 turo
681 3557 928 3629 cogimur
948 3572 1070 3616 esse
1086 3561 1291 3632 judicio
1310 3605 1323 3629 ,
1348 3578 1568 3618 causam
1594 3570 1758 3618 tanta:
1782 3562 2127 3619 deliberatio-

464 3698 471 3705 .
531 3643 628 3701 nis-
644 3645 768 3703 ideo
794 3663 901 3705 non
941 3648 1101 3707 facile
1132 3660 1263 3707 tunc
1304 3650 1712 3709 deliberandam
1743 3654 2073 3710 credidimus
2104 3694 2120 3727 ,

530 3749 603 3794 ne
631 3739 890 3797 diﬂinisse
910 3784 926 3809 ,
961 3742 1105 3814 quod
1137 3742 1282 3799 Deus
1304 3745 1596 3812 averterit,
1623 3745 1803 3801 minus
1839 3741 2130 3802 ordinabiJ

527 3830 658 3888 liter
686 3834 1017 3890 videremur.
1048 3823 1120 3890 At
1164 3844 1449 3908 postquam
1480 3836 1623 3893 Deus
1652 3838 1996 3909 omnipotens
2027 3853 2123 3911 pe-

531 3930 777 3987 titionem
816 3933 1139 3989 serenitatis
1170 3946 1366 3990 vestrte
1408 3935 1943 4005 comprovincialium
1987 3951 2126 4009 pra:-

531 4024 709 4077 sulum
739 4022 1052 4079 testimonio
1076 4012 1357 4079 ‘decoravit
1384 4068 1398 4090 ,
1429 4026 1539 4081 imo
1573 4028 1881 4083 testimonia
1915 4043 2124 4099 praesu-

532 4113 647 4168 lum
679 4114 902 4185 pietatis
928 4126 1125 4171 vestrae
1162 4116 1416 4189 suffragio
1453 4117 1834 4188 conﬁrmavit,
1861 4137 1961 4177 nos
1993 4121 2123 4178 reli-

530 4203 740 4276 giosam
766 4206 1084 4276 petitionem
1113 4218 1350 4265 vestram
1385 4207 1808 4281 complevilnus,
1841 4222 1896 4270 et
1930 4229 2124 4286 sugge-

531 4299 801 4355 stionillus
880 4300 1111 4357 fratrum
1181 4304 1736 4377 coepiscoporumque
1807 4315 2122 4365 nostrorum

532 4408 727 4448 manus
748 4392 1126 4463 porreximus,
1150 4405 1205 4451 et
1232 4394 1489 4452 Ecclesia
1511 4396 1605 4452 Dei
1637 4396 1801 4453 tantis
1828 4400 2124 4455 necessita-

533 4488 679 4543 tibus
721 4478 1109 4558 consulentes,
1132 4492 1198 4547 de
1228 4492 1485 4548 tllesauro
1527 4493 1856 4564 pontiﬁcalis
1881 4495 2121 4565 pectoris

534 4578 606 4631 ita
645 4577 797 4635 vobis
820 4581 1150 4653 protulimus
1170 4625 1184 4648 ,
1212 4592 1270 4639 ut
1299 4601 1327 4653 a
1352 4558 1629 4651 doctrinis
1652 4558 1899 4645 deviasse
1923 4558 2130 4645 veteri-

530 4670 633 4726 bus
658 4671 805 4729 nullo
832 4672 992 4731 modo
1016 4675 1318 4747 videamur.
1364 4676 1497 4757 Data
1527 4689 1581 4733 ut
1600 4678 1793 4755 supra.

1106 4828 1109 4833 -
1176 4764 1470 4846 XXXVIII.

804 4896 873 4937 Αι)
910 4895 1160 4951 ςλκοιωμ
1200 4900 1411 4941 causa
1448 4900 1851 4945 lucumonum.

1150 4976 1330 5048 (Anno
1354 4977 1506 5049 876.)

526 5078 741 5138 Laudat
767 5100 887 5140 eum
912 5084 978 5140 de
998 5084 1207 5155 judicio
1235 5088 1298 5161 in
1320 5086 1631 5161 Emmanuel
1657 5088 1898 5161 prolato,
1926 5098 1974 5148 et
2000 5090 2121 5147 Ιιοβ

838 5165 983 5211 tatur
1004 5154 1062 5210 ut
1094 5174 1210 5212 cum
1241 5157 1333 5213 illo
1362 5154 1639 5216 clementer
1657 5154 1810 5233 'agat.

593 5241 829 5304 ’OANNES
862 5247 1147 5320 episcopus
1176 5249 1394 5305 Canem
1431 5249 1762 5329 imperatori.
1990 5326 1995 5329 1

548 5412 551 5419 ἱ
598 5336 779 5412 Super
797 5338 1005 5411 judicio
1034 5351 1218 5398 vestro
1250 5342 1305 5397 in
1344 5326 1665 5401 Emmenum
1692 5346 1938 5417 prolato,
1966 5326 2000 5402 ό
2028 5362 2121 5404 re-

524 5432 770 5494 ctissime
820 5434 1155 5506 imperator,
1206 5451 1331 5493 cum
1372 5435 1512 5494 οωΙο
1547 5446 1657 5494 tota
1691 5448 1836 5497 terra
1885 5439 2117 5497 laetatur.

524 5522 801 5600 Scriptum
845 5536 931 5585 est
979 5529 1129 5587 enim
1159 5547 1172 5586 :
1207 5527 1502 5587 laetabitur
1537 5532 1718 5603 justus
1767 5546 1886 5588 cum
1932 5536 2123 5590 uiderit

524 5616 811 5675 vindictam
834 5617 1010 5691 (Psal.
1039 5621 1194 5695 Lvll).
1223 5620 1336 5677 Cur
1374 5631 1559 5679 autem
1607 5625 1841 5681 dicimus
1882 5625 2117 5695 ltetatur,
2158 5626 2163 5631 ’

2232 1915 2544 1972 Onesimum
2574 1916 2797 1969 remittit
2824 1914 2990 1986 (Phil.
3023 1916 3065 1986 ι)
3083 1956 3097 1980 ,
3120 1915 3417 1987 implorans
3440 1924 3502 1971 et
3521 1916 3831 1981 obsecr-al,

2220 2018 2500 2079 quatenus
2528 2023 2652 2063 eum
2698 2015 2756 2061 ut
2796 2022 2892 2062 sua
2944 2007 3154 2063 viscera
3184 2008 3527 2077 suscipiatis.
3558 2007 3697 2075 Quia
3737 2006 3830 2067 dli

2230 2081 2480 2161 fortassis
2506 2103 2571 2158 ad
2606 2102 2796 2158 horam
2839 2101 3131 2172 aliquando
3159 2103 3377 2172 quidem
3406 2102 3571 2158 vobis
3600 2101 3826 2166 inutilis,

2232 2195 2539 2267 exemplum
2571 2210 2677 2249 non
2706 2194 2907 2249 bonum
2949 2193 3163 2250 cieteris
3212 2194 3499 2260 tribuens,
3543 2194 3821 2260 visnsest;

2229 2303 2377 2343 nunc
2424 2296 2605 2343 autem
2641 2295 2696 2342 et
2733 2286 2918 2351 vobis,
2956 2296 3013 2341 ct
3038 2287 3259 2352 nobis,
3308 2295 3367 2342 et
3396 2286 3661 2358 plurimis
3699 2285 3825 2343 utili

2231 2388 2337 2443 est,
2355 2378 2780 2449 longanimitatis
2796 2376 3027 2432 formam
3050 2386 3107 2433 et
3122 2379 3401 2448 patientia:
3417 2379 3645 2434 cunctis
3663 2389 3825 2434 osten-

2232 2473 2385 2528 dens.
2422 2470 2698 2542 Rogamus
2731 2486 2860 2544 ergo
2889 2480 2949 2527 ut
2972 2486 3263 2542 penesvos
3287 2487 3396 2527 non
3432 2471 3545 2526 sibi
3573 2482 3685 2526 tam
3712 2487 3825 2528 sum

2232 2563 2377 2618 obsit
2401 2576 2691 2631 excessus,
2730 2577 2894 2631 quam
2927 2561 3048 2621 ﬁdei
3087 2570 3144 2616 et
3164 2561 3372 2616 amoris
3391 2576 3527 2632 erga
3550 2576 3653 2617 vos
3676 2559 3826 2617 habiti

2232 2654 2406 2725 prosit
2440 2652 2685 2710 affectus.
2716 2653 2785 2708 Et
2818 2654 2942 2723 quia
2986 2669 3184 2709 noxam
3211 2652 3499 2722 propriam
3535 2661 3591 2707 et
3626 2664 3826 2723 penam

2234 2748 2491 2803 indiciam
2533 2746 2635 2801 sibi
2668 2745 2914 2801 conﬁteri
2956 2760 3066 2812 non
3097 2746 3314 2810 renuit,
3356 2743 3826 2800 anirnadversioite

2232 2848 2441 2893 remota
2480 2852 2644 2908 quam
2694 2837 2923 2900 meruit,
2955 2844 3214 2906 patronos
3242 2843 3495 2898 vestros,
3520 2842 3581 2889 et
3624 2842 3827 2893 sanam

2233 2930 2441 2986 scilicet
2482 2931 2688 3000 primos
2721 2929 2994 3000 apostolos
3016 2943 3076 2984 se
3115 2928 3363 2999 proﬁcue
3388 2926 3605 2984 adiisse
3624 2935 3683 2983 et
3699 2924 3825 2982 salit-

2234 3031 2379 3076 tasse
2401 3021 2468 3076 de
2500 3021 2707 3092 reliquo
2736 3022 2966 3087 sentiat,
2995 3029 3052 3077 et
3078 3021 3144 3076 de
3175 3028 3326 3075 tanto
3356 3019 3465 3075 sibi
3496 3018 3702 3075 collato
3724 3033 3825 3076 latt-

2235 3128 2365 3169 nere
2387 3112 2601 3168 lietetur
2621 3121 2678 3168 et
2705 3113 2968 3183 gaudeat,
3001 3121 3062 3167 ut
3091 3112 3181 3167 ubi
3204 3111 3507 3167 abundavit
3532 3120 3825 3182 pacatum

2232 3206 2655 3277 superabundet,
2683 3206 2980 3261 secundum
3002 3204 3317 3276 Apostolum
3332 3245 3352 3272 ,
3371 3206 3559 3276 graia
3576 3191 3826 3277 (Πομ.ιῇ

2233 3297 2370 3354 Data
2403 3300 2576 3371 pridie
2601 3299 2874 3355 Kalendas
2901 3298 3244 3365 Novembris,
3276 3297 3474 3355 indict.
3501 3297 3740 3354 dedita.

2912 3407 3159 3464 XXXIX.

2500 3514 2568 3559 AD
2607 3510 2992 3558 ιΙΡΕΒΔΤΟΒΕΙ
3020 3517 3092 3557 ΕΤ
3121 3508 3541 3557 mnum.

2855 3593 3034 3667 (Anno
3054 3594 3206 3665 876.)
3430 3616 3437 3627 -

2408 3684 2518 3741 Pro
2555 3685 2861 3759 Hadelgero
2890 3687 2981 3758 qui
3007 3684 3316 3743 Odelricum
3350 3683 3639 3741 occiderat.

2252 3790 2257 3797 λ
2300 3776 2535 3835 Joannes
2549 3778 2837 3850 episcopus
2849 3776 2916 3834 ad
2935 3778 3320 3850 imperatorem
3333 3776 3830 3848 «imper-trium.

2302 3870 2439 3926 Dum
2456 3884 2564 3926 non
2586 3872 2766 3927 minus
2779 3885 2881 3942 pro
2896 3869 3831 3939 misericorditeintuittrdeﬁnqueu-

2229 3961 2377 4020 tibus
2405 3974 2433 4005 α
2459 3963 2798 4031 exhibendo,
2832 3953 3611 4035 quam’judicil'severitate‘in
3633 3962 3830 4032 imptu-

2229 4057 2332 4113 bos
2351 4057 2655 4113 exercenda
2682 4096 2698 4123 ,
2726 4058 3070 4128 omnipotens
3086 4056 3233 4113 Deus
3262 4055 3494 4129 gloriam
3520 4050 3831 4110 sereni“

2228 4147 2725 4223 vestrae'imperiall
2751 4150 2990 4207 voluerit
3014 4150 3310 4207 sublimare
3348 4149 3584 4213 decore,
3608 4147 3832 4218 tignum

2226 4241 2473 4313 profecto
2494 4252 2617 4299 esse
2634 4243 2736 4298 rati
2753 4256 2940 4299 sumus
2956 4240 3215 4313 pastorali
3227 4252 3360 4297 cura
3382 4239 3675 4311 fungentes
3691 4236 3833 4308 apud

2229 4332 2531 4403 maiestatis
2558 4342 2754 4391 vestrae
2776 4333 3155 4390 erceltentiam
3186 4345 3286 4404 pro
3312 4330 3613 4385 multorum
3634 4329 3829 4393 saluae,

2227 4427 2314 4481 vel
2361 4428 2489 4483 vitze
2532 4427 2896 4498 indulgentia,
2945 4427 3218 4498 pracipue
3250 4424 3466 4479 illorum
3509 4421 3600 4491 qui
3647 4418 3835 4476 diabo-

2233 4520 2341 4576 lico
2390 4520 2517 4577 licet
2565 4521 2823 4587 instinctu
2871 4517 3107 4575 nefanda
3136 4516 3569 4579 committentes,
3601 4512 3671 4567 ad
3697 4523 3833 4581 apo-

2231 4611 2495 4668 stolorum
2526 4611 2832 4683 principum
2866 4610 3013 4665 Petri
3048 4618 3104 4665 et
3122 4607 3281 4665 Pauli
3312 4607 3588 4662 fautorum
3617 4613 3832 4659 vestro-

2229 4718 2352 4760 rum
2384 4704 2599 4771 limina,
2649 4706 2835 4760 divina‘
2858 4704 3041 4760 tamen
3078 4700 3285 4775 pietate
3311 4700 3611 4765 commoti,
3641 4696 3835 4754 venire

2228 4794 2488 4852 festinant
2512 4798 2529 4864 ",
2557 4804 2614 4853 et
2640 4796 3069 4853 misericbrdi’am
3097 4792 3286 4851 ii‘umlli
3312 4794 3479 4873 prece
3500 4788 3830 4863 implorant,

2228 4894 2341 4943 toto
2372 4890 2570 4947 mentis
2618 4889 2809 4944 annisu
2859 4888 3197 4944 intercedere
3221 4929 3236 4954 ,
3287 4895 3451 4956 atque
3490 4896 3589 4955 pro
3618 4880 3833 4937 viribus

2228 4980 2616 5036 consolationis
2657 4996 2814 5052 opem
2862 4980 2919 5036 in
2950 4988 3212 5051 quantum
3259 4977 3341 5036 fas
3390 4988 3476 5034 est
3515 4970 3834 5048 petentibus

2225 5071 2497 5144 impartiri
2528 5074 2840 5130 clementer.
2871 5073 3028 5131 Unde
3049 5062 3151 5144 pro
3176 5068 3337 5144 huius
3359 5066 3459 5126 viri
3483 5112 3498 5135 ,
3530 5060 3832 5138 Μωδεεή

2227 5166 2475 5223 videlicet
2501 5168 2753 5233 nomine,
2785 5168 2877 5240 qui
2904 5164 3215 5223 adversario
3245 5164 3509 5221 incitante
3530 5159 3831 5232 quemdam

2227 5257 2501 5314 hominem
2525 5257 2836 5314 Odelricum
2862 5254 3125 5314 vocabulo
3145 5256 3397 5328 peremit,
3426 5244 3618 5317 Salute,
3646 5260 3831 5307 mean

2224 5348 2450 5405 brorum
2474 5351 2717 5406 omnium
2750 5350 3085 5421 integritate,
3119 5356 3173 5403 et
3193 5362 3376 5404 rerum
3406 5352 3628 5402 suarum
3664 5340 3830 5402 rest!-
3888 5390 3895 5397 .

2226 5440 2464 5508 tutione,
2490 5443 2767 5514 maiestati
2786 5451 2983 5500 vestrae
3013 5443 3400 5515 suggessimus,
3431 5439 3667 5497 ﬁtiomm
3692 5445 3829 5505 du.

2224 5532 2479 5599 rissime,
2520 5542 2576 5590 et
2616 5550 2716 5605 pro
2743 5549 2927 5590 amore
2956 5533 3053 5591 Dei
3102 5543 3159 5590 et
3206 5533 3432 5590 Domini-
3469 5535 3643 5591 nostri
3690 5532 3826 5592 lem

2223 5622 2457 5693 Christi,
2489 5635 2913 5697 sanctorumque
2943 5626 3342 5699 apostolorum,
3367 5640 3595 5697 quorum
3625 5624 3824 5683 limina

598 5751 1082 5844 all-’osthverbum”
1111 5755 1530 5844 deiittq‘tientibus
1586 5759 1806 5816 additur
1871 5757 1926 5814 in
1978 5761 2110 5820 edit.
2160 5762 2318 5822 Rom.
2356 5764 2635 5823 Vassalum
2697 5777 2955 5844 vestrum,
2999 5782 3103 5843 qua
3157 5774 3371 5840 accepta
3413 5765 3679 5835 dilutum
3720 5776 3828 5833 ο

523 5822 688 5885 hibita
715 5841 869 5899 quam
887 5825 1082 5898 judicii
1105 5866 1121 5895 ,
1144 5836 1249 5883 etc.
1264 5822 1474 5888 'Mluvsl.
