4002 6296
147 396 271 456 693

1377 369 1740 430 EPISTOLI’E
1774 369 1864 425 ET
1905 368 2251 427 DECRETA.

3347 369 3454 426 θθι

147 506 428 582 ιπωΐεωε
454 499 794 573 Madelgerus
830 480 996 561 adiit,
1043 501 1350 561 nostraeque
1375 487 1717 561 paternitatis
1743 525 1758 550 ,
1793 485 1837 544 Α
1868 482 2106 539 futurum
2125 527 2140 550 ,
2173 493 2228 540 et
2255 483 2586 555 spirituatem
2613 491 2795 554 potms
2823 498 2982 553 quam
3013 485 3194 540 executi
3222 485 3451 557 gloriam

155 581 334 674 quam
354 594 778 655 sincerissimam
796 604 924 660 erga
946 602 1048 643 nos
1073 584 1304 649 habetis,
1325 581 1613 642 dilectione
1637 592 1762 650 pre-

159 666 386 752 camur,
413 694 684 756 quatenus
714 679 944 751 gratiam
975 684 1210 732 vestram
1240 672 1537 742 plenariam
1566 668 1614 722 ei
1640 666 1764 721 red-

159 781 300 840 dere
334 794 442 834 non
473 771 836 846 dedignemini
854 811 870 837 ,
897 783 1071 840 eoque
1093 781 1215 823 cum
1241 771 1436 822 vestra
1457 757 1766 820 serenitatis

163 883 429 946 respectu
461 879 685 939 accepto
709 909 723 932 ,
760 880 856 938 pro
895 865 1008 921 suis
1039 863 1215 918 valeat
1240 858 1553 915 excessibus
1591 855 1766 926 ι)ωηί-

164 944 406 1026 tentiam
451 964 783 1030 fructuosam
815 956 1094 1026 accipere,
1125 969 1230 1023 qua
1271 948 1548 1005 commissi
1595 944 1767 1016 possit

165 1061 372 1134 piaculi
407 1053 820 1113 noxias-sordes
851 1047 1103 1112 abluere,
1141 1053 1201 1100 ut
1240 1043 1462 1114 spiritus
1487 1039 1668 1096 salvus
1696 1038 1766 1092 sit

166 1131 225 1207 in
249 1151 344 1206 die
368 1145 603 1212 Domini,
622 1141 688 1198 de
706 1140 958 1198 omnibus
980 1137 1225 1192 ultricem
1249 1135 1426 1190 dantis
1448 1131 1762 1186 vindictam.

167 1242 314 1296 Nam
345 1247 443 1311 pro
472 1236 604 1291 tanti
653 1231 867 1289 itineris
904 1231 1086 1284 labore
1112 1227 1435 1290 durissimo,
1465 1237 1626 1294 quem
1673 1236 1768 1275 ve-

166 1332 376 1389 niendo
409 1341 699 1402 perpessus
728 1331 838 1387 est,
873 1323 1011 1377 sicut
1042 1320 1345 1382 credimus,
1377 1312 1766 1385 aliquantulam

169 1428 239 1482 de
267 1431 495 1496 peracto
525 1419 728 1476 scelere
753 1413 1144 1485 indulgentiam
1169 1410 1404 1474 meruit,
1434 1405 1550 1475 ejus
1580 1404 1768 1473 utique

169 1516 668 1575 intercessionibus
707 1510 922 1582 adjutus
946 1551 960 1576 ,
989 1510 1075 1564 cui
1103 1508 1302 1563 dictqu
1332 1521 1361 1559 a
1383 1504 1614 1560 Domino
1639 1517 1767 1556 con-

171 1609 286 1658 stat
315 1619 326 1655 :
357 1599 472 1653 Tibi
495 1597 630 1650 dabo
662 1595 830 1649 claves
859 1593 1003 1664 regni
1029 1591 1292 1645 cmlorum.
1333 1588 1398 1641 Et
1422 1591 1769 1658 quodcunque

172 1697 421 1772 ligaveris
473 1708 630 1763 super
659 1701 877 1752 terram,
917 1688 1010 1741 erit
1059 1685 1279 1755 lignlum
1331 1690 1378 1736 et
1416 1681 1469 1734 in
1514 1678 1689 1743 caelis;
1719 1685 1768 1731 et

170 1789 520 1860 quodcunque
568 1781 782 1838 solveris
821 1796 978 1850 super
1004 1788 1217 1841 terram,
1258 1775 1355 1828 erit
1381 1773 1608 1828 solutum
1637 1781 1682 1825 et
1714 1771 1770 1826 in

1869 588 2202 634 sectaturum
2230 619 2246 647 ,
2293 595 2414 636 eum
2444 589 2501 636 et
2551 581 2666 652 ipsa
2701 581 2959 638 nimirum
3007 583 3305 640 nobilitatis
3340 599 3476 648 sum.

1869 670 2099 758 iugiguia
2117 711 2132 737 ,
2182 679 2236 728 et
2274 673 2554 742 sapientiae
2582 673 2837 744 specula,
2867 675 2990 730 talia
3019 677 3087 730 de
3111 685 3162 730 te
3184 681 3453 748 speranda

1867 764 2202 826 tribuerunt;
2229 765 2371 833 quod
2393 765 2520 834 quia
2536 765 2813 823 vindicare
2835 767 2938 825 sibi
2966 767 3228 826 virtutum
3250 770 3457 827 nisibus

1865 861 1920 906 et
1949 855 2218 924 probitate
2249 872 2459 915 tuorum
2492 859 2838 914 sanctitatem
2868 868 3014 916 tuam
3049 863 3414 932 comperimus
3437 903 3477 930 ,-

1869 945 1979 1000 Deo
2005 945 2320 1007 innumeras
2349 948 2553 1018 gratias
2579 950 2737 1008 valde
2761 953 3099 1022 gratulanter
3129 953 3411 1010 retulimus
3439 994 3455 1019 ,

1865 1046 1921 1091 et
1945 1037 1996 1092 in
2027 1038 2159 1104 hoc,
2190 1040 2340 1109 quia,
2367 1041 2663 1100 secundum
2689 1041 3029 1112 Apostolum,
3057 1061 3170 1112 spes
3199 1060 3301 1098 non
3331 1060 3456 1100 con-

1867 1129 2042 1196 fundit
2068 1129 2243 1202 (Rom.
2276 1131 2382 1204 ut),
2413 1133 2784 1202 experimenta
2807 1133 3095 1190 didicimus
3125 1153 3138 1188 :
3172 1143 3226 1191 et
3258 1135 3380 1189 ideo
3402 1134 3459 1190 in

1867 1220 2154 1288 proximo,
2189 1236 2352 1278 causa
2402 1223 2787 1279 ecclesiastica:
2831 1225 2991 1280 simul
3047 1234 3101 1280 et
3152 1225 3456 1296 imperi-alis

1867 1312 2290 1379 opportunitatis
2317 1351 2332 1378 ,
2369 1322 2647 1369 certorum
2672 1316 3049 1387 congregaturi
3079 1317 3458 1387 episcoporum

1869 1404 2193 1468 concilium,
2226 1405 2574 1462 dilectionem
2615 1415 2760 1462 tuam
2808 1418 2959 1465 tanto
2981 1411 3270 1464 conventui
3295 1409 3459 1476 jube-

1868 1509 1990 1548 mus
2017 1494 2228 1550 adesse.
2253 1494 2490 1567 Accinge
2523 1497 2686 1568 igitur
2707 1499 2849 1554 sicut
2875 1499 2957 1553 vir
2986 1500 3196 1556 lumbos
3223 1509 3340 1555 tuos
3366 1542 3381 1561 ,
3409 1507 3466 1555 et

1869 1599 2088 1640 assume
2115 1585 2206 1642 tibi
2235 1602 2442 1660 pennas
2470 1589 2612 1644 sicut
2643 1589 2890 1644 columba
2914 1631 2928 1656 ,
2957 1599 3009 1644 et
3037 1590 3158 1645 vola
3180 1631 3194 1654 ,
3221 1598 3273 1645 et
3299 1591 3418 1645 veni
3447 1632 3464 1655 ,

1869 1683 1925 1727 et
1946 1674 2226 1744 requiesce
2275 1677 2327 1732 in
2381 1677 2504 1734 sinu
2551 1679 2862 1748 apostolicae
2908 1679 3213 1735 dilectionis
3241 1721 3256 1746 ,
3289 1682 3358 1734 ita
3407 1690 3467 1736 ut

1868 1765 2045 1834 pridie
2074 1765 2346 1822 Kalendas
2384 1767 2731 1834 Decembris,
2771 1772 3114 1840 praesentiam
3145 1781 3290 1827 tuam
3321 1773 3466 1828 limi-

170 1849 314 1938 caelis
338 1849 556 1956 (Matth.
582 1878 712 1947 xvr).
740 1849 892 1943 Quod
919 1887 1039 1927 cum
1060 1871 1133 1925 ita
1157 1870 1225 1925 sit
1243 1912 1257 1935 ,
1287 1865 1770 1938 prccamurctiam,
1801 1849 1852 1912 Β
1879 1857 2040 1913 nibus
2061 1859 2376 1928 apostolicis
2401 1868 2458 1915 et
2481 1863 2684 1918 nostris
2710 1861 2970 1918 exhibeas
3015 1879 3241 1933 prorsus
3269 1863 3471 1923 obtuti-

176 1983 233 2029 ut
262 1954 389 2028 eum
417 1985 538 2027 cum
566 1966 879 2039 parentibus
900 1965 1016 2035 ejus
1049 1964 1136 2031 qui
1175 1960 1462 2014 defunctus
1483 1967 1560 2012 est
1586 1998 1599 2022 ,
1627 1954 1776 2027 paci-

174 2079 329 2124 secre
350 2062 604 2133 iubeatis,
653 2074 721 2114 ne
763 2055 935 2128 majus
966 2055 1219 2124 deinceps
1248 2052 1469 2115 malum,
1502 2063 1610 2122 quo
1638 2046 1777 2103 mul-

180 2166 360 2212 torum
393 2151 588 2206 anima:
621 2156 845 2214 noceat,
873 2149 1242 2217 perpetretur.
1273 2142 1407 2197 Data
1439 2149 1496 2195 ut
1519 2156 1701 2212 supra.

930 2280 1043 2337 XL.

561 2412 629 2452 AD
660 2409 958 2452 EPISCOPUI
1005 2404 1412 2448 CARNOTENSEII.

798 2487 978 2557 (Anno
1020 2482 1172 2555 876.)
1233 2473 1239 2478 ”

363 2603 474 2661 Pro
500 2599 803 2673 Hadelgero
831 2600 920 2670 qui
947 2595 1252 2653 Odlericum
1281 2592 1564 2648 occiderat.

248 2740 490 2802 ἔσηπε
515 2739 802 2811 episcopus
831 2731 1271 2792 reverentissimo
1300 2729 1629 2790 Gisunsnro
1660 2724 1780 2798 epi-

177 2852 356 2908 scopo
384 2842 586 2892 sach
612 2829 964 2890 Carnotcnsis
989 2825 1265 2884 Ecclesiae.

256 2891 574 2988 [blectionis
601 2935 796 2982 vestrae
837 2921 1192 2984 reverentiam
1221 2915 1551 2988 spiritalibus
1578 2914 1782 2986 pollere
1832 2891 1836 2895 Δ

181 3023 481 3084 virtutibus
507 3019 696 3092 procul
728 3016 892 3074 dubio
940 3010 1279 3084 arbitrantis,
1312 3011 1397 3068 bis
1442 3007 1784 3080 apostolatus

187 3120 366 3178 nostri
405 3117 599 3174 litteris
630 3113 945 3178 convenire,
975 3125 1037 3164 ac
1063 3123 1164 3180 pro
1190 3112 1461 3176 praesente
1511 3103 1625 3158 viro
1671 3100 1781 3157 Ma-

187 3208 545 3281 delgero,qui
591 3207 856 3266 suadente
903 3201 1216 3270 adversario
1263 3195 1552 3266 quemdam
1600 3191 1781 3248 homi-
1810 3215 1858 3288 ο

191 3321 316 3360 neat
341 3299 650 3358 Odelricum
679 3296 896 3362 nomine
925 3291 1102 3364 gladio
1149 3287 1401 3360 peremit,
1429 3285 1568 3342 unde
1598 3285 1780 3341 divina

189 3395 548 3466 inspiratione
594 3397 953 3459 compunctus
979 3387 1046 3441 ad
1093 3382 1274 3442 lin'iina
1307 3389 1618 3436 sanctorum
1653 3394 1782 3448 apo-

190 3487 456 3543 stolorum
494 3484 799 3554 principum
834 3479 982 3534 Petri
1007 3493 1071 3532 ac
1119 3475 1292 3536 Pauli,
1323 3473 1599 3544 perlonga
1632 3473 1786 3526 itine-

195 3596 316 3636 rum
345 3578 517 3650 spatia
554 3591 653 3646 pro
675 3573 842 3644 ipsius
871 3568 1056 3626 delicti
1099 3566 1394 3626 abolitione
1420 3563 1603 3619 venire
1628 3578 1788 3619 cura-

193 3674 296 3737 vit,
325 3681 516 3743 petere.
538 3668 838 3730 studemus,
863 3673 926 3718 ut.
945 3678 1042 3733 pro
1069 3674 1256 3720 amore
1283 3657 1402 3724 Dei,
1429 3665 1484 3712 et
1509 3671 1696 3712 eorum
1720 3655 1790 3712 ad

193 3779 427 3836 quorum
456 3759 855 3818 secretissimae
880 3752 1139 3812 ecclesias
1175 3749 1340 3816 seuit,
1366 3756 1426 3804 et
1441 3763 1538 3818 pro
1561 3747 1676 3818 suis
1697 3761 1790 3803 ex-

191 3856 442 3917 mibus
465 3853 637 3912 Deum
667 3851 990 3920 deprecatus
1009 3854 1110 3911 est,
1144 3857 1356 3910 necnon
1384 3849 1438 3900 et
1462 3855 1562 3912 pro
1585 3846 1790 3908 nostra:

194 3947 544 4022 puerlitatis
567 3939 888 4007 dilectione,’
905 3941 983 4004 illi
1006 3953 1202 3998 omitas
1230 3951 1320 4004 res
1346 3934 1596 4008 proprias
1618 3943 1786 4005 atque

195 4039 524 4100 beneﬁcium
553 4053 676 4098 cum
703 4033 940 4106 propriis
973 4031 1277 4093 honoribus
1299 4043 1436 4100 ques
1458 4026 1784 4096 abstulistis,

199 4147 326 4190 eum
353 4130 598 4203 pienaria
631 4128 804 4202 gratia
831 4126 1058 4184 reddere
1082 4139 1190 4182 non
1216 4121 1602 4195 dedignatum,
1631 4120 1792 4180 sicuti

202 4226 508 4286 ﬁtectionis
531 4231 728 4279 nostra:
750 4219 1089 4279 consortium
1115 4225 1171 4274 et
1199 4217 1528 4276 cbaritatem
1561 4215 1714 4274 circa
1742 4219 1795 4276 te

197 4319 364 4391 cupis
392 4319 595 4374 habere
613 4313 905 4372 sinceriter
934 4311 1216 4370 iltibattam.
1249 4309 1383 4368 Data
1410 4317 1468 4370 tu
1487 4323 1648 4370 supra
1672 4317 1720 4372 ἢ.

932 4445 1070 4503 XLI.

419 4584 488 4626 AD
525 4579 848 4632 ΑυΑιΑιιυει
886 4543 1192 4625 ειδιδοορωί
1214 4571 1582 4626 venosus“.

822 4676 1007 4751 (Anno
1028 4673 1176 4746 876.)

203 4733 555 4834 Commendat
593 4787 715 4826 cum
758 4733 1430 4840 obyprmlaraslvirtutes,
1480 4772 1530 4818 et
1561 4760 1710 4832 jubet
1745 4769 1804 4828 ﬁt

569 4841 791 4916 liomam
821 4837 888 4895 ad
919 4838 1198 4895 concilium
1227 4838 1416 4892 ueniat.

279 4942 516 5010 Joannes
539 4942 828 5014 episcopus
855 4940 1151 4996 Apamam)
1177 4938 1432 5007 episcopo
1475 4927 1800 5008 Veronensi.

187 5087 218 5096 ._
281 5037 534 5096 Advertit
553 5035 714 5112 plane,
733 5033 1022 5108 prudentia
1051 5041 1140 5088 tua
1171 5039 1377 5101 quanto
1404 5038 1462 5085 et
1486 5026 1630 5100 quali
1655 5026 1804 5094 circa

209 5148 274 5194 sc
297 5130 633 5204 apostolatus
661 5136 846 5186 noster
873 5127 1069 5197 ﬂagret
1097 5122 1292 5180 affectu
1310 5167 1323 5189 ,
1359 5138 1482 5179 cum
1516 5131 1621 5176 tuae
1641 5132 1806 5184 causa

210 5225 580 5298 provectionis
624 5240 731 5278 non
764 5221 1039 5278 modicum
1096 5218 1489 5288 sumpserimus
1520 5214 1806 5279 laborem,

211 5319 474 5378 idoneum
526 5324 579 5372 te
606 5314 809 5372 Christi
859 5311 1202 5371 sacerdotem
1244 5300 1441 5365 merito
1476 5306 1810 5370 arbitrantes

292 5483 319 5512 α
349 5469 408 5524 ln
437 5470 567 5525 edit.
602 5470 845 5524 Romana
877 5474 996 5538 post
1025 5466 1150 5538 haec
1182 5462 1396 5538 additur
1421 5455 1808 5538 fragmentum,

212 5550 282 5600 ut
323 5550 572 5614 apparet,
599 5531 1086 5614 alteriusepisthm
1105 5554 1126 5614 ⁸ε
1165 5556 1184 5588 ι
1214 5534 1398 5614 Gloria
1423 5531 1812 5604 magnitudinis

211 5606 415 5671 vestris
440 5606 730 5684 cognoscat
751 5606 1185 5684 quiailtoﬂi'edus
1209 5606 1477 5684 gloriosus
1506 5618 1689 5684 comes
1702 5617 1815 5684 mo:-

216 5684 435 5741 nachus
465 5672 638 5739 sa’ucti
664 5672 901 5737 Amantii
925 5681 986 5735 Β.
1010 5679 1171 5734 Petro
1191 5672 1559 5749 apostolorum
1581 5672 1811 5749 principi

215 5755 336 5830 (llic
349 5754 742 5830 aliquiddeest)
778 5753 987 5830 tribuit.
1036 5749 1202 5830 Cujus
1227 5746 1515 5830 quoniam
1549 5746 1813 5830 quasdam

219 5819 317 5894 ξω
349 5819 641 5887 Uinfredus
659 5819 842 5885 comes
883 5823 1082 5880 dicitur
1123 5819 1433 5888 abstulisse,
1465 5819 1684 5894 pietatis
1719 5833 1812 5874 ve-

1876 1957 2001 2012 bus.
2035 1955 2208 2012 Porro
2245 1957 2294 2013 si
2323 1957 2429 2013 hoc
2454 1959 2788 2030 impossibile
2808 1960 3036 2026 asseris,
3078 1978 3172 2017 vnn
3204 1961 3478 2020 Kalenda—

1879 2065 1999 2104 rum
2049 2047 2431 2105 Januariarum
2483 2052 2628 2122 quod
2679 2052 2972 2119 hortamur,
2999 2061 3052 2108 et
3092 2055 3348 2123 jubemus
3374 2068 3475 2110 ex-

1877 2138 2048 2211 pleri,
2091 2139 2137 2194 si
2165 2140 2427 2195 duntaxat
2455 2141 2525 2196 ab
2565 2142 2881 2212 apostolica:
2915 2143 3060 2198 sedis
3091 2144 3478 2202 communione

1878 2231 2063 2289 renuis
2089 2247 2314 2304 prorsus
2335 2233 2512 2289 arceri
2540 2250 2555 2288 :
2583 2233 2804 2305 dignum
2824 2235 2969 2290 enim
2992 2250 3097 2290 non
3122 2243 3206 2289 est
3232 2243 3289 2288 ut
3311 2242 3484 2292 tath

1881 2328 2164 2399 sapientia:
2186 2329 2271 2382 vir
2301 2335 2452 2384 tanto
2503 2327 2694 2399 procul
2721 2328 2887 2385 coetui
2917 2327 3006 2383 sit.
3041 2327 3302 2397 Optamus
3344 2342 3484 2383 san-

1881 2419 2126 2475 ctitatem
2158 2431 2305 2475 tuam
2324 2419 2379 2476 in
2417 2419 2636 2476 Christo
2655 2419 2796 2476 bene
2821 2418 3022 2475 valere.
3048 2419 3181 2475 Data
3211 2434 3265 2475 tv
3294 2416 3485 2479 Noae!

1880 2507 2232 2577 Novembris,
2267 2510 2561 2570 indictione
2587 2509 2818 2568 decima.

2592 2642 2753 2700 XLII.

2277 2783 2346 2826 ΔΙ)
2384 2781 2635 2828 οΑιιοιυκ
2673 2781 3079 2826 ΧΜΙἚΒΑΤΟΒΕΙ.

2494 2887 2674 2961 (Anno
2712 2888 2866 2960 876.)

1893 3005 2102 3087 Laudat
2131 3003 2272 3087 quod
2299 3003 2438 3087 tedis
2467 3001 2992 3087 epos‘lolicce'legatos
3019 3003 3235 3087 benigne
3265 3021 3486 3087 excepta:

1901 3152 1904 3153 ,
1963 3078 2050 3153 rit.
2103 3072 2440 3153 τέθραμμαι
2474 3072 2724 3153 Evaluit"
2764 3072 3021 3153 ‘i"”‘“"“‘
3058 3072 3353 3153 R’I‘i’dm"
3390 3072 3489 3148 Μ

1960 3143 2240 3202 missorum
2269 3143 2450 3217 ipsius
2477 3145 2749 3217 judicium
2782 3143 3002 3200 latentes
3037 3143 3357 3217 effugerunt,
3398 3143 3484 3204 re-

1957 3219 2098 3290 quiri
2128 3227 2176 3273 et
2209 3215 2435 3272 coerceri
2455 3215 2661 3286 jubcat.

1956 3346 2188 3404 Joannes
2212 3345 2498 3417 episcopus
2526 3343 2742 3400 Canono
2771 3343 3107 3415 imperatori.

1959 3441 2281 3497 Innumeras
2311 3439 2668 3509 omnipotenti
2701 3437 2812 3494 Deo
2847 3448 3031 3510 grates
3067 3448 3124 3494 et
3172 3439 3360 3496 laudes
3395 3451 3492 3498 re-

1894 3535 2142 3599 ferimus,
2174 3533 2268 3604 qui
2300 3549 2398 3588 cor
2426 3531 2648 3602 pietatis
2680 3540 2894 3596 vestrae,
2937 3532 3078 3600 quod
3112 3531 3164 3586 in
3198 3547 3359 3585 manu
3389 3541 3494 3588 sua

1891 3627 2162 3689 consistit,
2196 3632 2345 3678 tanta
2380 3622 2618 3694 Spiritus
2648 3621 2821 3676 sancti
2855 3621 3027 3690 gratia
3063 3620 3270 3690 replere
3299 3621 3490 3691 digna-

1892 3725 1979 3774 tus
2007 3727 2111 3783 est,
2139 3725 2344 3787 quanto
2371 3714 2657 3770 sollicitius
2696 3728 2795 3768 vos
2836 3729 3024 3768 sacras
3068 3727 3228 3766 aures
3258 3713 3324 3765 ad
3362 3725 3491 3782 pro-

1890 3808 2092 3869 fectum
2131 3803 2388 3866 Ecclesiae
2415 3809 2574 3866 nobis
2599 3807 2908 3864 commissa:
2932 3806 3191 3860 divinitus
3220 3805 3488 3859 inclinan-

1895 3911 1995 3970 tes,
2033 3915 2086 3957 et
2117 3900 2426 3972 apostolica:
2477 3899 2622 3956 sedis
2675 3900 2902 3972 legatos,
2953 3897 3189 3952 Leonem
3241 3895 3492 3952 videlicet

1895 3997 2309 4074 apocrisiarlum
2335 4006 2389 4052 ct
2416 3997 2644 4051 missum
2681 4001 2885 4050 sanctae
2918 3990 3177 4048 Romana:
3209 3991 3492 4058 Ecclesiae,

1897 4110 1992 4150 seu
2037 4081 2280 4157 Petrum,
2318 4089 2656 4145 venerabiles
2694 4087 3000 4158 cpiscbpos,
3048 4093 3372 4155 nostrosque
3403 4084 3489 4138 di-

1895 4183 2088 4250 lectos,
2120 4195 2184 4238 ea
2216 4181 2552 4253 benignitate
2580 4193 2684 4249 qua
2716 4178 2860 4234 soliti
2889 4177 3044 4242 estis,
3080 4186 3134 4231 et
3165 4191 3230 4232 co
3258 4175 3496 4244 amplius

1899 4277 2255 4347 suscepistis:
2288 4284 2340 4329 ct
2387 4273 2476 4328 illa
2504 4287 2624 4342 qua:
2667 4271 2818 4327 vobis
2855 4286 2955 4340 pro
2992 4277 3136 4322 statu
3186 4280 3249 4322 ac
3290 4266 3495 4322 exalta-

1900 4371 2050 4425 tione
2099 4378 2303 4424 sanctae
2348 4366 2442 4422 Dei
2492 4365 2750 4420 Ecclesia:
2793 4369 3200 4432 suggesserunt,
3228 4359 3482 4414 adcliiea‘

1902 4478 2020 4522 cem
2053 4461 2214 4516 linem
2247 4459 2534 4530 provenire
2571 4456 2831 4527 jussistis.
2883 4456 3024 4511 Vere
3060 4454 3230 4517 enim,
3261 4452 3501 4506 ﬁliorum

1825 4569 1881 4654 ἰ)
1905 4551 2245 4614 cbarissime,
2272 4563 2369 4605 cor
2389 4559 2630 4603 vestrum
2675 4547 2728 4601 in
2763 4561 2923 4600 manu
2968 4544 3062 4600 Dei
3091 4552 3196 4608 cst,
3227 4543 3350 4612 quia
3382 4541 3501 4611 ejus

1910 4643 2157 4701 consultu
2197 4641 2453 4696 universa
2493 4639 2799 4709 disponitis,
2828 4649 2881 4692 ct
2908 4638 3183 4707 sapienter
3212 4637 3503 4706 imperium

1909 4737 2066 4792 vobis
2113 4733 2367 4790 collatum
2420 4731 2689 4787 moderari
2733 4730 2964 4786 studetis
3002 4749 3013 4783 :
3057 4730 3183 4799 quia
3235 4746 3296 4783 ex
3349 4731 3504 4782 utero

1913 4831 2106 4885 matris
2153 4827 2325 4884 crevit
2378 4825 2659 4881 vobiscum
2698 4824 2987 4894 sapientia,
3019 4834 3070 4878 et
3106 4821 3370 4877 rectitude
3403 4817 3505 4872 fuit

1913 4925 2105 4981 dilecta
2151 4932 2327 4978 vestra
2370 4921 2566 4974 amica.
2612 4919 2678 4973 Et
2708 4920 2830 4988 quia
2866 4917 3259 4988 praeconiorum
3293 4924 3503 4967 vestro-

1899 5025 2032 5071 rum
2084 5016 2322 5071 bumana
2369 5013 2552 5084 lingua
2582 5010 2684 5066 l‘ari
2718 5011 2825 5064 nun
2853 5009 3050 5065 suliicit
3080 5005 3504 5069 nmltittnlincm,

1914 5111 1978 5163 ad
2003 5109 2092 5163 illa
2123 5115 2243 5180 quae
2271 5108 2338 5162 de
2366 5105 2674 5161 inﬁdelibus
2720 5103 2923 5158 nostris
2966 5108 3020 5155 et
3058 5101 3252 5154 vestris
3281 5101 3507 5166 peracta

1913 5213 2040 5259 sum
2086 5201 2453 5272 cpistolaritcr
2496 5200 2776 5254 adeamus.
2825 5195 3034 5251 Vestris
3072 5192 3312 5263 quidem,
3356 5188 3509 5244 bent-

1914 5293 2176 5372 gnissime
2213 5293 2534 5363 imperator,
2569 5289 2813 5360 apprime
2843 5284 3071 5340 eruditis
3098 5281 3225 5335 viris
3251 5289 3305 5335 et
3338 5280 3510 5334 Deum

1916 5460 2045 5509 straa
2090 5448 2317 5522 gloriam
2363 5445 2734 5522 supplicamus
2761 5448 2821 5522 ut
2861 5451 2959 5509 pro
2979 5441 3512 5522 amorelslancturum

1918 5503 2286 5594 ipsinam-uni
2337 5503 2641 5594 principum
2692 5503 2921 5594 easdem
2959 5523 3046 5562 res
3094 5505 3239 5560 reddi
3285 5503 3512 5594 pra-lato

1917 5576 2252 5651 monasterio
2292 5576 2706 5660 praisenialitcr
2744 5580 2956 5660 faciatis
2992 5587 3258 5660 quatenus
3297 5576 3514 5660 ﬂuctus

1917 5643 2410 5722 'v'é‘siFs'Iaeicauas
2441 5665 2660 5713 maneat
2694 5654 2750 5710 in
2785 5643 3041 5709 saeculum
3071 5647 3272 5704 saeculi.
3297 5643 3430 5703 Data
3455 5651 3516 5702 ut

1917 5753 2100 5812 supra.
2133 5756 2150 5788 ι
2183 5732 2372 5788 Mausr.
