4002 6296
448 344 553 417 699

1758 350 2042 413 IOANNIS
2080 350 2301 409 PAPIE‘
2324 350 2432 408 VIII

2148 154 2153 161 .
2242 110 2311 177 λαις,

3628 347 3747 403 τι)

449 452 976 532 Christianissimum
1016 469 1300 544 conjugem
1327 479 1565 528 vestrum
1597 485 1810 542 semper
1848 470 2032 542 Augu-
2062 471 2111 529 Α
2142 466 2361 537 quando
2386 473 2579 534 contra
2621 460 2909 533 imperium
2940 458 3192 517 vestrum
3224 459 3618 530 perhibebatnr
3637 479 3747 520 seu

450 576 594 622 stum
651 566 881 623 diversis
933 580 1034 637 pro
1068 564 1484 621 necessitatibus
1519 567 1633 621 sive
1678 565 1873 619 missos
1926 563 2039 617 sive

450 658 636 729 apices
658 657 942 722 mittimus,
969 671 1035 712 ex
1062 656 1165 713 hoc
1183 657 1295 728 jam
1322 657 1673 713 obsecramus
1702 664 1753 712 et
1784 654 2038 726 petimus,

449 761 547 803 vos
575 756 750 805 estote
789 763 887 819 pro
928 734 1083 803 nobis
1117 749 1339 814 ostium,
1372 749 1551 820 lingua
1584 759 1640 804 et
1666 763 1861 803 manus
1888 765 1901 801 :
1933 747 2042 801 imo

451 846 624 893 totum
652 852 753 907 pro
778 839 937 894 nobis
964 838 1103 902 sitis,
1138 840 1485 894 advocatoris
1516 842 1801 911 fungentes
1827 838 2038 899 olliciis,

412 978 415 981 λ
449 937 503 984 et
541 930 725 983 omnia
768 942 869 1001 pro
914 929 1071 984 nobis
1109 928 1163 984 in
1196 931 1449 985 omnibus
1480 928 1663 985 facile.
1699 929 1776 984 ita
1802 938 1859 984 ut
1883 928 2043 983 amici

449 1021 669 1090 quidem
710 1028 766 1076 et
801 1020 986 1076 ﬁdeles
1022 1020 1279 1077 Ecclesia:
1325 1021 1484 1093 hujus
1520 1039 1617 1094 per
1641 1038 1738 1077 vos
1763 1022 1902 1093 apud
1930 1021 2043 1090 api-

446 1127 572 1171 cem
598 1120 844 1168 vestrum
872 1113 1069 1178 locum,
1116 1114 1259 1184 apud
1296 1129 1394 1169 vos
1427 1115 1703 1169 inveniant
1742 1114 1946 1169 aditum
1991 1123 2046 1168 et

449 1204 671 1261 salubre
697 1205 751 1260 in
784 1206 1205 1262 necessitatibus
1244 1207 1355 1263 suis
1385 1208 1606 1263 omnino
1646 1208 1945 1264 remedium
1975 1227 1986 1261 :
2015 1222 2046 1263 e

446 1304 638 1354 contra
673 1312 825 1368 vero,
862 1299 1069 1355 inimici
1101 1311 1155 1355 et
1180 1299 1427 1358 infideles
1460 1317 1559 1373 per
1584 1318 1681 1358 vos
1709 1301 2047 1359 confundan-

447 1396 537 1447 tur
561 1400 617 1447 et
645 1392 1004 1449 excludantur
1031 1411 1047 1450 :
1079 1396 1203 1465 quia
1236 1405 1292 1450 ct
1317 1411 1417 1451 nos
1445 1411 1545 1467 pro
1572 1396 1728 1452 vobis
1758 1397 1895 1467 apud
1923 1411 2041 1450 om-

446 1494 544 1539 nes
568 1491 623 1539 et
649 1484 703 1540 in
734 1485 989 1541 omnibus
1019 1487 1244 1552 erimus,
1271 1498 1325 1542 et
1352 1489 1625 1558 prmcipue
1664 1490 1804 1559 apud
1844 1488 2046 1543 beatis—

445 1575 616 1631 simos
680 1576 1049 1646 apostolorum
1111 1577 1385 1648 principes
1435 1577 1661 1633 Petrum
1713 1589 1767 1634 et
1815 1578 2043 1633 Paulum

446 1675 725 1724 amatores
752 1676 807 1723 et
830 1677 1171 1739 protectores
1195 1678 1427 1734 vestros,
1467 1671 1539 1726 ita
1582 1681 1641 1727 ut
1684 1680 1912 1742 paterno
1952 1684 2048 1725 vos

447 1753 644 1812 aﬂectu
675 1770 893 1828 semper
920 1758 1104 1813 fovere
1132 1760 1436 1826 studentes,
1467 1770 1521 1816 et
1551 1769 1808 1831 tanquam
1834 1761 2047 1831 spirita-

2143 560 2262 614 tire.
2317 559 2477 629 Ergo,
2521 555 2946 612 clementissime
3003 556 3319 625 imperator,
3371 555 3498 625 quia
3532 556 3604 610 ab
3654 559 3755 612 in-

2142 651 2309 706 fantia
2336 651 2508 706 crevit
2529 650 2809 705 vobiscum
2838 647 3140 710 miseratio,
3190 648 3417 716 recipite
3442 648 3598 704 illum
3630 660 3765 705 tan-

2143 760 2306 817 quam
2356 744 2425 798 ab
2477 744 2588 813 ipsa
2647 742 2789 797 beati
2842 741 2988 797 Petri
3040 740 3268 810 apostoli
3312 742 3532 811 patroni
3585 745 3768 801 vestri

2145 836 2488 893 confessione
2507 876 2521 901 ,
2554 843 2611 890 et
2660 849 2823 903 super
2844 848 2910 890 eo
2953 835 3260 889 mercedem
3284 832 3495 889 habere
3522 845 3767 890 contuso

2146 930 2275 992 dite,
2325 943 2430 983 non
2460 928 2790 998 imputantes
2835 926 2885 981 ei
2916 927 3060 996 quod
3108 926 3444 982 novissimus
3486 926 3710 981 venerit
3744 945 3760 980 :

2146 1022 2275 1093 quia
2316 1028 2372 1076 et
2396 1021 2568 1076 bonus
2601 1020 2689 1075 ille
2718 1018 3114 1089 paterfamilias
3143 1019 3425 1089 operarios
3450 1016 3769 1073 undecima:

2146 1116 2296 1173 horre
2330 1130 2492 1186 pares
2533 1114 2728 1169 fecisse
2764 1115 3093 1170 describitur
3124 1114 3211 1169 his
3256 1114 3350 1184 qui
3399 1113 3568 1167 tertia
3627 1112 3767 1167 hora

2148 1224 2349 1266 venere
2374 1208 2589 1278 (Matth.
2622 1207 2723 1278 ix).
2783 1206 2889 1262 Sed
2933 1215 2988 1260 et
3011 1221 3111 1261 vos
3161 1220 3266 1259 non
3318 1204 3505 1259 minus
3536 1201 3773 1272 diligitis

2149 1301 2377 1356 militem
2429 1300 2520 1370 qui
2584 1300 2763 1371 primo
2811 1299 3031 1370 quidem
3078 1299 3131 1352 in
3191 1297 3334 1353 bello
3378 1306 3537 1367 terga
3591 1296 3769 1360 dedit,

2148 1399 2336 1461 postea
2366 1391 2585 1445 rediens
2626 1389 2827 1460 premit
2876 1388 3093 1445 fortiter
3140 1390 3369 1453 hostem,
3408 1402 3580 1457 quam
3637 1401 3771 1441 cur:

2149 1484 2240 1553 qui
2271 1497 2546 1552 numquam
2584 1490 2736 1551 terga
2785 1482 2950 1541 dedit.
2987 1488 3041 1534 et
3093 1494 3372 1550 nunquam
3407 1478 3623 1547 aliquid
3651 1479 3771 1533 for-

2151 1572 2283 1627 titer
2313 1572 2497 1644 gessit.
2533 1571 2641 1626 Sed
2672 1572 2803 1642 quid
2831 1571 2998 1626 multa
3022 1571 3046 1625 ἲ
3070 1586 3196 1627 cum
3227 1585 3359 1627 ecce
3397 1584 3503 1624 nos
3540 1570 3597 1623 ei
3624 1569 3775 1640 apud

2149 1671 2298 1739 pium
2330 1670 2617 1739 imperium
2659 1678 2920 1733 vestrum,
2971 1666 3042 1720 fili
3084 1664 3434 1729 ebarissime,
3468 1662 3637 1718 ﬁdem
3680 1662 3772 1718 di-

2146 1758 2348 1818 'cimus.
2396 1763 2535 1817 Ecce
2560 1776 2659 1818 nos
2687 1776 2787 1831 pro
2816 1761 2908 1816 illo
2936 1760 3122 1814 vadem
3179 1756 3507 1814 oderimus:
3557 1764 3775 1811 tantum

445 1845 549 1902 lem
602 1844 767 1903 ﬁliam
812 1846 1117 1905 dilectionis
1161 1859 1361 1905 nostrm
1396 1851 1604 1907 sinibus
1637 1852 1953 1906 collocatam
1988 1851 2038 1905 ir.
2072 1828 2118 1891 Β
2152 1858 2235 1913 sic
2264 1865 2389 1928 agat
2416 1872 2542 1928 erga
2577 1872 2699 1911 eum
2732 1853 3157 1910 clementissima
3184 1860 3239 1907 et
3269 1850 3633 1907 serenissima
3656 1848 3771 1919 pie-

445 1934 663 1995 Christo
690 1949 926 1997 tractare
946 1956 1008 1997 ac
1043 1950 1226 2012 tegere
1254 1952 1516 2014 perpetuo
1538 1950 1870 2014 satagcnles,
1900 1942 2039 2013 apud

444 2038 541 2085 eos
585 2031 970 2087 commendare
1009 2032 1250 2087 assiduis
1298 2034 1554 2103 precibus
1606 2034 1946 2111 Studeamus,
1993 2044 2047 2090 et

447 2124 616 2179 vestri
670 2125 989 2181 memoriam
1037 2125 1104 2180 ad
1146 2138 1492 2182 sacrosancta
1533 2142 1759 2198 corpora
1806 2128 2044 2197 ipsorum

447 2220 665 2285 'scmper
701 2216 974 2288 deponere
1004 2228 1333 2289 satagamus.
1370 2216 1642 2273 Laztamur
1670 2227 1849 2273 autem
1887 2227 1941 2273 et
1966 2219 2048 2289 jo-

451 2310 756 2363 cundamur
798 2310 851 2365 in
898 2311 1149 2378 Domino,
1205 2312 1331 2382 quia
1370 2313 1583 2368 beatam
1621 2327 1715 2367 vos
1749 2326 1803 2367 et
1832 2313 2044 2368 felicem

443 2401 627 2455 dicent
671 2416 863 2457 omnes
911 2404 1330 2474 generationes;
1376 2404 1501 2474 quia
1547 2406 1637 2476 pio
1668 2405 2046 2460 committente

444 2495 676 2565 conjuge
710 2504 822 2551 tam
854 2496 1192 2553 salutiferum
1242 2497 1605 2556 ministerium
1651 2501 2047 2569 assumpsislis,

445 2601 546 2667 per
593 2588 737 2659 quod
796 2588 1004 2646 scilicet
1060 2600 1116 2647 et
1167 2592 1220 2651 in
1274 2593 1530 2662 praesenti
1590 2593 1787 2650 smeulo
1848 2611 2045 2651 nomen

443 2678 649 2736 bonum
677 2722 692 2748 ,
747 2684 891 2752 quod
926 2692 1011 2739 est
1060 2700 1223 2755 super
1280 2686 1501 2741 divitias
1553 2686 1783 2753 multas,
1826 2698 1881 2742 ct
1928 2701 2042 2743 cte-

442 2765 583 2823 leste
643 2770 939 2841 acquiretis
996 2774 1142 2830 inter
1188 2775 1411 2847 angelos
1474 2783 1529 2830 et
1590 2792 1694 2831 non
1750 2776 2043 2832 finiendum

442 2860 759 2932 imperium.
821 2864 956 2921 Data
1011 2880 1101 2922 xvr
1159 2862 1428 2925 Kalendas
1476 2867 1788 2925 Decembris
1893 2869 2040 2925 indi-

453 2951 636 3011 ctione
663 2970 716 3010 x.

1141 3042 1326 3103 XLVI.

724 3152 793 3195 Δί)
821 3152 1068 3195 οΑιιοιωι
1101 3155 1313 3196 (ῖΑινυκ
1346 3156 1751 3200 IMPERATOREH.

1048 3232 1233 3302 (Anno
1277 3233 1430 3305 876.)

537 3320 879 3378 Commendat
908 3320 1226 3395 Wigbodum
1266 3325 1601 3383 Parmensem
1631 3329 1951 3401 episcOpum.

512 3411 747 3497 Joannes
775 3414 1062 3487 episcopus
1093 3414 1312 3473 Canoto
1338 3418 1678 3489 imperatori.

436 3512 439 3515 ’
520 3506 658 3576 Quia
681 3507 1096 3565 desiderandam
1128 3510 1306 3577 nobis,
1355 3519 1412 3566 ct
1466 3512 1594 3567 totis
1621 3512 1889 3571 viscerum
1917 3515 2048 3570 bra-

444 3598 582 3655 chiis
608 3599 1041 3672 amplectendam
1093 3600 1436 3658 dilectionem
1468 3614 1704 3659 vestram
1750 3605 1883 3660 nihil
1910 3603 2049 3675 pati-

434 3700 570 3748 ‘mur
619 3692 876 3764 ignorare
909 3706 1096 3748 eorum
1156 3709 1319 3765 quam
1368 3696 1607 3752 maxime
1663 3710 1784 3768 qua:
1855 3697 1921 3753 ad
1954 3714 2051 3769 cu-

436 3785 651 3842 mulum
680 3783 866 3854 glorire
888 3784 1053 3841 vestri
1101 3796 1402 3843 noscuntur
1450 3788 1704 3847 culminis
1750 3792 2046 3861 pertinere,

444 3890 627 3949 opera:
688 3878 926 3950 pretium
981 3880 1235 3937 duximus
1309 3881 1652 3939 innotescere
1716 3883 2047 3955 Wigbodum

444 3970 818 4027 venerabilem
855 3970 1113 4027 Ecclesia:
1141 3972 1453 4029 Parmensis
1504 3976 1804 4031 antistitem
1832 3987 2050 4047 aposto-

447 4076 625 4116 .orum
676 4060 876 4117 adiisse
922 4061 1085 4116 limen
1123 4071 1179 4118 et
1230 4063 1435 4126 sedem,
1471 4077 1582 4123 tam
1632 4068 1895 4122 orationis
1925 4078 2050 4126 voto

440 4167 606 4223 quam
628 4152 964 4208 invenienda:
988 4169 1086 4224 per
1110 4169 1209 4211 nos
1238 4164 1435 4211 vestra:
1476 4156 1663 4227 gloriae
1719 4157 1997 4216 desiderio
2029 4177 2046 4226 ;

443 4244 599 4313 cujus
650 4245 850 4319 mentis
905 4262 1107 4309 arcana
1156 4245 1410 4304 subtilius
1463 4248 1897 4321 investigantes,
1948 4267 2049 4309 nos

441 4339 607 4411 plane
642 4339 867 4395 minime
896 4339 1120 4396 latuisse
1141 4337 1377 4396 fatemur
1400 4343 1545 4412 quod
1572 4352 1626 4397 et
1651 4359 1796 4399 nunc
1825 4345 2050 4402 sincera:

444 4430 570 4488 fidei
598 4448 727 4504 erga
768 4426 916 4505 pium
958 4432 1244 4505 imperium
1296 4444 1536 4491 vestrum
1570 4435 1834 4491 habendae
1866 4445 2050 4493 tenea-

428 4522 537 4579 tur
563 4522 796 4590 alfectu;
856 4531 910 4579 et
940 4520 1175 4592 hocjam
1229 4523 1360 4580 olim
1394 4525 1582 4596 procul
1646 4526 1810 4582 dubio
1865 4543 2049 4584 rerum

440 4611 723 4670 eﬂ‘ectibus
767 4613 1214 4682 demonstrasset,
1249 4614 1353 4671 nisi
1379 4617 1479 4672 sibi
1524 4624 1669 4673 esset
1715 4631 1744 4671 a
1787 4619 1891 4688 piae
1936 4634 2049 4675 me-

428 4706 633 4763 moriae
662 4706 842 4777 priore
892 4705 1135 4777 principe
1190 4723 1353 4763 causa
1401 4709 1523 4764 talis
1556 4709 1833 4780 iujuncta,
1882 4727 2046 4783 quam

428 4798 564 4856 "sine
592 4799 673 4854 sui
707 4797 1021 4855 discrimine
1050 4794 1444 4872 lloccipendere
1476 4803 1834 4872 nequivisset.
1892 4800 2048 4861 Unde

441 4904 717 4963 rogamus,
754 4890 876 4945 data
916 4892 1093 4957 venia,
1154 4893 1412 4963 suscipite
1461 4909 1606 4948 nunc
1632 4894 1782 4950 illum
1820 4905 1879 4951 ut
1924 4912 2047 4953 mea

438 4984 677 5051 viscera,
709 4983 837 5056 quia
860 4991 917 5040 et
940 4985 985 5040 si
1016 4983 1155 5041 forte
1184 4988 1457 5056 quondam
1489 4988 1644 5044 vobis
1667 4998 1788 5044 erat
1816 4990 2044 5059 inutilis,

440 5088 587 5131 nunc
620 5082 802 5130 autem
842 5073 995 5128 vobis
1045 5083 1101 5128 et
1140 5075 1297 5130 nobis
1369 5076 1557 5133 utilis:
1609 5079 1857 5150 quamvis
1905 5080 2047 5137 forte

441 5181 554 5223 non
580 5168 653 5222 sit
677 5167 936 5223 dicendus
969 5165 1200 5234 inutilis,
1238 5168 1331 5240 qui
1362 5168 1520 5225 fidem
1568 5181 1693 5227 ante
1719 5173 2044 5244 promissam

445 5257 781 5325 custodiens,
834 5257 1011 5314 simile
1041 5257 1187 5315 circa
1234 5275 1332 5315 vos
1386 5263 1666 5317 servandae
1722 5260 1846 5319 ﬁdei
1898 5264 2048 5320 dedit

445 5351 737 5417 indicium,
780 5351 1086 5422 praesertim
1127 5366 1250 5407 eum
1301 5368 1527 5424 sperans
1576 5356 1627 5410 in
1660 5357 1889 5413 Domino
1938 5354 2044 5413 non

445 5444 765 5519 perdiderit,
795 5444 841 5500 si
876 5445 1191 5512 mutaverit,
1238 5444 1631 5516 fortitudinem,
1680 5449 1805 5505 dum
1834 5451 2047 5507 scilicet

447 5538 605 5594 nobis
633 5539 780 5594 hunc
818 5530 1263 5605 informantibus,
1316 5540 1360 5595 si
1406 5541 1660 5612 quopiam
1714 5552 1903 5597 contra
1949 5548 2047 5598 ves

450 5642 581 5684 usus
606 5639 709 5697 est,
735 5643 836 5701 pro
861 5630 1014 5686 vobis
1035 5638 1301 5702 proponat
1342 5630 1455 5701 jam
1485 5633 1613 5689 totis
1643 5634 1848 5689 viribus
1886 5648 2046 5690 exer-

452 5733 597 5779 cere.
626 5720 781 5778 Unde
811 5736 919 5778 non
945 5723 1255 5778 dubitamus
1303 5723 1449 5778 illum
1478 5740 1537 5780 se
1585 5724 1867 5782 fortiorem
1919 5736 2047 5798 erga

422 5809 582 5881 'adei
619 5823 818 5873 vestra;
842 5812 1202 5875 constantiam
1225 5817 1615 5890 exhibendum,
1648 5835 1809 5894 quam
1859 5821 2042 5891 fuerit,

2073 3197 2121 3261 C

2072 4568 2128 4636 ι)

2126 4720 2131 4727 ’
2156 4718 2279 4765 ctus
2306 4707 2449 4764 illius
2475 4716 2664 4763 noster
2688 4707 2917 4763 Carolus
2948 4706 3401 4762 clementissimus
3440 4705 3775 4775 imperator,

2120 4802 2125 4803 “
2159 4818 2322 4874 super
2347 4802 2453 4857 hoc
2484 4799 2669 4856 subtili
2703 4799 3105 4854 examinatione
3135 4799 3341 4863 habita,
3383 4812 3506 4854 eum
3534 4813 3661 4853 eam
3692 4799 3778 4854 ad

2154 1959 2237 2004 tas
2259 1957 2463 2014 vestra,
2517 1956 2571 2001 ut
2623 1947 2716 2001 alii
2747 1947 2849 2001 sub
2888 1956 3101 2017 tegmen
3143 1944 3523 1999 miserationis
3550 1951 3767 2003 vestra,

2147 2041 2256 2096 hoc
2285 2048 2587 2110 comperto,
2628 2038 2867 2093 alacrius
2916 2036 3215 2102 confluant,
3238 2044 3294 2091 et
3338 2050 3440 2105 per
3488 2036 3768 2091 interra-

2144 2132 2352 2187 'tionem
2386 2140 2630 2185 nostram
2680 2129 2834 2199 quasi
2878 2144 2981 2200 per
3028 2127 3364 2185 immobilem
3418 2136 3647 2198 pontem
3696 2124 3767 2180 ad

2148 2238 2251 2278 vos
2306 2222 2554 2277 certatim
2606 2222 2896 2275 transitum
2946 2220 3166 2275 faciant.
3229 2219 3523 2289 Siquidem
3573 2219 3663 2272 hic
3706 2217 3768 2273 in

2155 2313 2370 2386 signum
2412 2321 2496 2368 est
2528 2312 2595 2367 ad
2646 2311 2944 2383 apostolica
2986 2319 3135 2366 tecta
3182 2310 3461 2381 quoddam
3513 2311 3767 2380 positus;

2155 2412 2386 2459 cunctos
2434 2404 2501 2458 ad
2527 2417 2623 2457 vos
2648 2402 2956 2473 terrigenas
2984 2408 3079 2456 aut
3113 2401 3253 2456 bene
3290 2399 3599 2470 dispositus
3626 2396 3767 2453 invi-

2156 2494 2313 2556 tabit,
2342 2500 2434 2547 aut
2460 2509 2489 2546 a
2533 2492 2687 2547 vobis
2722 2491 2861 2546 male
2886 2498 3151 2545 tractatus
3178 2488 3430 2544 terrebit.
3487 2486 3631 2543 Nam
3660 2484 3770 2557 dii-

2155 2582 2298 2639 llcile
2324 2597 2449 2639 esse
2494 2582 2772 2639 credimus
2812 2582 2955 2651 apud
2987 2584 3247 2651 pietatem
3279 2588 3521 2635 vestram
3574 2594 3770 2649 quen-

2138 2685 2315 2746 ‘quatn
2339 2689 2436 2745 per
2474 2674 2610 2730 alios
2652 2674 2904 2730 obtinere
2929 2713 2945 2738 ,
2978 2673 3124 2743 quod
3153 2687 3252 2743 per
3274 2670 3499 2759 Petrum
3527 2682 3585 2726 et
3624 2670 3774 2729 PII-

2148 2769 2264 2825 lom
2313 2769 2683 2841 apostolorum
2737 2766 2976 2836 eximios,
3024 2781 3131 2823 non
3186 2765 3389 2837 poterit
3438 2766 3771 2836 impetrare.

2150 2861 2288 2918 Data
2316 2872 2373 2917 ut
2397 2877 2583 2934 supra.

2849 2948 3059 3005 XLVII.

2261 3063 2330 3103 AD
2369 3059 2717 3103 ADALGARIUII
2752 3055 3047 3099 EPISCOPUII
3087 3052 3641 3098 Λῠςυετουυηδειι.

2288 3144 2300 3153 ’
2765 3136 2944 3211 (Anno
2982 3135 3134 3206 876.)

2168 3255 2361 3314 Villam
2398 3254 2729 3311 Tilionacum
2761 3254 2843 3308 illi
2884 3253 3261 3308 restituendam
3301 3253 3571 3315 decernit,
3609 3259 3775 3304 εαίεο

2230 3344 2418 3399 rasque
2460 3327 2814 3398 possessiones
2859 3323 3353 3396 Augustodunensis
3386 3323 3529 3376 sedis
3566 3322 3780 3391 conﬁr-

2227 3411 2359 3455 mat.

2227 3511 2464 3568 lamnas
2494 3512 2804 3581 episcopus,
2837 3524 3030 3565 servus
3055 3521 3338 3563 servorum
3365 3505 3477 3569 Dei,
3504 3518 3783 3579 reveren-

2128 3606 2370 3662 ‘tissimo
2399 3615 2454 3661 et
2486 3603 2832 3660 sanctissimo
2865 3603 3196 3658 ADALGARIO
3238 3606 3429 3657 sancta:
3471 3597 3781 3669 Augusto-

2159 3698 2419 3758 dunensis
2449 3697 2710 3755 Ecclesia
2738 3698 2996 3769 episeopo
3030 3711 3094 3752 ac
3134 3710 3234 3766 per
3264 3703 3318 3750 te
3344 3694 3395 3749 in
3423 3693 3615 3749 eadem
3646 3691 3783 3749 Ec-

2160 3796 2323 3853 clesia
2356 3796 2410 3850 in
2440 3800 2787 3866 perpetuum.

2232 3886 2435 3942 Divinrc
2476 3881 2858 3956 praeceptionis
2904 3887 3126 3938 monent
3169 3886 3399 3935 cunctos
3440 3875 3661 3948 eloquia
3712 3885 3782 3932 ut

2152 3976 2373 4050 quoties
2394 3991 2483 4032 res
2506 3975 2680 4029 aliena
2704 3981 2892 4029 contra
2917 3972 3144 4027 rationis
3164 3970 3410 4025 ordinem
3434 3984 3463 4023 a
3487 3980 3778 4038 quoquam

2159 4068 2456 4131 detinetur,
2485 4065 2746 4135 aequitate
2772 4062 2970 4119 debeat
2996 4060 3313 4116 imminente
3344 4058 3583 4117 restitui.
3624 4057 3780 4113 Con-

2159 4168 2267 4215 stat
2294 4157 2561 4228 siqnidem
2588 4154 2773 4211 villam
2806 4154 3056 4225 quamam
3084 4151 3424 4208 Til‘ionacum
3460 4150 3779 4221 proprieta-

2160 4251 2230 4306 tis
2251 4248 2377 4319 jure
2408 4250 2579 4304 saneti
2610 4247 2778 4303 fuisse
2812 4246 3086 4317 quondam
3127 4243 3449 4315 Leodegarii
3492 4242 3782 4314 Augusto-

2158 4341 2420 4398 dunensis
2446 4340 2710 4411 episcopi,
2738 4348 2793 4394 et
2820 4339 2889 4395 ab
2918 4354 2985 4395 eo
3016 4348 3208 4394 sancto
3230 4336 3482 4393 collatam
3504 4335 3776 4403 Nautio,

2158 4432 2313 4506 cujus
2337 4432 2603 4489 vocabulo
2633 4432 2748 4503 ipse
2771 4433 3073 4488 honoratur
3092 4432 3459 4501 episcopatus.
3478 4428 3616 4487 Post
3633 4422 3802 4502 vero:

2157 4540 2280 4582 eum
2331 4541 2359 4579 a
2403 4526 2591 4595 pravis
2631 4523 2944 4579 hominibus
2975 4523 3136 4595 longo
3169 4534 3411 4593 tempore
3445 4522 3644 4579 fuisset
3682 4536 3801 4587 ωε

2156 4625 2303 4675 tenta
2333 4626 2388 4671 et
2417 4617 2573 4687 quasi
2606 4616 2660 4670 in
2688 4614 3077 4686 proprietatem
3108 4628 3296 4671 eorum
3337 4613 3593 4678 redacta,
3614 4611 3781 4669 dile-

2149 4894 2240 4967 jus
2292 4895 2548 4951 Ecclesiae
2597 4892 3108 4965 Augustodunensis
3148 4892 3474 4963 pertinuisse
3513 4889 3777 4962 legitimo

2155 4986 2518 5055 cognovisset,
2568 4991 2624 5039 et
2669 4996 2981 5053 possessam
3029 4982 3206 5052 primo
3247 4982 3315 5037 ab
3351 4996 3435 5047 ea,
3473 4990 3528 5035 et
3567 4990 3779 5050 postea

2155 5093 2438 5148 pervasam
2485 5093 2516 5131 a
2556 5076 2818 5132 violentis
2863 5074 3175 5130 hominibus
3201 5073 3403 5143 liquido
3437 5072 3773 5140 didicisset,

2155 5172 2297 5228 hanc
2324 5179 2598 5245 praecepto
2625 5186 2737 5226 sua:
2765 5168 3107 5227 auctoritatis
3142 5168 3242 5239 ipsi
3273 5168 3547 5238 episeopio
3576 5168 3778 5223 reddi-

2154 5263 2233 5319 dit
2258 5274 2311 5320 et
2336 5265 2401 5317 ad
2430 5265 2598 5336 ipsius
2641 5263 2896 5318 Ecclesiae.
2935 5262 3024 5332 jus
3067 5262 3365 5324 revocavit,
3404 5261 3495 5316 cui
3542 5259 3780 5318 scilicet

2155 5356 2296 5411 hanc
2325 5356 2574 5426 superius
2612 5356 2925 5411 nominatus
2969 5362 3191 5410 sanctus
3228 5352 3596 5424 Leodegarius
3621 5351 3776 5411 olim

2157 5450 2484 5505 contulerat.
2520 5449 2585 5502 Et
2612 5449 2753 5514 ideo,
2779 5450 2906 5518 quia
2936 5447 3226 5518 postulavit
3247 5463 3278 5502 a
3301 5448 3458 5503 nobis
3484 5447 3775 5505 sanctitas

2160 5551 2247 5597 tua
2282 5544 2472 5613 utjam
2506 5552 2864 5597 memoratam
2906 5541 3088 5595 villam
3133 5543 3431 5596 secundum
3469 5541 3775 5610 imperiale

2157 5641 2485 5705 praeceptum
2538 5633 2848 5703 apostolica:
2893 5633 3240 5688 auctoritatis
3285 5633 3611 5688 liberalitate
3658 5645 3777 5692 aut

2155 5726 2439 5798 privilegio
2472 5725 2949 5799 Augustodunensi
2978 5724 3234 5781 Ecclesiae
3263 5723 3771 5795 confirmamus,

2156 5817 2398 5875 inclinati
2430 5818 2685 5893 precibus
2712 5817 2850 5886 tuis,
2889 5831 3140 5889 superna!
3178 5816 3399 5890 pietatis
3428 5817 3611 5892 gratia
3634 5816 3778 5879 ιιι.
3818 5820 3827 5827 “
