3958 5398
168 294 278 354 ἰω

1395 295 1754 354 EPISTOLIE
1780 296 1870 352 ET
1909 297 2250 358 DECRETA.

3355 298 3461 357 70%

168 409 471 478 ﬁngente,
516 409 793 480 praedictae
836 410 1120 474 Ecclesiae,
1179 411 1265 466 cui
1322 409 1636 467 fraternitas
1684 414 1779 460 tua
1805 412 1854 473 Α
1883 409 2177 467 valeamus.
2224 409 2276 466 Is
2306 425 2432 467 vero
2468 409 2558 483 qui
2600 408 2774 465 valida
2820 409 3137 468 inﬁrmitate
3179 411 3261 469 vel
3305 426 3459 466 sene-

171 517 423 573 preesse
447 502 809 572 dignoscitur,
837 517 978 572 saepe
1009 512 1360 558 memoratam
1390 502 1594 565 villam,
1633 502 1775 558 sicut

170 596 489 665 antiquitus
531 594 655 661 fuit,
692 595 874 650 denuo
910 596 1326 661 conﬁrmamus,
1376 605 1436 651 ut
1478 598 1580 652 hoc
1628 596 1773 666 quod

170 702 344 742 suum
394 687 604 753 fuerat,
641 698 696 743 et
730 689 1005 744 redditum
1051 706 1195 745 nunc
1240 691 1535 761 possident,
1580 689 1774 746 debeat

170 779 304 833 sine
329 780 675 834 cunctatione
711 782 991 849 perpetuis
1030 781 1362 852 temporibus
1388 781 1663 851 possidere
1688 780 1772 836 vel

171 870 496 935 adhaerere,
535 870 695 938 huius
733 872 1001 941 privilegii
1034 873 1358 927 auctoritate
1390 874 1773 929 continuantes

170 963 513 1017 antedictam
545 963 726 1018 villam
754 965 808 1018 in
837 964 1070 1039 praefato
1098 965 1369 1036 episcopio
1395 967 1775 1025 constituimus

168 1052 328 1122 quod
358 1055 411 1108 in
436 1053 679 1121 ejusdem
715 1055 979 1123 episcopii
1016 1055 1292 1121 Ecclesia,
1338 1058 1405 1113 de
1443 1073 1547 1127 qua
1593 1058 1772 1119 ablata

171 1142 385 1208 fuerat,
414 1159 557 1200 nunc
580 1147 788 1201 reddita
820 1148 880 1201 in
910 1146 1079 1217 ipsius
1107 1148 1346 1203 dominio
1359 1148 1476 1204 sine
1504 1151 1773 1219 ambigui-

171 1240 297 1289 tate
340 1245 680 1304 permaneat.
727 1236 845 1292 Non
891 1240 1065 1295 solum
1112 1244 1290 1297 autem
1340 1243 1532 1300 crebro
1572 1245 1771 1301 dictam

169 1319 401 1391 villam,
448 1329 544 1381 sed
588 1337 645 1382 et
693 1342 888 1385 omnes
937 1346 1059 1401 quas
1107 1330 1346 1400 ejusdem
1391 1335 1644 1391 Ecclesia:
1690 1335 1775 1397 vel

173 1417 344 1471 modo
371 1426 501 1473 sunt
522 1418 606 1473 vel
633 1418 836 1475 futura:
866 1424 1186 1489 consistunt,
1210 1425 1265 1479 in
1288 1428 1477 1481 eodem
1500 1428 1774 1498 episcopio

168 1508 569 1565 confirmamus
610 1512 924 1580 habendas,
970 1524 1270 1573 statuentes
1309 1521 1601 1588 pontificali
1646 1537 1773 1576 cen—

167 1614 325 1662 sura,
352 1601 456 1655 sub
476 1600 862 1659 interdictione
887 1607 1249 1663 anathematis
1272 1610 1543 1679 futurique
1560 1612 1768 1680 jmlicii,

168 1688 306 1743 nulli
347 1689 514 1744 licere
551 1693 666 1746 llaec
694 1696 820 1763 qua:
862 1710 892 1749 a
939 1697 1095 1752 nobis
1124 1706 1233 1752 tam
1279 1714 1443 1769 super
1472 1700 1583 1769 jam
1625 1702 1770 1757 dicta

167 1779 300 1833 villa
333 1796 498 1849 quam
530 1796 694 1851 super
726 1784 978 1841 omnibus
1008 1788 1172 1843 rebus
1198 1790 1268 1843 ab
1292 1792 1480 1845 eadem
1514 1791 1592 1846 vel
1624 1792 1773 1846 babi—

168 1871 246 1926 tis
273 1872 363 1926 vel
396 1873 665 1930 habendis
693 1878 1033 1949 promulgata
1060 1888 1215 1944 sunt,
1259 1881 1435 1950 aliqua
1470 1886 1774 1941 temeritate

165 1964 387 2022 violare
417 1968 498 2022 vel
530 1974 869 2028 conturbare
891 1982 986 2027 aut
1016 1983 1292 2044 repetere;
1339 1977 1427 2030 seti
1460 1979 1637 2047 potius
1663 1987 1774 2033 sta-

166 2055 391 2113 bilitate
418 2065 644 2128 perenni
678 2065 995 2120 inconvulsa
1025 2081 1343 2137 permanere
1372 2072 1425 2128 in
1461 2074 1649 2127 eodem
1682 2073 1772 2142 pio

165 2146 301 2204 loco
325 2152 687 2207 decernimus.
734 2156 886 2222 Quod
938 2159 982 2216 si
1027 2163 1150 2232 quis
1189 2174 1390 2228 autem,
1434 2180 1660 2234 magnus
1686 2165 1772 2221 vel

165 2253 400 2307 Ρθτνυδ,
430 2244 694 2305 adversus
719 2249 820 2306 hoc
845 2254 1184 2323 pritilcgium
1210 2256 1532 2309 auctoritate
1555 2266 1773 2326 aposto-

165 2334 297 2396 licet
317 2340 466 2399 sedis
488 2346 754 2400 munitum
780 2363 943 2418 agere
965 2350 1277 2413 tentaverit,
1302 2349 1438 2403 sciat
1461 2364 1519 2404 se
1546 2350 1769 2419 perenni

157 2431 381 2500 judicio
407 2436 878 2492 condemnandum
915 2450 969 2493 et
1007 2440 1113 2510 igni
1146 2440 1235 2511 qui
1268 2455 1373 2494 non
1404 2442 1770 2512 exstinguitur

160 2528 625 2598 mancipandum.
658 2529 760 2596 Qui
791 2546 921 2586 vero
952 2543 1133 2589 custos
1170 2542 1222 2589 et
1262 2543 1615 2590 conservator
1649 2535 1769 2605 ejus

164 2620 470 2684 exstiterit,
516 2623 737 2677 arternis
782 2625 994 2694 gaudiis
1037 2625 1378 2694 perfruatur,
1427 2636 1483 2681 et
1531 2627 1767 2697 praemiis

163 2721 301 2763 cum
347 2712 552 2782 angelis
598 2712 652 2766 in
698 2714 1010 2770 ccclestibus
1050 2716 1310 2785 potiatur.
1359 2717 1628 2786 Scriptum
1669 2732 1767 2788 per

160 2814 371 2858 manus
394 2796 648 2874 'Gregorii
679 2805 874 2862 notarii
908 2808 1196 2878 regionarii
1240 2817 1296 2863 et
1335 2810 1607 2865 scriniarii
1641 2825 1766 2866 sane

155 2901 274 2948 etas
293 2893 551 2951 Romanae
566 2896 819 2953 Ecclesia:
832 2898 885 2953 in
902 2914 1085 2956 mense
1100 2898 1442 2967 Novembris,
1469 2902 1763 2959 indictione

158 2986 409 3043 decima.
436 2987 583 3045 Bene
609 2989 810 3046 valete.

850 3102 1077 3158 XLVIII.

513 3206 583 3253 AD
620 3206 798 3249 URSO!
835 3209 1011 3249 Μίδεω
1048 3209 1415 3251 VENETIARUI.

789 3284 967 3357 (Anno
996 3284 1146 3357 876.)

151 3366 390 3426 Gratias
428 3373 542 3460 agit.
567 3375 707 3445 quod
746 3376 1046 3460 appslolicre
1082 3377 1467 3460 sedis_mopi_tis
1503 3381 1758 3450 paruerit.

440 3431 724 3516 Episcopo:
753 3431 821 3501 αἰί
849 3448 1104 3518 synodum
1132 3431 1304 3502 venire
1322 3431 1490 3519 jubet.

240 3531 479 3592 Ιοηηε
512 3537 746 3609 glorioso
775 3540 896 3595 duci
928 3541 1297 3596 Venetiarum.

241 3624 466 3684 Gratias
497 3629 681 3701 gloriae
712 3640 815 3686 tua:
854 3647 953 3700 pro
982 3633 1212 3702 benigna
1239 3633 1525 3689 devotione
1555 3641 1644 3688 tua
1675 3646 1762 3689 re-

126 3718 423 3781 ferimus,
458 3735 621 3790 quam
666 3735 773 3777 non
820 3722 991 3777 solum
1028 3723 1234 3789 verbis,
1275 3725 1368 3778 sed
1411 3733 1468 3779 et
1505 3724 1762 3795 cperihus

136 3822 302 3881 ergo
333 3820 431 3866 nos
475 3812 716 3868 studiose
742 3814 1007 3879 declaras,
1035 3824 1089 3870 et
1132 3813 1443 3885 frequenter
1470 3816 1709 3873 ostendis
1740 3833 1755 3871 :

158 3912 225 3959 et
256 3901 377 3956 ideo
405 3916 504 3959 nos
532 3910 759 3973 paterno
787 3905 929 3960 eirea
954 3914 1009 3960 te
1033 3904 1342 3960 detinemur
1362 3905 1589 3971 aﬂectu;
1618 3915 1674 3962 et
1703 3907 1759 3964 in

66 4032 71 4035 -
160 3993 260 4050 bis
285 4006 406 4062 qute
431 3995 501 4049 ad
529 4002 675 4049 tuam
721 4005 1041 4066 tuorumque
1083 3997 1358 4064 pertinere
1397 4013 1466 4052 ac
1502 3998 1759 4068 prodesse

162 4080 458 4141 utilitatem
486 4088 885 4159 cognoscimus,
910 4090 1144 4159 prompti
1187 4097 1245 4144 et
1285 4089 1501 4161 benigni
1544 4104 1758 4160 semper

138 4186 292 4231 esse
320 4178 651 4245 curabimus,
696 4180 770 4235 ita
810 4188 870 4235 ut
911 4180 1112 4235 divinis
1155 4180 1438 4251 praeceptis
1477 4183 1755 4252 sacrisque

162 4270 469 4327 canonibus
504 4272 765 4343 impedire
808 4273 1161 4329 intentionem
1190 4283 1249 4329 et
1285 4275 1619 4330 sanctionem
1653 4290 1753 4332 no-

164 4370 338 4414 stram
368 4376 643 4432 antiquam
682 4366 1022 4430 consentias;
1072 4365 1165 4419 sed
1190 4380 1313 4421 cum
1357 4365 1448 4420 tibi
1480 4365 1548 4419 de
1595 4366 1754 4422 rebus

134 3444 143 3469 I

1876 509 2022 555 ctute
2049 508 2324 571 gravatur,
2352 501 2398 555 si
2427 500 2533 555 ullo
2560 500 2718 555 modo
2741 500 2925 556 venire
2950 517 3058 557 non
3086 510 3284 573 petest,
3316 501 3460 555 vica-

1878 594 2012 646 rimn
2050 608 2146 662 pro
2174 608 2234 647 se
2262 602 2538 649 strenuum
2568 594 2768 649 mittat.
2800 594 2890 649 Ille
2913 608 3040 649 vero
3070 595 3159 664 qni
3195 594 3462 650 Consum-

1877 684 2152 752 tinopolim
2196 684 2277 739 ire
2319 683 2572 751 refertur,
2599 686 2643 741 si
2688 685 2923 740 nondum
2967 687 3119 750 abiit,
3165 700 3267 740 nec
3309 685 3462 740 abire

1874 774 1953 829 cis
1984 775 2335 831 Februarium
2364 792 2600 831 mensem
2636 787 2905 846 speratur,
2936 779 3004 832 ab
3042 779 3144 832 bac
3185 777 3463 833 communi

1876 866 2105 922 utilitate
2146 867 2293 921 nullo
2335 869 2495 929 modo
2523 884 2580 924 se
2612 868 2924 933 subtrahat;
2970 870 3067 924 sed
3108 869 3330 924 veniens
3371 882 3463 921 vc-

1874 955 2009 1019 niat,
2043 965 2099 1011 ut
2127 958 2273 1012 onmi
2306 958 2474 1028 litigio
2508 958 2820 1023 terminato,
2874 959 2925 1015 in
2960 958 3203 1014 Ecclesia
3233 958 3327 1013 Dei
3355 972 3463 1015 non

1876 1044 1977 1101 nisi
2022 1062 2125 1116 pax
2169 1056 2223 1103 et
2276 1047 2636 1117 tranquillitas
2684 1058 3012 1118 perseveret.
3060 1048 3323 1119 Optamus
3351 1047 3464 1120 glo‘

1878 1136 2011 1190 riam
2057 1147 2203 1191 tuam
2248 1152 2459 1207 semper
2490 1138 2626 1203 bene
2653 1139 2850 1211 valere.
2896 1140 3028 1205 Data
3059 1156 3154 1196 vni
3195 1132 3463 1209 Kalendas

1877 1227 2209 1295 Decembris,
2244 1228 2536 1283 indictione
2563 1231 2787 1285 decima.

2574 1360 2760 1416 XLIX.

2153 1469 2222 1508 AD
2261 1469 2485 1509 FELICEI!
2525 1472 2593 1511 ET
2631 1471 2844 1510 PETBUI
2881 1472 3180 1513 EPISCOPOS.

2497 1547 2678 1617 (Anno
2704 1548 2855 1619 876.)

1874 1652 2045 1735 Felici
2095 1667 2143 1735 et
2190 1654 2561 1735 Retro_sac_ris
2611 1660 2884 1735 interdicit
2919 1660 2980 1714 ob
3024 1678 3126 1717 non
3177 1660 3461 1735 exhibitura

1948 1727 2242 1803 (ἐναπόθηρὶ
2266 1730 3012 1803 ατεὴξερὶδεορρνοὺερίμιὶιιηι;
3042 1744 3228 1803 eosque
3251 1732 3344 1786 sub
3366 1727 3457 1785 ca:-

1944 1799 2433 1853 communicationis
2444 1799 2601 1869 mna
2629 1799 2849 1854 Romani
2873 1803 2941 1855 ad
2964 1799 3241 1856 concilium
3268 1802 3459 1867 venire,

1943 1877 1989 1921 et
2019 1871 2063 1921 si
2092 1870 2324 1938 impediti
2349 1871 2565 1939 fuerint,
2596 1872 2817 1925 vicario:
2842 1874 3045 1926 mittere
3061 1872 3229 1941 jubet.

1943 1980 2212 2048 Joannes,
2260 1982 2444 2039 Faue:
2492 1962 2567 2041 et.
2592 1984 2776 2042 Pereo
2820 1986 3087 2058 episcopis
3135 1985 3463 2043 Mandanau-

1872 2074 2020 2127 censi
2050 2081 2105 2127 et
2138 2074 2433 2143 Equilensi.

1942 2160 2112 2227 Quam
2154 2164 2349 2234 ingrati
2387 2171 2444 2220 et
2477 2164 2753 2221 inhumani
2792 2165 3004 2223 fueritis
3038 2181 3165 2239 erga
3206 2181 3461 2223 reveren-

1871 2254 1998 2310 dum
2042 2256 2265 2313 fratrem
2311 2266 2557 2312 nostrum
2606 2256 2822 2313 Petrum
2867 2259 3122 2315 Ecclesiae.
3166 2259 3460 2319 Gradeusit

1871 2349 2192 2415 antistitem,
2223 2350 2276 2404 in
2304 2350 2405 2405 hoc
2430 2350 2664 2405 maxime
2694 2350 2852 2404 datur
2879 2350 3125 2419 intelligi,
3154 2351 3206 2405 in
3234 2367 3343 2421 quo
3370 2349 3461 2412 ille

1869 2454 1969 2509 pro
2016 2439 2224 2510 legibus
2273 2441 2515 2510 paternis
2560 2440 2848 2497 incolatum
2897 2428 3196 2510 arripiens.
3252 2440 3457 2501 nullum

1868 2541 2110 2587 vestrum
2153 2533 2406 2588 comitem
2451 2548 2561 2589 suae
2601 2532 3052 2602 peregrinationis
3091 2533 3291 2588 habere
3333 2548 3459 2604 pro—

1868 2624 2096 2688 meruit;
2145 2624 2443 2693 praesertim
2484 2639 2606 2680 cum
2652 2625 2718 2678 ad
2765 2623 2949 2678 limina
2992 2625 3063 2679 sit
3094 2625 3456 2694 apostolorum

1866 2716 2159 2786 profectus,
2212 2717 2503 2784 sedemque
2548 2716 2763 2779 adierit,
2810 2715 2897 2769 ubi
2932 2730 3148 2786 semper
3177 2716 3456 2779 catholicis

1865 2806 2200 2870 subvenitur,
2226 2814 2280 2861 et
2308 2804 2394 2859 ubi
2421 2804 2634 2875 plurimi
2663 2812 2976 2861 sanctorum
3006 2803 3258 2875 iniuriam
3285 2806 3454 2875 passi,

1863 2907 2107 2966 petram,
2141 2914 2171 2951 a
2196 2914 2303 2966 qua,
2336 2896 2533 2953 Petrus
2560 2911 2754 2952 nomen
2787 2897 3014 2953 sortitus
3037 2907 3153 2962 est,
3188 2896 3455 2968 refugium

1866 2987 2206 3042 invenerunt.
2235 2988 2491 3042 Additum
2520 2997 2700 3043 autem
2727 2996 2810 3043 est
2835 2989 2961 3045 huic
2988 2990 3102 3054 rei,
3129 2989 3306 3059 quoad
3334 3003 3452 3044 ma-

1780 3121 1829 3187 Ω
1855 3076 1995 3149 joris
2023 3078 2379 3132 contumaciae
2410 3085 2603 3132 vestrae
2641 3078 2913 3133 cumulum
2942 3079 3449 3147 demonstrandum,

1867 3168 1991 3237 quia
2024 3169 2229 3223 scilicet
2268 3184 2370 3222 non
2415 3168 2587 3224 solum
2622 3185 2744 3224 cum
2789 3170 2880 3224 illo
2910 3179 3118 3227 stantes
3159 3174 3453 3233 secundum

1866 3260 2211 3329 prophetam,
2246 3259 2462 3313 Minime
2490 3276 2555 3314 ea:
2594 3260 2809 3315 adverso
2849 3262 3181 3329 ascendistis,
3212 3274 3262 3316 et
3298 3281 3455 3335 oppo-

1864 3351 2043 3405 suistis
2082 3367 2290 3404 murum
2335 3367 2429 3421 pro
2471 3351 2627 3406 domo
2665 3351 2880 3406 Domini
2923 3351 3137 3423 (Ezech.
3169 3355 3312 3425 XIII),
3358 3355 3454 3413 sed

1862 3444 2019 3514 quasi
2048 3443 2295 3509 rebelles,
2344 3452 2502 3513 rupto
2537 3445 2912 3501 unanimitatis
2937 3444 3141 3502 foedere
3181 3448 3454 3507 transistis

1863 3536 1928 3589 ad
1956 3535 2173 3601 hostes;
2207 3542 2261 3588 et
2289 3550 2413 3590 cum
2458 3550 2563 3589 non
2596 3535 2716 3590 sitis
2742 3551 2864 3590 cum
2896 3535 3005 3601 illo,
3038 3535 3167 3593 facti
3208 3536 3452 3608 profecto

1862 3626 1995 3683 estis
2025 3625 2284 3682 adversus
2309 3626 2481 3691 illum,
2507 3627 2647 3682 sicut
2678 3625 2936 3685 Dominus
2959 3628 3035 3683 ait
3062 3643 3076 3681 :
3112 3627 3217 3695 Qui
3243 3646 3346 3687 non
3374 3639 3452 3687 ut

1861 3731 2085 3782 mecum,
2111 3726 2295 3773 contra
2327 3732 2408 3769 me
2432 3726 2507 3771 est
2537 3715 2752 3787 (Matth.
2783 3717 2883 3787 xu)
2917 3735 2929 3770 :
2963 3717 3019 3772 in
3042 3732 3150 3787 quo
3177 3727 3233 3773 et
3275 3719 3451 3789 ipsam

1861 3805 2153 3862 bestiarum
2178 3805 2588 3863 transcendistis
2611 3807 2895 3875 sazvitiam,
2920 3808 3333 3879 parricidalibus
3354 3810 3452 3869 adg-

1861 3914 2050 3955 versus
2089 3916 2211 3955 eum
2257 3909 2468 3956 utentes
2499 3899 2771 3967 consiliis;
2818 3918 2918 3973 pro
2964 3902 3157 3974 quibus
3198 3905 3451 3965 omnibus

1860 3990 2190 4060 apostolatus
2219 3990 2389 4047 nostri
2418 4006 2514 4047 vos
2546 3991 2774 4047 Romam
2807 4006 3119 4059 occurrere,
3154 4000 3208 4048 et
3234 4008 3335 4064 pro
3364 3995 3451 4061 bis

1856 4092 1910 4139 et
1949 4084 2069 4141 aliis
2109 4100 2228 4155 quae
2270 4084 2592 4156 corrigenda
2633 4085 2909 4151 duximus,
2955 4084 3309 4153 satisfacere,‘
3339 4102 3449 4153 non

1857 4177 2024 4235 semel
2055 4178 2299 4248 apicibus
2340 4178 2794 4245 commonuimus,
2837 4179 2931 4237 sed
2961 4179 3147 4234 venire
3185 4180 3447 4237 hactenus

1858 4274 2031 4328 modis
2056 4273 2307 4329 omnibus
2328 4270 2748 4342 eontempsistis.
2780 4271 3122 4342 Quapropter
3144 4285 3241 4326 vos
3267 4286 3297 4327 a
3322 4285 3449 4331 san.-

1856 4364 1957 4419 ctis
1986 4363 2259 4435 mysteriis
2285 4363 2501 4419 interim
2533 4362 2874 4419 celebrandis
2899 4362 3221 4419 anetoritate
3249 4360 3446 4425 summi

164 4449 552 4508 ecdesiasticis
596 4454 889 4525 quidquam
942 4453 1291 4523 iniungimus,
1344 4455 1484 4509 sicut
1530 4456 1753 4512 devotus
1780 4479 1832 4539 ι)
1857 4454 2089 4524 pastoris
2110 4468 2379 4519 arcemus,
2399 4452 2651 4523 iubentes
2671 4464 2728 4510 ut
2748 4455 2929 4511 Idibus
2949 4453 3259 4517 Februariis
3289 4454 3445 4517 istius
3498 4460 3516 4481 '

169 4538 323 4595 ﬁlius
337 4555 443 4597 nos
466 4543 749 4610 obaudias,
776 4555 831 4598 et
861 4544 1154 4614 adimplere
1181 4559 1303 4613 quae
1330 4544 1616 4615 dirigimus
1639 4544 1753 4601 ala»
1857 4544 2188 4609 indictiouis,
2222 4545 2264 4599 si
2302 4546 2523 4611 adestis,
2554 4544 2637 4599 rei
2680 4544 2725 4598 si
2754 4546 2901 4599 dura:
2944 4542 3277 4599 inﬁrmitatis
3310 4559 3445 4615 pon-

142 4630 251 4686 ‘cﬁ
297 4642 509 4702 semper
550 4633 737 4689 animo
773 4633 1027 4697 studeas,
1075 4633 1328 4702 quoniam
1378 4650 1475 4689 nos
1514 4642 1665 4690 tanto
1697 4634 1752 4691 in

128 4722 350 4777 -'causis
374 4723 501 4787 tuis,
528 4731 584 4779 et
610 4723 705 4779 ubi
735 4723 833 4779 tibi
859 4722 1232 4793 opportunitas
1273 4720 1521 4779 fortassis
1557 4736 1753 4782 evene-

171 4812 264 4876 rit,
295 4815 652 4884 promptiores
679 4824 856 4869 tecum
899 4827 998 4867 nos
1024 4828 1145 4869 esse
1187 4828 1253 4868 ac
1295 4813 1646 4885 benigniores
1672 4814 1752 4871 in-

172 4903 374 4970 venies,
401 4914 608 4976 quanto
633 4912 687 4961 te
722 4920 827 4961 nos
867 4904 1009 4961 nolle
1043 4918 1075 4960 a
1115 4905 1385 4962 mandatis
1424 4906 1525 4963 Dei
1571 4905 1751 4977 aliquo

148 4995 333 5052 modo
371 5008 625 5055 avertere
671 4996 1012 5053 manifestius
1059 4996 1371 5057 viderimus.
1416 4996 1562 5053 Nam
1616 4997 1748 5064 tibi,

569 5096 819 5112 ..ι-.-.ιαμ
1165 5095 1347 5112 ..λιι-ο.
1404 5088 1449 5112 θ.
1463 5086 1750 5112 ...ζιελ-ξι-..

1855 4636 1980 4690 dere
2030 4649 2135 4689 non
2189 4635 2519 4704 gravantini,
2571 4636 2775 4707 synodo
2823 4644 3021 4691 nostrae
3068 4633 3256 4689 Ronue
3302 4634 3441 4690 cele-

1852 4725 2070 4781 brandzc
2099 4724 2361 4779 interesse
2385 4723 2819 4780 inexcusabiliter
2843 4724 3155 4787 maturetis;
3177 4726 3443 4792 quatenus

1853 4826 1907 4873 et
1943 4818 2009 4874 ab
2041 4816 2265 4889 objectis
2302 4817 2603 4890 purgemini
2627 4858 2640 4883 ,
2681 4827 2736 4874 et
2777 4835 2807 4874 a
2843 4820 3048 4890 capite,
3084 4825 3193 4885 tam
3234 4814 3446 4870 scilicet

1853 4909 2153 4981 apostolica
2185 4909 2310 4966 sede
2341 4928 2502 4984 quam
2532 4910 2947 4981 metropolitano
2976 4916 3164 4964 vestro
3205 4906 3259 4959 in
3296 4902 3445 4959 nullo

1853 5002 2167 5060 dirirlamini
2202 5013 2219 5056 ι
2254 5001 2356 5069 Ne,
2389 5001 2533 5076 quod
2564 5003 2727 5069 absit,
2755 4996 3240 5062 circumveuiamiai
3268 5013 3304 5050 a
3336 4995 3447 5051 Sn-

2027 5093 2110 5112 _,-!
2136 5092 2294 5112 _-SJ-I'
2373 5108 2381 5112 .
2498 5108 2558 5112 ηρ.
2579 5109 2626 5112 -._
2668 5093 2725 5112 l',
2867 5099 2879 5111 ι
2967 5108 2983 5112 -
3013 5084 3205 5112 ...ιι-ΑΛ.
3230 5101 3246 5112 ι
3272 5097 3417 5112 mana
