4002 6296
227 529 258 563 Τί
298 534 316 548 ⁷·
393 531 400 542 ⁸
429 535 512 595 Ἀυ
543 529 834 596 ῡοξηχιρυδι
874 555 944 595 ΕΤ
997 553 1204 594 ιεθΝῖξΜ
1236 554 1540 594 EPISCOPOS.

213 619 324 656 σίίίπί
411 619 415 642 '
532 631 534 636 ·
691 623 694 628 ‘
813 629 991 702 (Anno
1043 629 1192 703 876.)

189 714 477 820 Signiﬁcat,
507 743 762 820 quosdam
794 741 884 814 qui
930 741 1154 795 Romam
1202 741 1270 795 ad
1301 739 1580 820 (otacilium
1615 739 1798 820 .vocati

219 807 852 886 "uenire'n'églexerant,
901 829 980 886 se“
1017 811 1519 886 excommunicasse,
1572 811 1674 864 nisi
1726 810 1796 863 ad

261 895 464 941 certant
513 883 870 954 ‘prrestitutam
928 883 1061 935 diem
1120 884 1387 946 venerint;
1444 888 1689 934 hortatur
1739 890 1796 934 ut

235 958 506 1029 quandiu
523 954 942 1025 illi'dbfuerint,
977 969 1158 1008 eorum
1205 954 1372 1024 ofﬁcia
1417 962 1790 1023 exsequantur.

261 1071 503 1130 Joannes
531 1071 815 1150 episcopus
857 1071 1120 1126 DUIIINICO
1161 1067 1482 1135 Olivolensi,
1515 1075 1570 1124 et
1620 1065 1791 1123 Leoxt

186 1162 476 1234 Caprensi,
507 1163 796 1233 episcopis.

237 1255 629 1312 'Sancti‘tatem
685 1262 923 1310 vestram
953 1249 1225 1308 nolumus
1279 1252 1531 1323 ignorare
1579 1250 1794 1306 misisse

186 1359 292 1406 nes
322 1349 484 1406 Felici
510 1358 564 1403 et
590 1348 751 1404 Petro
776 1347 1064 1418 episcopis,
1089 1355 1146 1404 et
1178 1337 1491 1412 Dominico,
1517 1347 1607 1416 qui
1632 1361 1792 1401 voca-

189 1451 281 1497 tur
311 1442 519 1496 electus
573 1440 933 1496 TOrcellcusis
984 1440 1262 1507 Ecclesiae,
1291 1456 1384 1496 seu
1412 1439 1594 1495 abbati
1646 1439 1789 1494 Alti-

186 1535 377 1591 nenSis
423 1531 760 1598 monasterii,
797 1541 960 1602 atque
995 1533 1382 1588 archidiacono
1425 1531 1790 1588 Torcellensis

184 1625 446 1684 Ecclesia!
470 1669 484 1693 ,
531 1642 631 1682 nec
680 1641 794 1700 non.
831 1633 885 1681 et
927 1625 1395 1697 archipresbytero
1437 1635 1492 1681 et
1527 1625 1789 1681 archidia-

182 1729 344 1781 ωηο,
397 1729 560 1788 atque
609 1715 768 1784 hujus
813 1717 1090 1786 aequivoco
1135 1731 1201 1772 ac
1246 1717 1431 1787 nepoti
1490 1717 1786 1772 Laurentio

1405 311 1764 371 EPISTOLIE
1803 311 1893 370 ET
1926 313 2267 374 DECRETA.

3307 301 3322 308 _.
3369 320 3518 401 mg

1821 433 1868 491 Α
1905 430 2038 483 tanti
2067 432 2192 486 mali
2218 432 2530 490 auctoribus
2555 442 2683 509 sunt
2718 437 2948 495 nexibus
2979 440 3198 509 irretiti,
3245 460 3352 502 non
3403 441 3514 512 sn;

1903 517 2015 573 lum
2057 520 2125 575 ab
2158 537 2346 577 eorum
2373 539 2468 580 vos
2495 528 2875 583 communione
2920 545 3144 604 prorsus
3169 547 3376 604 arcete,
3397 541 3492 603 sed

1902 619 1956 664 et
2001 611 2068 666 ab
2101 614 2355 670 omnibus
2384 616 2476 686 qui
2521 617 2612 694 eis
2627 619 3312 696 commun‘icaverinusunt
3341 629 3488 688 enim

1901 703 2016 772 pari
2060 719 2250 760 omnes
2274 707 2602 780 obligatione
2633 713 2971 792 constricti).
3001 713 3264 786 Optamus
3287 722 3493 784 sancti-

1903 807 2089 868 tatem,
2140 812 2246 858 etc.
2299 803 2436 860 Data
2503 806 2732 878 Kalend.
2761 869 2764 872 ,
2795 811 3151 886 Πῷοβωὺιοίε,
3182 817 3495 879 indictione

1900 891 2130 948 decima.
2698 967 2702 975 ί
2867 959 2871 967 ἦ
2944 957 2946 960 ν

1925 1013 1928 1016 ’
2619 993 2772 1064 ωλι,
2820 1051 2847 1064 ,,
2917 1051 2920 1056 _
2981 1055 2983 1058 ,

2362 1099 2428 1139 AD
2456 1099 2672 1144 DELTUI
2702 1103 3019 1156 ειηεεορωιρ

2509 1177 2686 1249 (Anno
2720 1178 2874 1252 876.)
3245 1225 3248 1228 .
3454 1233 3456 1236 ,

1899 1258 1965 1316 Ut
1995 1262 2104 1344 vice
2142 1264 2441 1347 apostolica:
2481 1269 2621 1351 sedis
2641 1267 2888 1394 {angens
2923 1272 3168 1333 Venetiae
3202 1292 3406 1353 pergat,
3434 1295 3507 1340 et.

1966 1349 2231 1394 episcopos
2253 1353 2366 1394 eius
2396 1354 2620 1394 reatoms
2694 1356 2868 1394 omam
2895 1345 2966 1394 ad
3005 1349 3285 1394 concilium
3349 1355 3485 1394 ιεριη

1966 1349 2231 1414 ςρτεεορυε
2253 1345 2366 1418 ejus
2396 1345 2620 1480 reficitis
2641 1345 2868 1399 Romam
2895 1345 2966 1400 ad
3005 1345 3316 1420 concilium:
3347 1345 3485 1423 sicut

1966 1416 2212 1474 Jusserat,
2240 1424 2414 1462 ventre
2463 1421 2624 1466 aetat.

1958 1416 2212 1474 Jusserat,
2240 1416 2414 1462 venire
2438 1416 2624 1474 faciat.

1961 1515 2195 1574 Joannes
2216 1523 2655 1580 reverentissimo
2675 1524 2862 1584 Det/ro
2884 1530 3158 1604 episcopo.

1964 1607 2092 1664 Tuae
2122 1611 2430 1669 dilectionis
2473 1613 2775 1672 sinceritati
2812 1621 3105 1690 pastoralis
3137 1622 3296 1692 cilicii
3325 1609 3483 1692 nobis

1891 1704 2255 1764 sollicitudine
2298 1709 2522 1780 junctae,
2578 1727 2743 1782 quam
2797 1714 2854 1770 in
2907 1719 3478 1781 consortiumnostri

183 1804 420 1868 diacOno
466 1809 761 1864 Gradensis
787 1809 1065 1872 Ecclesiae,
1092 1810 1214 1878 quia
1258 1810 1418 1864 toties
1445 1824 1473 1862 a
1504 1809 1660 1864 nobis
1686 1825 1774 1865 vo-

1881 1795 2094 1886 laboris
2113 1800 2387 1858 asciscere
2412 1803 2772 1872 decrevimus,
2788 1809 3061 1880 cognitum
3084 1811 3480 1886 facimus,,q,uia

191 1901 301 1956 cati
330 1899 400 1955 ad
425 1899 714 1956 'concilium
765 1897 950 1954 Romae
977 1913 1269 1954 occurrere
1315 1907 1772 1971 contempserunt,

180 1989 424 2048 futuram
447 1989 1026 2047 exc’ommunicationis
1060 1990 1417 2054 sententiam,
1444 1998 1500 2045 et
1530 2006 1654 2045 eum
1683 1989 1777 2060 qui

179 2098 250 2141 ex
275 2083 736 2139 liistunc'saltem
761 2082 946 2137 venire
969 2081 1261 2147 distulerit,
1295 2083 1479 2136 tandiu
1506 2092 1625 2152 post
1654 2083 1778 2138 ldus

191 2177 528 2236 Februarias
557 2177 703 2231 onmi
737 2175 1106 2231 ecclesiastica
1155 2174 1644 2230 communicatione
1668 2175 1780 2246 pri-

179 2269 363 2335 vasse,
393 2263 632 2339 quandiu
655 2267 709 2321 in
740 2266 1106 2322 obstinatione
1151 2266 1366 2336 prOpI-ia
1395 2280 1776 2336 perseverans,

177 2357 717 2431 apostolicam‘adire
765 2357 946 2412 sedem
996 2355 1402 2426 contcn'ipserit.
1455 2355 1606 2412 Alios
1634 2355 1780 2412 enim

185 2453 384 2508 horum
436 2459 626 2506 nostro
675 2449 906 2504 concilio
957 2463 1057 2518 pro
1100 2448 1480 2504 communibus
1520 2448 1781 2505 Ecclesiae

178 2542 507 2599 utilitatibus
529 2541 778 2596 volumus
805 2541 1086 2596 interesse.
1117 2540 1392 2608 Quosdam
1421 2550 1626 2608 autem,
1647 2542 1777 2614 quia

177 2639 347 2706 super
372 2635 696 2704 quibusdam
723 2632 1191 2704 reprehenduntur
1218 2633 1554 2700 excessibus,
1585 2635 1653 2690 de
1691 2634 1778 2690 his

177 2725 562 2783 satisfacw'ros
609 2725 952 2794 requirimus.
1016 2723 1191 2790 Unde,
1220 2723 1418 2780 fratres
1448 2724 1794 2791 charissimi,.

177 2833 276 2876 vos
329 2819 384 2873 in
431 2817 649 2889 specula
678 2829 799 2872 esse
837 2815 1209 2886 praecipimus,
1239 2825 1296 2872 et
1329 2817 1374 2872 si
1400 2817 1618 2888 quidem
1647 2832 1782 2889 prae-

176 2915 334 2971 dicti'
362 2897 854 2985 episcopi,‘dextra
896 2911 1108 2968 Excelsi
1154 2913 1317 2969 corda
1349 2928 1538 2969 eorum
1586 2913 1780 2968 immu-

177 3008 355 3075 tante,
379 2992 764 3064 ad'coacilium
806 3017 1050 3064 nostrum
1078 3008 1226 3065 circa
1254 3007 1381 3065 ldus
1415 3009 1778 3075 occurrerint,

174 3102 579 3172 utpraédictum
610 3107 713 3166 est,
754 3099 1115 3168 Februarias,
1149 3115 1245 3157 vos
1273 3114 1374 3170 per
1401 3100 1574 3172 ipsam
1602 3097 1776 3170 regio-

176 3203 306 3250 nem
339 3193 557 3257 morati,
594 3208 714 3264 quae
736 3201 863 3248 sunt
905 3207 1048 3248 verae
1093 3191 1372 3265 religionis
1403 3192 1668 3264 peragite,
1705 3205 1775 3248 ne

178 3284 304 3355 quis
339 3283 458 3339 sine
499 3281 757 3353 perfectis
800 3282 1230 3352 Christianitatis
1278 3269 1636 3342 Sacramentis
1678 3284 1773 3339 ab-

174 3373 388 3438 scedat,
422 3390 596 3446 neque
621 3376 892 3444 pmnitens
921 3375 1101 3431 minus
1126 3374 1510 3432 reconciliatus
1530 3375 1768 3443 deﬁciat;

179 3483 236 3530 et
286 3483 481 3528 cetera
540 3471 650 3527 illic
716 3471 936 3527 interim
978 3471 1198 3527 deﬁnite
1244 3486 1366 3542 qua:
1412 3470 1480 3527 ad
1538 3470 1773 3543 speciale

175 3568 452 3640 pertinent
478 3561 856 3638 episcoporum
886 3562 1143 3621 cilicium.
1178 3563 1251 3620 At
1279 3580 1411 3622 vero
1439 3565 1486 3621 si
1514 3573 1668 3636 pater
1688 3565 1772 3620 in-

174 3657 504 3714 obedientiae
532 3657 611 3712 Sic
656 3665 868 3712 mentes
903 3671 1092 3713 eorum
1126 3656 1422 3722 obsederit,
1460 3665 1521 3711 ut
1547 3655 1803 3731 obedire.

173 3751 400 3806 omnino
423 3751 747 3821 despiciant,
798 3759 971 3806 restat
1013 3757 1073 3805 ut
1117 3766 1185 3806 eo
1216 3751 1308 3821 qui
1345 3750 1770 3806 obaudieritbe-

173 3842 396 3914 uignius
439 3839 695 3909 tractato,
738 3841 831 3913 qui
898 3851 1199 3914 praenotato
1276 3849 1522 3914 tempore
1567 3859 1635 3899 ex
1685 3843 1772 3900 bis

170 3927 432 3991 omnibus
470 3931 725 4001 abfuerit,
750 3944 872 4006 post
900 3933 1520 3991 excommunicationem
1555 3936 1770 3992 noverit

172 4039 236 4082 se
259 4019 621 4082 anathematis
652 4025 828 4098 gladio
871 4026 1218 4097 puniendum.
1245 4025 1362 4094 Qua
1385 4026 1452 4082 de
1482 4041 1542 4080 re
1570 4026 1767 4096 praavi-

172 4115 355 4172 dimus
379 4115 497 4171 haec
521 4117 702 4172 omnia
732 4125 856 4173 nota
911 4117 1089 4173 facere
1131 4117 1306 4184 vobis,
1343 4125 1404 4172 ut
1437 4131 1500 4172 ea
1531 4117 1768 4174 scientes

172 4206 244 4261 ad
271 4206 517 4262 omnium
545 4207 794 4263 notitiam
826 4207 1139 4279 perferatis,
1171 4216 1228 4264 et
1263 4209 1369 4265 huc
1407 4207 1476 4264 ad
1501 4208 1648 4280 quod
1668 4209 1764 4266 de-

169 4299 447 4355 crevimus
478 4299 1138 4382 exhortarhmagnopere
1185 4299 1469 4357 studeatis.
1515 4299 1672 4368 Quod
1719 4299 1766 4356 si

172 4407 271 4450 vos
294 4409 406 4450 non
433 4393 738 4459 audierint,
787 4409 891 4450 non
933 4393 1111 4459 enim,
1154 4401 1216 4449 ut
1263 4394 1358 4450 Dei
1398 4394 1467 4450 ad
1511 4392 1767 4450 Ezechiel

169 4500 307 4543 voce
336 4486 599 4552 dicamus,
637 4485 817 4541 volunt
851 4485 1038 4541 audire
1077 4503 1185 4554 vos,
1211 4487 1339 4558 quia
1367 4484 1554 4540 nolunt
1579 4485 1764 4541 audire

165 4595 263 4634 nos
301 4575 523 4648 (Eucti.
558 4575 662 4648 Ill),
696 4575 891 4634 habete
947 4577 1090 4644 illos,
1137 4585 1192 4634 et
1238 4577 1515 4633 habendos
1560 4577 1763 4648 ubique

165 4665 350 4725 modis
379 4658 631 4723 omnibus
680 4653 989 4740 pr’tedicate,
1033 4667 1172 4724 sicut
1220 4667 1481 4722 Dominus
1507 4665 1762 4737 praacepit

164 4759 360 4818 haberi
375 4773 499 4814 eum
515 4760 606 4830 qui
630 4757 929 4816 Ecclesiam
953 4776 1060 4816 non
1085 4757 1550 4831 audieritWatth.
1573 4761 1754 4827 xvm);

165 4851 510 4909 tantumdem
525 4855 615 4909 'est
634 4853 678 4908 si
706 4852 939 4918 dicatur,
964 4853 1124 4909 sicuti
1151 4868 1253 4908 nos
1265 4867 1360 4908 eos
1374 4849 1563 4906 haberi
1583 4848 1757 4924 [Edit.

165 4946 329 5002 Rom.
379 4937 550 5011 addit,
594 4939 782 5018 supra]
814 4945 1122 5003 decrevisse
1162 4943 1608 5018 signiﬁcavimus.
1663 4941 1756 4997 Vi-

164 5035 292 5094 dete
339 5019 939 5107 autem,"'ne‘persona
987 5033 1142 5092 vobis
1187 5034 1440 5108 quaelibet
1489 5032 1763 5090 silentium

163 5129 348 5206 possit
396 5115 694 5201 imponere,
736 5146 836 5196 ne,
874 5130 1019 5201 quod
1049 5115 1212 5192 absit,
1242 5139 1503 5200 tanquam
1535 5124 1764 5181 idolola-

165 5232 270 5280 ιω
287 5209 629 5293 indicemini.
670 5221 766 5276 Est
794 5223 952 5287 enim,
992 5219 1247 5278 Samuele
1274 5221 1558 5284 edocente,
1605 5218 1761 5288 quasi

166 5304 342 5374 scelus
391 5309 741 5381 idolOlatrire,
779 5316 914 5370 nolle
952 5315 1278 5388 acquiescere
1309 5313 1428 5388 (Ill
1463 5313 1589 5385 Reg.
1637 5309 1758 5381 xv).

166 5407 226 5465 Si
257 5415 522 5479 praeterea
565 5403 721 5462 Felix
760 5403 845 5461 vel
883 5401 1076 5463 Petrus
1126 5407 1512 5478 impedimento
1536 5409 1760 5466 inevita-

164 5498 263 5558 bili
287 5497 614 5572 prohibitus,
641 5513 747 5553 non
777 5498 1008 5564 venerit,
1039 5498 1293 5554 idoneum
1337 5499 1515 5555 virum
1545 5516 1614 5556 ex
1635 5501 1756 5556 dia-

163 5595 401 5651 conibus
425 5581 685 5649 EccleSiae
720 5607 831 5647 suae
859 5593 1035 5647 mittat
1069 5608 1170 5663 per
1199 5592 1380 5648 omnia
1433 5593 1580 5648 vices
1631 5609 1779 5652 suas.

163 5685 531 5758 supplentem.
568 5683 687 5741 Jam
729 5699 859 5740 vero
888 5683 932 5739 si
959 5698 1174 5754 quoquo
1207 5687 1367 5738 modo
1409 5683 1760 5752 potuerintet

161 5779 463 5846 noluerint,
493 5777 623 5853 quia
651 5777 857 5835 idcirco
884 5775 1467 5834 excommunicatiouis
1493 5789 1750 5835 unacum

1879 1884 2075 1942 Petrus
2104 1891 2591 1950 rcverendissimus
2618 1892 2968 1952 Venetiarum
2995 1884 3503 1973 metropoleos'au-g

1882 1979 2058 2047 tistes,
2103 1981 2290 2039 multis
2335 1983 2803 2056 suﬁ‘raganeorum
2835 2003 3058 2045 suorum
3083 2002 3341 2064 gravatus
3364 2010 3480 2060 mo-

1879 2071 2073 2140 lestiis,
2107 2065 2467 2133 et’canonica:
2502 2074 2875 2137 constitutioni
2912 2067 3337 2157 repugnantibus
3365 2104 3502 2158 may

1879 2162 1948 2220 lis
1974 2180 2298 2254 roppressus,
2346 2169 2544 2240 delegit
2582 2171 2747 2227 corde
2781 2173 2976 2230 devoto
3009 2157 3321 2250 sanctorum

1881 2253 2144 2310 stolorum
2189 2256 2334 2313 Petri
2365 2268 2422 2314 et
2447 2259 2598 2316 Pauli
2631 2263 2697 2317 ad
2733 2262 2918 2319 limina
2965 2282 3278 2342 properare,
3320 2251 3492 2344 indeé;

1881 2359 1987 2416 que
2023 2346 2216 2404 salutis
2247 2358 2302 2404 et
2329 2361 2529 2421 optatas
2565 2349 2956 2414 consolationis
2984 2345 3142 2431 opem
3171 2363 3494 2437 percipere,

1882 2437 1974 2494 ubi
2007 2441 2172 2496 totius
2200 2441 2455 2511 Ecclesiae
2484 2444 2738 2502 Christus
2763 2445 2910 2506 Deus
2937 2461 3124 2508 noster
3152 2453 3478 2520 fundamen-s

1883 2536 1998 2584 tum
2046 2530 2259 2596 locavit,
2289 2543 2346 2590 et
2385 2535 2664 2608 religionis
2691 2546 2853 2610 atque
2874 2541 3103 2614 iustitiae
3128 2521 3290 2617 caput
3320 2548 3475 2618 insti-

1884 2620 2004 2676 tuit.
2036 2621 2104 2676 Et
2133 2622 2254 2678 ideo
2279 2618 2638 2694 querimoniis
2676 2629 2796 2702 ejus
2843 2649 3003 2691 aures
3049 2627 3350 2697 clementiae
3375 2658 3474 2700 uo-

1881 2719 2030 2804 strae,
2061 2712 2258 2769 litteris
2303 2725 2411 2772 tam
2458 2719 2559 2790 ipsi
2579 2719 2742 2778 ‘Urso
2780 2711 3126 2783 Venetiarum
3156 2709 3280 2787 duci
3300 2747 3502 2804 quam.

1881 2801 2239 2876 suﬁ'raganeis
2274 2805 2393 2876 ejus
2430 2810 2722 2882 episc0pis,
2749 2829 2981 2883 quorum
3005 2833 3138 2873 sane
3163 2801 3473 2892 inobedien-

1884 2894 1957 2949 tia
1984 2903 2040 2950 et
2067 2897 2372 2954 temeritate
2400 2901 2696 2958 eanonicus
2724 2901 2878 2975 vigor
2896 2907 3178 2979 confusus,
3210 2912 3471 2972 Ecclesia

1882 2986 1979 3044 Dei
2029 2989 2272 3058 potestas
2316 2992 2610 3059 exinanita,
2671 3004 2728 3051 et
2776 2999 3189 3072 metropolitana
3233 3001 3492 3078 dignitas,

1883 3089 2139 3150 corrupta
2163 3081 2350 3136 existit
2384 3121 2412 3147 ,_
2438 3093 2495 3138 ut
2522 3084 2575 3139 in
2607 3097 2898 3157 conspectu
2929 3100 3116 3149 nostro
3135 3097 3472 3170 apostolicae-

1802 3172 1849 3236 ο
1880 3185 1985 3240 que
2009 3172 2155 3226 sedis
2181 3175 2493 3244 praesentia,
2525 3178 2806 3248 utriusque
2835 3182 3006 3251 partis
3037 3189 3328 3260 praesentia
3357 3191 3474 3247 exi-

1877 3270 2078 3328 stente,
2118 3262 2320 3334 liteque
2350 3264 2616 3333 discussa,
2650 3267 2814 3324 ﬁnem
2843 3287 3021 3328 causa:
3047 3273 3288 3334 debitum
3303 3296 3496 3352 aequo.

1875 3355 2281 3428 im'poneremus
2309 3357 2618 3427 libramine,
2645 3361 2854 3419 litteras
2885 3373 3100 3422 nostras
3135 3369 3466 3441 direximus;

1874 3448 1969 3504 scd
1998 3449 2115 3520 ipse
2138 3449 2250 3530 dux
2276 3453 2647 3510 excusationis
2672 3456 2837 3512 verba
2864 3459 3042 3530 potius
3075 3477 3238 3532 quam
3270 3467 3492 3536 quaesi-_

1874 3547 1960 3597 tas
1991 3557 2022 3596 a
2051 3542 2208 3598 nobis
2251 3557 2518 3615 personas
2561 3555 2766 3604 statuto
2808 3559 3050 3623 tempore
3081 3555 3270 3611 maluit
3298 3559 3481 3620 destis

1872 3649 2023 3691 nare.
2067 3635 2218 3692 Unde
2256 3638 2502 3696 nolentes
2541 3641 2824 3727 praefatum
2855 3644 3082 3702 fratrem
3107 3657 3162 3704 et
3190 3652 3480 3722 coepisco:

1871 3743 2000 3799 pum
2030 3739 2278 3787 nostrum
2303 3732 2508 3802 absque
2537 3735 2906 3792 consolatione
2927 3738 3108 3818 debita
3133 3741 3464 3816 relinquere,

1874 3821 1982 3877 rati
2023 3837 2211 3878 sumus
2259 3832 2309 3879 te
2352 3824 2470 3880 vice
2514 3834 2699 3881 nostra
2746 3825 2872 3884 illuc
2911 3829 3167 3900 dirigere,
3201 3844 3466 3903 quatenus

1871 3914 2054 3970 divino
2087 3915 2259 3971 fretus
2306 3917 2510 3974 auxilio
2557 3932 2620 3973 ea
2667 3935 2788 3989 quae
2837 3922 3096 3991 praedicto
3139 3923 3296 3984 fratri
3336 3938 3502 3996 sunt.

1869 4007 2177 4062 necessaria
2205 4009 2500 4078 prudenter
2527 4025 2756 4082 peragas
2786 4020 2841 4067 et
2870 4029 2993 4069 cum
3025 4014 3235 4072 Domini
3267 4018 3500 4084 timore.

1870 4110 2065 4156 cuncta
2095 4102 2364 4172 perticias.
2396 4099 2506 4158 Has
2543 4104 2706 4176 igitur
2731 4107 3069 4178 apostolatus
3109 4112 3279 4170 nostri
3313 4111 3500 4171 litte-..

1870 4206 1960 4248 ras
1996 4191 2295 4264 accipiens,
2338 4208 2437 4265 pro
2472 4193 2708 4250 utilitate
2753 4206 2809 4251 et
2850 4196 3024 4254 salute
3066 4198 3321 4258 Ecclesia:
3351 4201 3502 4270 Dei,

1868 4301 1970 4342 ceu
1995 4286 2222 4342 idoneus
2244 4286 2448 4343 Christi
2480 4287 2638 4344 miles
2669 4275 3175 4368 laborare-Satage;
3206 4298 3463 4368 quoniam
3489 4338 3500 4363 ι

1869 4381 2084 4438 dicente
2121 4382 2380 4452 Apostolo
2407 4381 2459 4454 (I
2491 4379 2674 4438 Thess.
2700 4383 2788 4462 ri),
2821 4384 2973 4440 labor
3006 4397 3332 4457 nosternon
3357 4392 3502 4456 erit“

1871 4475 2050 4530 inanis
2083 4475 2136 4530 in
2175 4475 2439 4540 Domino;
2467 4484 2523 4529 et
2545 4475 2592 4530 si
2621 4461 2757 4532 Socii
2783 4493 2970 4533 sumus
2999 4477 3225 4548 laboris,
3255 4483 3462 4542 erimus

1867 4566 2110 4640 profecto
2139 4574 2196 4622 et
2223 4565 2628 4622 consolationis.
2658 4565 2879 4624 Christo
2909 4569 3075 4641 igitur
3097 4573 3255 4641 duce,
3288 4576 3460 4636 Vene-

1866 4661 2000 4718 tiam
2037 4674 2222 4731 perge,
2267 4658 2512 4729 Ursoque
2539 4659 2663 4715 duci
2684 4660 2970 4730 epistolam
3005 4663 3329 4725 destinatam
3361 4674 3462 4730 tri-

1864 4753 1994 4820 bue,
2039 4767 2270 4823 eamque
2297 4761 2358 4807 ut
2391 4751 2616 4808 auribus
2647 4753 2903 4810 audiendi
2939 4751 3145 4826 audiat,
3193 4762 3492 4825 instanter.

1865 4847 2117 4912 admone,
2150 4860 2221 4901 ne
2247 4845 2465 4901 statutis
2495 4845 2810 4915 apostolica:
2839 4849 2985 4906 sedis
3012 4853 3289 4922 resistere,
3327 4858 3460 4928 quin

1864 4940 2048 5011 potius
2076 4939 2269 4994 humili
2297 4937 2462 4993 corde
2487 4937 2712 4995 obedire
2750 4935 3028 5012 procuret.
3059 4945 3302 5003 Alteram
3329 4965 3459 5006 vero

1869 5031 2155 5102 epistolam
2206 5031 2372 5088 Felici
2403 5039 2632 5097 sanctae
2686 5031 2946 5092 Ecclesiae
2991 5036 3319 5110 Equileusis,
3343 5041 3457 5110 epi-

1866 5141 2053 5198 scopo,
2099 5141 2262 5197 quem
2301 5126 2368 5180 ad
2400 5140 2503 5182 nos
2532 5127 2720 5182 venire
2747 5126 3022 5196 iubemus.
3059 5129 3296 5186 Tertiam
3322 5146 3459 5204 quo-

1866 5234 1974 5291 que
2001 5218 2282 5275 Dominico
2305 5217 2628 5275 Olivolensis
2658 5218 2916 5276 Ecclesiae
2944 5228 3000 5275 et
3027 5219 3193 5276 Leoni
3216 5222 3456 5294 Capren-

1864 5315 1941 5369 sis
1981 5312 2258 5377 Ecclesizc,
2307 5311 2576 5383 episcopis
2621 5328 2758 5383 quos
2799 5312 2873 5368 ibi
2915 5328 3138 5371 manere
3182 5316 3490 5384 volumus,.

1868 5405 2056 5476 eisque
2082 5412 2142 5458 ut
2173 5404 2225 5458 in
2261 5403 2345 5458 his
2375 5419 2494 5474 quae
2537 5402 2633 5458 Dei
2680 5412 2808 5458 sunt
2835 5412 2888 5458 te
2917 5404 3149 5461 ﬁdeliter
3175 5406 3455 5479 adjuverat,
3481 5460 3486 5466 .

1865 5497 2240 5569 praecepimus,
2285 5483 2481 5550 tribue.
2523 5496 2783 5564 Quartana
2817 5511 2944 5550 vero
2969 5495 3250 5554 Dominico
3281 5499 3486 5574 electo.

1865 5587 2120 5657 Ecclesia:
2163 5585 2522 5641 Torcellensis
2559 5586 2692 5640 dare
2733 5601 3004 5656 procura;
3047 5603 3249 5658 eosque
3287 5590 3483 5652 terris

1864 5679 2048 5735 biliter
2071 5677 2394 5736 obtestando
2420 5686 2583 5747 atque
2600 5668 2838 5746 iubendo
2861 5678 3080 5734 easdem
3113 5681 3372 5751 epistolas
3395 5684 3453 5740 in

1862 5785 2158 5862 conspectu
2193 5773 2359 5832 totius
2387 5772 2645 5840 Ecclesia:
2670 5783 2727 5832 et
2747 5774 2951 5858 populi,
2993 5784 3154 5858 teque
3184 5785 3456 5862 praesente
