4002 6296
445 270 550 330 ’1θῖ

1717 247 2004 310 IOANNIS
2041 243 2244 302 PAPJE
2284 245 2406 302 V'lll'

3649 251 3760 313 ros

445 390 626 462 legere
660 385 825 442 facito
850 401 863 439 :
889 381 1087 454 quibus
1117 379 1374 434 nimirum
1409 373 1664 446 perlectis
1688 381 1799 426 tam
1827 367 2045 423 eosdem
2077 366 2129 426 Α
2155 365 2317 430 sedis,
2348 365 2707 422 Acimundum
2737 367 2948 425 scilicet
2967 379 3024 426 et
3051 368 3388 439 Walpertum
3417 370 3759 431 venerabiles

445 483 732 553 episcopos
775 475 1138 548 supradictus,
1185 473 1288 526 hoc
1321 478 1404 524 est
1440 467 1652 522 felicem
1687 478 1713 506 ει
1748 463 2046 519 Mateiuau-

448 584 678 637 teusem,
706 581 762 628 et
797 571 1015 625 Petrum
1053 564 1427 635 Aquilensem,
1463 562 1769 631 episcopos,
1801 571 1900 611 nec
1940 569 2047 610 non

450 669 804 728 Laurentium
839 662 1283 720 archidiaconum
1305 656 1602 714 Gradeusis
1636 653 1911 716 Ecclesia},
1950 649 2047 703 ab-

450 765 630 820 batem
681 758 917 817 cmnobii
973 753 1292 819 Altinensis,
1339 749 1783 814 arcbidiaconum
1829 739 2051 798 Roscel-

451 856 677 919 lensem,
726 861 782 907 et
829 847 1367 918 archipresbyterum
1407 840 1767 903 Gradensem,
1799 851 1924 891 cum
1956 847 2048 888 ne-

450 958 575 1019 pote
605 960 704 1001 suo
733 941 1026 998 Laurentio
1051 939 1283 994 Romam
1307 937 1360 990 in
1383 933 1732 1006 praesentiam
1781 935 2049 993 nostram,

449 1057 516 1099 ex
565 1049 752 1096 nostra
805 1035 1103 1107 apostolica
1149 1031 1474 1086 auctoritate
1503 1027 1684 1084 idibus
1713 1023 2049 1090 Februariis,

451 1137 597 1195 omni
635 1150 785 1191 mora
829 1133 916 1188 vel
952 1128 1244 1186 occasione
1275 1124 1595 1197 postposita,
1641 1120 1941 1178 secundum
1977 1126 2055 1172 te-

456 1248 644 1289 norem
672 1229 913 1302 epistolae
958 1219 1157 1282 nostrze'
1209 1222 1396 1277 venire
1443 1217 1699 1289 praecipe.
1749 1214 1884 1268 Nam
1922 1211 1966 1266 si
2001 1211 2056 1265 in

453 1326 726 1398 prmdictis
775 1321 956 1376 Idibus
999 1317 1188 1373 venire
1236 1315 1479 1385 quolibet
1523 1311 1684 1366 modo
1724 1306 2055 1369 distulerint,

456 1419 631 1476 sciant
659 1433 718 1474 se
745 1417 894 1471 omni
935 1412 1304 1468 ecclesiastica
1354 1405 1732 1462 communione
1778 1417 1896 1457 esse
1939 1399 2056 1471 pri-

458 1521 634 1574 vatos,
683 1519 847 1577 atque
887 1503 1252 1559 anathematis
1297 1499 1527 1555 vinculis
1578 1495 1883 1558 innodatos,
1925 1507 2061 1561 quo-

455 1615 627 1669 usque
672 1598 871 1654 nostris
912 1611 971 1650 se
1009 1594 1288 1650 obtutibus
1338 1596 1672 1661 prmseutare
1720 1582 2054 1639 curaverint.

457 1691 701 1760 Cumque
742 1688 924 1744 omnia
967 1687 1362 1755 juxta'uostrre
1389 1676 1768 1750 praeceptionis
1802 1673 2055 1728 allectum

457 1785 545 1855 pia
573 1791 627 1837 et
655 1781 796 1836 fideli
831 1779 1122 1835 devotione
1159 1774 1540 1844 compleveris,
1576 1772 1641 1825 ad
1668 1769 1926 1824 Ecclesiae
1956 1776 2064 1822 tuae

459 1887 736 1934 revertere
763 1877 1050 1945 gremium,
1083 1873 1347 1942 nobisque
1379 1871 1480 1925 sub
1508 1867 1834 1924 certitudine
1865 1871 2063 1919 cuncta

460 1969 776 2027 renuntiare
806 1985 911 2022 non
939 1965 1180 2021 dilferas.
1209 1963 1282 2018 Ut
1307 1963 1350 2017 si
1383 1963 1452 2016 de
1475 1972 1671 2016 caetero
1694 1959 1872 2028 aliqua
1902 1969 2064 2023 super

460 2063 549 2120 his
577 2061 783 2132 agenda
816 2046 924 2114 sint
951 2057 1178 2112 arbitrio
1206 2055 1419 2120 solerti,
1450 2061 1510 2108 ut
1537 2057 1669 2108 cura
1700 2049 1880 2105 debita
1912 2045 2060 2103 solli-

461 2156 629 2214 citius
657 2154 768 2210 Deo
803 2151 1040 2224 propitio
1067 2161 1420 2220 peragamus.

1197 2289 1360 2356 ιιινμ

900 2433 968 2477 ω
1007 2429 1336 2476 ιιιβειιτωί
1373 2429 1636 2476 COIIITBII.

1089 2560 1268 2633 (Auno
1296 2559 1448 2629 876.)

463 2692 543 2756 υι
561 2705 852 2769 cornpescat
881 2695 980 2751 sibi
1009 2696 1268 2766 subjectos
1292 2711 1322 2748 a
1345 2694 1502 2769 malis
1527 2710 1644 2769 qua!
1668 2693 2067 2769 perpetrabant;

499 2815 506 2818 .
533 2763 738 2843 quossi
768 2769 1046 2843 emendare
1069 2763 1174 2843 n—o‘n
1204 2768 1456 2843 potuerit,
1480 2763 1716 2843 ntiiratstr
1747 2763 1866 2818 illos
1901 2782 1956 2818 se
1987 2781 2072 2843 ea;-

537 2834 1045 2898 communicaturum
1079 2856 1095 2892 :
1135 2834 1318 2908 legatis
1348 2837 1514 2890 multa
1552 2837 1597 2891 ei
1624 2837 1736 2890 viva
1781 2853 1898 2890 voce
1940 2834 2070 2903 refc-

540 2912 699 2966 renda
730 2927 784 2964 se
808 2908 1102 2980 injunrisse
1126 2908 1409 2980 signiﬁcat.

501 3089 508 3094 -
537 3065 772 3123 Joanne
799 3063 1083 3134 episc0pus
1113 3060 1410 3116 Lsasenro
1439 3060 1646 3116 comiti.

497 3181 508 3187 ε
541 3157 623 3214 Ab
651 3157 812 3220 olim,
851 3156 896 3210 si
938 3154 1266 3220 recordaris,
1311 3154 1538 3209 salutem
1571 3162 1716 3207 tuam
1749 3161 1908 3223 atque
1944 3167 2068 3222 pro-

465 3246 666 3305 factum
693 3247 1090 3311 desiderantes,
1125 3255 1180 3299 et
1221 3246 1399 3300 anima
1431 3253 1486 3300 te
1529 3245 1757 3308 salvari,
1790 3253 1840 3300 et
1879 3260 2084 3314 corpot

464 3343 579 3400 reis
623 3341 922 3398 honoribus
949 3341 1213 3396 cumulari
1255 3340 1604 3410 qumsivimus
1644 3348 1698 3394 et
1740 3340 2064 3410 optavimus.

471 3435 537 3492 Fit
578 3435 705 3506 quia
753 3449 896 3488 nunc
943 3434 1113 3488 multo
1145 3434 1377 3504 amplius
1424 3433 1526 3488 hoc
1570 3449 1728 3503 quam
1777 3433 1943 3502 prius,
1996 3433 2071 3486 tili-

465 3529 807 3593 cbarissime,
837 3527 1110 3592 volumus,
1135 3526 1277 3581 scias
1304 3535 1529 3595 paterno
1557 3524 1749 3579 atl‘ectu
1780 3540 1807 3576 a
1840 3523 1991 3578 nobis
2019 3533 2070 3578 te

467 3620 618 3692 diligi
644 3631 699 3676 et
729 3629 788 3674 ut
817 3618 1154 3689 spiritualem
1189 3618 1354 3672 tilium
1383 3633 1603 3686 prorsus
1631 3616 1898 3686 amplecti,
1931 3630 2066 3685 quo-

464 3713 612 3769 niam
651 3714 912 3767 honm‘em
945 3721 1107 3781 atque
1139 3721 1288 3765 tuum
1320 3710 1635 3780 profectum
1669 3718 1912 3766 nostram
1957 3709 2070 3780 glo-

463 3807 602 3864 riam
631 3822 752 3862 esse
782 3813 1054 3876 putamus,
1079 3815 1133 3860 et
1158 3805 1224 3859 de
1250 3814 1354 3860 tuae
1375 3804 1755 3874 prosperitatis
1780 3814 2069 3874 augmento

461 3894 522 3956 in
551 3898 781 3954 Domino
824 3895 1204 3967 gratulamur:
1242 3897 1382 3949 unde
1429 3903 1483 3949 et
1529 3904 1581 3948 tu
1629 3911 1732 3948 non
1783 3895 2071 3962 immemor

462 3989 659 4052 nostri,
691 4002 964 4057 rogamus,
997 3994 1056 4039 ut
1085 4000 1300 4054 semper
1329 3995 1382 4040 et
1427 3995 1487 4039 ut
1533 3987 1614 4039 his
1645 4002 1764 4053 qtae
1797 3987 2064 4050 volumus,

464 4089 523 4137 et
551 4097 671 4150 quae
718 4089 962 4134 nostrmu
991 4079 1058 4131 de
1089 4079 1199 4132 tuis
1242 4079 1549 4132 hominibus
1579 4079 1913 4147 pontiﬁciqu
1959 4079 2068 4148 pul-

464 4182 622 4240 sant,
656 4171 950 4227 emendare
995 4171 1303 4225 nullatenus
1331 4172 1749 4239 pra‘tcrmittas;
1785 4188 1887 4225 nun
1922 4173 2065 4225 enim

465 4281 751 4340 speramus
781 4274 838 4320 ut
875 4265 999 4320 talia
1030 4266 1171 4320 scias
1203 4265 1378 4334 qualia
1410 4266 1479 4319 ab
1505 4265 1710 4319 eisdem
1751 4265 1857 4319 tuis
1894 4265 2066 4319 homi-

466 4357 628 4413 nibus
669 4358 720 4411 in
762 4357 963 4412 nostris
1005 4355 1200 4410 linilms
1233 4365 1633 4426 perpetrantur.
1679 4355 1810 4423 Quze
1852 4364 2072 4428 oportet

2153 459 2435 529 episcopos
2458 461 2686 516 dilectos
2719 471 2935 518 nostros
2963 465 3028 517 ad
3061 473 3211 518 tuam
3242 465 3586 520 nobilitatem
3615 467 3763 521 dire-

2155 552 2358 617 ximus,
2383 561 2439 606 ut
2463 553 2516 606 hi
2541 554 2685 622 quod
2716 555 2908 625 pagina
2931 556 3147 610 reticuit
3167 557 3288 611 viva
3318 573 3449 612 voce
3478 557 3763 627 loquentis

2153 643 2389 710 edicant,
2423 653 2479 698 et
2521 653 2862 702 revertentes
2890 647 2955 702 de
2991 657 3080 703 tua
3123 648 3502 704 benevolentia
3548 664 3647 703 nos
3673 648 3764 702 ιυ-

2155 737 2323 794 tiorcs
2369 735 2626 795 efﬁciant.
2673 738 2808 796 Data
2854 757 2948 796 arx
2996 741 3264 798 Kalendas
3306 742 3581 810 Januarii,
3625 743 3769 800 indi-

2155 830 2337 888 ctione
2363 830 2597 888 decima.

2897 935 3009 990 LV.

2360 1064 2428 1103 AD
2457 1062 2789 1105 GUMFERIUH
2822 1064 3105 1105 PBINCIPEM
3136 1065 3576 1107 SALERNITANUK.

2781 1162 2958 1233 (Anno
2989 1161 3142 1233 876.)

2159 1274 2368 1330 Laudat
2417 1275 2692 1348 ejusrﬁdei
2721 1278 3073 1348 constantiam
3129 1293 3251 1347 erga
3287 1279 3464 1332 sedem
3518 1277 3774 1348 apostoli-

2232 1365 2384 1401 cam:
2424 1347 2672 1417 Adelgisii
2724 1358 2769 1399 et
2815 1346 3124 1415 complicum
3185 1346 3402 1417 fraudes
3453 1346 3769 1412 detestatur,

2232 1435 2489 1490 suumque
2517 1433 2563 1472 et
2610 1417 2837 1490 aliarum
2871 1417 3227 1471 Ecclesiarum
3275 1420 3538 1472 auxilium
3589 1435 3775 1474 contra

2235 1487 2530 1546 Saracenos
2580 1490 2627 1543 ei
2686 1487 3000 1558 pollicetur,
3061 1499 3110 1542 et
3159 1493 3408 1542 hortatur
3446 1501 3505 1544 ut
3555 1493 3610 1545 in
3670 1493 3778 1557 ﬁda

2233 1564 2516 1643 persistat,
2574 1570 2731 1632 utque
2797 1560 3096 1629 episcopum
3150 1559 3532 1616 Surrentinum
3593 1563 3666 1616 ad
3721 1577 3778 1616 so

2239 1643 2432 1686 mtttat.

2091 1733 2140 1794 Β
2238 1750 2471 1806 Joannes
2537 1748 2821 1819 episcopus
2881 1745 3182 1804 Guarrsmo
3239 1747 3477 1819 principi
3528 1748 3774 1806 Salerni-

2170 1855 2314 1902 tano.

2237 1938 2501 1996 Gloriosa:
2553 1936 2824 1992 nobilitati
2885 1945 3124 2001 vestrm,
3169 1949 3336 2004 quam
3397 1933 3782 2005 s'piritualit‘as

2166 2031 2311 2087 ulnis
2337 2031 2715 2101 amplectimur
2747 2038 2802 2084 et
2832 2028 3140 2084 dilectionis
3179 2041 3398 2096 semper
3423 2026 3639 2082 sinibus
3683 2024 3774 2083 fo-

2165 2140 2298 2182 vere
2330 2139 2436 2180 non
2470 2121 2818 2176 mediocriter
2861 2119 3205 2182 anhelamus,
3239 2117 3546 2188 condignas
3571 2115 3778 2187 gratias

2168 2218 2396 2288 agimus,
2427 2216 2684 2285 quoniam
2715 2213 2766 2267 iu
2809 2212 2931 2266 lidei
2960 2221 3113 2281 petra
3158 2219 3408 2266 statuens
3454 2208 3780 2265 constantia

2167 2309 2352 2378 pedes,
2381 2323 2482 2362 nec
2505 2304 2819 2360 ﬂuminibus
2839 2345 2855 2368 ,
2902 2317 3002 2356 nec
3030 2303 3202 2358 ventis
3230 2303 3574 2358 diversorum
3601 2316 3774 2357 even-

2169 2409 2321 2456 tuum
2349 2401 2550 2470 impetu
2579 2397 2754 2468 potuit
2783 2411 2812 2450 a
2851 2394 3148 2450 stabilitate
3191 2409 3288 2448 sua
3317 2393 3590 2464 demergi,
3630 2390 3722 2446 vel
3747 2406 3782 2447 ι

2170 2497 2326 2553 nobis
2357 2494 2614 2565 praestitis
2667 2491 3051 2561 sponsionibus
3082 2489 3427 2559 aliquatenus
3481 2486 3782 2552 amoveri;

2171 2588 2390 2643 fundata
2421 2587 2564 2641 enim
2592 2592 2675 2640 est
2701 2599 2864 2653 supra
2888 2591 3120 2652 petram.
3151 2581 3281 2659 Quae
3313 2589 3496 2634 autem
3527 2581 3598 2634 de
3622 2578 3789 2634 Adel-

2172 2680 2295 2752 gisii
2324 2691 2378 2734 et
2425 2678 2749 2747 complicum
2778 2675 2896 2744 ejus
2924 2675 3195 2744 prioribus
3221 2688 3286 2728 ac
3309 2671 3592 2728 modernis
3629 2671 3790 2726 frau-

2173 2779 2411 2833 dulentis
2456 2775 2666 2831 actibus
2704 2772 3020 2831 iudicastis.
3071 2778 3129 2825 et
3155 2768 3255 2837 ipsi
3307 2766 3582 2823 veraciter
3607 2763 3788 2818 sensi-

2174 2888 2314 2936 mus,
2347 2879 2402 2926 et
2425 2867 2779 2939 sagacitatem
2812 2878 2977 2928 tuam,
3024 2871 3081 2917 ut
3111 2877 3169 2917 se
3201 2876 3289 2916 res
3313 2861 3498 2923 habet,
3536 2860 3792 2913 sensisse

2173 2962 2463 3018 manifeste
2513 2959 2884 3030 cognovimus.
2932 2955 3050 3010 Erit
3099 2962 3278 3008 autem
3331 2953 3412 3007 eis
3453 2960 3512 3005 ut
3547 2952 3684 3006 Sani
3731 2960 3794 3006 et

2173 3052 2360 3108 Achab
2392 3051 2441 3124 (I
2470 3049 2599 3121 Reg.
2635 3052 2753 3118 xx),
2785 3059 2839 3105 et
2872 3048 3052 3102 anima
3105 3061 3295 3101 eorum
3336 3060 3437 3116 pro
3468 3045 3652 3098 anima
3680 3044 3796 3098 ini-

2176 3145 2439 3199 micorum
2489 3143 2606 3207 Dei,
2634 3141 2892 3212 quoniam
2918 3140 3091 3194 virum
3127 3139 3349 3207 dignum
3380 3144 3560 3192 morte
3598 3135 3796 3190 dimit-

2177 3244 2288 3291 tere
2316 3235 2542 3290 minime
2570 3233 2937 3289 formidaruut
2960 3273 2974 3296 ,
3008 3244 3216 3300 nosque
3263 3229 3374 3286 Deo
3405 3228 3624 3283 favente
3647 3241 3797 3284 can-

2174 3330 2408 3384 tabimus
2429 3338 2486 3382 et
2513 3327 2808 3397 psallemus
2832 3343 2844 3378 :
2895 3323 2962 3378 In
2989 3323 3232 3393 operibus
3261 3337 3515 3376 manuum
3555 3334 3796 3374 suun—ms

2173 3422 2575 3492 comprehensus
2625 3428 2702 3474 est
2743 3428 2985 3489 peccator
3029 3415 3204 3486 (Psal.
3248 3415 3391 3485 vti):
3436 3423 3490 3469 et
3531 3413 3746 3468 iterum
3774 3430 3798 3466 :

2173 3516 2374 3570 Locum
2426 3514 2654 3584 aperuit,
2709 3522 2758 3565 et
2790 3511 2922 3581 fodit
2949 3525 3087 3574 eum,
3141 3517 3192 3563 et
3241 3508 3417 3562 incidit
3460 3509 3514 3559 in
3559 3506 3800 3573 [aream

2171 3621 2331 3678 quam
2368 3605 2487 3676 fecit
2512 3619 2530 3656 .‘
2559 3612 2882 3658 convertatur
2919 3600 3070 3655 dolor
3093 3615 3208 3669 ejus
3233 3599 3286 3651 in
3310 3607 3451 3667 caput
3476 3595 3624 3665 ejus,
3655 3605 3804 3651 etc.

2174 3700 2349 3774 (Psat.
2388 3698 2543 3770 xvu).
2580 3695 2800 3752 Interim
2836 3704 3015 3750 autem
3038 3734 3052 3757 ,
3103 3700 3365 3762 quantum
3392 3704 3488 3744 nos
3533 3702 3808 3758 superna

2173 3797 2350 3852 virtus
2372 3796 2628 3864 adjuvare
2671 3792 2891 3862 dignata
2924 3788 3108 3852 fuerit,
3161 3781 3300 3842 et'in
3326 3783 3567 3840 consiliis
3616 3789 3678 3838 et
3733 3782 3802 3839 in

2173 3888 2390 3944 auxiliis
2441 3886 2590 3942 vobis
2627 3882 2773 3938 ferre
2819 3879 3130 3950 prtesidium
3165 3894 3270 3932 non
3309 3875 3652 3939 omittemus,
3687 3873 3808 3930 sed

2171 3984 2480 4054 piissimum
2548 3979 2718 4032 lilium
2791 3984 3039 4031 nostrum
3103 3985 3318 4043 semper
3358 3970 3668 4040 Augustum
3721 3967 3804 4024 ad

2174 4075 2536 4146 adiuvandum
2584 4087 2682 4126 vos
2737 4080 2846 4124 tam
2893 4083 2990 4137 per
3040 4081 3098 4121 se
3151 4080 3311 4133 quam
3351 4077 3447 4132 per
3475 4059 3798 4117 exercitum

2174 4189 2332 4228 suum
2367 4169 2694 4240 quantocius
2726 4165 3092 4220 incitabimus.
3131 4161 3304 4216 Simili
3331 4161 3494 4216 etiam
3533 4159 3705 4214 modo
3733 4168 3808 4215 et

2170 4263 2308 4321 alios
2338 4271 2583 4331 quosque
2609 4257 2795 4313 ﬁdeles
2824 4265 2881 4311 et
2909 4254 3166 4311 Ecclesiae
3199 4253 3403 4309 Christi
3448 4253 3661 4308 amicos
3715 4251 3798 4307 ad

2172 4355 2278 4414 hoc
2311 4358 2483 4428 ipsum
2511 4355 2754 4409 excitare
2777 4360 2942 4419 atque
2966 4349 3166 4404 hortati
3191 4346 3485 4402 studiosius
3513 4359 3804 4415 procura—

467 4449 694 4520 gloriam
726 4459 872 4504 tuam
903 4449 1146 4505 studiose
1177 4450 1470 4517 inquirere,
1505 4458 1580 4513 et,
1614 4449 1751 4503 sicut
1779 4451 2064 4515 condecet,
2087 4463 2144 4524 1)
2171 4453 2380 4514 bimus,
2429 4458 2595 4518 atque
2648 4445 2853 4508 omnia,
2890 4443 3005 4497 sive
3030 4457 3152 4511 qua:
3202 4455 3318 4494 nos
3342 4439 3606 4520 cogitare,
3665 4440 3802 4494 sive

466 4556 566 4611 pro
597 4542 686 4595 Dei
717 4553 771 4596 et
812 4551 998 4596 nostro
1027 4555 1212 4595 arnore
1246 4541 1398 4595 omni
1432 4543 1716 4596 conamine
1750 4544 2064 4607 emendare,

467 4636 594 4706 quia
627 4644 732 4689 tam
772 4637 1082 4691 hominibus
1112 4635 1170 4690 ὃ.
1202 4636 1350 4690 Petri
1382 4635 1604 4705 apostoli
1639 4651 1798 4704 quam
1830 4637 2066 4690 homini-

468 4731 570 4786 bus
615 4728 879 4785 Guidonis
922 4731 995 4784 tui
1045 4731 1326 4794 homines,
1369 4731 1511 4785 sicut
1559 4729 1751 4795 fertur,
1785 4731 2065 4785 innumera

469 4821 610 4877 tuala
645 4821 849 4876 faciunt
875 4831 931 4876 et
968 4824 1184 4891 rapinas
1216 4824 1410 4877 multas
1439 4832 1712 4878 exercent.
1748 4823 1877 4890 Quae
1908 4840 2066 4894 roga-

469 4930 592 4969 mus
617 4915 802 4969 statim
846 4915 1140 4969 emendare
1166 4914 1350 4982 facias,
1401 4925 1454 4970 et
1503 4915 1594 4969 tibi
1639 4915 1897 4984 subjectis
1929 4916 2070 4970 ultra

473 5009 580 5064 tale
623 5008 750 5078 quid
797 5008 976 5064 facere
1024 5014 1130 5062 non
1178 5011 1504 5063 consentias.
1537 5009 1734 5063 Verum
1769 5011 1810 5063 si
1848 5010 1896 5062 id
1931 5008 2074 5064 forte

470 5103 766 5158 emendare
797 5111 845 5155 t'c
878 5116 987 5154 non
1020 5107 1181 5171 posse
1219 5100 1425 5165 fateris,
1458 5111 1513 5154 ut
1543 5117 1664 5155 cum
1698 5117 1829 5171 pace
1875 5112 1962 5155 tua
1991 5101 2071 5156 di-

472 5209 680 5261 camus,
715 5197 764 5250 iu
797 5209 995 5266 pravos
1025 5203 1186 5264 atque
1226 5194 1439 5264 iniquos
1469 5195 1715 5251 homines
1746 5196 1865 5249 illos
1897 5195 1964 5249 ob
1995 5195 2073 5249 tui.

473 5288 676 5342 amoris
719 5287 1086 5351 dilectionem,
1136 5294 1226 5341 tuo
1273 5301 1536 5341 consensu
1589 5287 1850 5351 adhibito,
1900 5288 2068 5341 nostri

474 5378 806 5449 apostolatus
840 5380 1168 5433 sententiam
1211 5378 1484 5443 dabimus,
1523 5387 1576 5433 et
1614 5393 1895 5449 quousque
1941 5379 2078 5432 resi-

472 5471 720 5542 piscam,
770 5487 799 5525 a
846 5469 1120 5528 liminibus
1161 5480 1364 5527 sancte
1407 5471 1663 5526 Ecclesiae
1709 5469 2076 5542 sequestrabi-

475 5578 617 5618 mus.
670 5564 895 5620 Latores
944 5581 1071 5621 vero
1118 5567 1467 5638 prmscntium
1521 5566 1716 5622 missos
1768 5564 2075 5636 apostolica:

2174 4558 2294 4615 qua:
2323 4556 2419 4595 vos
2452 4538 2743 4596 salubriter
2778 4537 3068 4590 adiuventa
3118 4531 3271 4587 nobis
3307 4530 3567 4585 intimare
3603 4538 3801 4582 mam—

2176 4633 2465 4695 raveritis,
2517 4629 2854 4702 gratulanter
2889 4640 3073 4696 agere
3136 4621 3338 4694 ingenti
3396 4635 3519 4675 cum
3578 4620 3799 4690 gaudio

2174 4725 2575 4781 festinabimus.
2623 4719 2842 4775 Interim
2890 4725 3072 4772 autem
3119 4724 3250 4769 state
3286 4715 3342 4767 in
3371 4712 3506 4781 ﬁde,
3555 4711 3800 4766 viriliter

2175 4829 2352 4870 omnes
2391 4816 2546 4884 agite,
2584 4822 2632 4866 et
2674 4809 3001 4878 confortetttr
3031 4823 3120 4860 cor
3141 4814 3367 4860 vestrum
3393 4802 3568 4873 (Psal.
3601 4801 3796 4872 nu),

2176 4924 2282 4963 non
2313 4906 2568 4961 lusultam
2617 4903 2696 4976 [in
2732 4899 2991 4972 Sultam],
3044 4899 3136 4968 qui
3171 4898 3340 4952 Satau
3388 4895 3804 4964 congruentius

2176 4999 2403 5061 dicitur,
2436 4996 2530 5050 sed
2557 5003 2840 5065 sperantes
2866 4992 2921 5046 in
2953 4990 3184 5046 Domino
3215 5006 3229 5042 :
3265 4987 3339 5041 ita
3388 4995 3450 5040 ut
3495 4999 3698 5042 omnes
3761 5005 3798 5042 ι

2176 5104 2513 5163 paganorum
2571 5087 2845 5143 consortio
2873 5083 3212 5146 subducatis,
3271 5089 3325 5136 ct
3365 5095 3460 5136 vos
3488 5079 3557 5134 ad
3585 5095 3799 5149 pacem

2176 5187 2232 5240 in
2264 5184 2497 5237 invicem
2525 5190 2581 5235 et
2610 5179 2958 5235 concordiam
2999 5175 3227 5231 unitatis
3276 5175 3329 5228 in
3384 5171 3603 5229 Christo
3645 5169 3810 5230 Jesu.

2177 5278 2408 5333 Domino
2460 5283 2682 5330 nostro:
2745 5271 3007 5342 quidquid
3060 5283 3191 5324 sane
3239 5264 3453 5322 consilii
3501 5264 3654 5318 vobis
3702 5265 3804 5320 vel

2181 5373 2502 5436 accreverit,
2552 5369 2635 5425 vel
2681 5365 3023 5423 salutiferam
3051 5363 3228 5418 visum
3274 5359 3460 5425 fuerit,
3511 5357 3677 5412 nobis
3709 5358 3806 5413 in-

2181 5475 2467 5521 notescere
2494 5478 2563 5517 ne
2590 5458 2947 5533 pigritemini,
2993 5466 3053 5512 ut
3085 5472 3116 5510 a
3144 5454 3435 5511 libramine
3462 5460 3649 5506 nostro
3701 5451 3804 5508 vel

2178 5569 2435 5629 tauquam
2484 5555 2702 5613 salubre
2752 5550 3104 5625 approbetur,
3161 5547 3246 5605 vel
3277 5546 3324 5604 si
3376 5544 3532 5602 aliter
3557 5539 3804 5602 «alitus

550 5759 582 5798 υ
609 5755 784 5826 Supra
824 5752 982 5824 epist.
1013 5751 1106 5820 50,
1141 5751 1631 5811 Mandanaucensis
1668 5761 1773 5809 est.
1814 5756 1870 5807 et
1910 5745 2236 5827 Equlleusis.
2278 5742 2451 5800 Hann.
