3958 5398
109 211 226 268 709

108 422 299 466 vestra
351 410 548 464 damna
599 415 780 462 nostra
827 406 1120 467 credimus,
1171 403 1311 456 sicut
1359 415 1389 454 e
1433 398 1710 454 contrario

111 505 268 560 lucra
297 510 475 556 vestra
505 509 690 555 nostra
711 499 898 568 procul
928 497 1090 551 dubio
1117 495 1458 564 deputamus.
1489 491 1712 560 Episco-

110 612 248 668 pum
287 595 490 648 interea
523 590 907 646 Surrentinum
955 589 1068 642 sive
1095 603 1190 658 per
1220 596 1442 648 terram,
1473 584 1585 638 sive
1614 597 1713 652 per

112 703 273 743 mare
302 685 626 757 profectum,
685 684 810 752 quia
836 681 948 752 jam
981 683 1158 736 mimus
1191 679 1511 749 recepimus,
1570 677 1712 731 hami

111 793 311 849 parum
341 776 568 830 moleste
598 774 856 838 tulimus;
891 784 946 826 ct
982 772 1085 827 nisi
1120 771 1273 825 ocius
1301 770 1563 832 mittatur,
1599 783 1713 822 mo-

114 872 311 927 lestius
339 885 446 924 non
476 867 748 922 immerito
795 865 1216 922 sustinebimus:
1252 871 1305 916 at
1341 878 1487 924 vero,
1545 862 1588 916 si
1645 861 1712 916 ad

115 983 224 1024 nos
277 963 646 1020 indill'erenter
695 961 852 1015 fuerit
894 959 1211 1022 destinatus,
1262 967 1389 1011 tunc.
1421 971 1612 1026 magna
1660 959 1714 1009 et

115 1059 279 1116 solita
335 1054 640 1110 devotionis
705 1061 808 1106 tua:
860 1063 1307 1120 recognoscentes
1363 1047 1597 1110 indicia,
1659 1051 1715 1098 et

115 1164 257 1219 pure
288 1146 531 1216 profecto
586 1145 728 1198 circa
761 1141 1094 1213 pontiﬁcium
1132 1149 1374 1193 nostrum
1408 1138 1714 1192 dilectionis

118 1253 229 1294 tare
262 1239 378 1295 sole
424 1238 627 1293 clarius
657 1237 915 1307 patebunt
966 1233 1214 1303 insignia.
1275 1232 1537 1302 Optamus
1597 1231 1712 1301 glo-

116 1332 283 1407 riam,
340 1340 445 1387 etc.
507 1331 639 1386 Data
688 1345 756 1383 xv
787 1328 1055 1383 Kalendas
1100 1326 1364 1393 Januarii,
1426 1325 1716 1380 indictione

116 1423 353 1480 decima.

850 1523 982 1578 LVI.

363 1635 432 1674 eo
460 1608 814 1675 manumanu
845 1631 1132 1672 Episcorra
1165 1631 1468 1671 caremus.

735 1731 913 1804 (Anno
941 1729 1089 1800 876.)

621 1845 877 1916 Ejusdem
913 1845 1226 1915 argumenti.

188 1961 515 2018 Lmunrno
544 1960 800 2029 episcopo
829 1958 1104 2028 Capuano.

193 2054 352 2109 Sicut
375 2053 444 2108 de
479 2051 787 2107 sanctitatis
837 2060 941 2105 tua:
994 2050 1280 2104 devotione
1302 2050 1370 2102 ab
1417 2047 1554 2102 olim
1589 2063 1715 2116 erga

116 2148 269 2204 hanc
303 2155 549 2201 sanctam
591 2144 893 2199 Romanam
927 2142 1224 2198 Ecclesium
1270 2141 1448 2196 habita
1476 2141 1717 2211 gratula-

115 2255 268 2303 mur,
305 2238 380 2292 ita
427 2237 496 2291 de
553 2235 848 2290 inﬁdelium
877 2243 932 2288 et
975 2236 1042 2288 de
1092 2233 1434 2287 inimicorum
1477 2233 1716 2287 malevo-

115 2330 292 2385 lentia
366 2328 793 2390 contristamur,
850 2325 1158 2379 nullatenus
1219 2325 1286 2377 dc
1333 2323 1718 2391 Omnipotenlis

117 2422 224 2477 Dei
255 2419 626 2475 misericordia
651 2417 973 2478 dillidentes,
1023 2416 1165 2485 quod
1217 2424 1274 2469 et
1322 2415 1419 2469 tibi
1451 2416 1716 2484 condigna

119 2512 564 2581 recompensatio
595 2518 650 2565 et
708 2509 811 2563 illis
857 2509 1137 2578 repentina
1186 2507 1433 2564 confusio
1479 2516 1717 2563 mature-

119 2616 232 2662 ιω.
285 2607 508 2670 Verum,
558 2613 616 2658 ut
643 2603 921 2667 condecet,
979 2604 1335 2657 reverentiam
1381 2611 1484 2656 tuae
1525 2602 1719 2656 frater-

117 2697 315 2752 nitatis
343 2696 684 2750 laudabiliter
709 2695 1117 2765 amplectentes,
1155 2703 1210 2748 et
1235 2695 1438 2764 gratias
1485 2695 1716 2764 agimus,

113 2800 176 2845 et
227 2797 288 2843 ut
334 2790 388 2842 in
443 2789 582 2844 bono
635 2803 986 2858 perseverare
1033 2788 1402 2858 proliccrcque
1448 2789 1712 2852 decertes,

114 2880 420 2951 apostolica
452 2881 861 2935 mansuetudine
891 2881 1282 2948 deprecamur:
1334 2889 1602 2948 quatenus
1626 2879 1715 2949 qui

114 2973 178 3028 in
229 2975 336 3029 illis
383 2974 692 3044 regiouilus
740 2982 794 3028 et
843 2974 1127 3028 sanctitate
1159 2974 1443 3026 decoratus
1473 2981 1526 3025 ct
1557 2974 1714 3026 devo-

116 3070 272 3124 tione
321 3067 573 3136 pradatns
622 3082 721 3130 es,
752 3068 828 3120 sis
879 3067 1041 3120 etiam
1098 3073 1283 3119 contra
1341 3064 1710 3118 tortitudinem

116 3153 342 3224 regula,
389 3163 441 3207 et
473 3153 618 3207 sicut
671 3153 934 3206 hactenus
979 3151 1172 3205 fecisse
1201 3151 1471 3219 probaris,
1523 3160 1711 3204 contra

111 3241 368 3301 infelices
403 3245 654 3308 felicitas.
687 3254 740 3299 et
771 3252 957 3299 contra
992 3243 1204 3312 iniquos
1249 3243 1498 3310 aequitas,
1550 3251 1714 3310 atque

111 3332 214 3388 lux
241 3343 427 3389 contra
457 3336 741 3401 tenebras;
772 3335 951 3388 sciens
978 3332 1120 3387 illius
1141 3333 1230 3401 qui
1265 3333 1330 3384 de
1360 3331 1600 3386 tenebris
1621 3331 1713 3384 dat

109 3425 300 3483 lucem
329 3427 726 3496 splendescere,
773 3426 1023 3481 solatium
1079 3425 1234 3479 nobis
1273 3433 1328 3479 et
1355 3425 1506 3478 vobis
1553 3425 1713 3478 citius

113 3517 477 3583 adfuturum,
534 3528 588 3572 et
617 3519 779 3572 nimis
830 3518 918 3571 diu
967 3517 1178 3570 aﬂlictze
1225 3518 1425 3572 Christi
1462 3516 1713 3570 Ecclesia:

110 3611 553 3680 omnipotentem
617 3609 903 3664 Dominum
976 3609 1367 3663 consulturum.
1446 3609 1712 3662 Praeterea

110 3705 271 3778 quod
297 3704 362 3756 de
391 3702 678 3770 adiutorio,
729 3703 888 3756 sicuti
918 3713 972 3757 ct
1005 3704 1197 3772 ingens
1222 3703 1513 3756 necessitas
1540 3703 1715 3756 omni-

109 3793 306 3854 modis
332 3793 602 3863 postulat,
632 3810 660 3847 a
693 3794 847 3848 nobis
875 3793 1203 3848 conferendo
1231 3793 1495 3860 deposcis,
1531 3793 1630 3846 hoc
1661 3802 1715 3847 et

113 3905 224 3945 nos
260 3887 606 3954 meditamur,
640 3889 741 3942 hoc
775 3888 1022 3943 volumus
1047 3929 1060 3950 ,
1094 3896 1148 3940 ct
1172 3881 1352 3942 divina
1393 3886 1564 3956 gratia
1593 3902 1716 3956 pro-

118 3987 364 4051 tegente,
413 3980 523 4035 cito
557 3997 653 4035 nos
700 3981 991 4035 collatores
1048 3981 1394 4035 coulidinms:
1434 3981 1558 4048 quia
1602 3980 1714 4049 jam

118 4073 495 4132 calamitatem
543 4073 698 4129 nobis
755 4075 1028 4129 commissi
1058 4074 1237 4143 populi
1289 4074 1556 4128 sustinere
1611 4089 1714 4128 non

116 4181 449 4238 possumus;
488 4164 602 4234 jam
641 4167 1064 4222 devastationem
1107 4175 1266 4220 terra:
1292 4166 1447 4220 istius
1474 4167 1717 4234 aspicere

115 4276 236 4320 non
286 4259 614 4328 suliicimus;
663 4271 1000 4333 .tantumque
1053 4262 1312 4325 dolemus,
1367 4269 1424 4315 ut
1458 4261 1560 4315 dici
1609 4276 1715 4314 non

1326 187 1684 250 EPISTOLIE
1728 185 1815 244 ET
1860 187 2197 248 DECRETA.

109 320 416 376 revelatum
459 315 641 380 fuerit,
687 314 846 369 aliter
873 321 929 368 et
949 312 1312 380 dispensetur.
1347 305 1558 360 Etenim
1609 316 1705 355 nos
1739 303 1789 362 Α

3293 183 3410 244 ’110⁵

2529 301 2685 358 LVli.

2040 431 2106 469 AD
2145 429 2345 470 AJOXEM
2383 431 2674 471 EPISCOPUM
2715 425 3160 470 ΒΕΝΕἾΕΝΤΑΝΒΜ.

2426 509 2603 579 (Anno
2631 508 2782 578 877.)

1813 615 2180 673 Commendat
2210 638 2326 674 (’ltm
2378 621 2440 674 de
2479 619 2592 674 zelo
2638 638 2758 690 erga
2809 619 2980 674 sedem
3037 605 3410 690 apostolicam,"

1885 701 2052 743 monet
2104 701 2158 743 ut
2205 693 2303 743 sibi
2353 691 2652 760 ndjumento
2696 687 2772 744 sit
2815 694 2870 744 in‘
2917 687 3240 760 expellendis
3290 687 3413 744 Su-'

1885 777 2110 832 racems,
2142 777 2394 832 suumque
2424 762 2643 830 fratrem
2680 762 2747 816 ad
2780 763 2924 816 idem
2956 760 3256 831 iaciendum
3302 762 3404 818 im-

1883 831 2064 900 pellat.

1887 943 2347 998 Reverentissimo
2401 952 2455 998 et
2519 944 2865 1000 sanctissimo
2922 942 3082 1000 Amm
3149 944 3414 1014 episcOpo.

1814 1033 2212 1092 Beneventano.

1859 1128 2164 1199 -Susccptis
2200 1138 2362 1198 atque
2403 1129 2620 1184 relectis
2684 1129 2886 1186 litteris
2931 1131 3237 1187 sanctitatis
3276 1140 3416 1196 tua,

1815 1222 2017 1292 gratias
2058 1222 2416 1290 omnipotenti
2465 1223 2574 1276 Deo
2623 1223 2928 1288 retulimus,
2957 1235 3012 1279 et
3049 1240 3148 1294 pro
3177 1234 3281 1278 tua:
3308 1224 3402 1279 (ιθ-

1816 1315 2048 1368 votionis
2099 1303 2289 1369 allectat
2351 1330 2554 1384 proque
2605 1315 2969 1371 sollicitudine
3005 1333 3170 1386 quam
3222 1315 3402 1386 inqui-

1817 1408 1983 1461 rendo
2015 1409 2081 1462 dc
2108 1409 2306 1462 nostris
2335 1408 2616 1462 eventibus
2653 1409 2904 1473 habuisti,
2951 1408 3182 1462 multum
3215 1409 3269 1463 in
3300 1408 3407 1464 D0-

1818 1498 1963 1552 tuiuo
1986 1498 2238 1568 gratulati
2261 1515 2466 1553 sumus.
2494 1500 2660 1554 Decet.
2689 1499 2858 1563 enim,
2891 1509 2946 1556 et
2973 1500 3196 1556 omnino
3220 1515 3406 1555 coram

1817 1591 1992 1646 oculis
2041 1592 2237 1646 divina:
2286 1591 2584 1660 majestatis
2622 1601 2804 1646 exstat
2853 1594 3200 1658 conveniens,
3258 1602 3318 1647 ut
3354 1592 3411 1648 hi

1744 1662 1792 1722 Β
1821 1698 1956 1752 quos
2010 1683 2279 1738 ﬁdeliores
2334 1701 2461 1754 erga
2502 1697 2748 1742 sanctam
2789 1697 3019 1740 matrem
3062 1694 3409 1750 cunctorum,

1819 1775 2025 1831 scilicet
2051 1774 2374 1840 Rounanam,
2401 1777 2698 1833 Ecclesiatn
2747 1794 2872 1834 esse
2900 1777 3292 1846 conspicimus,
3317 1793 3413 1830 uo-

1819 1866 1949 1921 stris
1999 1865 2298 1930 ali'ectibus,
2336 1877 2392 1921 ct
2416 1869 2460 1922 si
2489 1885 2596 1924 non
2641 1885 2738 1939 per
2767 1883 2986 1938 corpus,
3013 1883 3111 1938 per
3152 1866 3406 1938 spiritum

1819 1959 2235 2028 amplectantur,
2290 1969 2344 2015 et
2397 1960 2639 2017 fraterna
2687 1963 2976 2018 dilectione
3026 1961 3178 2031 juxta
3217 1960 3415 2016 merita

1819 2049 2153 2118 singulorum
2191 2039 2510 2106 tractentur.
2539 2054 2616 2106 De
2643 2055 2744 2109 hoc
2773 2063 2954 2108 autem
3001 2053 3146 2122 quod
3180 2053 3411 2118 asscris,

1820 2152 1872 2194 te
1929 2141 1994 2195 de
2044 2151 2228 2196 nostra
2257 2145 2490 2199 sanitate
2547 2146 2738 2212 lzetari,
2777 2147 2921 2200 sicut
2950 2154 3007 2199 ct
3042 2145 3316 2199 contrario
3345 2144 3412 2199 de

1818 2235 2170 2303 oppressione
2221 2235 2617 2292 Saracenorum
2650 2239 2879 2301 tristari,
2915 2239 3120 2306 optime
3162 2236 3404 2306 quidem,

1818 2333 1877 2377 ut
1903 2325 1975 2378 ita
1998 2326 2247 2390 dixerim,
2278 2336 2539 2396 quantum
2573 2326 2704 2382 loris
2743 2336 2845 2392 est,
2877 2327 3090 2397 tangis;
3116 2326 3210 2380 sed
3237 2340 3412 2394 quan-

1822 2425 1930 2470 tum
1969 2417 2114 2470 intus
2141 2426 2246 2482 est,
2291 2417 2446 2486 juxta
2501 2419 2902 2474 tribulationem
2949 2435 3111 2488 quam
3147 2419 3409 2487 patimur,

1817 2523 1925 2562 non
1955 2509 2211 2563 advortis.
2253 2509 2532 2579 l’rzecipuc
2562 2527 2682 2566 cum
2725 2527 2822 2580 pro
2851 2510 3034 2580 populi
3079 2511 3236 2565 nobis
3259 2525 3410 2566 com-

1819 2600 1969 2653 missi
2001 2602 2300 2655 vastatione
2327 2602 2502 2655 solum
2535 2603 2689 2656 nobis
2717 2603 2960 2672 supersit
2988 2601 3318 2672 sepulcrum,
3350 2611 3422 2656 et.

1817 2705 1915 2758 pro
1944 2691 2026 2744 his
2049 2691 2140 2760 q’ui
2170 2693 2450 2746 nobiscum
2483 2703 2698 2748 certare
2741 2695 3062 2758 debuerant,
3095 2704 3150 2747 et
3187 2710 3294 2747 non
3321 2707 3410 2750 so-

1820 2779 1926 2832 lum
1967 2781 2200 2836 inimicis
2225 2782 2425 2836 Christi
2457 2783 2690 2848 faveant,
2725 2785 2820 2838 sed
2849 2785 3018 2838 etiam
3053 2793 3298 2838 nostrum
3333 2784 3412 2838 la-

1819 2871 2003 2925 borem
2051 2873 2362 2940 impediant,
2429 2873 2710 2930 immensis
2775 2877 3044 2947 angustiis
3097 2886 3411 2933 acstucmus.

1821 2964 1926 3019 Sed
1959 2967 2010 3018 in
2037 2967 2122 3020 his
2153 2983 2258 3020 non
2297 2967 2468 3021 solum
2497 2970 2652 3025 nobis
2676 2970 3019 3026 orationibus
3046 2985 3076 3025 a
3112 2971 3268 3028 vobis
3287 2973 3420 3026 sub-

1821 3057 1991 3110 veniri
2020 3074 2324 3127 precamur,
2356 3074 2542 3113 verum
2564 3061 2726 3114 etiam
2751 3077 2888 3130 quos
2918 3076 2949 3115 a
2998 3063 3271 3116 couununi
3310 3077 3408 3116 no-

1816 3158 1929 3203 stro
1955 3150 2256 3204 certamine
2283 3149 2498 3204 deviare
2528 3153 2832 3220 cognoscis,
2859 3164 2914 3206 et
2934 3154 3183 3222 exctnplo
3210 3155 3414 3224 operis,

1816 3250 1869 3294 et
1902 3240 2066 3294 verbo
2094 3241 2494 3309 praedicationis
2523 3258 2763 3306 revoces,
2804 3243 3174 3298 exhortamur.
3227 3245 3407 3302 Caete-

1816 3346 1934 3384 rum
1963 3329 2085 3384 licet
2111 3342 2292 3386 nostro
2322 3333 2501 3387 itineri
2527 3333 2828 3404 Neapolim,
2856 3335 3013 3388 nobis
3043 3351 3141 3404 pro
3171 3337 3410 3394 maxima

1816 3433 2014 3477 nostrae
2041 3423 2295 3478 Ecclesiae
2323 3427 2646 3482 necessitate
2669 3443 2840 3496 nuper
2863 3428 3274 3485 advenientibus
3302 3446 3418 3487 non

1814 3515 2128 3578 adlueseris,
2161 3525 2340 3572 tamen
2386 3519 2529 3586 quod
2569 3532 2663 3588 per
2711 3518 3057 3588 praesentiam
3087 3535 3192 3574 non
3229 3521 3418 3590 egisti.

1817 3626 1912 3678 per
1966 3613 2288 3678 absentiam,
2341 3615 2386 3668 si
2418 3614 2507 3668 ille
2556 3615 2705 3669 calor
2750 3615 2873 3670 ﬁdei
2900 3615 2954 3669 in
2992 3625 3042 3670 te
3071 3617 3217 3688 viget
3247 3634 3410 3687 quem

1816 3702 2111 3766 credimus,
2146 3719 2304 3773 agere
2329 3719 2553 3773 prorsus
2583 3706 2807 3760 valebis.
2836 3706 2982 3761 Bene
3009 3709 3154 3762 enim
3191 3719 3281 3764 tuo
3309 3711 3414 3764 mi~

1819 3795 2042 3849 nistcrio
2071 3797 2239 3860 cedis,
2293 3798 2336 3852 si
2363 3808 2417 3853 et
2448 3799 2685 3855 laborem
2733 3810 3000 3866 nostrum,
3054 3819 3213 3872 quem
3257 3804 3422 3860 valde

1818 3886 2023 3942 debiles
2076 3904 2306 3958 corpore
2362 3907 2460 3960 pro
2513 3891 2834 3946 iiiiel'llllt'llle
2889 3891 3186 3949 Christiani
3232 3895 3427 3965 populi

1819 3990 1946 4037 tunc
1983 3983 2400 4053 assumpsimus,
2440 3995 2743 4055 Opportune
2791 3987 3055 4053 advertis,
3093 4000 3150 4043 et
3191 3989 3418 4045 tribula-

1819 4073 2000 4138 tionis,
2044 4089 2207 4142 quam
2242 4074 2400 4128 modo
2430 4076 2688 4144 patimur,
2719 4090 2930 4130 memor
2952 4092 3170 4146 semper
3199 4078 3414 4135 existis.

1819 4161 1952 4215 Nam
1987 4178 2262 4232 nunquam
2291 4163 2577 4218 consilium
2609 4163 2795 4218 fratris
2825 4164 2899 4218 tui
2931 4178 3028 4234 per
3055 4166 3266 4235 aliquos
3296 4175 3416 4221 tan-

1819 4263 1934 4308 tum
1967 4253 2207 4308 subverti
2261 4253 2460 4322 potuit,
2508 4263 2776 4323 quantum
2826 4270 2922 4324 per
2967 4263 3072 4310 tute
3111 4256 3430 4313 sanctitatis.

111 4354 320 4426 possit,
367 4355 410 4410 si
444 4369 632 4410 omms
660 4366 810 4411 artus
835 4356 1006 4412 nostri
1039 4363 1320 4408 vertantur
1372 4354 1712 4424 inlinguam.
1744 4375 1796 4434 Β
1822 4347 2097 4406 solertiam
2148 4347 2522 4400 immutatione
2577 4347 2818 4401 dextera:
2862 4347 3071 4402 Excelsi
3099 4361 3206 4400 non
3248 4346 3430 4416 possit

115 4443 471 4514 Quapropter
493 4445 774 4510 vellemus,
799 4445 1057 4502 adhibito
1085 4445 1388 4510 sanctitatis
1435 4453 1538 4502 tua:
1583 4460 1715 4509 con-

111 4535 274 4602 snitu
301 4575 316 4604 ,
378 4539 688 4606 necessaria
743 4538 808 4592 ad
850 4551 1192 4592 communem
1247 4536 1600 4592 securitatem
1640 4551 1722 4590 ne-

120 4629 284 4700 5min.
302 4629 604 4696 praevidere
633 4647 644 4682 :
681 4628 856 4685 tamen
899 4639 1094 4697 praeter
1121 4628 1171 4680 id
1201 4629 1343 4698 quod
1389 4629 1457 4686 ad
1487 4645 1726 4701 praesens

123 4718 350 4787 diliicjle
377 4737 531 4789 posse
557 4720 670 4775 fieri
691 4761 709 4786 ,
741 4729 798 4774 ut
822 4719 894 4773 ita
926 4719 1241 4784 dixerimus,
1277 4721 1559 4789 cernitur;
1595 4737 1722 4777 cum

113 4809 369 4882 primum
399 4827 457 4876 se
491 4811 668 4878 nobis,
680 4825 838 4880 posse
882 4809 1194 4878 prmbuerit,
1227 4825 1559 4882 quanquam
1611 4813 1716 4866 im-

115 4902 398 4973 perialem
427 4905 726 4972 exercitum
776 4917 878 4960 nos
926 4902 1033 4955 cito
1094 4901 1378 4958 habituros
1411 4916 1720 4976 Speremus,

116 4995 280 5065 hanc
308 4994 472 5062 ipsam
505 4995 880 5060 necessitatem
911 4991 1177 5061 spirituali
1219 4991 1329 5054 lilio
1360 5006 1544 5052 nostro
1569 5006 1724 5048 sere-

114 5085 362 5159 __i;i-.simo
389 5104 599 5160 semper
627 5087 867 5157 Augusto
920 5100 1134 5142 rursum
1163 5085 1608 5156 signiﬁcabimns,
1669 5093 1726 5139 et

122 5187 187 5231 ut
221 5181 538 5247 quantocius
562 5161 722 5236 nobis
743 5177 948 5248 potenti
975 5176 1168 5232 virtute
1189 5175 1489 5246 subveniat,
1521 5173 1722 5235 humil-

123 5269 280 5325 limis
307 5271 550 5336 precibus
585 5269 1013 5326 exhnrtabimur.
1046 5267 1426 5332 Verumtamen
1454 5284 1620 5340 prope
1641 5272 1716 5318 est

1625 5355 1722 5398 Vn-

127 5359 389 5398 Dnminu:
419 5362 660 5398 nnnnilnn
688 5358 1038 5398 innatantibus
1093 5374 1206 5398 pum
1237 5359 1287 5398 in
1319 5363 1528 5398 «avitum

1791 4435 1796 4447 ³
1830 4439 2118 4498 convertit.
2143 4438 2242 4494 Eia
2269 4437 2452 4508 igitur,
2481 4438 2653 4494 frater
2677 4438 3018 4504 charissime,
3054 4437 3279 4508 accinge
3319 4438 3430 4508 epi-.

1827 4531 2124 4604 scopaliter
2142 4529 2350 4596 lumbos
2377 4536 2523 4596 tuos,
2549 4539 2600 4584 et
2619 4528 2927 4586 medullitus
2955 4530 3186 4594 fratrum
3215 4539 3429 4586 nostro-

1828 4637 1973 4686 rum,
2030 4627 2128 4690 pro
2165 4618 2364 4690 quibus
2403 4617 2660 4696 Christus
2695 4634 2856 4676 suum
2893 4621 3218 4692 sanguinem
3265 4619 3430 4687 fudit.

1826 4729 1988 4770 neces
2018 4725 2178 4785 atque
2200 4712 2344 4766 dictu
2369 4710 2701 4770 horrendam
2737 4711 3438 4783 captivitatemperpende,

1827 4815 1883 4878 et
1905 4808 2043 4862 insta
2073 4813 2379 4876 opportune,
2399 4805 2699 4880 importune
2724 4803 2806 4872 (11
2843 4807 2981 4864 Tim.
3011 4807 3079 4878 ι).
3106 4804 3446 4871 fratremque

1821 4897 1937 4968 jam
1975 4903 2177 4956 dictum
2209 4897 2471 4970 monitis,
2503 4906 2614 4961 imo
2637 4898 2813 4954 verbis
2842 4895 3230 4974 increpatoriis
3247 4896 3452 4954 either...

1827 4998 1968 5059 tare,
1996 5004 2054 5048 ut
2083 4999 2302 5046 nosn'os
2336 4989 2477 5057 pios
2512 4998 2734 5056 conatus
2758 5003 3043 5061 sequatur,
3080 4994 3139 5042 et
3168 4981 3450 5052 procuri-

1825 5083 2196 5142 stianisnoiiis
2247 5089 2625 5153 certauubus
2669 5087 3073 5149 opcmu-nmai,
3127 5072 3461 5129 voluntatem

1825 5180 2104 5242 extendat,
2132 5183 2188 5232 et
2216 5187 2354 5241 opus
2405 5187 2480 5239 te
2519 5159 2753 5246 instante
2794 5175 3032 5246 exiheat,
3062 5177 3120 5228 et
3148 5164 3467 5222 misereat»:

1825 5266 1989 5326 Deus.
2023 5267 2160 5338 Quid
2201 5261 2361 5318 nobis
2405 5270 2666 5340 proﬁcit
2712 5261 3079 5326 Christianum
3132 5250 3484 5317 vocabulum,

2548 5355 2837 5398 nummus?
2887 5358 3026 5398 nuta
3076 5346 3306 5398 nrodest
3331 5341 3490 5398 nobis

1826 5360 1871 5398 ei
1919 5377 2084 5398 nnnrn
2130 5355 2478 5398 (Ἰηνίςιίεηια
