4002 6296
472 266 574 326 m
1749 265 2035 326 JOANNIS
2071 267 2273 328 eam
2314 273 2428 331 vut
2467 229 2482 244 ’
2807 313 2812 318 .
3654 299 3776 355 η,

469 379 749 477 beneﬁciis
790 387 992 477 sanctae
1040 380 1300 477 Romanae
1346 377 1604 477 Ecclesiae
1662 382 1751 432 tua
1795 381 2056 477 sanctitas
2083 384 2131 443 A
2161 399 2297 448 ram,
2337 388 2491 458 cujus
2539 393 2695 450 vobis
2737 400 3094 462 necessitates
3146 405 3216 461 ab
3254 404 3392 477 ipso
3429 418 3634 466 vestra:
3666 427 3782 468 vo-

469 489 577 530 non
610 474 823 544 ingrata
851 473 1130 528 nobiscum
1170 471 1403 536 laboret,
1445 469 1721 526 nobiscum
1765 485 1863 540 pro
1887 472 2060 526 salute
2163 478 2396 534 cationis
2425 480 2580 538 initio
2608 495 2766 542 notas
2794 489 3040 556 fecimus,
3070 469 3314 560 liberate,
3360 514 3430 553 ne
3460 501 3504 553 si
3545 503 3774 568 perdita

469 569 652 641 populi
688 567 783 624 Dei
832 569 884 624 in
925 569 1028 623 illis
1071 568 1318 638 partibus
1365 568 1706 636 cooperatrix
1747 567 1965 632 existat,
2006 575 2062 622 et
2159 567 2345 637 fuerit,
2370 581 2609 629 vestrum
2636 578 2860 634 vilescat
2892 582 3206 652 imperium.
3247 597 3302 641 et
3332 597 3458 643 totae
3487 567 3778 648 Christia-

469 671 657 718 nostro
681 662 964 717 certamini
991 660 1197 725 favens,
1220 667 1422 714 sancta:
1441 659 1699 714 Romanae
1717 658 1971 713 Ecclesia:
1999 673 2059 714 se
2159 661 2316 716 nitati
2369 675 2627 721 noscatur
2677 669 3037 740 dispendium.
3097 676 3533 735 lteminiscimini
3595 683 3777 753 igitur

468 751 717 809 devotam
746 753 964 808 nomine
996 759 1053 808 et
1079 766 1245 822 opere
1271 767 1487 822 semper
1519 752 1792 806 exhibeat.
1844 749 1978 818 Quia
2012 750 2058 806 si

467 854 546 912 tu,
577 845 912 916 sicutpotes,
951 845 1243 916 peregeris,
1276 860 1375 900 nec
1407 845 1593 900 fratris
1621 845 1718 910 tui,
1753 859 1854 899 nec
1885 844 2059 900 alicu-

457 935 550 1006 jus
573 935 809 990 hominis
830 935 1054 1000 factum,
1082 944 1330 991 nostrum
1356 950 1490 1004 opus
1510 935 1766 1006 piumque
1791 934 2055 1001 laborem,

463 1027 684 1086 Christo
719 1029 964 1100 juvante,
1015 1028 1155 1099 apud
1212 1036 1477 1083 vestrates
1513 1043 1579 1082 ex
1624 1037 1735 1082 toto
1794 1027 2058 1098 dissipare

462 1118 660 1177 valebit
686 1137 701 1187 ;
747 1121 879 1192 quin
907 1120 1086 1192 potius
1124 1119 1517 1174 incrementum
1545 1131 1652 1189 per
1684 1116 1869 1174 Jesum
1901 1119 2059 1173 Chri-

462 1222 607 1270 stum
647 1213 934 1268 Dominum
990 1213 1241 1267 nostrum
1283 1211 1586 1282 angebitur,
1635 1219 1691 1264 et
1731 1209 1887 1266 labor
1930 1227 2057 1281 pro-

462 1305 636 1361 ficuus
699 1306 1001 1377 apparebit.
1042 1304 1176 1360 Data
1223 1305 1495 1361 Kalendas
1544 1304 1846 1374 Februarii,
1908 1306 2054 1362 indi-

461 1397 642 1454 ctione
677 1413 732 1454 ι.

1162 1506 1342 1563 LVIII.

741 1616 811 1657 ΔΙ)
838 1615 1084 1659 ολιιοιωί
1113 1616 1324 1658 (ΖΑιΝυΙί
1358 1614 1753 1656 IIIPEBATOBEI.

1074 1693 1252 1766 (Anno
1279 1692 1429 1764 877.)

2159 762 2379 823 propter
2428 755 2622 824 Deum,
2675 761 3127 830 rcminiscimini,
3176 768 3302 836 quia
3357 771 3530 825 multa
3562 786 3661 841 spe
3707 783 3774 828 et

2160 841 2356 933 fiducia
2391 845 2535 913 freti,
2583 849 2841 906 divinitus
2871 862 2933 924 .et
2964 854 3274 913 humanitus
3305 860 3374 913 ad
3406 861 3624 930 imperii
3652 879 3769 933 gu-

2156 931 2448 989 bernacula
2479 942 2836 1007 promerenda
2865 958 2962 1014 pro
2989 945 3145 1001 vobis
3189 949 3490 1004 certamina
3519 931 3773 1023 sumpsi—

2157 1038 2319 1091 mus,
2375 1028 2616 1100 nullique
2663 1031 2832 1090 labori
2883 1037 3244 1108 pepercimus.
3297 1039 3538 1112 Ideoque
3581 1044 3772 1101 vicem

2157 1117 2314 1171 nobis
2371 1122 2669 1189 rependite,
2735 1134 2795 1181 ut
2829 1138 3037 1198 speset
3076 1129 3230 1185 labor
3283 1141 3474 1189 noster
3527 1149 3638 1189 non
3689 1137 3772 1193 sit

2157 1205 2334 1262 inanis
2363 1208 2415 1264 in
2445 1210 2712 1281 Domino;
2743 1216 2868 1286 quia
2901 1233 3026 1273 cum
3053 1221 3166 1278 lucc
3181 1220 3351 1278 fuerit
3368 1239 3592 1296 semper
3613 1226 3770 1298 apud

2155 1314 2252 1354 vos
2280 1315 2487 1355 summa
2519 1314 2719 1360 nostra:
2745 1309 3038 1376 petitionis,
3071 1312 3118 1367 si
3155 1315 3387 1385 amplius
3415 1317 3582 1374 nobis
3605 1321 3769 1374 auxi-

2155 1389 2284 1444 lium
2318 1402 2553 1448 vestrum
2594 1396 3010 1467 subtraxeritis,
3053 1403 3108 1458 in
3148 1405 3590 1477 desperationem
3619 1410 3767 1480 lapsi

2154 1482 2490 1550 deﬁciemus,
2517 1496 2572 1542 et
2597 1486 2826 1546 forsitan
2855 1493 2907 1547 in
2936 1494 3083 1550 aliud
3118 1497 3422 1563 consilium,
3457 1503 3766 1571 resumptis

2151 1573 2500 1643 aliquantulis
2522 1577 2748 1646 viribus,
2774 1585 3087 1640 necessario
3118 1591 3593 1646 transcendemus.
3633 1591 3768 1649 Non

2153 1664 2296 1718 enim
2319 1706 2332 1728 ,
2364 1667 2504 1722 sicut
2530 1683 2626 1723 vos
2656 1669 2884 1727 forsitan
2912 1675 3219 1745 aestimatis,
3245 1679 3524 1736 mediocre
3547 1681 3766 1740 malum

2074 1757 2123 1817 B
2153 1762 2262 1810 tota
2318 1766 2500 1812 nostra
2557 1760 2800 1817 Ecclesia
2843 1766 3085 1833 patitur,
3139 1769 3378 1826 minimis
3423 1781 3605 1828 status
3643 1773 3764 1830 mi-

2148 1848 2378 1916 publicaa
2401 1851 2615 1905 damnis
2640 1851 2872 1908 afﬁcitur
2898 1873 2910 1908 :
2941 1857 3035 1911 sed
3066 1859 3174 1914 alia
3213 1860 3619 1920 Saracenorum
3660 1866 3758 1922 in-

2147 1941 2415 2005 cursibus,
2445 1943 2550 1997 alia
2585 1955 2764 2000 autem
2806 1947 3241 2007 Christianorum
3291 1954 3365 2008 ita
3405 1965 3536 2010 sunt
3565 1969 3759 2012 extor-

2147 2032 2347 2088 minata
2394 2043 2448 2090 et
2489 2036 2768 2095 devastata
2806 2044 3108 2114 tyrannide,
3164 2053 3223 2100 ut
3269 2063 3378 2104 non
3415 2058 3606 2104 nostra
3634 2051 3756 2105 sint

2147 2137 2267 2192 qua:
2323 2135 2507 2180 nostra
2537 2126 2798 2184 fuerunt:
2830 2132 2961 2202 quin
2988 2133 3168 2202 potius
3200 2135 3317 2191 solo
3354 2139 3578 2194 nomine
3626 2154 3756 2195 om-

2145 2213 2304 2270 nibus
2331 2215 2435 2271 illis
2482 2227 2718 2286 utamur,
2766 2231 2820 2276 et
2859 2222 2944 2278 vel
2995 2225 3063 2278 ad
3116 2224 3485 2282 defensionem
3525 2229 3753 2299 patria,

2146 2310 2228 2366 vel
2269 2312 2335 2365 ad
2373 2313 2608 2383 aliquam
2636 2317 2922 2373 utilitatem
2951 2328 3154 2374 nostra:
3181 2321 3459 2387 Ecclesiae,
3485 2337 3755 2392 quorum-

2144 2406 2274 2461 libet
2301 2407 2490 2462 solatia
2529 2425 2802 2480 nunquatu
2858 2413 3213 2470 inveniamus.
3249 2413 3530 2484 Pracipue
3557 2423 3757 2471 anm

2144 2499 2321 2564 multi,
2360 2516 2496 2570 quos
2525 2512 2703 2558 vestra
2731 2519 2835 2559 non
2862 2504 3075 2574 ignorat
3103 2505 3379 2576 maiestas,
3427 2521 3536 2561 non
3563 2505 3756 2562 solm

2144 2590 2289 2644 nulla
2321 2592 2478 2646 nobis
2507 2593 2699 2648 solatia
2731 2593 3040 2660 conferunt,
3071 2611 3258 2650 verum
3284 2597 3445 2651 etiam
3470 2595 3758 2666 quidquid

2143 2681 2416 2736 residuum
2454 2691 2538 2738 est
2566 2699 2595 2736 a
2632 2686 2878 2754 paganis,
2911 2686 3349 2756 impraetermisse
3373 2687 3756 2758 subtrahunt.

2142 2781 2199 2827 et
2227 2787 2444 2828 omnem
2487 2783 2726 2828 nostram
2767 2777 3175 2846 diSpositionem
3228 2777 3282 2831 in
3321 2776 3602 2833 territorio
3629 2777 3756 2833 Ro-

2142 2879 2304 2920 mano
2339 2865 2453 2921 suis
2500 2867 2768 2922 violentiis
2796 2867 3042 2934 calcant;
3091 2870 3226 2924 adeo
3255 2877 3436 2924 utnec
3474 2868 3754 2923 vicinalia

449 2977 538 3022 tur
558 2965 814 3022 citissime
837 2963 1120 3026 sanitates,
1149 2959 1243 3014 sed
1267 2960 1487 3013 omnino
1519 2957 1876 3028 nequivimus.
1902 2956 2042 3011 Hinc
2141 2971 2242 3012 nec
2262 2957 2368 3011 ulla
2394 2958 2762 3028 quadrupedia
2793 2959 2849 3014 in
2880 2959 3130 3014 omnibus
3160 2960 3362 3015 nostris
3387 2969 3753 3026 remaneant,

449 3061 644 3126 fateor,
679 3059 751 3114 lili
779 3056 1118 3122 charissime,
1168 3063 1314 3108 tanta
1362 3069 1459 3123 per
1487 3061 1774 3120 utrumque
1805 3049 1908 3103 iter
1938 3050 2037 3103 im-
2065 3110 2107 3126 η
2141 3063 2242 3103 nec
2269 3049 2434 3102 ullum
2475 3050 2567 3118 qui
2612 3051 2766 3104 nobis
2815 3051 3200 3120 compatiatur,
3232 3050 3316 3105 vel
3370 3060 3590 3106 nostros
3617 3052 3755 3106 sin-

447 3110 754 3226 pedimenta
799 3152 1079 3207 timuimus
1105 3190 1120 3216 ,
1174 3159 1436 3218 quantum
1469 3156 1524 3201 et
1567 3161 1662 3216 per
1702 3161 1939 3216 paganos
1979 3110 2108 3200 etc
2138 3138 2318 3209 gultus
2366 3147 2460 3194 aut
2487 3141 2719 3209 gemitus
2757 3141 2976 3206 doleat,
3035 3141 3175 3197 oculi
3217 3142 3386 3196 nostri
3437 3143 3747 3211 aspiciant.

446 3262 544 3320 per
589 3248 800 3316 iniquos
842 3244 1202 3306 Christianos,
1244 3242 1361 3296 sine
1393 3249 1640 3310 respectu
1671 3239 1835 3293 divini
1873 3239 2037 3293 timo-
2139 3232 2243 3287 Sed
2271 3232 2397 3300 quia
2447 3241 2596 3288 tanto
2644 3233 2956 3302 imperatori
2992 3249 3160 3303 pauca
3215 3234 3504 3298 sulliciunt,
3554 3244 3610 3289 et
3667 3251 3753 3291 ex

447 3342 544 3404 ris,
601 3339 845 3412 generari
879 3337 1038 3401 mala,
1071 3351 1192 3405 qua:
1240 3343 1373 3388 atlas
1415 3342 1596 3388 nostra
1629 3349 1734 3388 non
1767 3332 2032 3398 meminit,
2138 3324 2255 3379 istis
2279 3325 2416 3394 iam,
2461 3323 2534 3378 Illi
2574 3324 2918 3390 cltarissime,
2967 3342 3087 3396 quae
3119 3341 3216 3380 nos
3268 3342 3378 3396 pra:
3415 3327 3623 3398 gemitu
3685 3333 3758 3383 et

445 3437 808 3510 deploramus.
839 3436 1011 3490 Tanta
1038 3434 1182 3487 enim
1206 3439 1351 3494 sunt,
1383 3439 1441 3485 ut
1468 3432 1606 3500 intra
1639 3431 1836 3486 moenia
1877 3430 2036 3486 Urbis

2150 3414 2428 3472 illlictionc
2465 3417 2648 3472 cordis
2687 3418 2833 3488 loqui
2863 3434 2971 3474 non
2998 3433 3306 3487 possumus,
3345 3418 3597 3472 universa
3621 3418 3756 3475 alia

445 3506 688 3598 reliquiae
713 3525 891 3596 populi
926 3525 1269 3580 innumerata
1312 3531 1629 3593 paupertate
1676 3521 1881 3578 allectat
1906 3540 2036 3579 con-
2137 3512 2498 3580 εοεηοευθιίδ»
2534 3511 2687 3582 quasi
2721 3512 2884 3566 humo
2912 3510 3165 3580 Ιποδινδίί
3210 3520 3436 3565 νθειπδηῖ
3464 3510 3757 3581 ωειειιὶῐί-

444 3625 661 3687 sistant,
701 3628 754 3675 et
779 3620 1032 3674 omnibus
1081 3617 1379 3672 forinsecus
1422 3617 1716 3671 devastatis
1770 3633 1833 3672 ac
1865 3617 1917 3672 in
1942 3632 2033 3672 so-
2135 3604 2368 3661 centiam
2420 3605 2804 3675 deprecamur.
2843 3613 2899 3658 et
2929 3619 3025 3673 per
3063 3602 3301 3658 futurum
3325 3601 3584 3672 iudicium
3615 3603 3752 3658 de-

445 3716 728 3772 litudinem
774 3712 1028 3776 redactis,
1069 3709 1333 3778 nibiljam
1364 3718 1530 3764 restet
1553 3710 1678 3775 nisi,
1728 3710 1869 3779 quod
1894 3711 2034 3767 Deus
2134 3704 2444 3766 Precamesi
2492 3711 2615 3751 cum
2647 3703 2755 3749 ιοι³
2801 3704 2984 3749 ¹¹⁰⁸ίτ³
3034 3693 3276 3748 Εθοίθείδ
3314 3699 3482 3746 *θειτο
3509 3691 3752 3748 ἀίνίηί·

445 3814 675 3871 avertat,
719 3805 888 3876 ipsius
916 3803 1076 3859 Urbis
1106 3802 1398 3858 excidium.
1429 3801 1534 3856 Sed
1561 3809 1618 3855 et
1648 3810 1908 3871 quantum
1935 3818 2032 3859 nos

2150 3801 2222 3841 .us
2249 3795 2493 3857 protecta
2525 3786 2751 3855 imperio
2788 3783 2914 3840 totis
2935 3783 3143 3853 viribus
3171 3781 3521 3854 suggerimus,
3547 3782 3752 3839 vctis-

441 3897 551 3953 Leo
593 3894 918 3950 venerabilis
949 3894 1254 3964 episcopus,
1300 3891 1690 3962 apocrisiarius
1740 3901 1795 3946 et
1838 3877 2035 3950 missus

2150 3891 2238 3948 lue
2272 3877 2602 3947 supplicibus
2649 3890 2837 3946 preces
2860 3873 3057 3928 multas
3107 3871 3446 3934 effundimus,
3493 3881 3552 3925 ut
3590 3886 3750 3927 con-

440 3998 642 4046 sancuc
681 3986 938 4040 Romana:
966 3983 1236 4045 Ecclesia),
1270 3982 1573 4037 communis
1600 3998 1813 4052 quoque
1841 3982 2030 4049 fidelis,
2134 3973 2276 4026 ῐτίιω
2338 3979 2394 4027 ει
2443 3971 2592 4027 omni
2649 3969 2883 4024 humano
2931 3967 3125 4023 δοιίιιίο
3190 3966 3455 4022 desum”?
3522 3975 3750 4021 επακ

441 4095 475 4136 a
497 4087 681 4135 vestro
707 4075 930 4132 servitio
958 4074 1188 4136 rediens,
1224 4073 1290 4127 de
1313 4074 1416 4128 hoc
1445 4073 1587 4142 quod
1634 4089 1664 4127 a
1697 4075 1848 4130 vobis
1891 4083 2034 4128 retu-
2136 4065 2295 4120 man
2344 4072 2534 4118 νοδιΐιιὶ
2581 4063 2835 4117 Romam?
2869 4059 3122 4116 Εοείεείίθ
3147 4057 3539 4120 ἀθίθηδίθηθωο
3573 4058 3748 4113 δεδίο

439 4169 527 4236 Iit,
553 4178 678 4240 post
707 4184 766 4223 se
792 4177 1030 4223 vestrum
1073 4165 1370 4220 exercitum
1394 4174 1582 4220 contra
1609 4166 1887 4237 Agarenos
1915 4182 2034 4223 esse
2138 4167 2355 4228 tamque
2409 4158 2686 4210 tuitionem
2714 4196 2730 4221 ,
2782 4156 2996 4210 cunctis
3047 4153 3266 4208 remotis
3318 4151 3745 4218 occasionibus,

443 4259 791 4324 mittendum,
822 4258 1208 4321 ltetiticaverat,
1245 4264 1450 4309 tantum
1478 4256 1756 4327 hucusque
1785 4257 2031 4312 eumdem
2135 4250 2449 4320 cunctisque
2474 4249 2691 4304 omissis
2721 4248 3091 4311 dilationibus,
3131 4245 3456 4300 omnimodis
3481 4244 3748 4313 ρηεὺως

442 4353 601 4410 nobis
629 4351 1089 4422 exSpectantibus,
1139 4350 1284 4418 quod
1335 4349 1610 4403 consecuti
1666 4365 1769 4404 non
1824 4366 2026 4414 sumus,
2139 4343 2238 4398 lis:
2267 4342 2391 4412 quia
2429 4356 2550 4396 cum
2595 4337 2708 4407 iam
2732 4338 2888 4408 juxta
2939 4338 3294 4409 praecipitium
3333 4336 3745 4404 consistamus,

439 4447 671 4504 validior
723 4459 926 4499 mceror
952 4453 1006 4498 et
1038 4441 1326 4497 inell‘abilis
1362 4439 1611 4510 angustia
1662 4443 2025 4509 contristavit,
2058 4473 2110 4532 Β
2137 4435 2238 4491 nisi
2289 4452 2448 4490 manu
2476 4444 2670 4488 vestra:
2699 4431 3047 4495 defensionis,
3082 4439 3137 4486 et
3171 4431 3498 4501 necessariis
3542 4432 3743 4496 nobis,

441 4543 566 4612 quia
620 4549 730 4595 tota
778 4537 1070 4608 Campania
1103 4537 1170 4590 ab
1207 4537 1337 4606 ipsis
1384 4536 1494 4590 Deo
1527 4535 1815 4590 odibilibus
1869 4536 2030 4592 Sara-
2058 4525 2101 4532 ⁷
2137 4529 2278 4583 sicut
2306 4528 2684 4598 prannisimus,
2731 4526 2838 4580 imo
2868 4525 3063 4595 saepius
3093 4525 3452 4586 exoravimus,
3484 4533 3748 4593 quanto-

439 4630 594 4686 cenis
630 4629 866 4683 funditus
909 4629 1202 4692 devastata,
1248 4626 1358 4694 jam
1391 4625 1608 4680 fluvium
1649 4625 1740 4695 qui
1775 4641 1806 4678 a
1839 4624 2030 4681 Tibur—
2135 4622 2253 4676 cius
2297 4622 2491 4691 Opibus
2543 4619 2830 4676 subvenire
2857 4615 3204 4682 studueritis,
3235 4629 3329 4686 spe
3355 4614 3573 4670 vivendi
3627 4631 3749 4686 per

441 4720 553 4775 tina
585 4719 717 4772 urbe
749 4719 972 4774 Romam
1003 4717 1258 4781 decurrit,
1293 4715 1474 4770 furtim
1508 4725 1806 4780 transeunt,
1837 4726 1890 4772 ct
1918 4727 2027 4772 tam
2133 4714 2474 4771 Christianos
2509 4712 2716 4767 sublata
2743 4751 2758 4776 ,
2799 4721 2891 4765 aut
2929 4710 3059 4782 ipsis
3093 4708 3316 4780 paganis
3344 4705 3746 4777 subjiciemnr,

440 4808 674 4866 Sabinos
698 4823 862 4876 quam
900 4809 1000 4862 sibi
1042 4805 1346 4877 adjacentia
1374 4807 1487 4861 loca
1520 4808 1852 4877 praedantur.
1889 4808 2026 4863 San-
2133 4815 2244 4870 aut,
2284 4805 2426 4876 quod
2457 4812 2668 4859 avertat
2695 4802 2874 4856 divina
2904 4801 3163 4872 potentia,
3195 4798 3263 4854 ab
3307 4813 3497 4854 eorum
3543 4801 3746 4855 multi~

438 4886 651 4959 etorum
702 4914 917 4967 quoque
966 4897 1220 4952 basilicas
1268 4905 1323 4950 ct
1376 4897 1566 4951 altaria
1617 4899 2021 4966 destruxcrunt,
2132 4899 2317 4954 tudine
2355 4897 2517 4960 victi,
2577 4895 2642 4950 ad
2690 4911 2906 4950 omnem
2955 4893 3372 4951 Christianitatis
3433 4891 3744 4952 interitum

437 4992 754 5052 sacerdotes
787 4999 841 5046 et
871 4989 1330 5052 sanctimonialcs,
1368 4988 1501 5043 alios
1535 4990 1751 5060 quidem
1784 4992 2025 5060 captivos
2133 4993 2337 5051 crudeli
2380 5008 2513 5048 nece
2541 4993 2839 5063 peribimus
2861 5033 2876 5057 ,
2913 5008 2974 5047 ac
3005 5007 3102 5061 per
3132 4993 3236 5048 hoc
3270 5001 3324 5048 et
3369 4991 3572 5046 CbrESti
3616 5010 3742 5049 no—

441 5087 734 5150 duxcrunt,
783 5084 918 5138 alios
959 5092 1138 5137 autem
1185 5080 1348 5135 variis
1375 5082 1642 5136 mortibus
1673 5094 2022 5151 necaverunt,
2131 5104 2254 5144 men
2284 5088 2338 5142 in
2363 5087 2614 5158 gentibus
2643 5085 3120 5157 blasphemabitur,
3152 5094 3208 5140 et
3231 5094 3419 5140 vestrm
3443 5085 3743 5154 opinionis

440 5182 494 5230 et
519 5192 734 5232 omnem
760 5175 963 5231 Christi
1001 5174 1261 5245 sanguine
1304 5174 1637 5243 redemptum
1669 5175 1920 5245 populum
1967 5176 2023 5232 in
2130 5188 2254 5232 ante
2287 5187 2408 5232 acta
2446 5178 2621 5234 studia
2660 5177 2914 5232 oblivioni
2943 5176 3238 5232 trademur.
3267 5175 3433 5246 Hujus
3469 5179 3550 5230 rei
3587 5193 3744 5248 gra-

439 5265 668 5323 circuitu
717 5266 1053 5322 deleverunt.
1105 5265 1169 5320 Et
1198 5263 1326 5335 quid
1370 5264 1591 5322 dicam?
1637 5277 1730 5321 aut
1764 5269 1892 5337 quid
1937 5268 2019 5324 lo-
2056 5334 2063 5341 _
2129 5267 2224 5332 tia,
2255 5268 2396 5323 sicut
2418 5283 2579 5340 supra
2605 5268 2966 5331 meminimus,
2996 5278 3356 5338 opportunum
3386 5268 3740 5339 adiutorium

436 5359 617 5428 quer?
669 5373 793 5414 cum
843 5357 1151 5429 pervenerit
1195 5355 1403 5427 gladius
1453 5372 1622 5427 usque
1664 5359 1731 5412 ad
1759 5360 2015 5427 animam,
2127 5357 2482 5423 conferentes,
2533 5360 2688 5414 nobis
2725 5368 2965 5414 vestrum
3012 5361 3312 5416 exercitum
3358 5361 3423 5416 ad
3453 5359 3741 5419 hostilem

436 5457 493 5505 et
519 5449 735 5520 sanguis
762 5449 1001 5503 omnium
1029 5448 1095 5502 dc
1137 5455 1277 5502 terra
1307 5446 1504 5502 clamet
1534 5446 1599 5500 ad
1636 5449 1822 5503 Deum.
1856 5449 2016 5520 Ergo,
2122 5451 2517 5519 expeditionem
2569 5452 3030 5520 promptissimum
3097 5453 3364 5507 destinate
3391 5493 3405 5517 ,
3462 5453 3740 5526 aliosqua

436 5541 930 5609 prmcellentissime
975 5539 1281 5603 Caesarum,
1327 5537 1550 5610 jamjam
1581 5549 1777 5595 nostra:
1802 5542 2021 5595 calami-
2125 5540 2291 5595 Deum
2348 5558 2442 5611 per
2490 5542 2669 5596 omnia
2735 5542 3015 5612 diligentes
3064 5544 3278 5608 missos,
3327 5545 3418 5614 qui
3450 5544 3736 5606 vitiorum

437 5632 532 5683 tati
557 5629 877 5695 succurrite,
900 5629 1227 5703 jam‘populi
1260 5630 1430 5685 nostri
1465 5630 1710 5684 miserias
1759 5631 2016 5698 relevate,
2121 5631 2367 5687 flammas
2420 5633 2645 5702 justitia:
2704 5634 2920 5688 tramite
2977 5635 3057 5689 usi
3099 5643 3481 5706 compescant,
3539 5638 3734 5695 nimia

431 5717 542 5790 iam
569 5720 1046 5792 vestrae-potentia:
1082 5737 1299 5804 manum
1339 5721 1621 5794 porrigite,
1669 5729 1723 5778 et
1752 5721 1893 5779 hanc
1917 5731 2018 5780 ter-
2120 5723 2396 5780 celcritate
2427 5723 2682 5796 dirigite:
2726 5734 2994 5799 quatenus
3021 5725 3113 5797 qui
3137 5726 3436 5786 innumeris
3477 5726 3733 5784 tributa.

459 1811 687 1884 Propter
728 1811 1055 1884 imminentia
1081 1821 1188 1884 tum
1212 1827 1244 1884 ᾳ
1272 1808 1570 1884 Saracenis,
1618 1819 1725 1884 tum
1771 1807 2047 1884 aquibus-

475 1886 477 1888 ’
528 1873 653 1938 dom
703 1883 1040 1945 Christianis,
1090 1873 1398 1950 'g'ruvissima
1432 1873 1682 1948 pericula,
1733 1873 1883 1933 eniie
1923 1881 2048 1947 petit

529 1965 584 2008 ut
610 1955 867 2024 promissa
895 1953 1105 2024 auxilio
1127 1952 1510 2021 quamprimum
1551 1950 1720 2024 mittat
1748 1989 1762 2015 ,
1811 1961 1857 2004 et
1883 1950 2044 2004 desti-

529 2021 680 2081 natos
707 2041 768 2078 ea
789 2025 854 2078 de
883 2040 1045 2078 causa
1088 2021 1283 2092 legatos
1313 2021 1659 2074 commendat.

525 2144 758 2200 Joannes
785 2141 1070 2212 episcopus
1104 2137 1321 2194 CAIIOLO
1357 2136 1691 2207 imperatori.

527 2234 660 2290 Cum
709 2248 806 2287 nos
847 2233 900 2286 in
954 2228 1342 2286 ecclesiasticis
1391 2228 1538 2282 curis
1572 2226 1827 2281 instantia
1862 2226 2042 2296 quoti-

354 2301 366 2312 I
455 2325 613 2380 diana
642 2325 1038 2394 constringeret
1062 2362 1076 2386 ,
1109 2330 1163 2374 et
1192 2320 1318 2374 hinc
1342 2319 1466 2372 inde
1497 2318 1674 2388 populi
1716 2317 1870 2372 nobis
1899 2334 2044 2372 com-

453 2417 605 2472 missi
646 2415 934 2470 continuus
983 2413 1159 2476 dolor,
1203 2411 1295 2482 qui
1329 2422 1523 2465 cuncta
1565 2420 1750 2464 nostra
1781 2410 2043 2464 interiora

450 2509 701 2583 perculit,
733 2506 1096 2578 perturbaret,
1127 2505 1274 2566 illud,
1306 2514 1364 2556 ut
1389 2503 1460 2556 ita
1486 2503 1735 2565 dixerim,
1771 2502 1912 2555 inter
1939 2501 2042 2555 alia

448 2601 716 2665 ﬂevimus,
761 2598 904 2670 quod
941 2613 1086 2652 nunc
1117 2612 1286 2666 usque
1341 2604 1450 2648 tam
1485 2610 1578 2663 per
1627 2603 1826 2649 terram
1877 2608 2041 2663 quam

449 2703 508 2751 et
541 2691 758 2762 navigio
786 2689 852 2743 ad
879 2703 977 2743 vos
1011 2695 1256 2741 nostrum
1309 2686 1534 2740 missum
1565 2684 1798 2755 dirigere
1827 2698 2040 2738 smmno

448 2781 877 2841 desideravimus
901 2779 1078 2834 studio
1105 2818 1118 2841 ,
1152 2788 1209 2831 ut
1240 2777 1395 2832 nobis
1424 2783 1660 2830 vestram
1713 2775 2044 2844 prosperita-

452 2885 558 2931 tem
585 2873 1017 2930 desiderantibus
1047 2878 1102 2923 et
1134 2868 1294 2922 anxie
1317 2867 1626 2921 sitientibus
1659 2866 2039 2919 renuntiaren-
