4002 6296
215 327 334 394 ’113

1426 331 1778 395 ΕΡΙδΤΟΙπΕ
1815 334 1900 390 ΕΤ
1936 335 2272 394 DECRETA.

3363 337 3467 396 714

218 447 463 504 tionibus
489 445 762 516 quatimur
785 459 847 501 ac
871 445 1180 511 aestuamus,
1206 455 1260 501 et
1287 461 1385 516 pro
1406 449 1584 518 populi
1638 448 1792 502 nobis
1819 449 1868 506 A
1893 458 2122 514 avertat,
2152 447 2450 518 proveniat,
2473 461 2688 503 manum
2711 462 2820 502 sua:
2846 445 3172 502 defensionis
3196 445 3468 510 exhibeat,

217 540 501 598 commissi
533 538 768 593 miseriis
819 533 1146 602 cruciamur,
1197 539 1394 593 vestris
1423 538 1799 593 consolationi-

216 630 324 686 bus
363 629 552 684 refecti
604 628 862 690 laetemur,
907 635 963 681 et
1004 641 1100 695 per
1125 641 1223 681 vos
1266 625 1648 695 tranquillitate
1672 641 1800 695 per-

216 727 405 788 cepta,
435 725 675 786 optatam
707 715 1028 779 libertatem,
1059 715 1199 769 sicut
1235 715 1406 778 decet,
1441 729 1537 784 per
1568 724 1674 769 tam
1713 716 1802 770 be-

218 810 444 876 nignum
471 809 851 877 imperatorem
880 807 1137 875 consequi
1168 821 1490 860 mereamur.
1523 805 1799 861 Postremo

215 898 610 953 sublimitatem
664 907 896 950 vestram
950 895 1289 964 deposcimus
1335 905 1394 950 ut
1418 895 1617 950 latores
1665 911 1798 965 pne-

216 987 479 1050 sentium,
517 985 736 1039 Petrum
775 983 981 1038 scilicet
1021 991 1181 1052 atque
1206 981 1424 1038 Petrum
1460 983 1798 1039 venerabiles

215 1077 500 1145 episcopos
527 1115 544 1137 ,
609 1074 804 1129 missos
863 1072 1172 1142 apostolica:
1229 1072 1416 1136 sedis,
1476 1082 1798 1142 nostrosque

215 1168 446 1225 dilectos
469 1209 484 1232 ,
511 1166 662 1236 juxta
690 1182 895 1222 morem
931 1168 1158 1237 benigne
1186 1182 1250 1222 ac
1278 1167 1500 1237 paciﬁce
1523 1168 1795 1238 suscipere

215 1275 324 1316 non
376 1259 758 1329 dedignemini,
810 1266 869 1313 et
912 1274 974 1313 ea
1017 1273 1139 1328 quae
1187 1258 1290 1328 piis
1340 1258 1532 1313 vestris
1576 1258 1796 1314 auribus

212 1365 315 1420 pro
349 1349 582 1403 utilitate
628 1355 830 1402 sancta:
865 1345 1118 1402 Romana:
1139 1346 1395 1401 Ecclesiae
1422 1347 1475 1400 in
1503 1356 1792 1416 conspectu

213 1450 400 1495 vestro
432 1439 732 1504 retulerint,
781 1439 848 1492 ad
876 1451 1169 1508 congruum
1199 1451 1261 1490 ac
1286 1445 1645 1504 opportunum
1671 1435 1795 1490 εσθ-

213 1539 361 1584 ctum
394 1528 690 1597 pervenire,
734 1541 835 1597 pro
859 1525 1062 1581 sanctis
1110 1523 1364 1593 apostolis
1392 1524 1588 1578 vestris
1628 1525 1794 1578 inter.

212 1617 526 1672 cesseribus
581 1615 721 1684 apud
784 1617 988 1676 Deum;
1039 1613 1289 1668 celeriter
1333 1611 1608 1666 studeatis.
1657 1610 1790 1665 Data

210 1705 559 1776 quartoldus
588 1703 930 1769 Februarias,
964 1701 1254 1757 indictione
1279 1699 1508 1757 decima.

932 1812 1066 1870 LIX.

654 1921 723 1962 AD
760 1919 1034 1961 atomum
1073 1917 1370 1960 AUGUSTAII.

823 1998 1002 2068 (Anno
1028 1995 1180 2067 877.)

211 2086 285 2145 Ut
329 2088 692 2158 imperatorem
734 2084 1006 2158 conjuge»:
1043 2100 1196 2158 suum
1231 2082 1310 2158 ad
1351 2097 1492 2154 operit
1537 2079 1787 2136 Ecclesta:

531 2154 911 2226 quamprimum
931 2154 1198 2223 ferendam
1221 2155 1472 2206 hortetur.

231 2249 517 2306 «Joannes
539 2249 822 2317 episcopus
845 2245 1092 2299 [tremuit
1116 2245 1389 2314 Augustas.

281 2341 452 2395 Ilulto
479 2338 825 2408 peractojam
856 2347 1114 2404 tempore,
1145 2343 1254 2387 tam
1278 2334 1342 2387 ad
1369 2330 1666 2402 spiritualis
1689 2329 1783 2386 lilii

207 2430 388 2486 nostri
407 2427 633 2498 Augusti
661 2441 822 2496 quam
849 2424 918 2478 ad
941 2433 1176 2480 vestram
1204 2423 1532 2478 invisendam
1553 2420 1784 2476 clemen-

209 2522 346 2573 tiam
381 2519 575 2571 missos
605 2514 908 2586 apostolicae
955 2512 1100 2568 sedis
1144 2512 1416 2566 destinare
1459 2508 1783 2564 desideravi-

208 2623 337 2663 mus
367 2646 384 2671 ,
410 2615 676 2676 quatenus
720 2614 776 2659 et
799 2603 867 2658 de
915 2603 1196 2672 utriusque
1241 2600 1498 2669 sospitate
1548 2597 1783 2652 laetiores

207 2701 579 2763 etiiceremur,
627 2706 683 2752 et
734 2696 892 2752 nobis
936 2695 1273 2757 commissae,
1318 2701 1518 2746 sanctae
1575 2690 1784 2747 scilicet

207 2789 404 2845 matris
439 2797 656 2852 vestrae,
686 2785 940 2840 Romana:
963 2783 1216 2839 Ecclesia:
1257 2781 1592 2837 calamitates
1618 2790 1781 2850 atque

206 2878 611 2949 eppmssiones,
640 2891 775 2945 quas
801 2890 834 2929 a
859 2874 1182 2930 Christianis
1204 2881 1260 2927 et
1285 2873 1353 2926 ab
1385 2871 1584 2954 iniquis
1613 2885 1778 2940 paga-

208 2971 301 3024 nis
354 2968 471 3023 sine
527 2969 825 3022 cessatione
857 2965 1116 3034 patimur,
1165 2963 1235 3017 ad
1271 2961 1582 3016 memoriam
1622 2961 1778 3016 redu-

205 3067 416 3122 centes,
454 3058 522 3112 ab
565 3057 753 3112 eodem
797 3055 1036 3122 Augusto
1072 3052 1503 3120 consolationem
1534 3061 1590 3106 et
1623 3062 1776 3120 opta-

1897 546 1953 590 et
1991 537 2130 592 hanc
2159 547 2376 602 terram,
2408 552 2528 606 quae
2554 537 2636 590 sui
2665 536 2872 607 imperii
2899 547 3062 606 caput
3087 544 3190 599 est,
3217 535 3286 590 ad
3317 533 3473 590 liber.

1899 634 2065 680 tatem
2097 627 2334 698 reducat,
2363 643 2430 681 ne
2459 627 2670 697 quando
2697 627 2877 682 dicant
2905 636 3112 697 gentes,
3142 626 3232 680 ubi
3260 635 3343 680 est
3366 625 3472 680 im-

1895 725 2110 786 perator
2139 717 2322 771 illius?
2348 717 2618 785 Quatenus
2645 728 2700 772 et
2723 719 2877 773 nobis
2904 733 3028 788 spes
3065 715 3349 780 evadendi,
3383 716 3468 773 vi~

1896 805 2161 874 vendique
2184 813 2478 870 remaneat,
2493 816 2547 860 et
2567 806 2875 876 priusquam
2898 806 3070 862 hiems
3090 805 3172 861 vel
3191 820 3283 860 ver
3298 814 3470 862 trans-

1895 901 2002 956 eat,
2033 902 2220 948 contra
2265 895 2477 949 eosdem
2509 909 2746 965 paganos
2774 895 2959 950 Romae
2994 897 3103 950 siut
3134 895 3276 951 illius
3303 908 3462 952 eser-

1894 987 2032 1041 eitus
2059 995 2352 1056 praeparata
2381 987 2634 1042 subsidia.
2652 989 2902 1060 Alioquin
2949 997 3042 1044 aut
3067 988 3286 1044 omnino
3313 989 3459 1059 peri»

1894 1075 2046 1142 bunt,
2085 1087 2178 1131 aut
2212 1078 2382 1132 coacti
2444 1088 2504 1133 ut
2553 1079 2722 1134 solam
2777 1081 2939 1134 vitam
2981 1081 3243 1135 redimere
3276 1078 3458 1134 valea~

1893 1182 2033 1233 mus,
2087 1170 2166 1224 eis
2211 1170 2302 1238 qui
2355 1169 2509 1224 nobis
2561 1171 2925 1236 dominantur,
2981 1170 3465 1240 quomodocunquo

1892 1257 2254 1326 subjiciemur.
2314 1259 2448 1314 Data
2505 1275 2557 1315 Iv
2611 1259 2732 1315 ldus
2789 1261 3121 1326 Febuarias,
3172 1260 3465 1318 indictione

1892 1348 2118 1402 decima.

2615 1461 2728 1518 LX.

2151 1565 2220 1604 ιω
2243 1565 2488 1607 etaowu
2531 1566 2740 1610 CALVUI
2779 1565 3178 1608 lIPERATORl-Ztt.

2509 1640 2686 1710 (Anno
2722 1639 2870 1709 επ.)

1893 1724 2054 1780 Mittit
2079 1727 2376 1798 imperatori
2402 1726 2651 1798 palmam,
2681 1737 2728 1781 et
2763 1745 2796 1780 a
2825 1729 2996 1798 molis,
3018 1728 3203 1798 quibus
3227 1745 3260 1782 α
3294 1727 3461 1786 Saru-~

1816 1787 1866 1848 B
1958 1798 2100 1869 cenis
2118 1787 2729 1869 p'raoisqtte'Christidnt's
2762 1787 3042 1868 urgebatur
3077 1800 3340 1869 expositis,
3362 1817 3461 1854 att-

1959 1865 2090 1919 xilia
2113 1865 2258 1936 petit.

1956 1971 2191 2028 Joannes
2213 1975 2497 2045 episcopus
2531 1975 2750 2032 Gnoso
2777 1976 3108 2046 imperatori.

1947 2062 2091 2118 Inter
2109 2075 2303 2120 caetera
2325 2080 2463 2135 quae,
2477 2081 2607 2122 vera
2628 2075 2902 2123 crescente
2929 2068 3208 2139 religione,
3233 2070 3303 2124 ab
3329 2068 3462 2126 olim

1885 2153 2251 2210 ecclesiastica
2279 2155 2418 2210 facta
2438 2165 2630 2210 vestra;
2657 2157 2842 2226 pietati
2865 2157 3116 2212 duximus
3136 2158 3458 2223 intimanda,

1883 2247 2176 2301 virentium
2202 2247 2354 2302 vobis
2386 2247 2687 2317 palmarum
2734 2263 2860 2304 ecce
2898 2249 3144 2304 bravium
3173 2251 3457 2315 mittimus,

1882 2334 2026 2404 quod
2052 2335 2340 2404 Apostolus
2379 2350 2484 2390 non
2518 2350 2710 2390 omnes
2743 2336 2834 2404 qui
2879 2345 3120 2401 currunt,
3153 2338 3248 2393 sed
3287 2354 3456 2393 unum

1880 2433 2103 2493 propter
2134 2425 2391 2479 unitatem
2418 2423 2657 2494 legitime
2693 2426 3013 2480 certantium
3058 2426 3303 2496 accipere
3331 2441 3455 2498 pro~

1881 2521 2112 2569 testatur
2167 2514 2217 2584 (ι
2258 2513 2383 2570 Cor.
2442 2514 2541 2586 Ix).
2589 2515 2948 2586 Quapropter,
2990 2517 3066 2572 ﬁli
3113 2519 3454 2584 charissim,

1880 2604 2036 2674 quasi
2093 2613 2417 2674 praesentes,
2465 2605 2761 2660 incurvatis
2813 2607 3038 2677 genibus
3088 2617 3146 2663 et
3188 2607 3458 2666 submisso

1880 2694 2076 2762 capite,
2098 2695 2445 2764 deprecamur
2460 2703 2517 2749 et
2535 2696 2895 2760 obsecramus,
2915 2706 2973 2751 ut
2992 2697 3068 2752 ita
3089 2697 3327 2768 legitime
3345 2697 3458 2754 cel~

1880 2785 2058 2839 situdo
2105 2794 2282 2840 vestra
2309 2786 2366 2838 in
2393 2785 2548 2852 hujus
2587 2785 2966 2842 saeculi'stadio
2993 2801 3091 2858 pro
3118 2787 3319 2844 Christi
3347 2787 3454 2844 Ec-

1879 2873 2041 2930 clesia
2067 2890 2307 2940 currere,
2333 2876 2404 2930 ita
2435 2875 2709 2932 decertare
2727 2877 3041 2943 contendat,
3062 2887 3123 2933 ut
3146 2893 3252 2934 non
3278 2879 3450 2934 solum

1878 2965 2066 3021 bravio
2079 2966 2272 3020 victrix
2295 2974 2473 3020 vestra
2495 2966 2712 3022 dextera
2736 2967 3050 3032 adornetur,
3081 2981 3268 3023 verum
3288 2968 3452 3034 etiam

1878 3055 2301 3110 sacratissimum
2368 3064 2529 3126 caput
2573 3057 2873 3112 diademate
2919 3057 3100 3128 gloria
3146 3060 3454 3124 decoretur,

208 3159 324 3203 tam
392 3161 572 3216 opem,
639 3144 780 3200 sicut
843 3143 1188 3213 sperabamus
1236 3140 1449 3196 tandem
1494 3127 1850 3210 aliquandoC
1883 3145 1990 3200 imo
2019 3159 2118 3214 pro
2141 3144 2440 3200 visibilibus
2485 3146 2572 3200 his
2599 3155 2654 3200 et
2698 3127 3156 3218 corruptibilibus,
3199 3165 3306 3204 non
3337 3161 3454 3204 lana

208 3244 468 3313 consequi
506 3255 851 3297 mereremur.
887 3239 990 3294 Sed
1028 3238 1265 3293 omnium
1304 3237 1511 3290 viarum
1545 3236 1777 3290 aditibus

207 3351 242 3390 a
266 3335 430 3390 malis
460 3333 694 3390 obsessis
720 3330 1046 3392 hominibus,
1083 3328 1204 3399 plus
1249 3343 1346 3381 nos
1384 3326 1640 3395 compulit
1677 3324 1775 3380 do-

207 3427 295 3482 lor
320 3425 589 3495 lacryntas
607 3422 832 3477 fundere
867 3433 1025 3488 quam
1047 3417 1198 3471 iocus
1223 3425 1434 3484 pateret
1457 3416 1521 3469 ad
1550 3430 1646 3469 vos
1683 3429 1778 3469 ηο-

207 3527 356 3572 stros
383 3515 578 3569 missos
600 3512 866 3582 dirigere:
908 3509 1032 3578 quia
1061 3522 1129 3561 ex
1171 3521 1299 3568 uno,
1330 3507 1471 3559 sicut
1519 3504 1775 3567 diximus,

209 3603 526 3667 Christiani,
562 3617 630 3658 ex
659 3601 764 3656 alio
803 3598 998 3670 pagani
1043 3598 1119 3651 ita
1149 3611 1250 3650 nos
1289 3594 1582 3650 crudeliter
1602 3608 1778 3662 persc-

209 3704 470 3769 quuntur,
504 3702 562 3748 ut
596 3692 726 3748 solis
759 3690 1027 3744 [omnibus
1061 3685 1221 3743 Urbis
1253 3685 1478 3750 relictis,
1515 3684 1695 3738 omnia
1725 3685 1780 3738 in

210 3785 442 3842 circuitu
490 3782 649 3851 longe
702 3780 918 3848 lateque
968 3783 1284 3843 consumpta
1340 3773 1594 3836 habeant,
1622 3781 1677 3826 et
1725 3771 1780 3825 in

210 3873 555 3933 solitudinem
599 3882 821 3940 prorsus
861 3866 1096 3922 redacta.
1128 3865 1169 3918 A
1209 3862 1404 3932 quibus
1455 3876 1552 3932 per
1576 3867 1780 3914 tantum

211 3967 594 4036 imperatorem
624 3958 850 4014 relevari
872 3955 985 4025 jam
1027 3953 1378 4009 credebamus
1399 3959 1456 4006 et
1497 3963 1781 4019 recupera-

212 4058 415 4114 tionem
469 4052 702 4121 aliquam
738 4049 825 4103 vel
875 4046 1134 4102 medelam
1185 4042 1406 4112 adipisci
1443 4055 1784 4109 summopere

211 4142 684 4219 praestolabamur;
713 4138 806 4194 sed
855 4149 982 4190 ecce
1016 4149 1113 4204 pro
1140 4132 1375 4203 peccatis
1423 4130 1624 4185 nostris
1663 4130 1784 4186 aliis

213 4237 447 4308 negotiis
494 4232 817 4304 implicatus,
873 4227 1029 4282 nobis
1076 4226 1333 4280 hactenus
1391 4223 1597 4278 distulit
1641 4223 1784 4278 ferre

215 4328 548 4399 praesidium.
596 4324 670 4377 Et‘
701 4321 826 4390 quia
867 4317 979 4388 jam
1019 4317 1286 4371 sustinere
1322 4329 1428 4368 non
1478 4325 1781 4382 possumus,

214 4419 438 4492 gloriam
478 4423 711 4492 vestram
749 4407 1118 4475 multipliciter
1141 4405 1514 4473 deprecamur,
1546 4411 1605 4455 ut
1665 4403 1782 4456 vice

211 4485 404 4564 nostra
433 4507 600 4562 fretae,
626 4485 849 4555 stimatis
875 4497 926 4548 in
952 4495 1182 4547 femineo
1220 4507 1351 4546 sexu
1383 4491 1533 4544 virile
1572 4499 1779 4560 pectus,

210 4607 267 4651 et
307 4609 408 4664 pro
431 4604 613 4646 amore
637 4587 943 4644 sanctorum
978 4582 1336 4653 apostolorum
1360 4579 1504 4634 Petri
1535 4589 1590 4633 et
1608 4578 1780 4642 Pauli,

211 4672 443 4757 quorum
495 4683 570 4735 ita
620 4690 704 4735 est
752 4680 1084 4733 devastatum
1145 4674 1451 4736 terminum,
1507 4681 1566 4726 ut
1613 4672 1786 4738 magis

211 4778 380 4832 libeat
421 4774 572 4837 ﬂere,
621 4785 780 4841 quam
826 4770 1025 4833 dicere,
1078 4765 1262 4820 tandiu
1306 4763 1445 4839 apud
1485 4763 1785 4831 piissimum

213 4867 596 4936 imperatorem
620 4868 860 4914 nostrum
887 4856 1162 4918 iusistatis,
1193 4867 1470 4922 quousque
1520 4860 1574 4905 et
1597 4860 1786 4905 contra

211 4968 454 5026 paganos
495 4966 648 5021 opem
686 4948 941 5019 praebeat,
982 4953 1038 5000 et
1080 4944 1413 5005 Christianos
1450 4955 1788 5008 compescere

213 5045 467 5115 gaudeat.
515 5040 776 5106 Quoniam
821 5037 945 5091 ideo
991 5034 1137 5088 illum
1185 5040 1334 5086 tanto
1383 5031 1684 5084 diademate
1718 5030 1786 5084 ab

211 5133 346 5187 olim
397 5131 610 5200 quidem
647 5145 676 5181 a
727 5127 880 5182 nobis
927 5131 1294 5193 exspectatum
1333 5137 1396 5176 ac
1443 5121 1785 5190 praelectum

212 5223 416 5275 decore
441 5217 765 5277 curavimus,
781 5225 841 5269 ut
865 5223 1064 5269 sancta:
1082 5213 1336 5266 Romana:
1359 5210 1614 5265 Ecclesim
1636 5226 1787 5266 recu-

213 5315 427 5383 peratio
476 5320 529 5366 et
579 5311 860 5372 securitas,
899 5322 1060 5376 quam
1108 5306 1408 5374 ademptam
1453 5306 1785 5367 dolebamus,

214 5417 314 5471 per
341 5403 486 5469 pium
515 5401 746 5454 studium
776 5397 908 5466 ejus,
935 5413 1041 5465 quo
1079 5412 1290 5465 semper
1315 5397 1614 5460 fruebatur,
1645 5397 1788 5451 redi-

217 5499 323 5545 ret.
355 5489 706 5560 Quapropter,
743 5487 1058 5542 charissima
1095 5486 1222 5548 lilia,
1254 5501 1350 5555 per
1379 5487 1546 5540 Deum
1576 5501 1670 5540 vos
1699 5487 1793 5540 ad-

161 5577 172 5586 “
213 5579 482 5648 juramus,
511 5587 809 5647 opportune
831 5579 1132 5645 importune
1160 5577 1411 5642 insistite,
1433 5587 1794 5647 utantequam

222 5669 280 5722 in
313 5667 425 5736 ipsa
455 5668 588 5722 urbe
615 5667 870 5720 Romulea
921 5665 1060 5719 aliud
1102 5668 1418 5734 periculum,
1468 5669 1610 5737 quod
1657 5668 1798 5731 Deus

668 5761 938 5822 ΡΑτιιοι..
963 5757 1247 5821 CXXVI.

1881 3243 1994 3288 tum
2020 3234 2274 3303 palmam,
2301 3234 2395 3288 sed
2427 3243 2483 3288 et
2515 3249 2771 3290 coronam
2796 3237 3028 3306 accipiat
3055 3239 3445 3308 incorruptam,

1879 3322 2007 3387 Sed,
2031 3323 2156 3388 heu,
2179 3322 2595 3378 clementissime
2619 3324 2929 3393 imperator,
2957 3340 3084 3382 ecce
3105 3327 3229 3382 dum
3257 3328 3324 3380 ad
3346 3327 3454 3382 alia

1880 3413 2172 3477 intenditis,
2203 3422 2376 3468 mater
2400 3423 2600 3478 vestra,
2627 3424 2810 3470 sancta
2837 3416 3086 3479 videlicet
3106 3417 3231 3472 lucc
3262 3417 3457 3472 Eccle-

1879 3508 1976 3569 sia.
2009 3523 2128 3578 quae
2152 3523 2248 3562 vos
2271 3507 2640 3576 spiritualiter,
2683 3507 2888 3578 genuit,
2927 3506 3260 3576 periclitatur
3299 3515 3356 3561 et
3395 3507 3456 3560 in

1879 3599 2226 3654 novissimum
2253 3600 2466 3654 devenit
2499 3600 2756 3654 exitium:
2801 3598 2926 3653 hinc
2963 3597 3088 3667 inde
3130 3611 3236 3652 nou
3276 3595 3455 3650 solum

1843 3679 2239 3745 'tabernaculis
2281 3690 2422 3744 hanc
2465 3689 2816 3743 ldumzeorum
2844 3696 2900 3742 et
2938 3686 3348 3749 lsmaelitarum,
3395 3695 3452 3740 et

1879 3779 2140 3850 Agarenis
2161 3779 2474 3848 quotidiano
2489 3776 2668 3847 gladio
2685 3786 2740 3831 et
2762 3775 3067 3846 captivitate
3087 3776 3141 3829 in
3169 3775 3455 3830 interitum

1882 3869 2296 3940 impellentibus,
2347 3883 2532 3923 verum
2578 3868 2742 3923 etiam
2785 3868 2930 3922 falsis
2964 3867 3090 3922 llliis
3113 3867 3280 3932 sam,
3313 3882 3455 3936 quos-

1882 3959 2082 4030 optime
2112 3959 2298 4022 nostis,
2331 3957 2386 4012 in
2421 3957 2653 4027 praedam
2686 3956 3104 4026 etdireptionem
3135 3954 3456 4010 miserabili-

1883 4058 1967 4104 ter
1995 4049 2405 4112 immittentibus
2431 4064 2446 4114 ;
2472 4049 2546 4103 ita
2577 4058 2638 4105 ut
2670 4057 2724 4104 et
2753 4048 2827 4102 illi
2863 4064 3002 4120 saepe
3035 4063 3203 4119 usque
3241 4049 3308 4103 ad
3337 4063 3455 4113 mu-

1886 4158 1975 4198 ros
1995 4142 2154 4200 Urbis
2174 4141 2420 4212 quamvis
2439 4140 2786 4196 clandestinis
2806 4141 2954 4199 horis
2973 4141 3334 4211 pervenerint,
3357 4139 3452 4195 sed

1883 4243 1941 4289 et
1965 4231 2277 4287 Tiberinum
2315 4230 2555 4296 ﬂuvium,
2602 4231 2694 4299 qui
2727 4231 2856 4292 olim
2904 4230 3094 4286 Albula
3150 4231 3454 4296 dicebatur,

1879 4326 2033 4395 juxta
2063 4325 2384 4378 Sabinorum
2421 4323 2653 4381 conﬁnia
2692 4321 3132 4397 pertransierint;
3161 4331 3213 4378 et
3245 4323 3330 4376 isti
3361 4323 3454 4392 qui

1888 4413 2041 4467 nobis
2077 4413 2237 4466 vicini
2275 4421 2420 4476 sum,
2461 4426 2528 4465 ex
2561 4411 2738 4488 altera
2753 4420 2907 4483 parte
2937 4410 3011 4464 ita
3039 4411 3262 4464 saeviant
3283 4418 3339 4464 et
3363 4411 3454 4466 de-

1882 4501 2231 4558 bacchentur.
2281 4510 2340 4554 ut
2369 4515 2472 4554 non
2517 4501 2815 4564 hominem,
2857 4515 2961 4554 non
3002 4515 3208 4570 agrum,
3238 4516 3344 4554 non
3368 4500 3458 4568 ius

1884 4599 2145 4653 mentum,
2183 4603 2288 4642 non
2312 4603 2495 4657 pecus,
2524 4604 2630 4644 nou
2659 4589 2950 4656 quidquam
2987 4603 3052 4642 ex
3086 4588 3171 4642 his
3195 4603 3314 4658 qua:
3337 4605 3455 4643 san-

1885 4680 1956 4734 cti
1984 4680 2125 4734 Petri
2150 4679 2287 4748 juris
2309 4680 2564 4740 existunt,
2598 4679 2869 4733 dimittere
2896 4681 3191 4748 patiantur,
3216 4683 3309 4734 sed
3337 4697 3456 4735 om-_

1888 4771 1976 4824 nia
2008 4785 2131 4839 qua:
2170 4769 2324 4824 oculo
2349 4769 2532 4823 vident
2570 4784 2731 4822 manu
2775 4769 3051 4836 diripiant,
3080 4780 3134 4823 et
3167 4769 3306 4823 mala
3337 4785 3458 4838 quae

1889 4860 2128 4928 cogitant
2156 4859 2272 4914 sine
2297 4873 2445 4912 mora
2471 4858 2770 4928 perficiant.
2789 4857 2912 4912 llaec
2936 4867 3084 4924 sunt,
3115 4860 3453 4921 charissime,

1891 4950 1960 5004 de
2010 4948 2486 5003 innumerabilibus
2524 4961 2714 5016 pauca,
2758 4963 2879 5018 qua:
2917 4959 3090 5002 mater
3126 4949 3305 5001 vestra
3353 4945 3463 5000 Ro-

1892 5053 2074 5101 mana,
2109 5037 2243 5107 proh
2288 5037 2467 5092 dolor!
2504 5038 2690 5092 diebus
2710 5038 2904 5092 vestris
2950 5036 3151 5106 perfert
3187 5035 3458 5099 Ecclesia;

1891 5134 2040 5203 quasi
2063 5148 2168 5186 non
2186 5147 2279 5186 vos
2312 5133 2617 5201 specialiter
2643 5147 2706 5186 ex
2729 5131 2978 5185 omnibus
2997 5140 3054 5186 et
3082 5144 3190 5200 prze
3211 5131 3466 5184 omnibus

1891 5224 2172 5286 amaverit,
2204 5223 2512 5276 invitaverit
2536 5231 2588 5277 et
2630 5221 2900 5282 extulerit,
2943 5219 3025 5275 vel
3051 5219 3203 5289 quasi
3235 5232 3333 5273 nos
3359 5233 3466 5273 non

1888 5329 2006 5377 vos,
2047 5321 2267 5366 auctore
2314 5312 2446 5375 Deo,
2477 5311 2532 5364 in
2577 5310 2858 5379 imperium
2903 5309 3364 5372 coronaverimus,
3411 5317 3470 5362 et

1890 5405 2169 5459 vobiscum
2199 5403 2250 5455 in
2277 5402 2550 5465 omnibus,
2575 5402 2729 5469 quasi
2747 5416 2867 5456 cum
2889 5399 3284 5469 sapientissimo
3315 5397 3467 5454 Saloi

1855 5567 1859 5573 I
1894 5509 2075 5558 mone,
2099 5494 2438 5572 utquondam
2461 5493 2550 5548 ille
2572 5492 2743 5546 ﬁdelis
2764 5491 2974 5545 Sadoch
2990 5491 3241 5546 sacerdos
3262 5489 3314 5562 (1
3336 5489 3465 5558 Reg.

1897 5587 1961 5652 ι),
1993 5584 2250 5638 adversus
2295 5583 2523 5636 alterum
2569 5580 2635 5633 ad
2677 5581 2856 5634 omnia
2887 5580 3107 5634 minime
3134 5579 3467 5643 steterimus,

1896 5691 1999 5738 nec
2018 5685 2210 5731 cuncta
2237 5687 2356 5751 qius
2381 5687 2478 5744 pro
2499 5670 2652 5726 vobis
2693 5671 3036 5726 delmerimus
3059 5670 3257 5736 facere,
3283 5668 3447 5730 iocari

2948 5763 3024 5820 23
