4002 6296
487 326 616 382 ’9115

1812 321 2093 382 ιοΑΝΝιε
2131 325 2329 383 ΡΑΡᾸΞ
2373 325 2481 382 VIII

3656 333 3768 393 716

483 455 661 494 .mus:
693 441 759 492 ad
775 449 1076 494 extremum
1120 438 1276 507 quasi
1327 451 1438 492 non
1476 437 1742 505 hodieque
1779 439 1969 491 manui
1991 453 2082 493 ve-
2107 446 2158 504 Α
2186 447 2273 492 tua
2303 438 2562 493 sanctitas
2581 439 2875 494 accesserit
2912 435 3186 509 pietatem,
3230 442 3503 499 credimus
3530 445 3612 499 nit
3653 447 3768 504 Eo-

508 543 638 584 stra:
655 530 875 598 speciali
895 538 1014 584 voto
1033 539 1086 582 et
1105 528 1458 598 praerogativa
1472 527 1683 595 plenam
1705 527 2076 582 benedictione

509 621 932 689 palmam,-sicut
959 629 1014 673 et
1039 620 1280 682 cernitis,
1305 619 1637 672 destinamus
1662 618 1926 671 adversus
1955 619 2079 671 visi-

509 711 647 764 hiles
697 711 877 763 hostes
909 718 963 763 et
1010 709 1304 763 invisibiles
1335 710 1771 776 triumphantem.
1820 708 2078 776 Optautes

507 802 651 855 enim
703 815 799 854 vos
842 800 907 852 de
931 801 1138 853 cunctis
1183 799 1508 852 adversariis
1555 798 1911 865 triumphare,
1945 798 2076 851 nihil

492 892 684 962 aptius
711 889 861 944 vobis
904 905 1066 960 quam
1107 904 1287 944 ramos
1331 889 1628 958 palmarum
1665 889 1914 941 duximus
1943 887 2075 941 olle-

509 981 756 1038 rendum.
807 994 941 1046 quos
977 989 1027 1032 et
1068 979 1219 1046 pueri
1259 977 1568 1030 sternebant
1607 977 1659 1029 in
1699 977 1781 1028 via
1851 975 2078 1029 Domino

507 1069 934 1140 Hierosolymam
967 1069 1208 1122 venienti
1241 1066 1449 1134 (Matth.
1481 1066 1641 1134 xxii),
1673 1067 1950 1134 antiquum
1977 1066 2076 1119 bo-

507 1167 645 1215 stem
684 1159 1081 1226 triumphaturo
1122 1165 1178 1209 et
1203 1156 1458 1208 mundum
1501 1156 1725 1209 victuro.
1767 1155 1873 1209 Sed
1900 1157 2079 1209 dicun-

481 1261 599 1305 tur
641 1249 822 1304 multa:
859 1263 956 1302 vos
1007 1246 1265 1315 impedire
1310 1246 1716 1301 sollicitudines.
1772 1246 1883 1301 Hoc
1920 1247 2079 1315 plane

506 1355 607 1393 nec.
631 1354 728 1392 nos
755 1337 1079 1407 ignoramus.
1114 1335 1307 1388 Verum
1337 1346 1393 1387 ut
1413 1351 1534 1387 cum
1561 1335 1784 1386 Domino
1811 1335 2081 1387 fateamur

507 1425 661 1493 (Luc.
694 1423 789 1490 χι).
825 1429 876 1474 et
919 1419 1285 1488 haecoportuit
1330 1417 1529 1480 facere,
1570 1428 1624 1471 et
1653 1418 1738 1470 illa
1790 1434 1894 1471 non
1924 1419 2076 1471 omit-

510 1527 642 1568 tere.
683 1512 816 1567 Nam
863 1510 1031 1571 vobis,
1068 1509 1158 1578 qui
1216 1509 1267 1562 iu
1298 1523 1469 1577 agone
1514 1507 1858 1569 contenditis,
1909 1515 1966 1558 ut
2011 1506 2079 1559 ad

505 1604 750 1659 bravium
775 1615 1019 1670 superna:
1045 1597 1340 1652 vocationis
1365 1606 1418 1650 et
1454 1597 1521 1650 ad
1563 1595 1946 1665 capessendam
1985 1609 2078 1647 co-

508 1707 696 1751 ronam
717 1692 1082 1757 incorruptam
1102 1685 1444 1756 perveniatis,
1462 1685 1529 1739 ab
1550 1685 1799 1739 omnibus
1819 1684 1940 1737 aliis
1963 1682 2082 1736 abs-

2179 527 2355 580 clesia:
2383 527 2476 581 Dei
2504 536 2697 596 praeter
2725 537 2977 596 paternas
3000 532 3212 600 regulas
3241 531 3536 586 illaturam.
3581 533 3769 592 Modo-

2179 613 2315 666 ratio
2341 616 2537 683 quippe
2555 616 2699 670 sedis
2718 617 3043 685 apostolicae,
3065 629 3121 672 et
3143 620 3466 673 universalis
3495 620 3768 676 Ecclesia:

2177 704 2476 772 dispositio,
2525 707 2579 760 in
2626 708 2728 761 hoc
2764 710 3066 776 periculoso
3096 719 3338 779 tempore
3385 729 3528 782 pene
3566 725 3766 768 uincta

2177 792 2566 861 dispensatorie
2592 796 2914 851 moderanda
2940 799 3232 868 compellit.
3281 802 3549 867 Quamvis
3579 814 3761 858 autem

2175 882 2426 948 praesenti
2471 884 2540 937 sit
2587 885 2758 938 exsuli
2801 888 3207 952 consulendum,
3258 891 3394 943 nihil
3445 900 3630 945 tamen
3657 902 3762 954 est,

2177 985 2284 1023 non
2306 981 2552 1026 exstante
2578 973 2682 1026 ulla
2703 977 3044 1041 necessitate,
3069 989 3254 1032 contra
3276 994 3517 1036 canones
3540 980 3764 1035 Patrum

2177 1061 2462 1126 agendum.
2507 1061 2689 1117 Abbas
2718 1074 2898 1119 autem
2937 1067 3050 1134 qui,
3080 1067 3226 1121 nullo
3252 1069 3614 1138 comprobato
3659 1065 3804 1123 ξήρ’

2178 1151 2344 1214 mine,
2366 1167 2394 1204 a
2423 1153 2552 1220 regii
2581 1164 2663 1207 est
2684 1155 2914 1210 cceuobii
2945 1157 3295 1225 praepositum
3320 1158 3604 1227 depulsus,
3624 1161 3768 1229 ejus-

2179 1241 2298 1295 dem
2342 1244 2570 1310 piissimi
2612 1245 2874 1314 principis
2912 1248 3203 1315 permissu,
3253 1251 3514 1318 precibus
3562 1250 3772 1304 nostris

2183 1339 2285 1385 tuae
2316 1333 2534 1387 sociatis
2568 1334 2871 1398 industriae,
2897 1340 3230 1391 revocandus
3267 1349 3368 1392 est.
3415 1337 3537 1393 Non
3575 1351 3774 1393 autem

2180 1423 2349 1475 solum
2381 1423 2725 1487 homicidam,
2753 1425 2846 1478 sed
2872 1434 2926 1478 et
2950 1427 3155 1480 socium
3210 1429 3494 1482 homicida:
3516 1431 3590 1482 ab
3612 1431 3771 1484 omni

2181 1512 2528 1579 prazpositura
2577 1513 2878 1580 pellendum
2927 1515 3287 1569 decernimus.
3317 1517 3441 1570 Haec
3471 1519 3775 1586 perpaucis
3835 1569 3844 1575 .

2182 1601 2504 1658 fraternitati
2534 1616 2638 1659 tua:
2673 1607 3008 1674 scripsimus;
3057 1623 3124 1662 ne
3153 1608 3256 1661 sibi
3289 1610 3514 1662 omnino
3564 1611 3772 1662 reseri-

2180 1688 2308 1744 bere
2367 1694 2730 1760 supersedisse
2783 1695 3112 1748 videremur.
3173 1696 3474 1758 Caetennn,
3529 1707 3590 1750 ut
3639 1713 3770 1749 cum

513 1781 788 1834 tineudum
813 1787 917 1839 est,
946 1784 1000 1828 et
1028 1774 1284 1844 legitime,
1312 1780 1370 1825 ut
1402 1771 1768 1839 prtediximus,
1799 1771 2074 1825 decertan-

2183 1789 2358 1834 sancto
2383 1779 2561 1836 Leone
2580 1797 2713 1851 papa
2735 1783 2993 1838 dicamus.
3020 1783 3129 1837 Nos
3151 1786 3240 1852 qui
3265 1786 3611 1838 sacerdotum
3652 1783 3769 1839 Do-

511 1875 657 1924 dum.
679 1868 817 1935 Quid
836 1877 1013 1920 autem
1041 1864 1207 1932 magis
1223 1863 1533 1932 legitimum
1563 1877 1724 1930 quam
1755 1869 1814 1914 ut
1835 1876 1946 1928 prae
1963 1874 2077 1912 om-

510 1959 670 2012 nibus
711 1966 768 2010 et
813 1964 937 2008 ante
981 1953 1160 2007 omnia
1199 1951 1453 2006 Romanae
1479 1965 1665 2004 curam
1707 1949 1952 2004 habeatis
1977 1948 2079 2002 Ec-

491 2049 711 2113 clesiae,
741 2062 860 2116 qua:
886 2055 1201 2102 ceterarum
1225 2045 1476 2114 magistra
1500 2051 1582 2096 est
1620 2053 1674 2095 et
1699 2050 1870 2095 mater
1896 2041 2078 2096 Eccle¢

509 2141 736 2202 siarum,
772 2153 892 2207 qua:
915 2146 1100 2192 vestro
1128 2136 1180 2188 in
1209 2143 1449 2203 tempore
1477 2132 1640 2186 tantis
1671 2146 1735 2185 ac
1755 2141 1861 2185 tant
1889 2131 2079 2184 imma-

507 2232 671 2288 nibus
705 2228 1008 2285 succumbit
1044 2227 1162 2280 sine
1207 2225 1508 2280 cessatione
1540 2222 1810 2291 periculis.
1843 2221 2080 2290 Denique

507 2321 556 2378 si
586 2325 703 2380 haec
727 2319 992 2383 Ecclesia,
1022 2333 1140 2386 quae
1163 2328 1324 2386 caput
1357 2325 1464 2379 est,
1499 2315 1660 2383 viget,
1691 2323 1887 2368 ctetera
1911 2329 2082 2368 mem-

507 2411 631 2476 bra,
666 2408 914 2480 quamvis
957 2407 1228 2476 languida,
1281 2405 1632 2474 recuperandi
1681 2404 1932 2458 ﬁduciam
1975 2418 2082 2458 non

508 2499 764 2554 amittunt
789 2513 908 2566 quae
947 2497 1202 2552 nimirum
1238 2495 1384 2550 omni
1414 2494 1604 2548 robore
1631 2504 1842 2558 carent,
1870 2494 1913 2548 si
1945 2509 2081 2548 con-

507 2592 680 2662 tingat
712 2589 884 2646 solum
934 2597 1096 2657 caput
1119 2588 1256 2642 forte
1303 2586 1578 2656 languere,
1623 2595 1828 2654 quanto
1877 2585 2073 2654 potius,

491 2683 649 2750 quod
695 2683 905 2736 avertat
959 2680 1317 2748 omnipotens,
1372 2680 1418 2732 si
1465 2677 1742 2746 contingat
1776 2677 2083 2744 exstingui?

507 2771 664 2826 Unde
703 2772 895 2825 iterum
950 2770 1250 2838 iterumque
1300 2767 1430 2820 totis
1475 2765 1801 2834 singultibus
1846 2765 2084 2834 totisque

485 2860 856 2929 .imploramus
887 2857 1220 2928 praecordiis,
1243 2864 1298 2909 et
1323 2870 1417 2924 per
1459 2854 1734 2908 Christum
1761 2853 1856 2907 Dei
1887 2853 2081 2908 Filium

507 2952 821 3022 suppliciter
861 2950 1192 3020 adjuramus,
1223 2947 1316 3016 qui
1346 2961 1442 3000 vos
1481 2945 1549 2999 ad
1599 2955 1806 3000 tantum
1835 2944 2083 3014 provexit

487 3044 781 3115 .fastigium
801 3050 857 3096 et
894 3041 1198 3110 imperium,
1227 3039 1313 3093 vel
1361 3051 1502 3092 nunc
1539 3037 1763 3092 citatum
1808 3036 2081 3091 cxtendite

507 3133 807 3188 clementiae
850 3131 1149 3188 brachium.
1216 3137 1271 3181 et
1310 3127 1633 3196 periclitanti
1691 3127 1899 3195 patriae,
1951 3126 2082 3195 quin

492 3225 688 3294 .potius
711 3220 929 3284 mundo,
951 3219 1135 3273 auxilii
1154 3217 1478 3287 jamjamque
1498 3217 1756 3286 porrigite
1781 3221 2081 3272 dexteram.

426 3337 435 3350 -
493 3313 648 3370 ‘Ecce
692 3311 885 3366 Petrus
914 3311 968 3363 in
1012 3309 1316 3363 commissis
1342 3308 1533 3361 ovibus
1569 3307 1848 3376 mergitur.
1882 3307 2084 3374 Erigite

487 3415 641 3473 ergo
663 3416 756 3456 eas
782 3415 879 3454 vos
905 3415 936 3452 a
955 3397 1248 3461 fructibus,
1273 3397 1706 3451 clementissime.
1739 3395 1831 3450 Sic
1854 3411 1950 3450 vos
1969 3397 2082 3463 ipse

486 3494 580 3549 .ab
607 3506 925 3548 excessuum
946 3489 1305 3544 alluvienibus
1329 3487 1522 3556 erigat,
1560 3495 1616 3540 et
1666 3487 1818 3540 vobis
1843 3487 2083 3540 ctelestis

485 3585 647 3640 .atria
673 3583 823 3653 regni
857 3581 1302 3636 intercessionqu
1333 3593 1550 3632 suarum
1577 3577 1818 3630 clavibus
1852 3586 2080 3640 reseret,

483 3681 563 3726 =et
592 3672 717 3726 vita:
744 3678 959 3726 aeternae
987 3682 1182 3739 pascua
1215 3665 1530 3720 invenienda
1563 3664 1702 3718 inter
1723 3663 1937 3732 angelos
1965 3664 2082 3717 sine

508 3763 741 3819 termino
767 3761 990 3825 tribuat,
1018 3775 1135 3830 quae
1157 3759 1340 3812 oculus
1379 3773 1481 3810 non
1509 3755 1656 3820 vidit,
1689 3771 1781 3808 nec
1810 3755 1956 3807 auris
1984 3771 2082 3807 au-

489 3853 654 3916 divit,
676 3860 785 3908 etc.
807 3850 857 3921 (I
881 3851 1000 3905 Cor.
1024 3848 1108 3918 ιι).
1129 3849 1259 3903 Data
1279 3846 1456 3901 Idibus
1469 3844 1766 3909 Februarii,
1791 3843 2080 3898 indictione

508 3944 736 3998 decima.

1230 4047 1367 4100 LXI.

597 4153 666 4193 an
699 4151 1010 4192 ANSPBRTUI
1047 4150 1494 4190 Αιιειιιενιεοοιιυκ
1533 4150 1991 4189 ιιεοιοιλκεκθειι.

1100 4225 1276 4294 (Anno
1321 4225 1472 4294 877.)

504 4336 820 4408 Respondet,
879 4337 1110 4408 abbatem
1146 4336 1271 4408 _qut',
1314 4334 1454 4408 nullo
1506 4336 1837 4408 comprobato
1893 4337 2070 4408 erimi-

581 4405 667 4469 n'e.
705 4425 737 4462 α
775 4408 902 4477 regii
940 4405 1544 4498 egenobii'pItrponitura
1581 4406 1831 4498 depulsus
1876 4407 2066 4498 fuerat,
2101 4439 2154 4498 Β

577 4493 687 4534 esse
740 4475 1118 4544 revocandum;
1169 4475 1481 4528 Ito'micidam
1530 4484 1725 4544 autem,
1784 4485 1831 4527 et
1877 4479 2077 4540 [acino-

572 4547 652 4600 ἠδ
678 4542 902 4610 senium,
940 4546 1004 4597 ab
1041 4545 1182 4597 omni
1218 4544 1559 4612 prwpositura
1595 4542 1909 4610 pellendum.

578 4654 808 4713 Ioannes
825 4654 1107 4724 episcopus
1135 4651 1421 4706 Ausetano
1451 4650 1854 4719 archiepiscopo
1882 4651 2085 4706 Medio-

508 4745 732 4802 Ianensi.

578 4835 884 4891 Laudamus
909 4832 1318 4887 sanctimoniam
1343 4840 1510 4895 tuam,
1545 4828 1714 4884 frater
1739 4829 2077 4896 charissima,

502 4925 725 4995 iustitiae
751 4922 866 4977 zelo
907 4919 1205 4976 ferventem
1234 4937 1247 4984 ;
1281 4921 1377 4974 sed
1411 4921 1464 4973 in
1517 4920 1944 4989 promotionibus
1965 4921 2078 4975 sive

500 5011 778 5075 antistitis,
807 5009 921 5065 sive
941 5009 1172 5072 abbatis,
1217 5007 1291 5060 nil
1315 5006 1550 5076 profecto
1595 5007 1739 5062 aliud
1785 5008 2076 5077 gerendum

501 5112 793 5169 possumus
837 5096 1131 5158 exhortari,
1172 5095 1277 5148 nisi
1319 5095 1460 5163 quod
1498 5097 1636 5150 sacri
1683 5111 1920 5152 canones
1955 5113 2077 5152 sau-

502 5189 654 5244 ciunt
693 5201 830 5257 quos
867 5185 997 5240 nulli
1045 5185 1383 5240 sacerdotum
1423 5183 1630 5239 licitum
1677 5194 1760 5240 est
1799 5186 2072 5256 ignorare,

501 5275 585 5332 vel
613 5276 904 5346 quidquam
935 5272 1115 5328 facere
1142 5271 1286 5342 quod
1315 5271 1533 5327 Patrum
1565 5273 1736 5342 possit
1765 5275 1964 5349 regulis
1984 5275 2074 5329 ob-

501 5367 658 5424 vIari.
689 5367 888 5423 Verum
914 5366 1036 5434 quia
1065 5364 1118 5418 in
1145 5373 1373 5434 utroque
1402 5363 1494 5419 filii
1519 5365 1688 5420 nostri
1715 5379 1928 5435 semper
1958 5366 2070 5418 Au-

465 5473 468 5477 '
499 5454 641 5524 gusti
667 5452 974 5512 interfuisse
995 5453 1311 5522 perhibetur
1339 5465 1611 5514 assensus,
1640 5450 1758 5520 ejus
1781 5466 1943 5520 super
1968 5452 2070 5507 hoc

497 5557 620 5600 esse
653 5542 865 5598 videtur
892 5541 1610 5620 exspectandushadventus:
1653 5542 1722 5596 ad
1749 5539 1900 5608 cujus
1945 5555 2068 5597 cum

525 5701 534 5711 .
569 5668 595 5699 ι
623 5655 836 5725 Aliquid
869 5655 1053 5709 deesse
1090 5654 1320 5710 videtur.

2183 1868 2312 1921 tniui
2365 1881 2574 1922 matura
2625 1871 2868 1924 volumus
2898 1885 3018 1926 esse
3060 1871 3285 1940 judicia,
3313 1873 3443 1926 nihil
3473 1889 3771 1941 possumus

2182 1959 2468 2028 incognitis
2519 1962 2678 2014 rebus
2722 1962 2774 2014 in
2822 1960 3137 2031 cujusquam
3176 1964 3346 2032 partis
3389 1963 3769 2031 praeiudicium

2181 2048 2427 2114 dillinire,
2459 2051 2766 2120 priusquam
2802 2055 3046 2108 universa
3075 2069 3194 2123 qua:
3221 2063 3369 2121 gesta
3411 2062 3562 2118 sunt,
3594 2070 3764 2108 vera-

2184 2139 2323 2192 citer
2357 2139 2656 2193 audiamus.
2687 2138 2744 2193 Si
2774 2141 2942 2204 enim,
2966 2151 3023 2194 ut
3047 2144 3122 2195 ait
3151 2143 3440 2211 Apostolus
3469 2142 3616 2210 (Gal.
3645 2143 3768 2210 ω),

2183 2228 2445 2282 mediator
2469 2229 2628 2281 unius
2657 2245 2760 2283 non
2789 2240 2891 2294 est,
2924 2232 3013 2300 qui
3045 2233 3124 2285 sic
3150 2248 3309 2286 unam
3341 2241 3552 2300 partem
3585 2233 3770 2298 audit,

2183 2326 2242 2371 ut
2294 2317 2446 2372 alteri
2495 2320 2634 2387 parti
2679 2319 2814 2374 nihil
2852 2333 3157 2376 reservata.
3184 2321 3460 2392 Optamus,
3502 2333 3614 2378 etc.
3655 2321 3770 2379 Ih-

2185 2414 2238 2460 ta
2277 2422 2335 2461 III
2375 2406 2639 2462 Kalendas
2676 2409 2874 2474 Martii,
2929 2411 3219 2466 indictione
3256 2412 3480 2466 decima.

2890 2519 3048 2574 LXII.

2185 2623 2254 2664 ΑΒ
2287 2625 2561 2665 ειηεεονοθ
2597 2626 2651 2665 ιιι
2689 2625 2859 2667 REGNO
2895 2628 3082 2666 CAROLI
3133 2627 3485 2668 ιιιρειιΑτοιυε
3535 2628 3771 2672 εοεετι-

2869 2697 3063 2736 τυτοε.

2791 2770 2968 2841 (Anno
3005 2772 3151 2844 877.)

2404 2868 2463 2944 τε
2508 2860 2872 2944 imperatorem
2903 2862 3190 2944 .hortent‘ur
3217 2865 3287 2944 ad
3317 2883 3459 2935 opem
3499 2867 3777 2924 Ecclesia

2549 2928 2799 2984 Romana:
2838 2932 3072 2985 celeriter
3107 2928 3396 3000 ferendam.

2256 3019 2489 3076 Joannes
2521 3022 2804 3092 episc0pus
2833 3024 3084 3078 omnibus
3111 3025 3528 3096 archiepiscopis
3553 3037 3613 3083 et
3644 3029 3780 3099 epi-

2187 2858 2366 2914 Monet

2109 3095 2154 3161 (ἶ
2184 3114 2362 3182 scopis
2391 3114 2443 3166 in
2474 3128 2639 3182 regno
2673 3113 3013 3182 imperatoris
3034 3113 3210 3169 Caroli
3247 3095 3575 3170 constitutis.

2255 3202 2505 3257 Prislinis
2532 3203 2704 3256 attriti
2727 3203 2959 3258 miseriis
2978 3212 3033 3258 et
3054 3206 3295 3273 oppressi
3325 3205 3773 3275 calamitatibus,

2185 3291 2519 3346 dilectissimi
2575 3291 2668 3344 ﬁlii
2714 3293 2884 3346 nostri
2939 3293 3115 3362 magni
3163 3294 3502 3361 imperatoris
3549 3294 3776 3364 Caroli,

2184 3383 2337 3452 quasi
2375 3384 2441 3437 de
2488 3381 2764 3452 profundis
2813 3380 2879 3435 ad
2913 3383 3080 3436 Deum
3133 3381 3443 3448 clamantes,
3494 3393 3780 3454 tanquam

2185 3472 2352 3541 ipsius
2377 3471 2588 3525 Domini
2616 3479 2670 3524 et
2699 3469 2992 3524 Salvatoris
3022 3471 3193 3525 nostri
3232 3471 3373 3525 anxii
3403 3475 3782 3539 exspectaba-

2177 3576 2306 3614 mus
2344 3561 2653 3624 adventum,
2683 3569 2757 3625 et,
2783 3567 2842 3612 ut
2867 3560 2939 3613 ita
2963 3559 3214 3623 dixerim,
3243 3562 3354 3630 ejus
3374 3561 3618 3615 iteratum
3649 3579 3787 3631 pro

2183 3651 2357 3705 salute
2411 3660 2593 3706 nostra
2658 3652 3009 3706 credebamus
3073 3651 3347 3706 imminere
3397 3651 3779 3710 descensum.

2183 3740 2308 3804 Sed,
2359 3741 2493 3809 proh
2521 3740 2700 3795 dolor!
2745 3749 2823 3796 tot
2873 3755 2937 3795 ac
2987 3742 3146 3796 tantis
3176 3742 3563 3796 circumdamur
3614 3743 3784 3802 hinc

2182 3830 2305 3886 inde
2345 3830 2622 3899 periculis,
2663 3839 2722 3885 ut
2776 3831 2968 3885 taedeat
3019 3846 3119 3886 nos
3161 3833 3323 3885 etiam
3367 3831 3570 3885 vivere.
3608 3831 3782 3888 Ecce

2179 3922 2322 3975 enim
2367 3921 2770 3976 Dominicarum
2816 3922 3001 3976 ovium
3041 3923 3109 3978 ab
3159 3922 3450 3992 Agarenis,
3487 3921 3582 3990 qui
3623 3935 3780 3979 sunt

2182 4013 2274 4067 filii
2305 4011 2698 4077 fornicationis,
2733 4028 2940 4067 necnon
2977 4022 3033 4068 et
3090 4014 3159 4068 ab
3205 4014 3288 4066 his
3324 4013 3414 4082 qui
3463 4014 3580 4067 solo
3626 4026 3780 4070 sunt

2177 4106 2396 4158 nomine
2447 4104 2772 4167 Christiani,
2832 4103 2952 4158 alia:
2995 4104 3170 4174 gladio
3219 4104 3577 4167 trucidantur,
3633 4106 3780 4161 alia

2177 4193 2318 4248 fame
2345 4201 2589 4262 pereunt,
2629 4193 2749 4246 aliae
2787 4207 2915 4246 vero
2942 4192 2994 4246 in
3025 4193 3258 4262 pra‘dam
3296 4203 3350 4246 et
3381 4193 3778 4262 captivitatem

2177 4285 2462 4338 ducuntur.
2517 4283 2622 4336 Sed
2664 4291 2721 4336 et
2763 4291 3010 4351 pastores
3058 4298 3267 4346 earum,
3303 4284 3582 4336 reverendi
3645 4285 3778 4352 cpi;

2179 4373 2324 4442 sc0pi
2373 4371 2718 4442 profugiunt,
2775 4380 2829 4425 et
2881 4373 2998 4442 vagi
3047 4371 3152 4426 huc
3222 4371 3454 4438 illucque
3502 4372 3779 4440 palantes

2179 4460 2325 4514 omni
2357 4459 2569 4529 penitus
2602 4467 2836 4528 egestate
2877 4461 3179 4514 tabescunt.
3213 4459 3446 4513 Redacta
3489 4470 3575 4513 est
3602 4469 3775 4516 terra

2180 4549 2234 4603 in
2261 4548 2626 4612 solitudinem,
2647 4557 2702 4604 et
2725 4549 2919 4603 ablatis
2941 4550 3008 4602 ab
3033 4549 3120 4602 illa
3150 4547 3473 4609 hominibus,
3511 4547 3774 4604 ferarum

2179 4637 2348 4692 saltus
2401 4637 2588 4693 effecta
2635 4649 2759 4702 est;
2813 4639 3079 4700 civitates,
3131 4647 3305 4692 castra
3361 4646 3414 4692 et
3451 4639 3590 4690 villae
3617 4643 3774 4695 sub-

2178 4741 2367 4790 versae,
2392 4742 2491 4781 nec
2516 4728 2602 4782 ubi
2632 4743 2816 4783 earum
2846 4727 3047 4782 fuerint
3073 4727 3321 4790 aedilicia,
3352 4728 3599 4782 innuunt.
3646 4730 3776 4787 Sed

2176 4824 2232 4870 et
2255 4818 2579 4872 venerabilia
2613 4817 2728 4872 loca
2762 4819 3119 4882 destruentes,
3161 4817 3350 4872 altaria
3380 4819 3589 4873 Domini
3639 4822 3775 4877 suf-

2183 4905 2454 4970 foderunt,
2487 4909 2762 4962 ministros
2784 4918 2840 4962 et
2871 4924 3058 4964 servos
3082 4909 3200 4978 ejus
3233 4909 3562 4963 occiderunt.
3593 4909 3775 4969 Facti

2181 5011 2387 5058 sumus,
2417 4999 2707 5051 secundum
2735 4998 3096 5064 Psalmistam,
3144 5001 3198 5052 in
3242 5000 3472 5053 derisum
3515 5009 3571 5053 et
3619 5016 3776 5056 oon-

2181 5091 2438 5152 temptum
2471 5087 2553 5140 his
2573 5088 2662 5154 qui
2692 5086 2744 5139 in
2767 5087 2994 5142 circuitu
3018 5098 3207 5143 nostra
3225 5097 3349 5144 sunt
3371 5086 3542 5160 (ρωι.
3567 5097 3768 5159 xuii).

2179 5177 2305 5229 dum
2328 5175 2398 5228 illi
2425 5184 2518 5228 aut
2539 5176 2833 5230 vicinorum
2865 5177 3065 5232 auxilio
3092 5179 3389 5246 potiuntur,
3419 5187 3514 5232 aut
3546 5180 3769 5237 saltem

2178 5270 2369 5329 pacto,
2424 5263 2721 5317 secundum
2781 5264 3126 5332 Apostolum,
3184 5275 3393 5336 tempus
3446 5267 3770 5335 redimunt,

2178 5352 2430 5420 quoniam
2473 5353 2591 5406 dies
2637 5353 2761 5408 mali
2813 5363 2943 5408 sunt
2995 5355 3211 5426 (Epltes.
3244 5360 3346 5426 Ill).
3399 5355 3777 5415 Semiuamus

2174 5443 2519 5511 pedetentim,
2543 5444 2785 5511 quamvis
2821 5444 2874 5498 in
2913 5446 3187 5515 lacrymis,
3217 5461 3314 5502 nec
3355 5445 3776 5514 recolligi-nus,

2175 5531 2284 5587 imo
2325 5530 2438 5600 jam
2469 5548 2569 5587 nec
2599 5534 2900 5590 seminandi
2947 5534 3173 5592 facultas
3225 5536 3549 5607 suppeditat.
3582 5534 3779 5597 Sedet
