4002 6296
228 326 343 410 m

1434 342 1793 403 Εριετοιηῑ
1827 340 1917 400 E'l‘
1954 340 2290 398 DECRETA.

235 465 296 520 in
325 459 545 517 tristitia
579 456 795 515 domina
823 444 996 524 orbis,
1037 445 1212 511 mater
1236 454 1617 517 Ecclesiarum,
1647 454 1812 524 magi-
1839 460 1886 518 Α
1913 452 2248 510 Walbertum
2297 451 2668 516 Portuensem,
2714 463 2772 508 et
2819 454 3114 523 Eugenium
3176 454 3487 520 Ostiensem

232 564 351 611 stra
395 552 666 624 gentium,
713 549 1013 606 consolatio
1056 548 1315 613 tristium,
1353 555 1410 604 et
1444 563 1552 602 non
1593 555 1676 601 est
1716 547 1809 615 qui

233 645 477 714 adjuvet,
502 658 611 699 non
648 650 733 698 est
769 642 862 712 qui
893 640 1200 697 consoletur
1228 655 1369 703 eam,
1405 627 1509 695 disi
1545 649 1601 695 tu
1641 641 1810 705 solus,

232 749 270 788 ο
299 735 444 788 bone
466 732 626 797 Deus,
641 739 696 787 et
712 730 761 786 si
782 745 892 786 non
913 744 975 785 re
996 738 1219 800 propter
1236 730 1549 799 iniquitates
1575 736 1809 792 nostras.

232 824 331 880 sed
361 839 478 895 spe,
520 839 642 894 qua:
687 823 982 879 secundum
1032 822 1344 892 Apostolum
1392 839 1498 877 non
1533 821 1812 876 confundit

233 913 419 984 (Rom.
448 913 524 984 v).
572 910 723 979 Quae,
775 912 976 966 fratres
1021 911 1365 975 charissimi,
1416 911 1635 979 partim’
1658 909 1812 963 vobis

232 1003 609 1074 signiﬁcamus
639 1001 785 1072 (nam
815 1002 861 1057 si
900 1018 997 1071 per
1023 1000 1232 1073 singula
1266 1000 1507 1056 scribere
1551 1007 1814 1054 tentasse-

232 1110 382 1159 mus,
411 1093 622 1149 facilius
656 1093 812 1148 nobis
849 1092 1035 1148 charta
1058 1107 1219 1161 quam
1246 1105 1424 1145 sermo
1449 1090 1722 1157 deﬁceret)
1751 1096 1813 1143 ut

231 1187 563 1244 sicutanum
591 1199 788 1254 corpus
818 1193 1004 1239 Sumus
1029 1183 1082 1237 in
1117 1183 1293 1252 capite
1328 1182 1558 1245 Christo,
1592 1189 1646 1236 et
1674 1181 1813 1235 alter

229 1275 461 1331 alterius
491 1274 753 1338 membra,
785 1275 860 1328 ita
901 1272 1180 1327 nobiscum
1235 1273 1440 1341 pariter
1480 1269 1813 1325 condoleatis

228 1368 289 1417 et
314 1361 723 1432 compatiamini
759 1379 772 1415 :
810 1360 935 1431 quia
976 1362 1023 1416 si
1057 1360 1186 1430 quid
1209 1377 1371 1414 unum
1413 1361 1613 1428 patitur
1650 1373 1813 1414 mem-

212 1452 414 1517 brum,
462 1460 522 1505 ut
556 1452 744 1506 doctor
786 1449 1027 1519 gentium
1078 1450 1175 1514 ait,
1222 1451 1609 1519 compatiuntur
1637 1448 1811 1501 omnia

226 1542 467 1595 membra
500 1540 551 1610 (1
576 1541 699 1595 Cor.
741 1542 841 1608 xu)
868 1557 884 1605 ;
913 1552 960 1594 et
987 1541 1032 1595 si
1063 1541 1428 1610 compatimur,
1455 1548 1501 1592 et
1527 1554 1812 1607 conregna-

226 1632 404 1685 bimus
453 1628 540 1701 (11
588 1629 725 1685 Tim.
771 1645 808 1685 ιι
826 1631 868 1700 ).
915 1629 1274 1686 Condolentes
1318 1638 1497 1684 autem
1554 1629 1709 1683 nobis
1758 1635 1814 1683 et

226 1722 646 1791 compatientes,
690 1720 964 1775 accedatis
989 1720 1056 1773 ad
1091 1719 1612 1774 Christianissimtun
1641 1716 1809 1770 lilium

1910 547 2285 603 sanctissimos
2327 546 2628 617 episcopos,
2651 547 2875 603 dilectos
2910 559 2965 603 ct
3016 548 3356 606 consiliarios
3385 560 3484 604 now

1911 646 2074 700 siros,
2123 646 2183 691 ut
2229 638 2343 693 sive
2395 653 2519 699 cum
2569 639 2829 709 magistro
2866 638 3129 703 militum,
3187 639 3302 695 sive
3357 651 3485 703 cum

1911 726 2093 781 missis
2116 726 2235 793 ejus
2256 726 2559 795 loquentes,
2577 737 2793 797 pactum
2820 727 2968 791 illud,
2992 728 3135 798 quod
3161 728 3485 798 perditionis

1911 823 1997 871 est
2038 830 2235 880 causa,
2283 816 2499 872 dissolvi
2549 832 2646 887 per
2676 821 2858 874 omnia
2903 819 3224 882 suaderent,
3271 818 3326 872 in
3380 827 3485 871 tute

1911 904 2161 959 maximae
2191 905 2465 973 sapientiae
2522 905 2641 959 illos
2688 906 2881 961 fiducia
2934 906 3285 962 destinantes.
3339 906 3486 970 ρυιτ

1909 1001 2130 1062 propter
2157 995 2438 1048 hortamur
2463 1005 2521 1048 ut
2548 995 2767 1051 solertia
2806 1004 2894 1051 tua
2926 1005 3078 1051 tanto
3103 997 3159 1052 in
3200 997 3304 1052 hoc
3337 995 3485 1051 labo-

1912 1093 1997 1134 ret
2019 1090 2222 1149 quanto
2256 1096 2361 1136 non
2392 1083 2562 1135 solum
2590 1098 2620 1137 a
2648 1085 2805 1140 nobis
2842 1086 3164 1156 condignam
3208 1086 3486 1143 vicissim:

1911 1170 2108 1230 dinem,
2128 1172 2220 1226 sed
2248 1181 2304 1226 et
2331 1170 2399 1226 ab
2429 1173 2544 1242 ipso
2559 1174 2667 1230 Deo
2687 1183 2743 1229 et
2763 1167 2989 1230 Domino
3011 1187 3198 1233 nostro
3219 1193 3481 1238 coronam

1911 1276 1970 1316 sc
2012 1272 2384 1332 pereepturam
2414 1265 2467 1318 in
2498 1265 2809 1321 coelestibus
2838 1283 2943 1321 nou
2975 1270 3174 1337 poterit
3213 1271 3483 1340 dubitare,

1909 1351 2272 1407 Admonemus
2305 1355 2507 1422 itaque,
2539 1356 2678 1409 insta
2712 1369 3019 1426 opportune,
3071 1361 3365 1429 importune
3396 1360 3485 1430 (ΙΙ

1914 1439 2049 1494 Tim.
2082 1440 2180 1507 tv),
2223 1449 2282 1494 ut
2330 1452 2435 1497 tam
2480 1444 2643 1515 impio
2677 1445 2903 1502 discisso
2953 1446 3176 1513 foedere,
3225 1464 3326 1519 pax
3362 1450 3486 1525 Dei,

1910 1542 2031 1597 qua:
2071 1540 2361 1598 exsuperat
2411 1545 2627 1587 omnem
2683 1549 2902 1590 sensum
2948 1534 3169 1608 (Philip,
3200 1540 3303 1610 Iv),
3326 1540 3486 1605 nobis

1911 1620 2126 1674 tandem
2169 1622 2382 1675 coalitus
2425 1622 2759 1679 restituatur.
2789 1624 2847 1679 Si
2877 1641 2984 1696 qua
3026 1642 3157 1683 vero
3199 1630 3341 1686 inter
3370 1631 3486 1685 haec

1909 1720 1971 1761 se
2016 1708 2214 1776 ingerit
2271 1709 2486 1766 inimica
2536 1710 2646 1767 Deo
2693 1716 3003 1783 contentio,
3054 1725 3158 1773 tua:
3208 1719 3486 1788 sapieng

228 1777 501 1875 nostrum,
535 1798 593 1863 ei
614 1777 900 1863 consilium
931 1808 1143 1862 Domini
1175 1808 1243 1863 ab
1276 1823 1342 1863 eo
1384 1822 1487 1862 non
1520 1806 1813 1862 absconda-
1842 1777 1887 1837 Β
1914 1798 2162 1854 manibus
2209 1801 2556 1871 detergatur:
2595 1804 2738 1858 nulla
2792 1806 3059 1873 simultas,
3104 1808 3250 1864 nulla
3300 1818 3485 1864 rel-mn

227 1900 335 1965 tis;
366 1910 714 1969 suggerentes
734 1908 790 1953 et
816 1899 1169 1953 exhortantes
1195 1908 1255 1952 ut
1284 1898 1580 1967 perpendat
1611 1897 1733 1966 quis
1758 1902 1813 1950 et

226 2008 395 2063 quam
425 1990 682 2047 terribilis
724 1990 796 2046 sit
836 1990 947 2055 ille,
973 1990 1068 2059 qui
1098 1990 1240 2045 hunc
1270 1997 1396 2044 ante
1441 1988 1637 2044 saecula
1684 1987 1811 2042 huic

226 2077 585 2151 praefuturum
634 2077 843 2148 regioni
891 2078 1386 2148 prmdestinaverit,
1437 2086 1489 2132 et
1523 2090 1685 2147 quam
1731 2075 1812 2131 di-

228 2168 427 2223 stricte
451 2167 521 2221 ab
546 2182 612 2222 eo
637 2175 929 2226 exacturus
961 2167 1031 2221 sit
1067 2168 1209 2241 quod
1233 2168 1504 2229 commisit
1532 2185 1544 2221 :
1579 2167 1671 2236 qui
1712 2166 1813 2222 scio

228 2257 364 2313 licet
407 2266 519 2315 tam
548 2259 770 2330 pretiosi
817 2259 1097 2330 sanguinis
1148 2260 1358 2315 fusione
1401 2261 1542 2331 quod
1579 2262 1811 2317 credidit

229 2348 388 2413 emit.
411 2346 721 2403 Meminerit
745 2348 910 2404 etiam
939 2350 1066 2420 quia
1083 2357 1140 2405 et
1161 2364 1261 2406 nos
1287 2350 1435 2404 illum
1460 2366 1574 2421 pra:
1601 2350 1812 2406 cmteris

230 2439 552 2512 propinquis
578 2446 635 2496 et
663 2438 872 2497 aemulis
905 2436 1021 2510 ejus
1066 2441 1397 2507 amavimus,
1446 2430 1709 2513 elegimus
1755 2451 1811 2503 et

229 2530 587 2600 pratulimus.
636 2530 791 2588 Unde
834 2541 890 2587 et
929 2547 1053 2587 eum
1090 2533 1351 2588 adversus
1391 2549 1579 2590 omnes
1629 2536 1812 2595 hostes

230 2618 491 2677 Ecclesia:
521 2637 629 2677 non
668 2622 843 2678 solum
893 2622 1255 2689 defensorem,
1294 2624 1388 2678 sed
1424 2634 1479 2679 et
1524 2633 1809 2693 patronum

229 2721 291 2775 et
338 2714 661 2769 advocatum
712 2723 960 2770 nostrum
1010 2715 1245 2770 existere
1290 2716 1712 2785 proposuimus:
1753 2724 1812 2770 ut

226 2800 379 2873 quod
404 2800 454 2861 ei
486 2815 586 2857 nos
617 2803 760 2875 apud
803 2801 972 2857 Deum
1003 2816 1123 2858 esse
1164 2804 1483 2874 satagimus,
1517 2804 1632 2876 ipse
1672 2805 1813 2861 inter

227 2891 483 2947 homines
511 2907 608 2962 pro
647 2892 804 2949 nobis
843 2892 963 2949 fieri
994 2908 1101 2949 non
1130 2894 1412 2960 detrectet,
1448 2896 1714 2967 prmcipue
1751 2907 1813 2951 ut

230 2978 548 3035 accelerans
600 2981 758 3037 nobis
815 2981 1102 3037 subveniat
1150 2989 1206 3037 et
1254 2983 1371 3038 sine
1418 2998 1571 3038 mora
1621 2992 1811 3039 contra

230 3067 469 3147 perfidos
500 3066 838 3126 Christianos
876 3077 933 3127 et
976 3070 1219 3126 infideles
1266 3080 1567 3127 succurrat.
1608 3073 1667 3129 In
1705 3087 1812 3141 quo

229 3165 436 3215 sanctae
464 3157 790 3214 fraternitati
814 3169 1007 3215 vestrae
1028 3176 1140 3230 prae
1172 3162 1424 3218 omnibus
1458 3162 1808 3218 laborandum

229 3256 323 3303 est
356 3265 370 3302 :
416 3262 514 3317 pro
538 3249 828 3305 commisso
855 3248 1061 3304 scilicet
1100 3249 1204 3305 sibi
1246 3251 1566 3306 sacerdotali
1612 3250 1807 3316 ofﬁcio.

230 3345 294 3400 et
326 3337 474 3407 quia,
496 3345 560 3391 ut
587 3352 711 3393 cum
732 3339 994 3409 proliheta
1022 3338 1260 3394 veridico
1290 3338 1556 3394 fateamur
1576 3339 1711 3411 (Ita.
1729 3339 1809 3410 ις),

228 3428 283 3483 si
314 3428 429 3485 btec
467 3429 811 3496 humiliatur,
857 3431 926 3485 ad
978 3430 1133 3502 cujus
1166 3430 1488 3502 confugietis
1524 3432 1807 3497 auxilium.

230 3517 325 3573 vel
352 3519 442 3574 ubi
471 3520 788 3591 relinquetis
815 3520 1041 3593 gloriam
1068 3524 1345 3579 vestram?
1371 3522 1508 3580 Data
1536 3538 1595 3579 ιιι
1623 3522 1812 3588 Kalen-

231 3610 336 3671 das
370 3608 571 3678 Martii,
593 3611 782 3671 indict.
810 3627 866 3667 χ.
1450 3640 1453 3641 ν

928 3722 1110 3785 LXIII.

450 3834 531 3901 :AD
567 3848 916 3891 ιλιιιιυιιιιιιιιι
950 3848 1242 3890 ειηδωιθωι
1277 3849 1576 3899 CAPIIANUII,

845 3923 1022 3995 (Anno
1056 3924 1207 3994 877.)

234 4011 402 4077 Mittit
429 4014 646 4085 legatos,
676 4023 736 4069 ut
787 4013 1041 4074 Docibt'lis
1076 4018 1300 4085 hypatas
1340 4014 1595 4083 petierat:
1629 4016 1810 4071 horta.-

304 4094 396 4154 Inr
418 4083 591 4139 ut'det
617 4100 826 4154 operam
854 4099 959 4154 una
984 4100 1103 4154 cum
1119 4083 1336 4152 legatis,
1366 4094 1421 4138 ut
1453 4095 1663 4154 pactum
1695 4101 1812 4137 cum

307 4152 588 4224 Saracenis
630 4152 818 4224 initum
867 4152 1217 4224 dissolvatur;
1254 4168 1309 4207 se
1357 4152 1610 4224 quidquid
1652 4154 1716 4206 ab
1754 4169 1814 4205 eo

306 4222 644 4276 constitutum
676 4221 858 4290 fuerit,
885 4221 1319 4293 approbaturum.

304 4328 625 4393 Larinatem»
654 4329 905 4400 episcopo
925 4328 1198 4400 Capuano.

307 4419 531 4476 Noverit
575 4422 839 4477 industria
892 4429 983 4477 tua
1030 4435 1130 4477 nos
1173 4430 1283 4476 tam
1337 4420 1509 4493 Sergii
1566 4424 1810 4494 magistri

232 4512 468 4576 militum
496 4527 658 4582 quam
690 4513 946 4568 Docibilis
967 4513 1151 4585 hypati
1192 4514 1450 4583 epistolas
1474 4517 1808 4585 suscepisse:

231 4600 434 4679 quibus
472 4601 821 4669 cognovimus
848 4614 942 4655 eos
983 4600 1322 4660 excusabiles
1360 4616 1418 4658 se
1447 4602 1584 4661 velle
1625 4618 1809 4657 coram

234 4689 395 4743 nobis
444 4689 669 4749 reddere
716 4690 1009 4747 tentavisse
1059 4705 1223 4765 super
1270 4699 1551 4751 contracto
1593 4692 1811 4751 infando

233 4779 448 4834 findere
473 4780 615 4849 quod
645 4795 768 4834 cum
814 4779 1102 4838 Saracenis
1146 4782 1306 4852 impie
1344 4784 1666 4854 pepigerunt
1712 4799 1812 4837 nec

231 4870 607 4935 absolverunt,
644 4871 699 4924 in
730 4879 962 4935 tantum,
996 4880 1057 4925 ut
1084 4870 1302 4941 gerulus
1349 4887 1534 4926 earum
1586 4872 1815 4928 referret

225 4960 343 5032 jam
370 4960 538 5017 fuisse
566 4962 861 5034 diruptum,
889 4961 992 5018 nisi
1016 4962 1231 5019 dilectio
1272 4974 1359 5020 tua
1392 4979 1487 5035 pro
1514 4965 1812 5019 reverentia

234 5052 442 5115 nostri,
490 5061 736 5106 nostrum
788 5052 841 5105 in
895 5053 999 5108 hoc
1050 5055 1470 5122 exspectandum
1528 5055 1813 5107 arbitrium

229 5137 550 5211 iudicasset.
582 5139 838 5208 Quamvis
864 5155 965 5194 nec
992 5141 1108 5195 htec
1146 5141 1262 5213 ipsa
1305 5156 1371 5195 ex
1419 5151 1530 5196 toto
1569 5142 1816 5196 credide-

238 5228 433 5294 rimus,
457 5243 524 5283 eo
563 5230 706 5298 quod
735 5230 803 5284 de
845 5230 930 5284 his
974 5229 1172 5287 nullam
1210 5238 1354 5284 tuam
1395 5232 1810 5299 susceperimus.

168 5365 186 5395 ί
237 5313 438 5371 Verum
489 5318 617 5388 quia
668 5333 768 5374 nos
819 5319 1112 5390 praedictus
1153 5319 1409 5375 Docibilis
1455 5323 1707 5393 hypatus,
1757 5330 1817 5375 ut

233 5403 435 5459 missos
488 5412 704 5471 nostros
747 5421 848 5476 pro
898 5401 1049 5461 tanto
1107 5408 1249 5465 bono
1279 5418 1334 5463 ct
1366 5411 1512 5464 omni
1563 5409 1817 5466 Ecclesiae

235 5491 521 5568 profuturo
556 5495 906 5562 perﬁciendo,
936 5495 1178 5565 Caietam
1218 5500 1579 5567 mitteremus,
1621 5503 1818 5562 obnixe

243 5583 475 5651 rogavit,
529 5600 595 5637 ne
643 5586 966 5656 negligentia
1021 5596 1205 5642 nostra
1259 5589 1562 5645 dilfamarct
1615 5600 1815 5646 lautam

236 5675 460 5740 humani
493 5679 707 5747 generis
742 5681 968 5736 salutem
1008 5683 1382 5758 postpositam,
1419 5688 1664 5742 misimus
1692 5688 1817 5742 illuc

1912 1887 1996 1940 vel
2046 1889 2228 1958 gloriae
2273 1892 2539 1960 cupiditas
2567 1908 2598 1947 a
2640 1903 2791 1955 tanto
2839 1897 2987 1957 lucro
3033 1909 3195 1969 atque
3238 1899 3489 1970 profectu

1911 1991 2009 2031 vos
2057 1977 2371 2044 subtrahat;
2426 1982 2577 2050 quia,
2622 1983 2885 2054 quidquid
2929 1985 3058 2043 illud
3109 1996 3211 2055 est,
3258 1989 3490 2058 pacillee

1910 2068 2109 2137 poterit
2156 2078 2280 2139 post
2334 2073 2601 2129 modicum
2661 2073 2871 2141 dirimi,
2916 2083 2974 2130 et
3022 2090 3144 2141 cum
3199 2077 3486 2149 charitate,

1911 2157 2069 2212 nobis
2111 2174 2325 2230 quoque
2371 2163 2753 2229 mediantibus,
2813 2164 3048 2221 dililniri.
3096 2166 3283 2223 Certet
3332 2180 3487 2238 ergo,

1911 2245 2119 2305 laboret
2142 2259 2196 2303 et
2217 2259 2426 2319 satagat
2450 2252 2714 2309 industria
2738 2263 2850 2319 tua,
2880 2264 2936 2310 et
2962 2256 3016 2309 in
3046 2255 3131 2312 his
3157 2256 3273 2311 vice
3300 2265 3486 2324 nostra

1912 2344 2128 2400 utatur;
2166 2337 2427 2409 quidquid
2458 2341 2748 2409 agendum,
2797 2341 3058 2413 quidquid
3098 2344 3372 2399 communi
3417 2358 3487 2416 es

1910 2424 2110 2505 placito
2146 2425 2310 2487 fuerit
2356 2429 2794 2496 construendum,
2827 2432 2947 2495 vice
2976 2439 3161 2488 nostra
3197 2432 3362 2487 faciat
3399 2440 3488 2491 at-e

1910 2528 2016 2581 que
2066 2515 2378 2571 constituat.
2428 2517 2697 2573 Alacriter
2744 2520 2890 2575 enim
2936 2522 3079 2590 quod
3128 2531 3219 2576 tua
3264 2522 3487 2580 dilectio

1910 2605 2266 2671 constituerit,
2298 2615 2354 2662 et
2401 2608 2658 2665 immobili
2693 2612 2891 2680 placito
2930 2613 3489 2686 ﬁxerit,-adimplere

1911 2704 2074 2765 atque
2099 2696 2359 2764 perlicere
2384 2688 2814 2767 procurabimus,
2842 2703 2978 2758 nihil
3019 2714 3080 2759 ut
3108 2704 3164 2760 in
3195 2705 3300 2761 hoc
3328 2707 3491 2765 haste

1913 2792 1991 2836 tet
2023 2782 2244 2838 dilectio
2274 2794 2364 2839 tua
2394 2800 2722 2867 magnopere
2748 2800 3177 2850 commonentes.
3205 2792 3491 2851 Praedictis

1912 2880 2090 2929 autem
2141 2875 2320 2939 missis
2365 2879 2565 2934 nostris
2616 2880 2811 2936 missos
2856 2891 2976 2938 tuos
3018 2882 3385 2941 iudiﬂ‘erenter
3434 2896 3497 2949 et

1912 2962 2117 3030 absque
2142 2978 2292 3019 mora
2321 2963 2562 3033 Cajetam
2592 2969 2825 3037 dirigere
2849 2983 3157 3040 procurate,
3185 2975 3277 3043 qui
3310 2976 3377 3031 de
3401 2977 3489 3037 his

1914 3060 2164 3115 omnibus
2186 3075 2308 3115 cum
2337 3064 2415 3120 eis
2443 3065 2734 3121 salubriter
2762 3076 2997 3124 tractare
3017 3069 3255 3137 valeant,
3283 3084 3339 3127 et
3363 3087 3488 3144 quin

1914 3160 2039 3205 sunt
2088 3154 2293 3218 agenda
2339 3157 2623 3225 perlicere.
2670 3159 2954 3229 Optamus,
3004 3171 3111 3218 etc.
3173 3164 3308 3222 Data
3368 3166 3493 3241 ldus

1913 3242 2118 3311 Martii,
2152 3247 2450 3305 indictione
2480 3267 2534 3306 χ.

2610 3366 2791 3422 LXIV.

2234 3470 2305 3508 AD
2341 3472 2648 3513 FROTABIUI
2684 3476 3155 3525 ΑῌΕΒΙΕΡΙΞΟΟΡΙἸΙ.

2523 3559 2699 3615 (Ληιιο
2744 3549 2893 3620 877.)

1915 3624 2578 3719 ιε’νοιανὲιιηιγᾳὸΑΕι-ειεείίι
2612 3636 2982 3719 Burdigalensi
3019 3660 3052 3696 a
3089 3646 3310 3719 paganis
3335 3647 3490 3707 dera,

2226 3709 2365 3755 stata
2395 3706 2643 3773 transfert
2682 3708 2752 3760 ad
2779 3706 3181 3765 Bituricenscm:

1988 3786 2441 3845 Reverentissimo
2497 3804 2552 3847 et
2612 3797 2953 3857 sanctissimo
3007 3800 3238 3870 confrati
3303 3812 3490 3867 nostra

1913 3874 2210 3942 Fnonnto,
2237 3881 2435 3936 dudum
2466 3886 2681 3953 quidem
2715 3886 3105 3963 Burdigalensi,
3132 3909 3273 3949 nunc
3304 3905 3487 3965 autem

1913 3967 2237 4025 Bituricensi
2273 3973 2693 4045 archiepiscopo.

1986 4057 2067 4112 Ad
2095 4060 2197 4116 hoc
2222 4077 2322 4115 nos
2352 4064 2528 4125 divina
2558 4067 2795 4145 provisio
2821 4086 3160 4145 supernaque
3189 4078 3488 4145 moderatio

1914 4145 2174 4203 Ecclesiis
2203 4152 2316 4205 suis
2356 4153 2526 4208 voluit
2575 4172 2806 4225 prmcsse
2856 4170 3116 4230 rectores,
3154 4175 3213 4219 ut
3246 4167 3490 4241 dispersa

1916 4251 2245 4307 congregare
2292 4250 2349 4295 et
2400 4258 2619 4307 servare
2665 4261 2988 4321 congregata
3044 4268 3257 4311 summo
3312 4260 3492 4330 studio

1918 4337 2291 4391 procuremus,
2309 4342 2414 4384 non
2436 4332 2608 4391 solum
2636 4333 2812 4405 [forte,
2847 4347 2902 4392 et
2929 4355 3035 4395 non
3067 4343 3264 4401 solum.
3287 4329 3489 4439 Hann.)

1920 4415 2228 4439 ιιιι-.-.-.ΙΑ-..
2268 4416 2571 4439 Ι)--Ι..-9Αη--
2730 4427 2781 4439 η-
2820 4428 2853 4439 ._
2919 4429 2950 4439 η
3216 4432 3231 4439 Α

1843 4456 1890 4516 υ
1917 4415 2230 4468 earumdem
2267 4416 2630 4481 Ecclesiarum
2665 4427 3101 4497 sollicitudinem,
3138 4432 3231 4505 sed
3259 4445 3315 4491 et
3342 4415 3491 4513 ipso;

1918 4518 2036 4558 rum
2099 4521 2315 4577 quoque
2366 4520 2637 4568 rectorum
2703 4517 2998 4576 habeamus
3054 4523 3375 4585 industriam
3436 4544 3493 4599 et

1913 4610 2266 4660 exerceamus
2305 4601 2583 4657 solertiam
2626 4624 2638 4657 :
2684 4617 2952 4675 quatenus
2997 4612 3140 4681 sicut
3189 4618 3491 4677 rectoribus

1913 4687 2185 4788 destitutis
2222 4689 2479 4746 Ecclesiis
2530 4696 2666 4751 alios
2724 4701 3078 4773 subroganles
3136 4712 3486 4790 consulimus,

1912 4776 1990 4857 ita
2024 4780 2327 4835 rectoribus
2356 4787 2669 4842 vacantibus
2705 4790 2973 4856 Ecclesias
2998 4797 3211 4859 Domini
3238 4776 3487 4859 commit;

1918 4875 2108 4933 tentes,
2146 4872 2422 4939 providam
2446 4890 2630 4932 curam
2666 4896 2763 4936 nos
2787 4888 3098 4949 earumdem
3125 4891 3488 4965 Ecclesiarum

1901 4973 2103 5037 .gcrcrc
2138 4962 2568 5020 demonstremus
2602 4984 2617 5020 :
2657 4973 2890 5037 maxime
2939 4977 3026 5033 his
3063 4982 3186 5050 qui,
3222 4999 3344 5039 cum
3395 4962 3484 5041 ro;-

1914 5051 2055 5104 hnsti
2096 5054 2428 5122 praeliatores
2475 5058 2683 5117 Domini
2721 5066 2849 5131 sint,
2899 5069 3039 5125 intra
3076 5074 3365 5132 otiositatis
3393 5093 3490 5134 ξιιμ

1917 5140 2146 5205 gustiam
2173 5146 2343 5199 arceri
2372 5159 2695 5218 renuunt,et
2718 5169 2814 5222 per
2840 5156 2943 5211 hoc
2971 5160 3272 5230 expeditius
3300 5174 3488 5237 contra

1918 5230 2441 5325 viliacertaminum
2491 5243 2749 5299 exercitia
2813 5257 3081 5315 quaerunt.
3139 5250 3276 5318 Quia
3326 5230 3492 5325 igitur

1919 5318 2356 5412 Burdigalensem
2396 5327 2714 5395 Ecclesiam,
2748 5341 3025 5403 totamque
3058 5352 3197 5407 pene
3234 5318 3490 5412 sub'ejus

1922 5411 2159 5465 habitam
2190 5416 2448 5481 regimine
2471 5419 2771 5487 dioecesim,
2791 5424 2863 5478 ita
2891 5440 3221 5495 paganorum
3244 5411 3492 5501 frequen.

1921 5512 2001 5558 tes
2038 5503 2197 5573 gladii
2232 5509 2532 5577 pmslthue
2569 5512 2838 5567 continua!
2873 5521 3203 5587 consumpsit
3243 5522 3488 5602 irruptio,

1921 5602 1978 5646 ut
2028 5609 2165 5661 pene
2209 5610 2368 5651 omne
2407 5598 2513 5652 illic
2550 5601 2851 5671 episcopale
2887 5615 3039 5660 vacet
3073 5607 3337 5679 alliciunt,
3392 5598 3489 5673 ne;

1921 5686 2159 5739 cessatio
2196 5687 2559 5756 pracvidimus,
2602 5687 2695 5743 Dei
2728 5694 3114 5766 omnipotentis
3140 5702 3486 5782 auctut'itgtg.

3378 342 3486 408 HI
3568 340 3574 349 ’
