4002 6296
531 348 641 406 ’119

1835 346 2115 405 JOANNIS
2147 345 2343 403 ΡΑΡᾹΞ
2384 343 2497 404 Vill
2552 366 2565 369 “

3678 338 3792 404 τυ

527 462 916 529 bustorumque
938 459 1082 514 Petri
1110 472 1176 514 ac
1198 457 1346 513 Pauli
1383 456 1746 528 apostolorum
1766 459 2095 529 principum,
2120 467 2169 523 Α
2196 461 2310 515 [nec
2344 460 2586 515 severius
2633 458 2933 515 secundum
2987 454 3350 515 ministerium
3394 469 3644 515 nostrum
3677 475 3785 530 pn-

524 551 921 608 fraternitatem
950 559 1119 616 tuam,
1158 550 1311 621 cujus
1341 550 1551 604 vacatio
1576 549 1817 605 defectus
1842 558 1925 603 est
1955 549 2100 613 ﬁdei,

525 650 586 697 et
634 640 747 697 fere
790 642 1049 696 virtutum
1098 641 1337 696 omnium
1383 641 1728 702 detrimenta,
1770 639 1823 692 in
1859 638 2101 693 Ecclesia

525 727 867 789 Bituricensi,
900 744 1021 799 qua:
1046 743 1239 782 vacare
1287 728 1539 797 pastorali
1574 741 1705 781 cura
1746 727 2097 796 dignoscitur,

527 820 597 874 ab
638 820 744 874 hac
774 818 1027 888 prmsenti
1070 818 1275 872 decima
1329 816 1622 871 indictione
1650 815 1905 885 przeferre
1940 814 2100 873 simul

524 917 581 964 et
620 909 1011 963 incardinatam
1050 907 1344 976 praeficere,
1378 906 1563 960 habito
1598 906 1650 959 in
1687 905 1875 959 eadem
1901 905 2101 958 Bituri-

525 998 673 1052 ceusi
708 996 949 1052 Ecclesia
987 998 1150 1051 totius
1179 998 1303 1066 jure
1335 994 1697 1065 metropole0s
1715 1009 1778 1048 ac
1800 994 2099 1048 diteceseos

520 1084 718 1155 priscis
757 1084 1091 1154 temporibus
1110 1100 1141 1137 a
1167 1084 1339 1139 sacris
1366 1084 1665 1138 canonibns
1697 1083 2019 1152 praestituto,
2044 1090 2100 1135 et

522 1173 579 1231 in
603 1172 703 1229 .illa
749 1174 987 1229 Ecclesia
1021 1183 1245 1229 cateruis
1293 1181 1656 1228 conservato:
1701 1173 1774 1225 ita
1815 1182 1875 1225 nt
1915 1180 2099 1240 pastor

521 1265 765 1335 ejusdem
821 1272 1022 1320 sancta
1075 1264 1427 1318 Bituriceusis
1480 1262 1756 1326 Ecclesire,
1814 1272 1993 1317 rector
2043 1270 2098 1316 et

522 1357 749 1412 antistes
785 1371 853 1410 ex
894 1356 997 1410 hoc
1035 1369 1221 1410 revera
1257 1355 1476 1414 dicaris.
1502 1354 1774 1420 habearis,
1805 1362 1859 1408 et
1880 1353 2096 1408 Christo

519 1446 755 1516 propitio
797 1445 1109 1516 percolaris,
1144 1460 1205 1499 ea
1234 1460 1353 1514 qua:
1383 1444 1478 1499 Dei
1515 1452 1640 1498 sunt
1678 1441 1881 1512 iugiter
1907 1458 2092 1513 agens,

521 1544 578 1589 et
615 1535 831 1591 utilitati
868 1536 1239 1605 proximorum
1270 1549 1484 1604 semper
1513 1535 1815 1588 intendens.
1841 1532 1941 1600 Qui
1969 1548 2096 1588 vero

521 1632 711 1685 contra
760 1622 919 1692 hujus
966 1624 1244 1694 apostolici
1281 1623 1551 1693 privilegii
1599 1622 1771 1676 nostri
1812 1630 2092 1685 statutum,

520 1716 667 1784 quod
697 1715 1017 1771 necessitate
1044 1713 1423 1778 barbarica,et
1444 1711 1841 1782 dispensatione
1869 1720 2093 1780 cogente

2201 553 2399 607 nienda
2423 566 2788 609 commoveas.
2816 550 3054 619 Denique
3086 552 3187 605 nisi
3236 560 3359 620 post
3397 551 3598 606 lectam
3648 554 3791 611 hanc

2199 643 2367 695 nostri
2399 642 2729 710 apostolatus
2757 642 3059 711 epistolam,
3091 643 3231 695 intra
3262 642 3544 711 sexaginta
3575 643 3790 699 dierum

2198 731 2454 800 spatium,
2508 733 2820 786 thesaurum
2866 731 3014 785 illum
3056 731 3172 784 sine
3214 729 3391 798 aliqua
3423 731 3789 785 diminutione

2198 821 2424 873 reddere
2448 821 2812 889 proposueris,
2856 820 2929 874 ita
2956 828 3015 873 ut
3060 820 3257 873 missus
3286 827 3407 873 tuus
3448 819 3685 873 Romam
3731 821 3785 873 in

2196 912 2537 979 prmsentiam
2580 920 2817 965 nostram
2864 911 3104 973 veniens,
3157 911 3271 964 sive
3299 910 3636 973 reddideris,
3666 911 3783 964 sive

2202 1014 2305 1053 nec
2338 1000 2658 1065 reddideris,
2698 1000 2893 1069 quidve
2928 1001 3014 1054 hic
3051 998 3316 1069 agendum
3358 998 3666 1067 delegeris,
3694 1013 3785 1052 ve-

2197 1105 2314 1144 ram
2366 1100 2422 1144 et
2472 1091 2723 1145 idoneam
2756 1091 3071 1161 exposuerit
3101 1092 3384 1154 rationem,
3421 1103 3674 1157 eousque
3707 1088 3783 1143 sis

2196 1189 2394 1233 extunc
2422 1182 2945 1244 excommunicatus,
2976 1194 3259 1249 quousque
3298 1180 3367 1233 ab
3406 1178 3567 1233 omni
3609 1186 3666 1263 te
3696 1193 3784 1234 ra-

2194 1269 2332 1337 pinae
2369 1272 2745 1324 communione
2787 1269 3089 1324 reddideris
3124 1270 3361 1323 alienum
3409 1287 3425 1321 :
3466 1270 3786 1326 durioribus

2196 1358 2446 1426 deinceps
2478 1369 2527 1413 te
2549 1361 2726 1413 sciens
2749 1359 3063 1413 verberibus
3093 1359 3477 1424 erudiendum,
3507 1360 3555 1413 si
3587 1359 3673 1413 his
3699 1358 3784 1413 in-

2196 1448 2357 1501 terim
2396 1449 2602 1503 levibus
2621 1457 2793 1503 tactus
2830 1449 3146 1517 resipiscere
3176 1447 3315 1519 forte
3350 1448 3781 1517 contempseris.

2201 1534 2469 1589 Antamus
2488 1536 2629 1590 enim
2668 1545 2719 1590 te
2754 1551 2903 1590 more
2930 1544 3179 1606 paterno,
3222 1544 3279 1589 et
3305 1536 3374 1590 ab
3401 1536 3509 1591 hac
3544 1534 3783 1591 sectum:

2203 1627 2463 1682 idolorum
2493 1628 2750 1682 servitute
2779 1628 3024 1681 volumus
3056 1628 3197 1681 scire
3228 1627 3459 1681 liberum
3490 1635 3551 1680 et
3578 1626 3780 1680 immn-

2194 1731 2339 1769 nem.
2394 1715 2607 1769 Etenim
2652 1716 2896 1778 auaritia,
2955 1715 3251 1770 secundum
3301 1714 3655 1783 Apostolum,
3699 1723 3777 1770 at

520 1802 623 1858 loci
661 1814 717 1858 et
758 1802 1043 1873 temporis,
1072 1801 1319 1873 exemplo
1349 1803 1514 1857 etiam
1563 1800 1824 1869 majorum
1872 1800 2097 1869 protuli-
2122 1790 2169 1849 Β
2194 1804 2411 1859 gemitu;
2453 1804 2715 1858 idolorum
2762 1804 2906 1875 (Gal.
2953 1804 3029 1875 ν),
3066 1805 3348 1874 Optamus,
3378 1812 3490 1859 etc.
3544 1802 3692 1858 Dan
3720 1814 3780 1861 τι

520 1907 665 1958 mus,
691 1907 851 1967 agerc
883 1892 1024 1947 forte
1056 1892 1369 1954 tentaverit,
1415 1892 1612 1947 divinis
1654 1891 1925 1962 mysteriis
1979 1899 2097 1943 tan-

518 1983 615 2040 diu
663 1985 906 2055 privetur
938 1983 1177 2054 quandin
1211 1984 1432 2038 minime
1463 1983 1821 2052 resipiscens,
1876 1991 2095 2049 aposto-

516 2072 626 2129 lico
652 2081 921 2144 pracepto
960 2088 1059 2143 per
1105 2070 1312 2127 frustra
1356 2072 1716 2144 permanserit
1758 2070 2089 2128 inobediens.

520 2164 676 2230 Data,
707 2174 840 2229 etc.,
877 2163 1170 2219 indictione
1196 2179 1255 2218 ι.

1232 2290 1392 2347 LXV.

1045 2418 1116 2457 an
1148 2394 1397 2458 cauom:
1440 2415 1636 2458 assert.

1130 2513 1312 2584 (Anno
1336 2512 1486 2583 877.)

491 2648 694 2703 .Honet
724 2656 779 2702 ut
822 2648 957 2703 bona
997 2649 1174 2702 ablata
1210 2666 1245 2703 α
1268 2649 1581 2701 monasterio
1609 2646 2087 2701 sanctimonialium

590 2718 905 2772 restituenda
931 2728 1107 2783 curet;
1153 2717 1291 2787 quod
1333 2718 1434 2770 nisi
1456 2718 1593 2769 intra
1620 2716 1920 2787 sexaginta
1975 2717 2088 2769 dies

506 2792 507 2795 “
591 2787 794 2855 fecerit,
820 2796 869 2840 et
892 2802 983 2856 per
1004 2785 1228 2854 legatum
1257 2787 1311 2856 id
1336 2787 1435 2839 sibi
1481 2786 1812 2856 nuntiauerit,
1844 2785 1921 2856 vel
1961 2802 2086 2838 catt-

590 2854 704 2910 8am
756 2872 851 2908 cur
890 2854 995 2912 non
1033 2857 1136 2912 sint
1185 2855 1440 2919 restituta,
1483 2870 1588 2908 non
1627 2854 1905 2908 reddiderit
1965 2869 2085 2908 eunt

466 2920 484 2950 ⁴
558 2926 1029 2979 ιεωοσπιηιιιπίοαι.

585 3057 817 3114 Joannes
838 3057 1121 3127 episcopus
1139 3054 1354 3111 Canam
1382 3068 1408 3098 ι
1435 3056 1673 3127 glorioso
1698 3056 1835 3127 regi.

2196 1891 2463 1948 Kalendas
2485 1891 2715 1961 Aprilis,
2736 1892 3030 1947 indictione
3051 1892 3279 1947 decima.

2883 2024 3069 2080 LXVI.

2733 2150 2802 2189 ιι)
2837 2148 3233 2191 ειιαιιιιειιωιι.

2807 2244 2984 2313 (Anno
3007 2243 3159 2313 877.)

2192 2353 2511 2425 Consolatttr
2544 2367 2658 2406 eam
2698 2352 3016 2425 camertem
3063 2354 3263 2418 mariti,
3306 2363 3467 2425 atque
3510 2364 3773 2413 monet“

2262 2422 2453 2477 Carolo
2496 2423 2793 2495 imperatori
2836 2422 2997 2495 [idem
3024 2432 3221 2495 servet,
3266 2422 3419 2493 seque
3447 2425 3568 2495 ejus
3613 2429 3771 2495 iuer-

2262 2508 2518 2613 cet‘isomtv
2544 2491 2695 2561 apud,
2724 2491 2963 2545 eumdem
2996 2494 3288 2562 Augustum
3332 2491 3583 2562 laturum
3620 2494 3771 2567 polli-

2261 2579 2318 2615 ce
2343 2579 2424 2615 ttr.

2261 2690 2493 2747 Joannes
2543 2691 2836 2763 episcopus
2885 2691 3094 2747 dilectae
3158 2688 3281 2749 ιῑιιω
3322 2693 3690 2753 Eucaerus
3732 2694 3765 2738 δ

2190 2782 2405 2838 Christo
2436 2783 2648 2836 dicam.
3003 2835 3006 2839 λ

2261 2873 2338 2928 Eo
2368 2890 2481 2936 nos,
2535 2870 2640 2926 lilia
2671 2869 3007 2935 charissima,
3038 2886 3140 2926 nec
3172 2870 3279 2928 alio
3328 2868 3482 2927 circa
3529 2872 3768 2927 dilectio-

2192 2980 2315 3021 nem
2358 2975 2590 3020 vestram
2625 2962 2854 3034 ﬂagrarc
2888 2962 3081 3019 affectu
3109 2964 3345 3029 noveris,
3394 2978 3509 3033 quo
3548 2964 3769 3027 fuimus,

2193 3073 2301 3128 quo
2329 3058 2490 3113 etiam
2519 3056 2643 3111 olim
2673 3057 2962 3125 persistere
2984 3056 3362 3125 pr0posuimus
3386 3073 3401 3108 :
3424 3057 3607 3110 nescit
3624 3056 3767 3109 enim

586 3146 721 3202 Cum
758 3124 1177 3219 generositatem
1207 3155 1353 3200 luam
1383 3124 1529 3199 tanta
1562 3124 1784 3201 claritas
1823 3145 2087 3215 prosapiae
2113 3124 2159 3187 θ
2190 3124 2407 3205 dilectio
2442 3124 2870 3202 vicissitudinum
2914 3124 3382 3200 obumbrationem
3411 3185 3426 3206 ,
3486 3160 3591 3199 nec
3628 3144 3763 3199 defe~

518 3240 717 3311 regalis
741 3239 983 3304 extollat,
1008 3240 1269 3293 miramur
1293 3248 1348 3294 et
1367 3241 1795 3311 obstupescimus
1818 3241 2087 3309 quomodo

517 3328 661 3383 hanc
696 3336 803 3381 tam
848 3328 1068 3383 sinister
1099 3328 1253 3399 longe
1292 3328 1505 3398 lateque
1550 3329 1858 3382 discurrens
1904 3342 2088 3381 rumor

510 3418 811 3482 obnubilet,
852 3433 1102 3473 asserens
1139 3428 1194 3474 et
1234 3418 1509 3472 afﬁrmans
1545 3427 1596 3472 te
1642 3417 1845 3472 Italiam
1884 3418 2088 3488 ingrcs-

517 3520 637 3561 sum
664 3508 731 3560 ad
763 3508 1146 3563 monasterium
1174 3508 1468 3562 accessisse
1494 3507 1807 3561 ancillarum
1825 3508 1916 3561 Dei
1946 3508 2087 3576 apud

497 3593 753 3649 tBrixiam
784 3597 1166 3661 constitutum;
1197 3597 1427 3665 indeque
1450 3611 1573 3651 cum
1606 3596 1716 3650 illic
1767 3597 1883 3665 ipse
1913 3614 2088 3651 mora-

518 3686 678 3750 reris,
709 3686 987 3756 tyrannice
1015 3700 1206 3739 aurum
1244 3686 1505 3749 ablatum,
1535 3696 1641 3738 tam
1671 3686 1840 3754 ipsius
1872 3700 2088 3739 venera-

514 3774 640 3831 bilis
676 3777 1010 3839 monasterii,
1049 3791 1210 3845 quam
1255 3774 1460 3830 dilecta:
1494 3774 1615 3829 lilize
1654 3785 1849 3830 nostra
1888 3775 2086 3843 Angel-

518 3868 687 3921 bertai
716 3865 810 3920 Dei
853 3866 1115 3930 cultricis,
1144 3866 1287 3935 quod
1331 3866 1429 3919 sibi
1482 3865 1549 3918 ad
1602 3865 1767 3934 ipsius
1820 3866 2087 3935 praecipue

518 3956 754 4011 cmnobii
803 3955 1250 4010 sustentationem
1277 3953 1459 4022 procul
1494 3954 1655 4008 dubio
1700 3965 2099 4009 reservaverat:

524 4046 681 4102 Unde
725 4060 959 4099 maerore
1007 4046 1353 4099 vehementer
1375 4044 1656 4109 allicitnur,
1697 4045 1937 4101 dolentes
1974 4047 2088 4117 glo-

500 4141 659 4193 xriam
690 4148 833 4192 tuam
860 4136 926 4191 ad
956 4145 1063 4191 tam
1090 4137 1323 4191 immane
1345 4136 1609 4206 sacrilegii
1637 4151 1807 4206 genus
1827 4138 2089 4207 dilapsam

510 4236 579 4282 et
606 4229 775 4283 instar
795 4226 1074 4298 cujusdam
1106 4228 1319 4297 gentilis
1350 4227 1492 4297 regis
1520 4242 1647 4281 vasa
1674 4227 1866 4282 domus
1896 4227 1991 4283 Dei
2022 4229 2088 4283 ad

513 4332 652 4371 usus
699 4315 945 4387 proprios
999 4313 1560 4379 inﬂexissefconatam
1604 4314 1767 4385 (Dan.
1812 4318 1877 4385 ι).
1915 4315 2089 4384 Atque

515 4406 640 4462 ideo
682 4404 1025 4460 dilectionem
1069 4413 1219 4459 tuam
1260 4405 1312 4459 in
1357 4405 1559 4460 Christi
1608 4405 1907 4460 visceribus
1966 4420 2088 4460 esse

518 4495 817 4564 cupientes,
857 4509 1139 4550 monemus
1167 4501 1222 4548 et
1257 4495 1425 4549 sacris
1468 4494 1819 4548 convenimus
1862 4492 2090 4561 eloquiis

518 4601 643 4641 cum
671 4583 957 4639 Psalmista
982 4585 1213 4639 fatentes
1240 4601 1253 4637 :
1285 4584 1460 4638 Nolite
1479 4600 1689 4653 sperare
1708 4585 1763 4636 in
1794 4584 2086 4652 iniquitate,

519 4684 569 4727 et
616 4674 669 4725 in
707 4674 901 4741 rapinis
934 4673 1091 4726 nolite
1128 4674 1485 4742 concupiscere
1514 4669 1685 4742 (Paul.
1721 4674 1853 4731 LXI).
1887 4671 1944 4726 Si
1983 4687 2088 4740 qua

517 4777 649 4833 ergo
675 4777 703 4813 a
724 4762 981 4830 praedicto
1014 4761 1102 4830 pio
1134 4761 1275 4825 loco,
1307 4762 1417 4814 sive
1439 4760 1609 4829 gloria
1633 4768 1723 4813 tua
1753 4760 1954 4813 sciente
1976 4758 2090 4811 sive

519 4852 820 4914 nesciente,
849 4850 1025 4904 ablata
1049 4857 1196 4914 sunt,
1244 4848 1507 4903 industria
1544 4858 1634 4901 tua
1683 4845 2089 4914 diligentissime

518 4941 888 5010 requirantur.
931 4948 985 4993 et
1015 4939 1230 4992 inventa
1268 4938 1321 4992 in
1364 4952 1430 4992 eo
1458 4937 1577 4991 sine
1620 4950 1770 4991 mora
1806 4935 1905 4988 sub
1942 4934 2088 4988 omni

510 5033 831 5102 integritate
873 5030 1226 5084 restituantur
1262 5046 1275 5081 :
1317 5041 1402 5092 nc,
1444 5028 1585 5095 quod
1639 5026 1800 5089 absit,
1848 5024 1895 5079 si
1938 5024 2096 5079 aliter

453 5132 460 5141 '
508 5120 720 5192 egeris,
741 5129 797 5174 et
817 5118 983 5172 Deum
1008 5128 1191 5171 contra
1221 5127 1271 5169 te
1292 5116 1357 5168 ad
1383 5113 1713 5167 iracundiam
1740 5126 2016 5183 provoces,
2040 5120 2096 5165 et

448 5224 469 5271 ,ι
522 5213 689 5265 decus
716 5218 821 5264 tua:
852 5210 1011 5278 regite
1059 5207 1353 5283 nobilitatis
1381 5205 1625 5268 oll‘ulces,
1680 5212 1840 5273 atque
1885 5219 1982 5258 nos
2024 5204 2094 5257 ad

582 5398 614 5424 ι
644 5384 743 5439 llic
784 5384 1027 5447 Carolus,
1076 5382 1164 5451 qui
1196 5380 1430 5451 Crassus,
1451 5379 1757 5451 nominatus
1795 5386 2091 5451 est._post-

518 5455 737 5511 modum
769 5456 1061 5522 imperator
1088 5447 1323 5522 creatus,
1362 5449 1459 5503 fuit
1505 5449 1643 5522 [ilius
1674 5448 1932 5522 lititlpviei
1959 5447 2091 5501 Ger-

518 5526 711 5579 mania:
738 5517 897 5595 regis.
938 5522 1191 5576 Ludovici
1211 5519 1296 5595 Pii
1328 5534 1512 5595 nepos,
1546 5519 1721 5595 Garuli
1757 5517 1933 5595 Magni
1968 5532 2091 5595 pro-

520 5608 707 5661 nepos,
734 5586 980 5662 ad'quem
1026 5590 1299 5662 nonnulla;
1326 5586 1463 5662 infra
1495 5589 1803 5662 scribuntur
1830 5586 2087 5662 epistola.

518 5655 604 5717 De
632 5655 738 5732 quo
780 5655 897 5718 Atio
926 5661 1244 5716 Viennensis
1290 5660 1342 5716 in
1378 5660 1481 5713 line
1522 5659 1948 5719 Chronicorunt;
1989 5655 2087 5707 lic-

2188 3252 2334 3295 ctum
2368 3242 2591 3308 patitur,
2631 3254 2778 3302 cum,
2800 3235 3093 3292 secundum
3124 3235 3462 3305 Apostolum,
3495 3251 3761 3304 nunquam

2190 3329 2404 3385 excidat
2440 3327 2494 3398 (1
2536 3327 2659 3382 Cor.
2694 3327 2836 3397 xui).
2868 3325 3035 3395 Hujus
3065 3326 3141 3379 rei
3181 3326 3352 3394 gratia
3386 3324 3765 3381 consolatoriis

2192 3418 2275 3473 liis
2289 3419 2739 3474 etexhortatoriis
2762 3418 3098 3486 prudentiam
3130 3429 3363 3471 vestram
3394 3417 3593 3473 litteris
3616 3430 3768 3473 coll-

2190 3523 2488 3569 tnonetnus,
2523 3522 2590 3561 ne
2634 3506 2894 3564 deﬁciatis
2918 3506 2972 3564 in
2999 3504 3458 3568 tribulationibus,
3506 3508 3761 3567 scientes,

2190 3597 2415 3650 docente
2454 3596 2728 3664 Apostolo,
2773 3596 2896 3665 quia
2930 3594 3199 3652 tribulatio
3233 3594 3532 3663 patientiam
3572 3609 3759 3660 opera-

2188 3692 2299 3749 tur,
2330 3685 2582 3753 patientia
2605 3694 2777 3737 autem
2802 3674 3423 3754 probationeni,probutio
3449 3699 3563 3737 vero
3584 3700 3759 3753 spent:

2187 3792 2303 3845 spes
2328 3787 2499 3829 autem
2531 3791 2634 3827 non
2663 3777 2934 3844 confundit
2969 3774 3140 3845 (Rom.
3165 3777 3249 3845 v);
3284 3775 3456 3829 omnia
3486 3776 3625 3829 enim
3644 3792 3765 3846 qua

2189 3865 2444 3929 uidentur,
2490 3864 2794 3931 temporalia
2838 3874 2991 3928 sunt;
3015 3880 3132 3934 qua?
3176 3880 3293 3918 vero
3344 3879 3449 3917 non
3503 3864 3763 3929 ridentur,

2190 3967 2383 4010 interna
2407 3956 2489 4027 (11
2520 3956 2644 4010 Cor.
2680 3956 2770 4025 tv).
2804 3956 2859 4009 ln
2890 3954 2974 4009 bis
3003 3968 3130 4023 ergo
3156 3953 3371 4023 conligi,
3404 3952 3463 4006 in
3497 3953 3583 4008 his
3605 3954 3764 4009 debes

2189 4047 2321 4100 totis
2363 4046 2631 4100 radicibus
2664 4045 2942 4107 inhaerere,
2978 4041 3297 4097 charissima
3329 4059 3344 4094 :
3376 4042 3522 4096 unde
3544 4041 3763 4119 sapien-

2192 4141 2266 4194 tia
2308 4150 2488 4195 vestra
2518 4147 2753 4201 sanctos,
2786 4136 2874 4204 qui
2906 4135 3162 4205 patientia
3191 4136 3244 4191 in
3283 4135 3487 4189 mundo
3522 4134 3765 4188 claritate

2192 4232 2346 4302 quasi
2395 4231 2677 4285 luminaria
2709 4230 3055 4292 refulserunt,
3085 4244 3196 4297 pra:
3238 4226 3411 4281 oculis
3456 4229 3680 4289 habeat.
3712 4234 3765 4279 et

2192 4325 2267 4378 ita
2297 4321 2570 4377 inoil‘ensis
2604 4321 2670 4374 ad
2704 4321 2932 4390 palmam
2961 4334 3204 4388 supernae
3238 4318 3539 4391 vocationis
3567 4318 3759 4385 gressi-

2195 4410 2295 4465 bus
2322 4410 2526 4472 tendat,
2548 4408 2967 4479 quantividelicet
2993 4406 3223 4460 habituri
3250 4414 3375 4459 sunt
3403 4404 3480 4457 illi
3508 4405 3628 4472 qui,
3650 4420 3765 4460 orno

2192 4499 2316 4553 culo
2359 4500 2634 4553 Douiinieo
2661 4498 2872 4561 imbuti,
2906 4497 2959 4552 in
3004 4496 3259 4565 patientia
3290 4510 3386 4550 sua
3414 4505 3627 4563 ponunt
3653 4496 3763 4548 ani-

2198 4606 2313 4643 mas
2340 4605 2464 4643 suas
2500 4587 2649 4657 (Luc.
2702 4588 2839 4657 χχι).
2876 4586 3018 4643 Nihil
3045 4587 3189 4643 enim
3236 4586 3450 4641 inimica
3495 4603 3649 4643 mors
3692 4586 3764 4640 vel

2187 4695 2387 4748 manus
2403 4678 2641 4739 abstulit,
2665 4677 2805 4745 quod
2834 4677 2963 4738 vita,
2986 4690 3106 4746 qua:
3127 4675 3376 4730 Christus
3402 4686 3509 4739 est,
3527 4686 3584 4747 et
3613 4678 3767 4747 ipsius

2196 4772 2415 4839 provida
2446 4772 2663 4824 dextera
2695 4770 2747 4824 iu
2779 4770 2971 4824 melius
3000 4785 3103 4824 non
3135 4769 3403 4823 transtulit
3429 4779 3598 4838 atque
3624 4770 3767 4825 raeti-

2197 4860 2318 4911 tuit.
2358 4859 2590 4913 Abstulit
2634 4854 2915 4912 mortalem
2966 4857 3052 4911 illa
3096 4858 3373 4919 maritum.
3407 4857 3503 4912 sed
3533 4858 3640 4912 ista
3692 4874 3766 4911 se-

2198 4950 2646 5019 ipsamietcrnum
2677 4948 2901 5003 contulit
2923 4962 3178 5016 sponsum
3205 4965 3220 5011 ;
3250 4949 3391 5001 unde
3416 4962 3539 5016 quae
3574 4947 3766 5003 terreni

2196 5040 2531 5095 vocabamiui
2584 5055 2739 5103 uxor,
2770 5038 2949 5092 Patris
2999 5038 3235 5095 caelestis
3268 5036 3381 5106 jam
3414 5040 3559 5107 regis
3608 5041 3767 5092 multo

2197 5133 2539 5203 praestantius
2566 5132 2806 5186 dicimini
2851 5129 3066 5198 conjux.
3096 5131 3416 5200 Ademptum
3456 5143 3541 5187 est
3582 5149 3766 5186 corru-

2197 5224 2383 5293 ptibilc
2409 5224 2675 5287 diadema,
2708 5224 2802 5278 sed
2851 5232 3186 5294 praiparatur
3212 5223 3525 5292 incorrupta
3552 5238 3766 5278 corona.

2197 5373 2342 5444 giuo,
2371 5373 2407 5427 l.
2438 5390 2474 5427 ιι
2502 5372 2733 5437 Cliron.;
2779 5374 3059 5428 Aimoinus
3091 5374 3182 5428 lib.
3215 5389 3272 5439 ν,
3303 5388 3421 5443 cap.
3464 5373 3535 5426 40
3565 5382 3621 5426 et
3665 5370 3767 5425 alii.

2273 5444 2299 5482 b
2329 5444 2645 5513 Engilberga
2673 5458 2811 5497 uxor
2840 5445 2940 5497 fuit
2984 5444 3239 5498 Ludovici
3278 5445 3500 5498 secundi
3544 5444 3771 5513 impeta-

2198 5514 2353 5575 tnris,
2401 5511 2467 5566 ad
2512 5511 2670 5580 quam
2716 5514 2921 5580 aliquot
2967 5513 3111 5567 infra
3161 5514 3477 5567 scribuntur
3513 5511 3765 5580 epistulzr.

2202 5582 2446 5648 Ejusdem
2474 5578 2717 5634 meminit
2744 5578 3047 5638 Aiﬁtnuinus.
3075 5582 3111 5636 Ι.
3140 5597 3194 5650 v,
3220 5599 3268 5638 c.
3298 5583 3387 5645 ‘28,
3416 5590 3471 5637 el
3507 5578 3617 5635 Leo
3642 5578 3769 5632 Mut-

2200 5655 2412 5705 sit-auus
2438 5652 2526 5705 lib.
2554 5667 2590 5714 ι,
2624 5666 2738 5722 cap.
2766 5650 2851 5703 58.
