4002 6296
227 405 344 466 721

1430 388 1788 460 erismae:
1829 402 1919 460 ET
1959 404 2295 463 neuneu.

3389 387 3494 468 ιη

226 515 467 575 Remota
492 523 620 574 sunt
651 519 1026 575 decoramenta
1055 534 1175 587 qua:
1195 529 1558 585 veterascunt,
1591 521 1686 575 sed
1729 530 1817 575 re-
1843 525 1893 582 Α
1920 524 2152 577 stantius
2203 540 2324 592 quae
2369 531 2548 576 nostra
2597 531 2721 576 sunt
2768 523 2986 590 exsequi
3043 525 3495 592 contemplamnr,

226 612 416 677 posita
454 618 584 663 sunt
627 610 778 664 vobis
823 621 1137 664 ornamenta
1169 626 1288 678 qua:
1316 627 1421 665 non
1453 621 1813 667 marcescunt.

227 701 306 757 Et.
340 701 471 771 quid
509 700 700 769 plura?
730 702 834 756 Pro
856 716 1159 756 arumnoso
1187 711 1242 756 et
1268 703 1606 771 phantastico
1629 717 1815 772 regno,

1923 610 2172 678 Epistolze
2211 621 2391 664 autem
2423 613 2551 679 ipsa!
2577 601 2771 678 quibus
2814 609 2990 664 missa:
3028 611 3156 674 siut,
3201 614 3501 682 superscri—

1921 703 2032 770 ptio
2074 717 2262 756 earum
2301 701 2640 762 monstrabit,
2689 716 2824 769 quas
2869 701 2982 768 ipse
3015 701 3200 769 procul
3239 701 3401 755 dubio
3429 702 3499 756 ad

226 791 553 864 perc'ipietis
579 789 710 844 felix
734 801 792 846 et
818 805 1004 845 verum
1037 791 1321 860 imperimn
1350 811 1363 847 :
1395 797 1452 846 et
1490 802 1678 848 revera
1700 790 1821 848 haec
1920 802 2015 844 eos
2045 789 2240 858 quibus
2266 789 2483 843 directa:
2511 798 2635 843 sunt
2662 789 2826 843 facies
2853 790 3138 858 asportari.
3162 790 3292 843 Esto
3314 791 3501 860 itaque

225 889 323 937 est
347 881 652 933 immutatio
672 880 909 934 dexterae
942 878 1150 934 Escelsi
1179 875 1350 948 (Psal.
1383 881 1589 950 L‘x‘xw).
1618 876 1819 938 Verum

231 985 365 1028 cum
409 970 640 1041 sapienti
687 972 840 1026 vobis
880 980 936 1026 et
967 983 1086 1040 qum
1127 971 1296 1026 nostis
1325 972 1391 1026 de
1438 965 1628 1041 paucis
1664 969 1822 1042 plura

231 1074 472 1130 pensare
491 1075 662 1129 pauca
692 1063 988 1125 subiciant;
1025 1059 1108 1114 his
1135 1060 1210 1114 ita
1234 1052 1546 1130 prtelibatis,
1581 1055 1825 1114 dilectio-

232 1166 366 1206 nem
407 1160 647 1206 vestram
675 1152 870 1206 merito
891 1160 1301 1207 commonemus
1326 1160 1385 1205 ut
1409 1148 1672 1220 spirituali
1715 1149 1826 1206 lilio

233 1254 434 1299 rastro
451 1242 650 1298 Carolo
678 1241 920 1310 piissimo
943 1235 1264 1310 imperatori
1301 1256 1450 1311 pura:
1477 1241 1600 1296 ﬁdei
1631 1255 1696 1296 ac
1716 1241 1827 1296 sin-

229 1345 387 1388 cerae
425 1331 728 1386 devotionis
751 1330 1014 1385 exhibens
1043 1345 1257 1400 semper
1287 1330 1672 1401 integritatem,
1711 1347 1828 1386 om-

229 1439 341 1481 nes
361 1425 432 1480 ad
468 1422 588 1495 eius
613 1421 1086 1477 mansuetudinem
1133 1423 1394 1486 attrahat,
1433 1430 1490 1477 et
1525 1422 1828 1477 salubribus

232 1512 468 1570 monitis
516 1511 879 1566 inviolabilem
922 1511 973 1565 ei
1017 1511 1175 1566 [idem
1219 1526 1438 1565 servare
1477 1511 1824 1565 demonstret.

239 1604 376 1659 Non
397 1603 533 1657 enim
557 1612 631 1655 est
654 1610 899 1670 potestas,
949 1611 1009 1654 ut
1047 1600 1336 1669 Apostolus
1355 1602 1457 1664 ‘ait,
1486 1602 1589 1654 nisi
1639 1618 1672 1654 a
1717 1600 1829 1655 Deo

237 1691 423 1760 (Rom.
452 1691 595 1760 xm).
618 1691 685 1745 Et
713 1709 725 1744 :
753 1690 858 1755 Qui
880 1691 1070 1744 resistit
1090 1693 1355 1768 potestati,
1387 1691 1481 1745 Dei
1503 1691 1828 1745 ordinatioui

237 1783 437 1836 resistit
465 1780 676 1850 (ibid.);
722 1796 820 1834 nos
849 1789 1048 1842 autem,
1091 1782 1214 1849 quia
1259 1781 1407 1835 illum
1454 1781 1735 1846 divinitus,
1771 1792 1831 1836 ut

241 1873 539 1937 credimus,
591 1873 697 1926 acti
743 1872 912 1927 semel
954 1872 1233 1943 elegimus,
1263 1875 1538 1943 perpetuo
1575 1881 1826 1942 tanquam
1859 1858 1905 1916 Β

245 1961 418 2014 lilium
469 1961 845 2015 charissimum
889 1961 1032 2015 omni
1077 1972 1268 2016 conatu
1317 1963 1607 2030 diligimus,
1652 1964 1726 2018 ita
1771 1973 1831 2020 ut

244 2052 419 2118 ipsius
443 2051 647 2106 amicos
669 2061 723 2105 et
743 2052 1014 2114 inimicos,
1039 2061 1252 2106 nostros
1279 2052 1482 2105 amicos
1507 2063 1560 2107 et
1577 2054 1830 2109 inimicos

239 2140 483 2193 existere
508 2150 783 2195 teneamus
813 2157 825 2193 :
865 2140 912 2194 si
955 2155 1061 2208 qua
1105 2154 1232 2193 vero
1261 2149 1385 2193 sunt
1415 2141 1566 2195 vobis
1611 2141 1680 2194 ab
1712 2143 1830 2212 ejus

243 2229 534 2282 clementia
576 2228 930 2297 impetranda,
959 2243 1056 2297 per
1094 2243 1190 2281 nos
1216 2227 1505 2288 credimus,
1534 2244 1655 2282 cum
1679 2230 1830 2284 vobis

243 2314 486 2377 libuerit,
524 2314 866 2368 iudilliculter
891 2315 1136 2369 obtinere
1164 2313 1429 2368 valebitis.
1459 2315 1613 2381 Quod
1642 2324 1699 2368 et
1734 2332 1832 2372 nos

244 2404 604 2459 libentissime
626 2419 722 2474 pro
753 2405 1010 2458 memoria
1035 2404 1224 2473 prisca:
1256 2404 1600 2473 benignitatis
1642 2415 1832 2460 vestra:

245 2509 519 2562 geremus.
552 2503 606 2548 et
630 2494 770 2547 idem
799 2495 920 2562 pius
943 2494 1217 2563 Augustus
1244 2509 1342 2563 pro
1369 2495 1459 2547 Dei
1489 2504 1831 2548 sanctorum-

245 2598 360 2654 que
385 2583 768 2652 apostolorum,
799 2583 891 2637 sed
912 2591 970 2636 et
994 2582 1166 2637 nostri
1191 2581 1482 2635 dilectione
1503 2583 1685 2635 animo
1711 2598 1833 2653 gra-

247 2673 390 2727 tanti
419 2674 696 2727 concedet.
727 2673 989 2741 Optamus
1037 2672 1380 2727 dilectionem
1421 2683 1654 2726 vestram
1695 2674 1833 2727 bene

246 2766 309 2821 in
339 2766 554 2821 Christo
580 2765 777 2830 valere,
815 2765 1164 2821 dilectissima
1207 2763 1336 2818 lilia.
1370 2763 1504 2818 Data
1545 2780 1595 2819 vt
1636 2763 1831 2820 Kalen-

251 2862 358 2916 das
379 2860 600 2932 Aprilis,
638 2859 931 2915 indictione
959 2859 1185 2912 decima.

935 2967 1139 3024 LXVII.

508 3106 576 3144 λι)
610 3104 888 3145 WIGBODUI
927 3104 1217 3145 EPISCOPUI
1256 3097 1594 3142 PABIENSEI.

868 3181 1043 3252 (Anno
1073 3179 1222 3250 877.)

257 3295 520 3350 Hortatur
559 3304 618 3348 ut
648 3309 983 3363 quoscunque
1025 3301 1188 3362 potest
1239 3292 1308 3344 ad
1350 3298 1544 3363 sancta:
1585 3287 1837 3363 Romam}?

333 3365 584 3418 Ecclesitz
629 3356 983 3434 defensionem
1025 3356 1235 3434 excitet:
1282 3369 1328 3413 et
1377 3358 1444 3434 ad
1482 3373 1537 3434 se
1574 3373 1696 3434 eum
1728 3356 1836 3411 suis

333 3434 523 3493 veniat,
566 3444 619 3485 ut
642 3425 903 3487 communi
947 3431 1164 3484 consilio
1190 3427 1440 3484 Saraceni
1469 3427 1534 3480 ab
1565 3425 1723 3479 Italia
1752 3440 1842 3477 ea;-

331 3503 596 3571 pellantur
624 3516 642 3553 :
683 3503 837 3554 mittit
869 3500 1190 3571 desideratas
1236 3497 1499 3567 epistolas,
1539 3512 1670 3567 quas
1709 3495 1841 3563 alfa-

335 3569 524 3626 rendas
550 3581 692 3624 curet
715 3572 778 3624 iis
805 3571 990 3639 quibus
1016 3569 1332 3622 scribuntur.

334 3679 568 3733 Joannes
607 3679 890 3746 episcopus
931 3676 1195 3731 Wtcsooo
1243 3676 1496 3744 episcopo
1537 3671 1837 3727 Parmensi.

237 3769 242 3774 ’
333 3770 644 3825 Devotionis
689 3777 792 3823 tua:
818 3767 1042 3823 allectus
1093 3783 1198 3821 non
1245 3766 1398 3821 inscii
1436 3772 1617 3836 grates
1649 3763 1841 3818 condi-

263 3878 406 3932 gnas
433 3861 747 3925 referimus;
779 3860 903 3929 quia
949 3874 1080 3913 vero
1107 3857 1447 3912 sanctitatem
1487 3854 1669 3932 dplere
1700 3863 1844 3907 tuam

262 3953 640 4036 «ignoscimus
668 3965 851 4020 proeo
887 3950 1029 4019 quod
1072 3965 1102 4002 a
1146 3948 1300 4002 nobis
1329 3945 1487 4000 nihil?
1503 3945 1604 4000 sibi
1644 3942 1847 3997 laboris
1927 3977 1930 3980 η

229 4119 238 4122 ’
263 4031 610 4111 ίιιῖιιηεειιιιτς
638 4039 710 4093 nil
737 4053 858 4093 esse
885 4037 1098 4092 noveris
1125 4035 1274 4091 aliud
1304 4033 1569 4103 nisi.‘quia
1601 4031 1846 4086 novimus

267 4141 325 4186 te
349 4131 533 4185 multis
557 4130 718 4200 hujus
748 4129 1006 4198 temporis
1037 4127 1391 4196 procellarum
1430 4123 1680 4177 fluctibus
1714 4121 1850 4176 irre-

265 4222 447 4277 titum.
471 4223 670 4277 Verum
694 4221 819 4292 quia
850 4221 1004 4275 nobis
1032 4218 1202 4272 multa
1232 4215 1500 4271 incumbit
1532 4212 1848 4274 necessitas,

1925 880 2062 934 lidus
2087 879 2140 933 in
2161 880 2335 941 nobis,
2363 889 2418 934 et
2443 880 2659 934 uiriliter
2682 896 2775 948 age
2793 889 2840 932 et
2862 879 3184 946 confortatur
3211 896 3302 932 eor
3327 889 3498 944 tuum,

1923 981 1972 1024 et
1993 971 2190 1024 sustine
2214 971 2512 1035 Dominum,
2535 979 2612 1035 et,
2633 971 2856 1038 Accinge
2881 969 3014 1023 sicut
3043 971 3122 1022 vir
3148 971 3354 1024 lumbos
3382 981 3499 1026 tuos

1925 1059 2048 1128 (Job
2093 1059 2206 1126 χι),
2240 1069 2298 1113 et
2321 1059 2582 1119 accelera,
2610 1069 2671 1113 ut
2697 1059 3039 1114 dilectionem
3067 1068 3218 1112 tuam
3251 1059 3500 1128 superius

1926 1149 2374 1205 commonuimus.
2423 1148 2684 1216 Optamus
2742 1149 3090 1203 sanctitatem
3141 1157 3330 1214 tuam,
3388 1157 3496 1214 etc.

1926 1237 2062 1294 Data
2092 1254 2143 1292 vt
2173 1238 2436 1294 Kalendas
2461 1237 2679 1307 Aprilis,
2709 1237 3000 1294 indictione
3031 1254 3086 1292 ιι.

2597 1387 2824 1444 LXVIII.

2317 1521 2384 1562 λυ
2422 1520 2704 1562 ιδοοιιιιιειι
2739 1520 2808 1558 ΕΤ
2844 1518 3100 1559 ΙΟΔΝΝΕἈ.

2531 1619 2710 1688 (Anno
2742 1619 2890 1689 877.)

1932 1732 2194 1788 Hortatur
2239 1745 2294 1786 ut
2344 1732 2430 1786 det
2483 1747 2693 1800 operam
2738 1746 2800 1800 ne
2841 1728 3128 1790 Christiani
3171 1728 3338 1798 {cedas
3385 1741 3563 1790 sane

2449 1799 2730 1856 Saracenis
2769 1799 2987 1867 faciant.

1999 1934 2234 1999 Joannes
2272 1933 2558 2004 episcopus
2583 1932 2818 1991 Docmun
2846 1944 2872 1972 α
2889 1940 2955 1985 εει
2978 1929 3180 1994 losum.
3198 1930 3465 2001 hypatis...
3483 1983 3503 1990 N

2001 2026 2278 2080 Devotioni
2325 2034 2553 2094 tttai.pro
2593 2025 2776 2079 labore
2821 2023 2944 2077 litlei
2975 2023 3293 2081 Christianas
3339 2034 3518 2090 quam,

1929 2117 2132 2170 excolis
2178 2116 2471 2182 gratiarum
2517 2113 2819 2173 actionibus
2868 2112 3173 2182 persolutis,
3209 2112 3402 2165 iterum
3452 2117 3516 2168 ei.

1931 2205 2124 2259 iterum
2166 2207 2516 2259 exhortamur
2543 2211 2598 2258 ut
2631 2203 2802 2272 magis
2828 2218 2908 2256 .ac
2959 2202 3130 2269 magis
3167 2210 3418 2269 satagere
3447 2208 3514 2258 et:
3569 2231 3574 2234 -

1932 2295 2232 2356 decertare.
2259 2304 2312 2349 et
2335 2305 2567 2364 coeptum
2609 2295 2847 2350 laborem
2887 2293 2954 2347 ad
2987 2293 3279 2362 perfectam
3306 2293 3522 2348 ducere

1934 2391 2199 2444 actionem
2227 2400 2527 2457 procures:
2559 2395 2620 2441 ut
2638 2385 2931 2442 Christiani
2953 2384 3187 2439 nominis
3213 2384 3311 2437 viri
3343 2396 3511 2453 page:

1932 2494 2124 2533 norum
2154 2478 2357 2533 foedera
2401 2477 2626 2546 fugiant.
2652 2483 2708 2532 et
2742 2475 2912 2531 solum
2954 2474 3007 2528 in
3050 2474 3238 2534 Deum,
3268 2471 3359 2540 qui
3408 2482 3513 2526 eos

1933 2571 2160 2632 creavit,
2191 2579 2248 2624 et
2289 2585 2394 2622 non
2439 2569 2498 2623 in.
2539 2567 2737 2622 diaboli
2768 2567 3031 2629 membra,
3071 2579 3192 2635 qua
3231 2571 3372 2619 sunt.
3410 2561 3514 2620 lilii

1933 2661 2306 2715 fornicationis
2327 2659 2668 2720 etvasaine,
2691 2673 3010 2727 spemsuam
3042 2670 3243 2727 ponere
3271 2655 3506 2708 discant.

1934 2749 2090 2816 Quod
2114 2765 2239 2804 cum
2268 2749 2464 2819 egeris,
2494 2747 2729 2804 salvahis
2756 2744 2991 2804 intimam
3022 2754 3190 2807 tuam,
3213 2753 3267 2797 et
3295 2741 3510 2810 operies

1934 2839 2334 2894 multitudinem
2361 2848 2728 2906 peccatorum.
2755 2835 2898 2889 Dicit
2917 2833 3060 2887 enim
3087 2832 3279 2886 beatus
3299 2828 3501 2886 Jacob:

1937 2926 2042 2993 Qui
2085 2928 2314 2982 conserti
2345 2927 2522 2996 fecerit
2568 2934 2889 2994 peccatorum
2916 2924 2980 2976 ab
3017 2939 3196 2976 errore
3243 2923 3338 2975 vite
3373 2937 3506 2984 sum,

1935 3015 2152 3070 saluauit
2200 3017 2434 3073 animant
2462 3029 2614 3068 suam
2646 3031 2678 3066 a
2708 3022 2893 3074 morte,
2940 3022 2987 3064 et
3027 3011 3220 3078 aperiet
3275 3009 3517 3062 multitua

1936 3106 2109 3164 dinem
2162 3115 2490 3176 peccatorum
2554 3101 2816 3175 (Jac.v).
2869 3103 3002 3157 Data
3040 3117 3070 3153 v
3122 3100 3244 3154 ldus
3289 3097 3512 3167 Aprilis,

1863 3189 1910 3252 C
1931 3197 2128 3254 .indict.
2161 3213 2213 3251 χ.

2633 3324 2817 3379 LXIX.

2068 3475 2136 3513 AD
2169 3472 2482 3514 νυιειιλιιειι
2519 3470 2942 3512 Ριιιεςεετυιιιυιι
2983 3467 3406 3511 ΔΙΛΜΊΤΑΝυΜς

2550 3589 2730 3658 (Anno
2761 3585 2918 3656 επ.)

1947 3719 2122 3777 Mouet
2151 3729 2207 3772 ut
2244 3718 2409 3783 [tedas
2446 3732 2562 3770 cum
2602 3713 2881 3772 Saracenis
2910 3711 3096 3769 initum
3129 3708 3535 3768 dissolvendum;

2647 3793 2811 3837 curet.

2016 3928 2248 3983 Joannes
2285 3909 2573 3995 episcopus
2599 3921 2867 3980 Paucum
2892 3921 2932 3961 ιλ
2954 3919 3296 3991 praefecturio
3332 3914 3530 3973 Amal-

1949 4020 2134 4073 litano.

2017 4109 2388 4164 Admonemus
2407 4105 2547 4160 utin
2571 4104 2724 4163 .omni
2762 4104 2962 4158 virtute
3007 4111 3097 4156 tua
3147 4110 3202 4155 et
3255 4099 3522 4170 sapientia

1949 4210 2042 4257 tua
2086 4201 2295 4256 labores
2321 4198 2756 4268 atquedecertes
2783 4205 2843 4249 ut
2884 4195 2958 4248 illi
3003 4194 3248 4248 homines
3285 4207 3522 4260 pagano-

267 4320 327 4367 et
355 4323 445 4368 tua
493 4285 896 4382 promptissima
937 4311 1112 4365 claret
1153 4309 1426 4373 alacritas,
1450 4307 1752 4367 ,ltortamur
1794 4316 1837 4358 ιιι

1951 4310 2072 4349 rum
2103 4295 2440 4360 disrumpere
2467 4298 2622 4358 pacta
2663 4297 2973 4358 procurent.
3005 4287 3159 4353 Quod
3185 4285 3229 4341 si
3269 4285 3522 4346 fecerint,

267 4374 620 4472 quoscunque
648 4374 819 4472 potes,
869 4409 924 4456 et
947 4400 1432 4470 quomodocunque
1457 4406 1628 4466 potes,
1659 4397 1726 4450 ad
1765 4396 1855 4449 de-
1923 4415 1928 4418 ·
1953 4384 2026 4438 nil
2047 4383 2200 4437 vobis
2228 4378 2848 4448 velillisdeuegabimus
2861 4392 3048 4432 eorum
3069 4391 3188 4445 quae
3213 4375 3314 4428 rite
3341 4374 3524 4428 facere

271 4493 566 4547 fensionem
598 4489 756 4560 hujus
777 4500 984 4546 sanctae
999 4489 1314 4560 principalis
1342 4487 1596 4542 Eaclesiae
1618 4485 1837 4539 ﬁliorum

1955 4485 2260 4543 possumus,
2295 4477 2358 4524 et.
2391 4483 2488 4537 pro
2522 4467 2668 4520 nulla
2716 4481 2881 4521 causa
2936 4465 3019 4520 vel
3074 4463 3294 4518 homine
3345 4478 3446 4518 nos
3493 4480 3542 4518 il.

271 4533 566 4547 ...ην-νην...
598 4533 756 4560 ....,....
777 4533 978 4546 ......,....
999 4533 1313 4560 νηηντκ-.-
1342 4533 1595 4542 ww--."
1763 4533 1850 4538 η-
1957 4533 1973 4543 ,
2391 4533 2405 4537 ,

268 4581 498 4644 excites,
525 4580 738 4645 incitos,
765 4587 821 4635 et
854 4577 1331 4649 pmutenecessitas
1366 4585 1541 4644 urget,
1571 4573 1846 4643 impellas:
1875 4533 1930 4593 Β
1955 4563 2228 4619 communi
2257 4570 2441 4615 vestra
2465 4569 2520 4614 ct
2540 4573 2726 4613 eorum
2762 4558 2938 4612 salute
2957 4571 3053 4610 seu
3077 4555 3276 4610 auxilio
3300 4569 3526 4624 separa-

271 4672 369 4726 sed
395 4679 450 4726 et
478 4673 591 4740 ipse
621 4643 743 4726 cum
773 4643 972 4740 bis—qui
1003 4669 1097 4723 tibi
1127 4643 1495 4721 adhaerent'ad
1525 4663 1849 4732 colloquium
1925 4655 2156 4714 bimus,
2193 4666 2293 4706 nec
2327 4651 2446 4704 illos
2489 4648 2777 4718 aliquando
2818 4646 3168 4700 dimittemus.
3209 4644 3281 4698 At
3308 4658 3437 4699 vero
3480 4643 3529 4699 si

271 4769 518 4816 nostrum
551 4760 855 4815 accelerare
883 4775 950 4814 ne
971 4757 1266 4828 pigriteris,
1294 4763 1559 4823 quatenus
1581 4752 1851 4807 communi

232 4843 238 4846 ”
273 4850 525 4913 consilio,
557 4849 852 4904 auxiliante
878 4849 1011 4912 Deo,
1048 4861 1176 4917 gens
1201 4845 1364 4913 impia
1391 4843 1590 4896 nostris
1615 4841 1856 4894 elimine-

235 4945 240 4950 “
275 4951 368 4995 tur
392 4955 425 4994 e
465 4939 659 4995 ﬁnibus
686 4955 709 4994 ι
734 4940 836 4994 hoc
864 4947 946 4993 est
973 4938 1113 5008 quod
1139 4937 1419 5005 exigimus,
1449 4933 1552 4987 hoc
1594 4940 1678 4986 est
1712 4931 1854 4999 quod

274 5038 408 5086 ante
447 5029 670 5105 speciali
701 5038 824 5083 voto
851 5029 1210 5098 deposcimus.
1241 5025 1371 5092 Qua:
1395 5038 1523 5077 vero
1549 5023 1616 5078 de
1649 5023 1862 5075 mitten-

276 5118 368 5175 dis
389 5120 690 5189 quibusque
716 5119 912 5174 litteris
938 5118 1138 5172 nostris
1173 5131 1460 5186 suggerere
1505 5113 1740 5175 voluisti,
1766 5127 1861 5166 vo—

284 5211 356 5263 tis
380 5209 508 5270 tuis,
528 5217 682 5276 prout
711 5207 966 5276 temporis
983 5205 1234 5276 qualitas,
1259 5213 1314 5260 et
1334 5218 1618 5259 causarum
1650 5201 1862 5268 dispen-

284 5302 422 5356 satio
446 5300 736 5362 concessit,
765 5308 1044 5369 gratanter
1091 5296 1408 5359 annuimus;
1440 5303 1494 5349 et
1538 5309 1642 5348 non
1686 5291 1860 5346 solum

230 5454 236 5457 _
284 5392 409 5455 hoc,
430 5390 526 5445 sed
547 5399 600 5446 et
622 5406 741 5460 qua:
767 5405 1070 5460 possumus,
1097 5394 1248 5441 tanto
1277 5387 1420 5440 circa
1447 5381 1857 5438 sanctimoniam

283 5483 432 5531 tuam
460 5477 716 5532 exhibere
745 5477 998 5532 libentius
1023 5475 1292 5540 volumus,
1320 5481 1522 5542 quanto
1555 5472 1695 5525 hanc
1720 5484 1858 5538 pra:-

238 5563 462 5620 'teritis
506 5565 609 5620 illis
653 5565 703 5619 in
732 5564 972 5635 partibus
1013 5563 1360 5619 constitutam
1407 5559 1641 5615 alacrius
1687 5557 1856 5613 etin-

365 5752 389 5779 κ
418 5737 496 5796 De
523 5738 762 5796 Docibilc
791 5739 919 5806 Leo,
946 5752 1032 5808 cp.
1060 5736 1348 5802 Ostiensis,
1375 5735 1464 5791 lib.
1491 5749 1554 5800 ιι,
1579 5746 1630 5787 c.
1661 5729 1747 5785 14.

1959 4745 2034 4799 illi
2064 4744 2166 4797 hoc
2209 4741 2387 4796 facere
2431 4737 2812 4798 recusaverint,
2857 4746 2913 4791 et
2949 4736 3222 4803 conspicis
3249 4751 3346 4790 eos
3373 4734 3531 4790 nobis

1957 4834 2026 4888 de
2069 4834 2156 4887 die
2197 4832 2253 4886 in
2300 4831 2439 4883 diem
2477 4826 2846 4882 tantummodo
2883 4826 3019 4880 velle
3064 4825 3303 4888 illudere,
3339 4824 3532 4878 saltem

1963 4931 2017 4976 tu
2049 4921 2134 4976 fac
2173 4919 2468 4975 secundum
2495 4916 2778 4972 consilium
2805 4926 2979 4979 tuum,
3019 4916 3162 4985 quod
3189 4914 3424 4977 scilicet,
3454 4913 3537 4966 in-

1961 5012 2203 5081 spirante
2232 5009 2362 5070 Deo,
2399 5023 2472 5062 ex
2497 5007 2744 5076 prudenti
2779 5007 2943 5061 corde
2979 5005 3316 5060 salutiferam
3348 5013 3527 5073 protu-

1962 5103 2092 5156 listi.
2129 5100 2398 5169 Quidquid
2427 5109 2605 5153 autem
2628 5099 2694 5154 de
2721 5098 2808 5153 his
2827 5099 3047 5160 factum,
3075 5096 3158 5150 vel
3186 5111 3291 5148 non
3329 5094 3540 5150 factum

1964 5192 2149 5255 fuerit,
2170 5201 2264 5244 aut
2288 5190 2591 5245 faciendum
2612 5188 2904 5250 exstiterit,
2929 5186 3034 5240 tuis
3060 5185 3215 5239 nobis
3239 5184 3321 5238 vel
3347 5184 3532 5237 missis

1963 5282 2047 5336 vel
2089 5283 2282 5337 litteris
2325 5281 2484 5336 citius
2514 5279 2802 5342 iudicabis,
2832 5287 2892 5332 ut
2930 5293 3048 5346 qua:
3091 5275 3345 5343 deinceps
3382 5274 3538 5328 nobis

1966 5372 2272 5427 necessario
2307 5380 2434 5424 sunt
2475 5370 2702 5440 agetida,
2737 5367 2948 5420 facilius
2974 5375 3030 5419 et
3055 5363 3358 5433 expeditius
3403 5378 3537 5428 aga-

1925 5456 1934 5515 Ῐ
1967 5478 2107 5527 mus,
2133 5475 2499 5530 prteparemus
2517 5467 2573 5511 et
2598 5457 2926 5511 ordincmus.
2958 5455 3090 5508 Data
3110 5469 3143 5507 v
3162 5451 3284 5507 Idus
3313 5451 3552 5522 Aprilis,

1967 5551 2156 5613 indict.
2186 5567 2241 5604 ι.

1946 5801 1953 5809 ﬁ
2039 5730 2069 5771 δ
2099 5728 2175 5784 De
2197 5725 2459 5783 Pulcliare
2482 5721 2612 5791 Leo,
2636 5718 2727 5777 ubi
2749 5732 2942 5792 supra.
