3958 5398
506 356 609 430 ut

714 594 784 635 ΔΙ)
822 595 1044 634 εειιαιωι
1081 596 1389 637 IAGISTRUM

1111 673 1290 740 (Anno
1323 674 1473 745 877.)

497 739 651 812 balet
683 760 853 830 ipsum
877 775 1014 828 stupe
1039 739 1294 814 monitum
1322 739 1489 830 {tedas
1515 779 1632 816 cum
1661 761 1943 817 Saracenis
1973 762 2078 816 sol-

571 844 686 900 vere
745 829 1007 900 noluisse;
1069 829 1390 900 pracipit’ut
1438 833 1649 885 tandem
1697 842 1879 900 pareat
1927 846 1944 883 :
1995 835 2078 886 sin

565 898 763 962 minus,
785 899 1021 952 minatur
1037 898 1093 952 se
1115 898 1303 954 iterum
1329 917 1447 953 eum
1469 898 2078 966 excomm‘unicaturum;

566 966 864 1035 pollicetur,
915 969 962 1022 si
1012 968 1192 1036 fideles
1234 969 1430 1040 legatos
1493 972 1710 1036 miserit,
1766 971 1980 1041 benigne
2023 988 2080 1025 se

566 1047 947 1106 suscepturum.

565 1124 804 1182 Joannes
832 1129 1118 1200 episcopus
1141 1129 1340 1186 SERGIO
1363 1143 1388 1170 α
1418 1131 1676 1202 magistro
1702 1123 2074 1201 Neapolitanum

567 1216 704 1270 Dum
723 1217 876 1272 verbi
905 1217 1003 1273 Dei
1033 1235 1215 1276 semen
1266 1220 1319 1276 in
1365 1230 1586 1292 pectore
1633 1233 1725 1277 tuo
1776 1223 1937 1278 etiam
1981 1239 2078 1292 per

494 1303 872 1375 inemetipsum
903 1315 1028 1377 post
1066 1310 1289 1364 crebros
1323 1312 1517 1365 missos
1554 1321 1609 1366 et
1657 1311 1862 1366 litteras
1910 1313 2077 1367 semi-

493 1397 733 1461 nassem,
769 1401 1150 1469 exspectabam
1180 1417 1290 1457 non
1320 1402 1607 1457 verborum
1650 1403 1797 1468 folia,
1826 1403 1921 1458 sed
1965 1404 2078 1458 l‘ru-

493 1490 618 1542 ctus
658 1501 883 1557 operum
912 1491 1211 1559 promereri
1245 1509 1258 1545 :
1293 1493 1386 1546 sed
1413 1492 1539 1561 quia
1575 1509 1740 1563 super
1776 1495 1878 1548 hac
1923 1504 2078 1563 parte

492 1589 620 1646 spes
661 1586 847 1632 nostra
896 1577 1156 1635 frustrata
1199 1589 1304 1646 est,
1347 1596 1512 1652 cogor
1542 1582 1595 1636 in
1626 1597 1814 1637 vocem
1861 1579 2076 1636 Domini

491 1672 591 1737 per
620 1668 812 1724 Isaiam
839 1671 1159 1740 prophetam
1185 1673 1443 1726 adversus
1472 1672 1825 1727 lsraeliticam
1866 1674 2077 1744 plebem

487 1755 867 1828 prorumpere,
915 1758 1195 1814 clamans:
1229 1759 1370 1824 Quid
1421 1771 1496 1816 est
1542 1763 1681 1831 quod
1731 1763 1884 1816 debui
1932 1763 2074 1816 ultra

490 1850 665 1917 facere
694 1852 855 1905 vincte
880 1867 1032 1917 mete,
1055 1861 1102 1906 et
1129 1869 1230 1906 non
1263 1853 1403 1921 feci?
1431 1869 1499 1906 an
1531 1855 1667 1924 quod
1696 1855 1985 1924 exspectavi
2013 1864 2067 1908 ut

489 1942 684 2011 faceret
710 1959 857 2008 uvas,
891 1943 1013 2013 fecit
1048 1954 1222 1998 autem
1250 1943 1560 1999 labruscas?
1592 1945 1725 2015 (Isa.
1758 1947 1838 2016 v.)
1873 1945 2068 2001 Verum

487 2033 636 2100 quia,
666 2042 726 2086 ut
767 2048 891 2088 cum
933 2034 1192 2103 Apostolo
1223 2035 1421 2100 dicam,
1469 2036 1650 2090 eadem
1676 2037 1816 2090 uobis
1845 2037 2068 2091 scribere

485 2123 617 2177 mihi
669 2123 878 2194 quidem
909 2139 1013 2178 non
1062 2125 1293 2195 pigrum,
1345 2125 1484 2180 vobis
1513 2137 1686 2180 autem
1721 2129 2069 2180 necessarium

487 2223 563 2265 est
592 2213 813 2284 (Philip.
846 2215 966 2284 tn);
1013 2215 1178 2270 semel
1224 2224 1277 2270 te
1321 2224 1550 2285 tuosque
1576 2218 1751 2272 adhuc
1779 2219 2068 2273 admonere

485 2315 594 2356 non
631 2304 811 2358 abnuo
843 2313 902 2358 ut
931 2303 1000 2358 ab
1030 2304 1328 2360 inﬁdelium
1368 2308 1646 2362 consortio
1681 2307 1981 2372 declinetis,
2013 2318 2069 2362 et

485 2405 516 2441 a
551 2399 658 2444 tam
705 2392 934 2460 profano
962 2394 1178 2447 tandem
1221 2393 1510 2463 aliquando
1545 2395 1750 2452 {cedere
1782 2397 2065 2452 recedatis.

485 2481 638 2544 Quod
677 2482 722 2534 si
751 2496 850 2536 nos
882 2481 1185 2548 audieritis,
1218 2499 1324 2538 non
1351 2484 1525 2540 solum
1553 2487 1695 2541 bona
1727 2501 1848 2557 qua:
1873 2488 2069 2556 cupitis

485 2568 790 2625 allluentius
815 2586 882 2624 ex
909 2572 1065 2627 nobis
1093 2573 1382 2640 habebitis,
1412 2575 1506 2630 sed
1531 2585 1588 2631 et
1624 2592 1819 2648 magna
1846 2580 2068 2646 praemia

488 2659 703 2714 coalitus
754 2663 1150 2732 assequemini;
1201 2663 1283 2719 sin
1333 2674 1535 2732 autem,
1575 2682 1684 2721 non
1735 2667 1910 2722 solum
1970 2684 2070 2723 nos

484 2751 754 2818 tspirituali
790 2768 885 2808 vos
929 2754 1127 2810 iterato
1157 2754 1338 2825 gladio
1380 2757 1758 2826 percellemus,
1790 2761 1882 2814 sed
1920 2768 1976 2814 et
2013 2760 2067 2814 hi

483 2839 577 2907 qui
603 2855 708 2894 non
737 2842 854 2896 sine
881 2857 1047 2897 causa
1079 2844 1388 2899 materiales
1426 2845 1632 2916 gladios
1675 2856 1913 2918 portant,
1942 2865 2066 2905 cum

485 2928 597 2982 sint
655 2939 856 2984 sancta:
907 2931 1165 2987 Ecclesia:
1202 2933 1366 2988 validi
1402 2934 1718 2991 defensores
1767 2947 1824 2992 et
1875 2937 2067 2995 fervidi

485 3019 768 3084 zelatores,
805 3023 1016 3078 cunctis
1049 3023 1294 3080 adversis
1315 3034 1372 3081 et
1406 3027 1682 3097 prosperis
1715 3031 2064 3096 conculcatis,

482 3111 744 3165 adversus
788 3127 884 3167 vos
931 3114 1179 3183 protinus
1214 3130 1364 3169 arma
1394 3119 1712 3187 corripient,
1743 3128 1798 3174 et
1823 3121 2065 3176 vindices

1435 597 1863 637 NEAPOLITANUI.

1838 355 2118 435 losnms
2147 379 2348 437 PAR-5
2386 356 2494 437 'vnl

2107 496 2162 553 Λ

3668 397 3773 460 ’12ιὶ

2255 490 2405 570 ducis
2428 491 2647 562 legatos,
2680 495 2735 570 si
2765 495 2982 570 miserit,
3013 509 3360 570 paratumque
3397 502 3472 555 ad
3519 507 3698 559 omnia
3722 525 3775 565 se

2549 578 2644 632 pro
2672 561 2921 620 Ecclesia:
2947 558 3044 622 Dei
3067 558 3294 623 utilitate
3331 558 3665 639 perﬁciendo

2253 757 2486 816 Joannes
2508 763 2796 835 episcopus
2822 767 2889 822 ad
2917 769 3226 838 episcopum
3256 770 3703 842 Neapolitanum.

2250 849 2474 907 Relictis
2500 852 2695 910 litteris
2719 858 2847 921 tuis,
2873 874 3008 928 quas
3036 871 3216 931 empto
3236 862 3352 930 jam
3384 865 3669 934 paschalis
3695 868 3770 920 leo

2179 942 2433 998 stivitatis
2461 943 2636 1000 oﬁicio
2675 947 2730 1000 in
2771 948 2858 1003 die
2886 964 3081 1018 magno
3105 953 3470 1023 suscepimus,
3504 956 3640 1008 nihil
3673 973 3768 1025 quo

2178 1029 2598 1100 lzetiﬁcaremur,
2641 1039 2984 1106 reperimus:
3017 1042 3158 1096 unde
3198 1043 3389 1112 ingens
3432 1045 3684 1109 tristitia,
3721 1057 3768 1100 et

2178 1125 2465 1181 cuntiuutls
2490 1127 2645 1182 dolor
2665 1130 2814 1183 Cordi
2851 1135 3036 1186 ndstro
3071 1134 3264 1199 crevit,-
3292 1144 3348 1189 et
3379 1135 3768 1205 multiplicatus

2176 1230 2274 1270 nos
2309 1216 2662 1274 vehementer
2703 1219 2917 1292 aﬂligit;
2965 1224 3089 1292 quia
3115 1226 3372 1294 populum
3417 1230 3660 1284 civitatis
3689 1245 3770 1285 ve-

2177 1310 2322 1368 strae,
2363 1319 2483 1374 qua:
2519 1306 2647 1360 olim
2695 1308 2812 1373 Dei,
2843 1326 2986 1366 nunc
3015 1323 3194 1368 autem
3230 1315 3497 1386 principis
3532 1322 3770 1374 tenebra-

2178 1409 2297 1448 rum
2320 1395 2508 1450 eﬁ‘ecta
2534 1405 2638 1463 est,
2659 1399 2916 1457 derelicto
2932 1405 3146 1472 penitus
3168 1406 3436 1462 creatoris
3462 1410 3549 1461 sui
3574 1425 3766 1476 amore,

2178 1485 2424 1541 videmus
2446 1487 2634 1560 iugum
2667 1507 2789 1546 cum
2829 1493 3135 1551 inﬁdelibus
3165 1497 3367 1553 ducere
3411 1517 3426 1552 :
3461 1509 3630 1570 teque
3657 1503 3768 1558 ideo

2178 1572 2295 1629 fore
2339 1575 2653 1645 obnoxium,
2693 1581 2950 1649 quoniam
3009 1583 3062 1637 in
3117 1586 3298 1638 medio
3338 1588 3525 1656 populi
3578 1589 3766 1656 polluta

2179 1662 2320 1719 labia
2352 1667 2619 1734 habentis,
2647 1670 2906 1738 pollutum
2931 1681 2985 1726 et
3012 1675 3328 1742 complicem
3370 1678 3650 1740 habitare,
3676 1687 3768 1737 nec

2180 1761 2294 1806 toto
2320 1756 2520 1808 annixu
2549 1764 2602 1810 te
2631 1757 2765 1812 velle
2792 1773 3006 1813 murum
3044 1777 3140 1830 pro
3167 1763 3332 1817 domo
3365 1762 3608 1830 Domini.
3640 1770 3765 1824 sicut

2097 1834 2144 1894 B
2173 1840 2426 1897 idoneum
2475 1844 2676 1900 Christi
2728 1848 2984 1902 athletam
3037 1859 3286 1919 oportet,
3336 1856 3766 1924 contemplamur

2172 1947 2465 2001 opponere.
2491 1932 2626 1988 Cum
2653 1949 2752 1990 nos
2775 1951 2873 2004 pro
2903 1937 3208 2008 hujusmodi
3233 1956 3406 1994 causa
3452 1951 3508 1996 te
3549 1945 3617 1996 ad
3642 1946 3760 1998 tanti

2172 2023 2393 2079 honoris
2417 2024 2627 2079 culmen
2660 2027 2956 2094 perducere
2979 2030 3164 2098 procul
3203 2032 3373 2086 dubio
3401 2035 3757 2100 studeremus,

2172 2124 2443 2182 quatenus
2480 2124 2532 2169 te
2563 2115 2861 2186 adjutorem
2903 2127 2959 2171 et
2987 2118 3194 2174 ﬁdelem
3224 2133 3648 2191 cooperatorem
3675 2127 3759 2178 ba-

2170 2204 2384 2269 bentes,
2413 2217 2540 2258 oves
2582 2204 2793 2259 Domini
2837 2207 2903 2261 de
2939 2215 3047 2261 tam
3087 2208 3308 2262 immani
3343 2211 3624 2279 profundo
3661 2227 3755 2282 quo

2171 2297 2238 2348 ab
2283 2295 2504 2351 humani
2543 2298 2757 2365 generis
2801 2298 3019 2353 inimico
3062 2300 3382 2357 submersas
3432 2315 3492 2358 et
3538 2315 3759 2362 reterns

2161 2381 2347 2450 jacere
2376 2385 2861 2454 conspiciebamns,
2885 2389 3203 2444 abstrahere
3230 2402 3401 2460 atque
3441 2395 3515 2447 ad
3545 2411 3756 2464 superna

2169 2470 2411 2527 relevare
2437 2488 2735 2540 possemus,
2791 2486 2850 2529 ut
2896 2477 2962 2532 de
2992 2478 3204 2532 illorum
3239 2471 3410 2534 simul
3458 2483 3636 2538 salute
3677 2496 3757 2553 par

2169 2561 2309 2628 apud
2335 2561 2716 2617 retributorem
2742 2565 2981 2619 omnium
3013 2567 3180 2620 Deum
3217 2583 3317 2636 pro
3345 2574 3632 2626 communi
3657 2587 3758 2626 cer-

2169 2649 2371 2702 tamine
2407 2651 2658 2704 meritqu
2702 2651 3043 2708 haberemus.
3075 2653 3184 2710 Sed
3215 2654 3347 2710 ecc'e
3390 2658 3644 2728 neglecta
3678 2674 3759 2730 pa-

2167 2741 2384 2794 storalis
2407 2741 2562 2795 olﬁcii
2601 2758 2749 2805 cura,
2781 2747 3081 2816 postposito
3118 2748 3287 2801 divini
3328 2750 3540 2803 timore
3565 2751 3758 2818 judicii,

2167 2844 2289 2882 cum
2323 2830 2426 2883 illis
2477 2847 2614 2899 quos
2665 2842 2760 2887 aut
2805 2836 3081 2904 corrigere
3135 2845 3191 2891 et
3225 2838 3297 2893 ad
3331 2841 3489 2892 viam
3531 2842 3760 2895 veritatis

2170 2935 2442 2984 remeare,
2479 2932 2572 2976 aut
2599 2938 2692 2978 eos
2718 2927 2872 2994 quasi
2902 2943 3118 2997 gregem
3152 2929 3474 2984 morbidum
3507 2940 3591 2985 tot
3616 2933 3760 2986 discis

2166 3011 2325 3080 plina:
2354 3012 2584 3068 salubris
2611 3016 2927 3071 verberibus
2961 3020 3309 3089 castigatum,
3364 3023 3608 3078 salutem
3647 3041 3759 3093 ραν

2166 3105 2340 3175 priam
2364 3105 2632 3160 nolentem
2662 3109 2923 3178 recipere,
2960 3111 3150 3174 vitare,
3179 3123 3350 3181 atque
3372 3113 3447 3167 de
3477 3117 3658 3168 uredio
3682 3130 3762 3168 eo-

477 3212 674 3257 tcontra
706 3219 804 3260 vos
833 3207 1239 3276 impugnatores
1273 3206 1388 3276 ejus
1413 3209 1642 3265 celerius
1671 3213 2060 3281 properabunt.

2174 3211 2313 3262 rum,
2344 3199 2485 3252 sicut
2507 3199 2618 3269 jam
2648 3200 2776 3254 olim
2807 3203 2902 3257 tibi
2947 3215 3013 3258 ex
3043 3204 3225 3259 divina
3267 3209 3607 3262 auctoritate
3643 3224 3758 3277 pra-

480 3291 613 3360 Quze
639 3309 737 3350 nos
765 3295 1019 3364 scientes,
1053 3299 1178 3368 quia
1207 3315 1304 3356 vos
1329 3301 1507 3356 anima
1537 3311 1594 3358 et
1628 3319 1857 3374 corpore
1883 3305 2062 3361 salvos

481 3384 712 3439 reddere
739 3387 1005 3455 cupimus,
1023 3389 1139 3444 haec
1162 3391 1314 3446 vobis
1335 3393 1720 3451 denuntiamus
1743 3404 1797 3451 et
1824 3399 2062 3453 cavenda

480 3473 848 3544 praecipimus.
889 3476 1158 3534 Caeterum
1209 3482 1472 3537 miramur
1531 3486 1800 3555 quomodo
1854 3502 1950 3542 vos
2005 3488 2061 3542 in

480 3564 678 3622 litteris
705 3569 920 3635 vestris,
951 3561 1087 3640 quas
1114 3572 1167 3626 in
1209 3572 1325 3642 ipsa
1363 3576 1604 3644 paschali
1622 3576 1914 3634 festivitate
1943 3594 2065 3635 sus-

481 3655 747 3726 cepimus,
802 3659 1152 3728 inculpabiles
1203 3664 1421 3719 teutetis
1469 3674 1736 3732 astruere,
1767 3683 1889 3722 cum
1945 3670 2062 3739 pia-

478 3745 662 3801 culum
711 3758 948 3804 vestrum
980 3759 1123 3806 totus
1151 3753 1243 3821 qui
1283 3754 1530 3811 desertus
1572 3766 1657 3811 est
1706 3759 1959 3825 mundus,
2007 3768 2062 3814 et

477 3838 702 3917 sanguis
727 3838 795 3892 de
821 3847 988 3904 terra,
1019 3841 1110 3910 qui
1141 3841 1344 3898 eﬁ‘usus
1390 3855 1501 3908 est,
1555 3846 1750 3901 clamet
1796 3862 1812 3900 -:
1859 3863 2063 3917 prteveo

476 3913 664 3982 niente
700 3937 881 3983 autem
923 3931 1096 4000 gratia
1134 3933 1249 3997 Dei,
1283 3935 1393 3990 cito
1420 3936 1695 3992 credimus
1740 3913 1875 3993 fore
1903 3946 1964 3993 ut
2007 3947 2063 3993 et

476 4032 578 4074 vos
621 4021 1000 4089 resipiscentes
1036 4039 1067 4078 a
1120 4025 1335 4080 vinculo
1383 4043 1492 4096 quo
1543 4031 1739 4085 annexi
1781 4033 2059 4098 tenemini,

473 4110 889 4164 convenientiae
935 4110 1310 4179 absolvamini,
1366 4124 1421 4169 et
1470 4117 1537 4170 de
1593 4127 1684 4172 tua
1737 4127 2061 4190 tuorquue

474 4197 655 4254 salute
683 4199 783 4270 ipsi
818 4215 942 4255 cum
977 4200 1292 4257 caelestibus
1311 4203 1492 4260 choris
1529 4208 1645 4275 pari
1696 4209 1894 4276 gaudio
1939 4223 2061 4278 per-

474 4285 743 4344 fruamur.
780 4289 950 4346 Porro
988 4292 1035 4346 si
1080 4293 1274 4348 missos
1309 4294 1594 4350 destinatis
1632 4297 1837 4362 ﬁdeles,
1864 4298 2060 4368 quibus

471 4379 706 4436 credere
730 4382 917 4450 procul
947 4381 1112 4438 dubio
1159 4384 1458 4450 valeamus,
1507 4385 1692 4441 libenti
1739 4403 1834 4444 eos
1875 4399 1931 4444 et
1963 4388 2059 4444 hes

475 4471 645 4542 nigno
669 4473 1028 4542 suscipiemus
1051 4472 1282 4541 aﬁ‘ectu;
1311 4483 1366 4530 et
1395 4474 1654 4544 quidquid
1677 4477 1946 4534 desiderio
1971 4479 2058 4534 vel

2165 3287 2415 3356 cipimus,
2447 3289 2596 3344 exire
2623 3290 2908 3357 debueras,
2951 3308 3051 3348 nec
3075 3294 3313 3364 amplius
3346 3311 3477 3349 cum
3518 3299 3759 3365 praemia

2165 3380 2439 3434 caloribus
2453 3390 2508 3434 et
2522 3383 2849 3437 consortium
2868 3383 3161 3438 inﬁdelium
3177 3385 3512 3442 habentibus
3526 3390 3757 3443 habitare

2164 3483 2542 3538 praesumeres,
2561 3480 2618 3525 ut
2645 3479 2746 3526 tum
2760 3473 3060 3528 devotionis
3077 3475 3402 3530 sinceritate
3426 3478 3756 3532 manifestius

2165 3570 2485 3630 apparente,
2503 3563 2860 3617 reverentiam
2877 3573 3048 3628 tuam,
3069 3581 3236 3634 quam
3260 3567 3756 3622 sacerdotiisummi

2163 3649 2536 3704 decoravimus
2573 3650 2772 3716 infulis,
2823 3653 2874 3706 in
2928 3654 3191 3710 societate
3239 3655 3483 3724 corporis
3539 3655 3749 3709 Christi

2163 3741 2443 3794 nobiscum
2479 3741 2800 3796 haberemus
2828 3743 3191 3813 conjunctam.
3227 3744 3339 3799 Nos
3365 3746 3512 3799 enim
3541 3746 3749 3799 assidua

2163 3830 2410 3899 quamvis
2436 3831 2679 3900 corporis
2722 3831 3162 3886 iuconunoditate
3194 3842 3323 3888 tunc
3369 3835 3579 3889 detenti
3612 3849 3748 3889 esset

2165 3934 2303 3982 ntus,
2337 3919 2581 3974 volaites
2608 3918 3014 3989 Neapolitanam
3043 3922 3343 3986 civitatem,
3373 3938 3479 3978 ceu
3507 3925 3746 3993 populum

2165 4011 2399 4073 Domini,
2422 4020 2477 4066 et
2501 4028 2630 4067 oves
2657 4028 2871 4082 pascuae
2895 4013 3012 4083 ejus
3050 4015 3208 4068 nobis
3239 4015 3294 4068 iu
3339 4015 3461 4084 ipso
3497 4017 3747 4084 apostolo—

2164 4116 2281 4155 rum
2328 4102 2570 4171 principe
2607 4102 2928 4158 commissas
2964 4119 3085 4157 cum
3115 4105 3260 4156 omni
3317 4105 3613 4159 devotione
3654 4105 3745 4158 sal-

2161 4208 2312 4259 vare,
2342 4209 2445 4248 non
2479 4194 2850 4250 recusavimus
2891 4195 3150 4257 laborem,
3180 4195 3311 4264 quin
3355 4200 3547 4264 potius
3576 4197 3742 4266 posui«

2161 4299 2282 4338 mus
2310 4284 2520 4338 animas
2535 4294 2746 4338 nostras
2780 4285 2832 4338 in
2857 4285 3342 4348 manibusuostris,
3362 4285 3743 4355 Dominicaque

2161 4388 2292 4429 voce
2321 4374 2581 4429 admoniti
2615 4376 2859 4430 venimus
2886 4374 3211 4430 conﬁrmare
3246 4375 3372 4430 illos
3411 4377 3463 4430 in
3493 4377 3739 4446 benepla-

2163 4463 2272 4518 cito
2300 4462 2413 4527 Dei,
2443 4477 2542 4519 ceu
2569 4461 2787 4527 fratres,
2816 4472 2873 4517 et
2898 4472 2957 4517 ut
2994 4462 3133 4518 ﬁlios
3167 4462 3534 4519 charissimos
3571 4478 3743 4520 conn

473 4520 607 4614 volo
661 4520 846 4617 vestro
891 4563 1137 4628 cederit,
1200 4520 1480 4634 gratanler
1531 4520 2054 4634 administrabimus,

2174 4520 2704 4623 Domiuo'adjuvare;
2736 4520 2828 4608 sed
2867 4553 3133 4608 obdurato
3163 4553 3263 4623 ipsi
3304 4556 3492 4615 corde.
3545 4566 3745 4609 nostras

475 4648 728 4714 ﬁdentes,
753 4653 894 4720 quod
921 4648 993 4706 nil
1024 4654 1372 4723 impossibile,
1405 4654 1481 4709 nil
1522 4655 1798 4726 allegaturi
1837 4659 1944 4713 sint
1974 4659 2056 4713 ine-

475 4740 803 4794 eonveniens
839 4758 852 4793 :
887 4755 920 4795 e
950 4751 1141 4797 contra
1168 4758 1297 4798 vero
1325 4744 1372 4798 si
1402 4744 1670 4799 ﬁneteuus
1697 4746 1841 4814 pacti
1865 4747 2054 4814 jugqu

473 4830 601 4882 ’cum
645 4829 949 4885 inﬁdelibus
981 4832 1180 4887 ducere
1228 4834 1548 4902 proponitis,
1579 4836 1775 4890 scitote
1815 4837 2056 4904 profecto

473 4919 630 4986 quia,
654 4927 712 4972 ut
735 4934 858 4973 cum
890 4921 1146 4988 Apostolo
1172 4922 1366 4987 fatear,
1388 4926 1445 4978 in
1471 4925 1613 4994 virga
1634 4926 1837 4979 veniam
1869 4927 1941 4979 ad
1969 4943 2055 4982 vos

473 5004 530 5036 ιη
563 5005 670 5036 Ρη..
740 5010 811 5036 ..Α
871 5009 1001 5036 ιι.....
1033 5024 1065 5036 ..
1097 5011 1213 5036 LL...
1255 5010 1440 5036 Amen-
1495 5013 1787 5036 :..-i:-.:----
1834 5016 2024 5036 4-4.---

2157 4660 2348 4716 preces
2395 4655 2450 4700 et
2490 4645 2693 4699 monita
2724 4645 2963 4714 recipere
3000 4654 3163 4714 atque
3209 4654 3270 4699 ut
3316 4646 3540 4716 aspides
3580 4646 3745 4699 surda:

2160 4737 2348 4792 audire
2369 4737 2766 4807 despexerunt;
2800 4745 2959 4806 teque
2986 4737 3286 4792 secundum
3331 4754 3527 4792 eorum
3567 4749 3740 4792 votum

2157 4834 2214 4880 et
2242 4825 2565 4879 desiderium
2596 4825 2914 4888 antistitem,
2943 4825 3085 4894 quod
3114 4841 3220 4880 non
3253 4827 3633 4888 merebantur,
3661 4842 3744 4880 or-

2159 4917 2350 4971 dinare
2378 4928 2480 4970 non
2507 4914 2973 4985 praetermisimus,
3005 4916 3184 4970 multis
3223 4932 3390 4986 super
3421 4919 3526 4972 hoc.
3550 4919 3670 4972 aliis
3692 4927 3744 4970 et

2222 5005 2323 5036 ἶοηη
2370 5004 2522 5036 'nr.:c
2552 5004 2829 5036 ηνηηιῖροῖβ
2888 5004 2931 5036 οἶ
2961 5014 3158 5036 ﬁnal-wn
3194 5005 3494 5036 Q-n‘nnlnn:a
3535 5006 3717 5036 Ᾰωῖλλ

2163 5005 2323 5036 Λιῖοηη
2370 5003 2522 5036 δηιῖς
2552 5004 2829 5036 ηνηηιῖροῖβ
2888 5004 2931 5036 οἳ
2961 5014 3158 5036 ﬁnal-wn
3194 5005 3494 5036 Q':\‘lln|In.:a
