3958 5398
140 362 258 425 793
1346 363 1708 423 ΕΡῑδἸῸΙιεΕ
1750 415 1752 421 ,

1878 364 2217 429 DECRETA.
3301 378 3411 437 726

139 486 241 527 vos
266 471 425 539 prius
452 472 831 561 colligationes
868 475 1167 546 impietatis
1193 485 1248 532 et
1292 476 1468 534 fcedus
1504 479 1729 548 impium
1760 485 1811 543 Α
1837 496 1945 537 non
1987 485 2239 553 expedit;
2284 485 2555 555 praecipue
2603 485 2730 556 quia
2774 495 2865 543 tua
2913 486 3225 546 fraternitas
3263 492 3413 561 ipsos

141 563 286 631 quod
333 578 468 617 cum
516 565 749 621 inimicis
781 559 981 622 Christi
1011 567 1220 622 habetis
1245 568 1626 636 compositum,
1677 575 1737 621 et
1841 571 2142 627 invisibiles
2188 588 2454 631 mterores
2504 584 2751 640 nostros,
2786 576 2924 633 sicut
2971 580 3024 632 in
3075 559 3413 636 litteris—tuis

143 666 243 707 nos
271 651 423 706 illico
453 653 901 718 misericordiam,
929 670 1091 724 quam
1140 655 1280 711 Deus
1320 665 1506 711 noster
1542 654 1734 711 Eccle-

144 741 243 797 siae
270 756 391 795 suae
432 743 490 795 in
520 742 723 812 Spiritu
751 753 940 800 sancto
972 745 1118 801 dedit
1145 741 1325 803 facere
1349 758 1530 817 posse,
1558 740 1733 801 nulla-

146 842 305 889 tenus
323 833 490 887 vobis
512 831 628 901 jam
657 837 931 890 conversis
951 836 1192 893 tribuere
1234 837 1570 891 omittemus.
1598 833 1737 890 Nam

145 930 293 984 sicut
336 942 475 983 vere
520 928 907 984 satisfactionis
952 928 1355 985 confessoribus
1408 926 1737 999 parcendum

145 1029 259 1081 eat,
297 1016 525 1072 dicente
570 1016 798 1071 Domino
837 1033 852 1071 :
899 1015 1032 1072 Cum
1070 1034 1344 1072 conversus
1382 1016 1694 1086 iugemueris
1720 1050 1739 1079 ,

144 1107 468 1170 solvebat-is,
500 1118 547 1160 et
571 1109 742 1162 adhuc
777 1117 827 1161 te
853 1107 1112 1176 loquente,
1141 1092 1313 1162 dicam
1336 1121 1355 1165 :
1380 1106 1515 1162 Ecce
1552 1108 1740 1160 adsum

146 1193 369 1266 (Eseclt.
403 1195 620 1266 xxx“);
649 1196 724 1252 ita
769 1211 897 1252 vero
942 1198 996 1252 in
1043 1197 1248 1255 scelere
1282 1198 1449 1268 impio
1478 1197 1739 1252 manenti-

147 1286 250 1342 bus
289 1288 667 1342 misereudum
708 1304 815 1343 non
863 1297 964 1350 est,
1015 1290 1267 1358 quoniam
1312 1290 1740 1344 misericordiam

146 1377 389 1448 aliquam
421 1379 704 1435 vobiscum
735 1389 865 1436 ante
894 1381 1126 1436 fructum
1154 1382 1373 1450 dignum
1412 1381 1742 1451 pceuitentite

147 1467 334 1522 facere
361 1469 594 1523 omnino
619 1470 922 1538 nequimus,
956 1485 1026 1525 eo
1044 1471 1185 1538 quod
1217 1470 1587 1526 misericordia
1623 1470 1742 1525 sine

148 1554 534 1610 controversia
561 1556 729 1624 quaeri
775 1556 965 1621 debet,
1014 1568 1070 1612 ut
1111 1557 1256 1612 salus
1300 1558 1370 1613 sit
1417 1556 1738 1626 disciplinae.

148 1642 282 1697 Nam
309 1643 534 1697 dicente
556 1653 746 1700 sancto
770 1644 1032 1716 Gregorio
1060 1646 1176 1714 (lib.
1208 1663 1243 1701 ll
1277 1647 1333 1700 in
1364 1644 1559 1699 Escclt.
1593 1648 1737 1700 hom.

1839 663 2224 733 conspicimus,
2261 680 2368 720 non
2398 666 2633 736 ignorat,
2663 681 2761 736 per
2786 665 2936 722 illum
2961 667 3051 738 qui
3083 678 3134 722 te
3159 671 3441 725 sacerdor

1834 760 1945 807 tem
1972 767 2129 807 suum
2152 750 2462 821 constituit,
2493 763 2639 809 tuam
2672 756 3035 811 reverentiam
3067 757 3438 827 adjuramus,.

1839 843 2234 913 suadentesque
2256 844 2430 899 modis
2458 844 2713 899 omnibus
2745 844 3122 913 deprecamur,
3144 854 3201 900 et
3224 855 3411 902 aucto-

1839 933 2000 988 ritate
2029 932 2333 1002 principum
2365 933 2751 1002 apostolorum,
2783 932 3026 989 fraterno
3050 932 3170 987 freti
3193 948 3411 999 amore,

1837 1023 2184 1093 praecipimus
2210 1030 2269 1076 ut
2294 1023 2547 1077 omnibus
2584 1021 2792 1076 viribus
2820 1022 2927 1076 tuis
2964 1021 3220 1091 omnique
3253 1037 3415 1092 posse

1842 1123 1932 1168 tuo
1965 1114 2200 1177 labores,
2234 1120 2346 1166 tam
2378 1112 2586 1168 scilicet
2612 1126 2733 1167 cum
2762 1125 3019 1180 germano
3044 1109 3215 1166 fratre
3248 1127 3419 1181 quam

1838 1218 1962 1259 eum
1995 1202 2116 1257 aliis
2143 1200 2483 1257 Christicolis
2509 1201 2562 1255 in
2594 1200 2699 1255 hoc
2723 1214 2880 1270 opem
2911 1200 3055 1255 ferre
3075 1201 3413 1266 valentibus,

1840 1304 1901 1348 ut
1921 1292 2080 1362 impia
2111 1292 2482 1360 Agarenorum
2518 1290 2755 1355 foedera,
2789 1306 2910 1360 quas
2948 1289 3286 1360 Neapolitani
3327 1293 3411 1345 vel

1840 1384 1923 1438 sui
1953 1381 2190 1436 consocii
2218 1396 2341 1435 cum
2383 1381 2617 1436 inimicis
2647 1379 2848 1436 Christi
2876 1379 3109 1435 nominis
3145 1380 3413 1445 inierant,

1837 1472 2058 1529 Christo
2109 1471 2403 1529 miserante
2446 1471 2770 1539 quantocius
2809 1471 3185 1534 destruantur;
3220 1477 3279 1523 et
3306 1483 3417 1539 pax

1836 1572 2003 1633 atque
2029 1563 2318 1619 concordia
2348 1561 2583 1618 fidelium
2612 1576 2711 1631 per
2732 1561 2983 1616 eumdem
3008 1560 3283 1615 Christum
3311 1559 3419 1613 Do-

1841 1654 2047 1711 minum
2102 1652 2468 1718 reformetur,
2516 1658 2784 1719 quatenus
2831 1664 3027 1718 corpus
3073 1658 3273 1704 sanctae
3317 1646 3417 1702 Dei

151 1733 239 1801 l9)
270 1751 285 1786 :
332 1732 498 1802 Saepe
541 1733 715 1803 pietas
745 1750 840 1804 per
870 1735 1281 1791 immoderatam
1311 1735 1740 1792 misericordiam
1842 1741 2118 1804 Ecclesiae,
2150 1754 2248 1810 pro
2274 1754 2381 1809 qua
2410 1738 2630 1810 sanguis
2657 1736 2810 1792 fusus
2849 1744 2935 1791 est
2957 1735 3192 1799 Christi,
3221 1736 3275 1790 in
3302 1734 3419 1790 suis

148 1840 336 1881 errare
365 1825 535 1891 solet,
584 1826 628 1881 si
658 1824 891 1882 fortasse
913 1829 1158 1898 pepercit
1186 1843 1306 1898 quae
1335 1829 1604 1897 parcenda
1632 1843 1740 1882 non
1769 1811 1816 1870 Β
1845 1832 2102 1887 membris
2130 1848 2235 1885 non
2262 1831 2547 1893 laceretur,
2570 1835 2632 1883 et
2653 1841 2773 1897 quas
2792 1826 2865 1881 sit
2888 1839 3017 1880 vera
3042 1824 3232 1895 religio
3254 1831 3420 1893 atque

151 1926 295 1969 sunt.
321 1914 560 1971 Peccata
588 1917 731 1970 enim
762 1930 882 1985 quae
902 1915 1051 1972 feriri
1077 1918 1337 1986 gehennae
1373 1916 1586 1987 ignibus
1610 1931 1738 1985 pos-

150 2012 299 2067 sunt,
330 2004 640 2074 disciplinae
669 2014 794 2061 sunt
816 2005 1040 2061 verbere
1087 2006 1426 2076 corrigenda.
1451 2004 1556 2060 Sed
1596 2006 1743 2067 inor-

151 2096 331 2150 dinata
367 2096 551 2164 pietas
592 2110 714 2151 eum
756 2097 1122 2166 temporaliter
1148 2098 1344 2167 parcit,
1377 2098 1445 2152 ad
1478 2108 1742 2153 aeternum

152 2184 486 2252 supplicium
516 2185 805 2254 pertrahit.
839 2185 992 2241 Unde
1014 2185 1169 2240 vobis
1204 2185 1640 2254 resipiscentibus
1672 2199 1743 2239 ne

153 2274 208 2329 in
235 2272 424 2329 futuro
445 2276 707 2344 pereatis,
731 2290 956 2345 parcere
975 2286 1244 2345 optamus.
1269 2275 1541 2331 Praeterea
1563 2275 1609 2330 si
1635 2274 1744 2327 fra-

157 2370 236 2416 ter
282 2371 432 2426 tuus,
481 2360 953 2433 Neapolitanorum
1004 2364 1258 2418 videlicet
1299 2363 1430 2426 dux,
1466 2377 1563 2432 per
1616 2377 1744 2417 suos

154 2455 381 2513 idoneos
433 2456 641 2526 legatos
669 2456 824 2513 nobis
851 2465 1033 2526 optata
1075 2464 1131 2511 et
1154 2471 1219 2510 ea
1259 2471 1380 2525 qua:
1407 2463 1620 2524 oportet
1648 2471 1742 2510 ve-

155 2542 271 2602 raci
293 2545 474 2600 relatu
497 2545 821 2614 perﬁcienda
847 2546 1125 2608 direxerit,
1157 2560 1252 2599 eos
1269 2544 1572 2615 gratissime
1606 2543 1745 2598 reci-

156 2635 393 2708 pientes,
421 2635 685 2704 quidquid
710 2637 919 2690 ratione
939 2636 1119 2702 sagaci
1153 2635 1457 2700 retulerint,
1484 2635 1746 2704 perlicere

157 2739 258 2796 pro
282 2725 551 2781 Ecclesiae
587 2725 682 2781 Dei
708 2725 941 2783 utilitate
974 2735 1140 2796 atque
1162 2725 1336 2780 salute
1364 2726 1551 2795 procul
1585 2726 1747 2780 dubio

154 2817 333 2886 parati
367 2818 601 2873 erimus.
624 2824 741 2889 Age
764 2818 950 2888 igitur,
979 2827 1035 2873 et
1063 2818 1325 2873 desudare
1349 2834 1451 2888 pro
1476 2818 1747 2873 communi

159 2908 549 2977 prosperitate,
576 2908 686 2963 imo
727 2924 825 2977 pro
852 2909 1025 2965 salute
1067 2918 1159 2964 tua
1198 2917 1256 2965 et
1291 2909 1491 2964 civium
1533 2916 1745 2962 tuorum

161 3012 268 3050 non
298 2996 560 3060 desistas,
594 2987 847 3068 arguens,
877 2999 1173 3054 obsecrans
1220 3007 1277 3052 et
1304 3000 1588 3067 increpans
1625 3011 1749 3053 cum

158 3087 309 3141 cunni
343 3086 598 3156 imperio,
628 3096 690 3143 ut
731 3086 885 3141 labor
917 3095 1045 3141 tuus
1072 3087 1306 3142 fructum
1341 3086 1749 3143 desiderabilem

164 3174 220 3228 in
241 3176 408 3230 domo
442 3176 653 3231 Domini
684 3190 784 3245 pro
809 3191 917 3245 quo
955 3176 1113 3246 digne
1154 3176 1516 3231 remunereris
1543 3174 1752 3233 aﬂ‘erat.

168 3260 304 3318 Data
342 3274 401 3319 ut
422 3281 608 3335 supra.
860 3332 1048 3389 LXX"

403 3458 474 3497 AD
510 3456 712 3496 UONEI
750 3457 1039 3498 εριεαορυιι
1073 3457 1520 3503 Βεηνεκυαυι.

794 3531 975 3600 (Anno
1002 3530 1150 3599 877.)
1361 3523 1367 3527 ”

172 3640 394 3716 Laudat
420 3642 537 3710 ejus
560 3655 857 3716 promptum
889 3646 957 3698 ad
992 3645 1242 3701 Ecclesiae
1267 3647 1621 3716 defensionem
1645 3657 1759 3700 stu-

242 3711 399 3783 dium
432 3727 451 3764 :
483 3713 882 3783 tum_ltortatur
918 3724 977 3783 ut
1022 3725 1208 3768 contra
1262 3711 1557 3771 Saracenos
1614 3731 1764 3783 opem

243 3778 415 3844 ferat,
446 3789 493 3832 et
514 3778 682 3847 [rudus
712 3797 831 3834 cum
867 3782 973 3835 illis
1007 3783 1250 3838 ictumdis
1270 3784 1571 3838 solvendum
1596 3778 1761 3836 curet.

238 3883 491 3941 Joannes
512 3888 797 3959 episcopus
824 3889 982 3946 Amm
1013 3891 1267 3961 episcopo
1294 3890 1690 3946 Beneventano.

245 3974 562 4043 Perspectis
608 3978 852 4047 apicibus
888 3981 1193 4035 sanctitatis
1230 3989 1371 4044 tum,
1416 3990 1677 4049 quantum
1710 3983 1765 4037 in

172 4077 233 4121 te
262 4066 437 4121 divini
465 4069 669 4125 amoris
694 4070 854 4125 ardor
878 4068 1267 4127 en‘erveatluce
1278 4071 1483 4127 clarius
1509 4088 1766 4144 recogno-

178 4158 398 4223 vituus,
428 4166 485 4212 et
515 4169 780 4229 quantum
815 4175 944 4231 erga
972 4170 1217 4217 sanctam
1249 4162 1551 4217 Romanam
1587 4163 1768 4219 Eccle-

183 4246 322 4301 siam
350 4247 580 4303 devotus
623 4249 830 4305 exiutas
867 4250 1222 4305 nihilominus
1259 4250 1635 4324 advertentes,
1667 4269 1767 4325 pro

185 4344 338 4391 tanta
373 4336 468 4391 tibi
495 4338 830 4407 benignitate
859 4339 1182 4410 multiplices
1204 4340 1409 4411 gratias
1435 4343 1676 4412 agimus,
1712 4352 1768 4399 et

147 4476 150 4480 Α
184 4425 601 4481 sanctimoniam
639 4435 786 4482 tuam
821 4428 891 4483 ad
918 4428 1086 4483 nostri
1115 4429 1417 4496 profectum
1440 4432 1768 4486 certaminis

190 4513 368 4584 dignis
387 4514 591 4584 pollere
615 4517 956 4575 successibus
973 4518 1043 4572 ab
1063 4515 1460 4586 Omnipotentis
1483 4518 1775 4575 clementia
1789 4518 1801 4539 “

189 4609 545 4676 postulamus.
581 4609 719 4664 Vere
746 4610 980 4673 etenim,
1011 4609 1182 4664 frater
1215 4611 1561 4669 charissima.
1600 4611 1772 4667 laudi-

192 4692 295 4750 bus
317 4712 380 4751 es
412 4697 755 4753 extollendos
776 4736 795 4762 ,
820 4698 913 4767 qui
950 4698 1328 4755 tribulationes
1355 4708 1600 4764 nostras,
1632 4714 1768 4770 quas

195 4796 295 4852 pro
322 4784 520 4855 populo
543 4787 700 4841 nobis
735 4787 1026 4841 commisso
1059 4786 1316 4857 patimur,
1343 4787 1499 4856 quasi
1535 4802 1769 4856 praesen-

198 4884 278 4933 tes
305 4880 540 4943 intuens,
566 4880 849 4936 nobiscum
873 4895 1099 4951 gemens
1114 4890 1172 4960 et
1202 4880 1390 4936 dolens
1407 4920 1424 4945 ,
1457 4881 1525 4934 ad
1551 4880 1648 4934 has
1672 4895 1769 4937 au-

198 4964 449 5024 ferendus
479 4969 763 5038 providum
805 4970 1228 5026 commilitonem
1259 4981 1318 5026 et
1358 4977 1768 5038 cooperatorem

198 5063 442 5111 nostrum
471 5070 576 5110 non
608 5057 847 5113 indebite
872 5066 924 5114 te
949 5057 1086 5114 velle
1109 5073 1230 5115 esse
1262 5060 1317 5114 in
1339 5057 1597 5115 omnibus
1620 5072 1771 5114 asse-

202 5155 373 5197 veras.
397 5141 509 5198 Nec
539 5144 686 5202 aliud
711 5145 894 5216 itaque
924 5147 991 5201 de
1026 5156 1113 5200 tua
1139 5149 1437 5205 sanctitate
1469 5144 1771 5213 credimus,

204 5243 302 5286 nec
324 5233 474 5287 aliud
499 5238 861 5300 suspicamur,
889 5238 989 5292 nisi
1034 5246 1094 5291 ut
1133 5240 1381 5300 quamvis
1420 5249 1648 5300 corpore
1676 5240 1773 5294 ab-

1842 1920 2081 1992 perfecta
2131 1920 2371 1975 cbaritas
2421 1915 2938 1989 agnoscaturzquia
2984 1915 3110 1968 licet
3154 1927 3280 1975 vos,
3330 1908 3424 1966 vel

1840 2014 2021 2068 omnis
2046 2011 2186 2065 forte
2215 2009 2445 2065 mundus
2474 2008 2615 2063 mala
2640 2004 3073 2077 quae‘imminent
3099 2002 3296 2074 lugeat,
3322 2013 3438 2055 nos

1843 2111 2021 2155 tamen
2058 2107 2266 2154 tantum
2291 2113 2403 2168 prae
2431 2096 2683 2152 omnibus
2713 2093 3001 2165 allligimur
3033 2107 3099 2146 ac
3137 2089 3415 2150 dolemus.

1842 2199 2106 2261 quantum
2132 2204 2243 2260 prae
2270 2188 2522 2242 omnibus
2562 2184 2979 2241 sollicitudinem
3022 2191 3186 2250 atque
3229 2190 3418 2234 curam

1842 2282 2199 2351 regendarum
2228 2277 2430 2334 Christi
2461 2277 2641 2332 ovium
2674 2289 2777 2329 nos
2802 2272 3107 2341 suscepisse
3135 2269 3422 2339 perpendi-

1843 2386 1983 2426 mus.
2014 2370 2244 2440 ldeoque
2269 2369 2394 2438 quia
2416 2368 2537 2439 plus
2563 2365 2814 2421 omnibus
2848 2363 3190 2426 laboramus,
3226 2369 3288 2416 ut
3319 2374 3419 2429 per

1843 2477 1943 2517 vos
1984 2460 2135 2516 labor
2170 2469 2358 2515 noster
2386 2471 2557 2527 usque
2596 2456 2664 2511 ad
2695 2452 2947 2510 eﬁ‘ectum
2971 2451 3267 2523 proficiat,
3296 2463 3419 2519 spe-

1840 2551 2057 2608 cialiter
2082 2550 2452 2620 deprecamur.
2490 2549 2638 2603 Inter
2676 2547 2794 2602 haec
2832 2552 3009 2599 autem
3040 2540 3421 2601 charissimam

1845 2642 2069 2698 fratrem
2100 2654 2407 2710 quaesumus
2434 2639 2745 2700 exbortare,
2768 2642 2829 2688 ut
2853 2631 3136 2704 epistolam
3172 2638 3429 2685 nostram:

1842 2733 1914 2787 ad
1944 2733 2176 2802 primum
2202 2729 2513 2785 Graecorum
2558 2726 2686 2780 illuc
2711 2723 3045 2779 venientium
3086 2722 3198 2777 cito
3242 2729 3423 2774 trans-

1847 2825 2068 2887 mittat,
2119 2830 2176 2876 et
2220 2820 2335 2873 suis
2376 2832 2502 2873 cum
2547 2812 3019 2886 deprecationibus
3067 2822 3288 2865 moneat
3329 2817 3419 2871 ut,

1846 2912 1994 2965 omni
2014 2919 2194 2965 amota
2217 2908 2525 2970 occasione,
2550 2905 2635 2959 vel
2662 2905 2849 2958 decem
2872 2903 3164 2957 dromones
3183 2902 3237 2955 in
3265 2897 3423 2967 adju-

1849 3002 2048 3054 torium
2083 3006 2328 3055 nostrum
2359 2996 2542 3050 statim
2575 2994 2810 3064 dirigere
2844 3004 3122 3060 nunquam
3161 2990 3421 3043 omittat:

1859 3091 1985 3158 quia
2016 3103 2144 3153 nos,
2176 3094 2500 3156 cooperante
2542 3083 2714 3154 gratia
2737 3081 2975 3147 Christi,
3004 3091 3115 3136 tam
3143 3094 3267 3134 cum
3294 3079 3430 3133 cha-

1862 3183 2079 3238 rissimo
2108 3181 2216 3234 lilio
2241 3187 2429 3233 nostro
2458 3176 2749 3230 Lamberto
2773 3173 3006 3242 glorioso
3035 3172 3192 3234 duce,
3211 3170 3307 3240 qui
3333 3176 3426 3223 no-

1856 3270 1941 3325 bis
1966 3269 2019 3323 in
2045 3267 2295 3321 omnibus
2336 3265 2539 3327 haeret,
2584 3275 2746 3331 quam
2794 3276 2917 3317 cum
2968 3258 3090 3315 aliis
3141 3258 3434 3313 Dominum

1856 3358 2172 3414 timentibus
2201 3354 2615 3415 desudabimus,
2651 3360 2712 3405 ut
2739 3360 2796 3406 et
2835 3351 3059 3421 impium
3098 3348 3276 3404 fmdus
3308 3363 3435 3404 cum

1857 3448 2121 3518 Agarenis
2165 3446 2409 3502 habitum
2452 3441 2801 3506 dissolvatur,
2846 3449 2903 3495 et
2948 3438 3172 3493 libertas
3217 3438 3297 3492 vel
3338 3437 3441 3490 ali-

1858 3546 2063 3610 quanta
2094 3535 2359 3591 securitas
2381 3531 2676 3589 Christiani
2722 3530 2903 3601 populi
2953 3538 3287 3583 renascatur.
3324 3527 3430 3581 Po-

1861 3634 2065 3680 stremo
2084 3625 2233 3694 quia,
2263 3622 2405 3677 sicut
2430 3621 2684 3684 diximus,
2709 3618 2831 3687 plus
2851 3615 3101 3672 omnibus
3126 3616 3439 3697 necessario

1864 3715 2204 3777 laboramus,
2247 3710 2454 3765 nullum
2494 3708 2734 3765 laborem
2763 3708 3074 3776 nullamque
3101 3704 3437 3761 tolerabilem

1864 3801 2164 3856 molestiam
2209 3799 2451 3867 corporis
2496 3797 2901 3861 recusabimus,
2928 3809 3038 3864 quo
3071 3795 3250 3850 minus
3282 3791 3438 3860 adju-

1864 3899 2027 3947 vante
2066 3888 2296 3943 Domino
2340 3902 2438 3957 pro
2483 3886 2646 3941 tantis
2689 3884 3107 3941 necessitatibus
3151 3898 3250 3955 pro
3285 3882 3453 3937 vobis

1864 3995 1988 4037 cum
2026 3979 2385 4049 praeveniente
2411 3977 2629 4033 Christo
2652 3976 2892 4033 laborem
2931 3980 3175 4029 nostrum
3201 3968 3445 4039 .viriliter

1866 4071 2183 4126 insistemus
2209 4087 2221 4123 :
2250 4069 2431 4125 forsan
2460 4068 2802 4138 omnipotens
2839 4066 2980 4121 Deus
3000 4105 3015 4129 ,
3046 4063 3304 4119 adhibitis
3333 4061 3443 4116 tuis

1865 4158 2161 4223 laboribus,
2191 4166 2462 4213 tantorum
2486 4155 2827 4227 pereuntium
2868 4152 3232 4215 miserebitur,
3257 4157 3315 4205 et
3341 4149 3441 4204 do»-

1864 4251 2009 4306 lores
2036 4258 2253 4306 nostros
2280 4249 2533 4305 auferens
2550 4286 2566 4313 ,
2590 4247 2795 4302 ftedcra
2833 4259 2958 4299 cum
2995 4243 3197 4313 iniquis
3223 4242 3459 4311 paganis.

1867 4357 1897 4396 a
1936 4341 2268 4397 vestratibus
2313 4340 2457 4396 facta
2499 4336 2788 4404 dissolvet;
2836 4334 2929 4389 ubi
2958 4348 3213 4405 rogamus
3237 4331 3453 4387 cunctis

1869 4429 2155 4487 conatibus
2191 4429 2376 4495 sudes,
2404 4428 2498 4498 qui
2526 4435 2674 4481 tanto
2710 4427 2775 4481 de
2801 4420 3048 4495 profectu
3079 4422 3156 4478 tui
3193 4423 3452 4477 certanti-

1871 4521 1957 4576 nis
1985 4519 2155 4575 laetari
2185 4532 2498 4588 speramus,
2527 4524 2730 4586 quanto
2755 4523 2810 4571 te
2838 4516 2893 4569 in
2928 4514 3033 4568 hoc
3060 4526 3224 4583 opere
3255 4525 3455 4581 coope-

1874 4619 2110 4665 ratorem
2139 4614 2382 4662 nostrum
2408 4606 2609 4662 habere
2635 4604 2974 4660 conﬁdimus.
2990 4602 3209 4657 Interim
3233 4616 3463 4671 magnos

1869 4715 2001 4772 pere
2040 4698 2378 4770 postulamus
2421 4705 2482 4752 ut
2523 4695 2787 4767 quidquid
2826 4696 2941 4752 sive
2986 4694 3054 4748 de
3103 4691 3463 4748 dromouibns

1869 4790 2183 4861 dirigendis,
2205 4790 2321 4846 sive
2341 4790 2408 4847 de
2429 4788 2610 4858 impiis
2628 4787 2870 4858 peccatis
2889 4784 3165 4842 solvendis
3187 4796 3283 4853 per
3307 4790 3459 4834 tuam

1873 4882 2181 4947 solertiam,
2230 4881 2317 4937 vel
2358 4893 2456 4952 per
2494 4875 2680 4935 fratris
2728 4878 2802 4933 tui
2845 4874 3209 4934 obedientiam
3243 4868 3461 4926 effectui

1874 4972 2041 5028 fuerit
2066 4972 2272 5040 datum,
2303 4970 2566 5030 citissime
2596 4970 2751 5027 nobis
2784 4978 2976 5027 sancta
3015 4975 3107 5020 tua
3148 4962 3464 5017 fraternitas

1877 5063 2095 5133 scriptis
2119 5061 2425 5133 signiﬁcare
2447 5069 2723 5132 procuret.
2755 5062 2891 5119 Data
2913 5071 2985 5113 xv
3003 5051 3274 5108 Kalendas
3301 5047 3424 5103 Maii
3444 5088 3467 5111 ο

1879 5151 2176 5207 indictione
2202 5154 2436 5211 decima.
