4002 6296
558 343 662 404 797

656 460 857 512 tituisse
901 473 919 511 :

627 476 857 514 smutsse
901 476 919 511 .'
965 476 1076 513 tum
1105 476 1272 513 monet
1320 476 1376 510 ut
1427 476 1603 511 aecem
1662 476 1962 510 ιιι-πείσητε

630 533 806 583 littora
839 548 870 582 a
897 529 1083 598 piratis
1111 526 1386 582 Saracenis
1409 526 1748 596 expurganda
1770 527 1962 578 mittat.

575 703 578 706 ,
629 630 865 693 Josms
903 635 1185 705 episcopus
1211 633 1488 692 Gnsconto
1522 633 1784 703 imperiali
1823 635 2131 703 paedagogo.

1863 339 2144 400 JOANNIS

2207 341 2382 397 msz
2417 337 2536 396 vut
3630 348 3696 408 τι

965 467 1076 513 tum
1105 465 1273 513 mouet
1320 466 1376 510 ut
1427 457 1603 511 decem
1662 455 1975 510 achelandia
2011 455 2134 508 ead
2160 461 2213 519 Α
2239 470 2363 510 nam
2390 467 2621 523 superna
2651 465 2750 508 vos
2777 446 3035 523 majestas
3061 459 3261 508 sancta.-
3284 466 3388 508 sute
3404 451 3613 514 Ecclesia
3637 478 3698 516 no.

2233 547 2319 602 bis
2348 546 2648 601 commissae
2691 553 2975 613 patronum
3009 544 3263 598 invictum
3288 584 3304 608 ,
3333 544 3613 604 defensorem
3639 568 3702 622 po-

2236 647 2436 694 tentem
2462 677 2478 702 ,
2523 646 2580 692 et
2619 648 2900 692 strenuum
2948 636 3250 705 adiutorem
3295 641 3562 706 concessit,
3598 647 3702 701 utin

635 725 872 782 Gloriam
923 726 1071 778 tuam
1132 724 1233 778 hac
1289 723 1623 793 apostolatus
1675 724 1845 778 nostri
1907 724 2135 808 epistola
2235 727 2486 782 omnibus
2511 727 2896 782 ecclesiasticis
2936 727 3290 790 utilitatibus,
3317 729 3447 782 unde
3476 741 3703 800 perpetuam

569 819 732 871 missa
766 815 1020 884 primitus
1047 817 1402 872 exhortamur
1423 824 1483 870 ut
1511 816 1768 871 divinitus
1803 818 1962 872 datas
1993 817 2145 875 sanie

565 915 701 978 tates
733 904 1107 960 desiderabilis
1152 904 1246 958 lilii
1291 906 1461 960 nostri
1491 905 1674 960 Basilii
1710 904 2140 975 tranquillissimi

565 994 908 1064 imperatoris
953 994 1110 1050 nobis
1151 993 1442 1065 signiﬁces.
1491 994 1749 1064 Cupimus
1795 996 1939 1051 enim
1987 995 2142 1050 valde

566 1085 795 1140 salutem
823 1080 940 1152 ejus
963 1084 1154 1138 animae
1175 1083 1334 1139 simul
1354 1093 1411 1140 et
1428 1084 1671 1153 corporis
1693 1098 1908 1152 semper
1929 1085 2144 1148 audire,

571 1183 832 1244 tanquam
882 1173 1111 1241 piissimi
1163 1173 1580 1242 propugnatoris
1631 1173 1946 1227 orthodoxae
1998 1172 2144 1226 fidei.

574 1262 844 1318 Gratulati
874 1269 1051 1316 autem
1071 1275 1259 1315 sumus
1283 1260 1560 1315 audientes
1580 1261 1806 1330 gloriam
1831 1268 1976 1314 tuam
2003 1259 2147 1314 dire-

572 1363 713 1409 ctam
761 1367 883 1406 cum
915 1352 1024 1406 Deo
1048 1351 1439 1407 conservandis
1473 1350 1801 1407 exercitibus
1830 1364 1860 1403 a
1889 1349 2148 1419 praedicto

575 1444 831 1499 divinitus
853 1442 1182 1512 protegendo
1209 1441 1554 1510 imperatore,
1578 1440 1632 1494 in
1665 1448 1848 1510 partes
1874 1439 2149 1494 Beneven-

577 1544 826 1591 tanorum
853 1534 1088 1596 venisse,
1117 1541 1229 1587 tam
1261 1532 1408 1601 quia,
1435 1531 1637 1602 gratias
1662 1531 1790 1595 Deo,
1817 1530 1983 1600 ipsius
2007 1529 2149 1583 divi-

577 1629 724 1684 nitus
750 1634 1060 1697 provectum
1092 1623 1374 1694 imperium
1405 1623 1459 1677 in
1485 1621 1851 1689 defensionem
1889 1619 2152 1676 Christia-

577 1717 766 1774 nitatis
805 1716 897 1786 pio
945 1715 1062 1770 zelo
1110 1727 1464 1776 succensum,
1511 1710 1711 1765 classes
1759 1719 1815 1764 et
1863 1708 2149 1762 militarem

2239 817 2445 872 habere
2501 817 2724 886 gloriam
2774 817 3091 872 mereamlni
3121 854 3136 880 ,
3189 817 3337 886 quasi
3385 817 3604 872 vindicem
3645 821 3704 876 Del

2240 909 2539 964 habeamus
2583 909 2911 963 ministrum.
2943 907 3117 979 Igitur
3152 923 3271 962 cum
3300 908 3519 962 eumdem
3554 909 3704 963 Adolat-

2245 1000 2372 1054 dum
2409 999 2720 1067 episcopum
2742 998 3054 1052 venerabile
3082 996 3447 1050 monasterium
3478 995 3707 1055 Nonsntuls

2246 1089 2431 1151 situm,
2460 1087 2603 1156 quod
2632 1101 2733 1156 pro
2757 1086 2851 1140 Dei
2878 1085 3123 1152 tantique
3156 1084 3255 1137 loci
3287 1087 3571 1148 reverentia,
3592 1086 3709 1141 nullm

2244 1190 2482 1244 unquam
2547 1176 2924 1244 episcoporum
2971 1173 3059 1228 vel
3101 1173 3337 1243 iudicum
3387 1173 3434 1225 in
3481 1173 3712 1230 beneﬁcium

2245 1265 2526 1335 quaesivit,
2563 1265 2814 1319 timorem
2853 1265 3098 1318 divinum
3139 1262 3564 1333 parvipendendo,
3587 1271 3714 1319 contra

2247 1368 2432 1409 sacras
2459 1366 2850 1422 pmcesmrum
2887 1359 3200 1405 nostrorum
3238 1349 3491 1418 nostrique
3528 1351 3716 1424 privilegii

2249 1445 2646 1509 institutiones,
2672 1444 2870 1514 quibus
2901 1443 2970 1498 de
3009 1441 3231 1513 propria
3271 1455 3468 1510 semper
3500 1456 3714 1513 congrega-

2251 1541 2396 1595 tione
2427 1539 2678 1595 abbatem
2711 1538 2827 1594 ﬁeri
2856 1539 3104 1608 iubetur,
3133 1534 3324 1590 callide
3349 1534 3564 1604 petiisse,
3587 1549 3635 1587 ac
3653 1549 3718 1604 per

2251 1633 2354 1686 hoc
2380 1631 2570 1686 illicita
2585 1629 3026 1700 przesumpsisse.
3053 1624 3374 1679 omnimodis
3401 1623 3716 1692 reperissemus;

2255 1717 2580 1772 auctoritate
2626 1709 2919 1785 apostolica
2954 1729 3079 1768 eum
3121 1711 3553 1768 excommunicare
3578 1710 3720 1762 studui-

579 1806 811 1862 validam
840 1819 1060 1859 manum
1089 1812 1277 1858 contra
1306 1801 1553 1855 inimicos
1581 1800 1762 1854 crucis
1785 1798 1985 1853 (Ἀπίξῆ
2024 1796 2148 1851 mit-
2175 1803 2224 1861 Β
2251 1824 2404 1873 mus;
2429 1809 2456 1849 h
2485 1817 2544 1862 υι
2575 1795 2744 1877 eaque
2777 1807 2890 1876 ipse
2933 1815 3122 1860 tenere
3165 1802 3426 1858 canonicis
3462 1817 3562 1856 eum
3597 1816 3719 1856 com.

581 1906 698 1954 tene
725 1896 1052 1966 procuravit,
1085 1909 1245 1964 quam
1276 1895 1420 1964 quod
1461 1902 1514 1948 te
1554 1909 1666 1962 prae
1703 1891 1913 1946 czeteris
1939 1889 2006 1943 ad
2033 1896 2152 1942 tan-

581 1995 699 2041 tum
725 2001 859 2056 opus
887 2001 1008 2040 cum
1037 1985 1134 2041 Dei
1161 1984 1361 2039 auxilio
1389 1983 1748 2054 peragendum
1777 1981 1958 2051 elegit,
1991 1994 2153 2048 quem

582 2076 885 2130 audivimus
933 2075 988 2130 in
1037 2075 1289 2130 omnibus
1334 2084 1614 2130 strenuum
1660 2082 1716 2127 et
1757 2073 1850 2128 Dei
1894 2071 2154 2126 cultorem

581 2164 930 2221 industrium.
950 2164 1025 2220 De
1038 2174 1237 2220 caetero
1251 2165 1521 2219 credimus
1536 2164 1676 2218 scire
1686 2163 1796 2232 jam
1815 2160 2159 2232 magnificen-

582 2257 716 2311 tiam
743 2265 885 2310 tuam
908 2254 1141 2326 qualiter
1163 2255 1409 2323 quaedam
1437 2251 1858 2308 latrunculorum
1885 2251 2160 2321 Agareno-

584 2361 706 2401 rum
733 2361 948 2418 sagenae
982 2344 1210 2401 occultis
1235 2345 1621 2412 irruptionibus
1648 2344 1826 2397 littora
1861 2351 2043 2397 nostra
2068 2342 2160 2396 de-

586 2444 832 2499 vastent;
857 2442 912 2489 et
937 2435 1064 2503 quia
1090 2433 1270 2504 palam
1303 2449 1494 2488 ausum
1521 2448 1626 2487 non
1667 2432 1905 2495 habent,
1950 2430 2161 2485 furtivis

584 2523 1072 2594 ileprmdationibus
1100 2525 1331 2595 plurima
1363 2524 1491 2582 huic
1519 2532 1720 2578 sanctae
1765 2523 1861 2577 Dei
1904 2522 2162 2577 Romanae

585 2615 838 2671 Ecclesiae
880 2615 1075 2670 damna
1119 2615 1488 2686 multipliciter
1529 2613 1781 2670 inferant.
1825 2613 2164 2683 Quapropter

583 2705 724 2760 bene
750 2704 923 2759 visum
951 2712 1035 2759 est
1080 2704 1236 2760 nobis
1274 2705 1484 2759 litteras
1513 2715 1726 2760 nostras
1753 2704 1847 2758 tibi
1890 2703 2164 2759 transmit-

583 2804 735 2860 tere,
781 2804 840 2850 ut
866 2793 951 2849 vel
989 2795 1174 2850 decem
1209 2795 1346 2850 bona
1377 2803 1432 2848 et
1467 2795 1716 2863 expedita
1751 2793 2064 2848 achelandia
2095 2792 2163 2847 ad

588 2894 802 2955 portum
825 2894 1068 2940 nostrum
1094 2887 1449 2951 transmittas,
1473 2887 1540 2941 ad
1567 2887 1744 2941 littora
1772 2895 1953 2940 nostra
1970 2885 2036 2940 de
2059 2885 2165 2940 illis

588 2977 802 3031 furibus
824 2984 882 3030 et
913 2975 1106 3044 piratis
1130 2975 1396 3030 Arabibus
1417 2976 1762 3045 expurganda
1790 2989 1806 3028 :
1834 2974 1974 3043 quod
2005 2975 2167 3030 citius

585 3075 644 3121 et
673 3067 790 3120 sine
817 3065 1000 3134 aliquo
1046 3064 1430 3135 impedimento
1475 3080 1636 3136 agere
1683 3072 1970 3134 poterunt,
2007 3063 2163 3133 adju-

2249 1898 2528 1970 ptionibus
2547 1937 2562 1960 ,
2591 1908 2751 1968 prout
2777 1897 2934 1952 nobis
2961 1895 3260 1950 auctoritas
3296 1893 3554 1964 apostolica
3586 1891 3721 1946 suits-

2253 1999 2431 2060 gatur,
2463 1989 2654 2058 procul
2683 1988 2844 2043 dubio
2873 2001 3188 2056 arguemus,
3217 1993 3277 2038 ut
3301 1985 3448 2054 digno
3475 1983 3720 2038 verberea.

2255 2081 2522 2150 stigatus,
2575 2087 2632 2133 et
2680 2078 2940 2133 canonico
3003 2092 3146 2131 nexu
3196 2075 3419 2145 ligatus,
3458 2072 3721 2126 obedientiam

2256 2170 2426 2226 discat
2457 2184 2674 2225 servare
2691 2209 2707 2234 ,
2729 2170 2822 2239 qui
2847 2169 3030 2224 ahsolu
3040 2178 3128 2222 tus
3149 2164 3506 2222 ecclesiasticis
3527 2173 3648 2230 atque
3667 2175 3722 2216 cs-

2257 2261 2464 2316 nonicis
2489 2259 2662 2316 noluit
2683 2258 2903 2316 obedire
2929 2257 3233 2328 praeceptis.
3249 2255 3374 2310 Data
3400 2263 3449 2306 ut
3471 2267 3612 2322 supra.

2931 2366 3149 2423 LXXV.

2259 2482 2326 2521 AD
2345 2479 2582 2520 JOLNDEI
2604 2475 2915 2518 ANSPEBTUI
2937 2475 3007 2515 ΕΤ
3030 2470 3355 2513 WAIPEI'I‘UI
3376 2459 3727 2509 nouarum.

2861 2576 3042 2645 (Anno
3085 2570 3238 2642 877.)

2744 2687 3002 2758 Ejusdem
3031 2683 3350 2756 argumenti.

2331 2802 2563 2858 Joannes
2610 2801 2895 2871 episcopus
2937 2796 3132 2853 losum
3171 2791 3482 2856 Ravennati,
3525 2789 3730 2843 Assrnra

2265 2887 3052 2953 llediolanensi,ethtrsn1-o
3081 2886 3148 2960 [f.
3172 2879 3464 2952 Vareno]
3485 2872 3729 2947 Aquileiensi

2268 2981 2709 3051 archiepiscopis.

2337 3049 2524 3124 Sancti
2555 3067 2846 3138 magnique
2865 3065 3069 3121 Nicmni
3099 3062 3312 3120 concilii
3338 3063 3568 3130 praecepta
3593 3049 3734 3113 seculi:

591 3165 752 3210 vante
780 3156 998 3210 dextera
1023 3155 1231 3210 Excelsi
1253 3195 1268 3218 ,
1293 3169 1414 3224 quae
1443 3154 1772 3224 principibus
1797 3152 2166 3224 apostolorum
2192 3147 2238 3208 C
2269 3173 2388 3228 qua
2406 3158 2600 3228 iubent
2619 3157 2758 3228 (can.
2784 3155 2873 3225 η)
2899 3154 3209 3227 regularem
3231 3147 3488 3222 epistolam
3508 3154 3733 3215 peronatu-

589 3247 1051 3303 intercedentibus
1075 3247 1410 3302 eoucertahit
1451 3255 1508 3300 et
1549 3246 1900 3300 auxiliahitur
1939 3245 2076 3309 illis;
2111 3243 2164 3298 in

588 3353 716 3407 quo,
737 3338 867 3393 mihi
889 3338 1068 3401 crede,
1091 3346 1302 3408 gratum
1325 3337 1563 3391 animum
1587 3336 1830 3405 piissimo
1852 3332 2166 3402 imperatori

591 3429 776 3489 facies,
808 3430 853 3484 si
883 3429 935 3483 in
967 3430 1068 3484 hoc
1094 3427 1489 3483 admonitiones
1515 3434 1727 3480 nostras
1752 3425 2006 3484 audieris,
2039 3421 2168 3490 quia

551 3573 573 3582 -
590 3538 716 3576 cum
750 3522 820 3576 sit
847 3520 1341 3576 Christianissimus
1360 3519 1454 3572 Dei
1482 3525 1694 3571 amator
1715 3523 1770 3570 et
1797 3513 2162 3569 Ecclesiarum

595 3613 806 3668 Domini
835 3611 1076 3667 fervidus
1111 3617 1499 3680 propugnator,
1529 3621 1634 3662 non
1665 3606 1867 3676 poteris
1897 3604 2046 3658 illum
2071 3604 2168 3659 tibi

590 3704 887 3774 gratiorem
931 3701 1157 3756 reddere
1193 3715 1356 3770 quam
1403 3699 1448 3754 si
1499 3707 1706 3752 tantum
1752 3696 1892 3751 hanc
1925 3703 2168 3750 sanctam

592 3793 891 3849 Ecclesium
931 3807 1029 3863 per
1078 3801 1131 3847 te
1164 3791 1434 3846 studueris
1485 3789 1739 3856 adjuvare
1765 3827 1780 3851 ,
1834 3801 1953 3856 quae
1996 3785 2170 3853 prima

598 3883 961 3938 Ecclesiarum
987 3882 1243 3952 magistra
1275 3889 1328 3936 et
1366 3887 1528 3948 caput
1563 3887 1676 3941 est,
1716 3877 1948 3931 maxime
1973 3889 2094 3929 cum
2118 3875 2174 3929 in

598 3975 701 4029 hcc
726 3973 870 4028 facto
898 3973 1073 4026 eidem
1117 3987 1146 4024 a
1179 3971 1287 4024 Deo
1322 3979 1566 4039 protecto
1596 3981 1810 4036 semper
1848 3967 2086 4034 Augusto
2120 3970 2176 4016 et

593 4063 654 4116 in
685 4062 785 4114 hoc
805 4059 1003 4113 saeculo
1029 4059 1252 4128 gloriam
1280 4066 1334 4110 et
1363 4057 1416 4109 in
1449 4056 1632 4109 futuro
1660 4053 1911 4122 acquiras
1935 4053 2049 4107 sine
2069 4051 2176 4105 fine

594 4167 874 4207 coronam.
906 4153 1050 4205 Deus
1071 4151 1412 4217 omnipotens
1433 4157 1484 4202 te
1505 4156 1562 4201 et
1585 4146 1674 4215 qui
1699 4155 1874 4200 tecum
1901 4153 2027 4198 sunt
2052 4159 2175 4212 pro-

598 4249 775 4312 tegat,
826 4247 882 4293 et
925 4248 1111 4293 contra
1159 4238 1405 4292 inimicos
1449 4237 1650 4292 Christi
1693 4233 1898 4306 potenti
1953 4234 2177 4289 dextera

599 4341 832 4388 tueatur.
859 4335 992 4388 Data
1016 4346 1082 4384 xv
1103 4329 1370 4384 Kalendas
1395 4327 1541 4394 Maii,
1570 4326 1858 4382 indictione
1879 4325 2105 4380 decima.

1284 4437 1512 4494 LXXIV.

875 4547 941 4585 AD
981 4546 1225 4585 CAROLUH
1263 4543 1472 4584 CALVUII
1511 4541 1906 4582 IIPEBATOREI.

1215 4621 1392 4689 (Anno
1429 4618 1578 4687 877.)

611 4713 834 4768 Nuntiat
878 4733 931 4768 se
984 4713 1305 4767 Adelardum
1356 4711 1653 4778 episcopum
1703 4706 2045 4760 l'eroneusem
2079 4718 2183 4778 ᾔεις·

677 4786 1087 4865 communicasse
1112 4823 1126 4846 ,
1163 4783 1302 4852 quod
1338 4773 1771 4835 Nonautulanum
1810 4773 2180 4829 monasterium

679 4863 968 4909 itwastsset.

651 5007 654 5010 .
679 4967 911 5020 Jotuues
938 4963 1223 5032 episc0pus
1253 4959 1318 5013 ad
1356 4960 1754 5026 imperatorem.

581 5101 586 5106 .
679 5058 863 5113 Sacris
887 5065 1084 5110 vestra:
1115 5051 1409 5122 imperialis
1437 5047 1738 5102 clementize
1766 5045 1987 5098 auribus
2012 5081 2027 5105 ,
2071 5041 2183 5108 glo-

611 5151 909 5206 riosissime
940 5149 1233 5216 imperator
1272 5143 1510 5210 Auguste
1537 5179 1550 5203 ,
1581 5136 1834 5192 Adelardi
1867 5131 2189 5188 Veronensis

611 5242 849 5314 episcopi
901 5237 1318 5296 inobedieutiam
1347 5241 1402 5288 et
1431 5229 1772 5286 temerariam
1819 5222 2193 5297 praesumptio-

612 5309 762 5398 nem,
801 5309 968 5402 quam
1019 5343 1122 5383 non
1168 5324 1342 5380 solum
1389 5322 1442 5376 in
1487 5329 1674 5374 nostro
1713 5324 2056 5384 contemptu,
2097 5309 2190 5366 sed

613 5426 778 5480 etiam
812 5424 864 5479 in
891 5430 1087 5477 vestrae
1112 5414 1448 5475 celsitudinis
1478 5410 1685 5482 peregit
1727 5407 1978 5477 injuriam
1997 5445 2012 5468 ,
2049 5419 2188 5473 pm-

621 5515 864 5570 sentibus
885 5511 1088 5568 referre
1116 5506 1359 5578 apicibus
1381 5504 1502 5574 jure
1529 5499 1836 5556 curavimus
1860 5507 1916 5551 et
1949 5494 2142 5550 merito
2173 5509 2186 5544 :

695 5638 718 5663 ε·
759 5625 841 5679 ΑΙ.
877 5621 1174 5686 cltelandia,
1207 5635 1324 5691 qtue
1351 5633 1380 5672 e
1403 5615 1618 5670 navium
1650 5609 1965 5668 militarium
1996 5619 2192 5676 genere

619 5706 765 5747 δυηι.

2267 3263 2536 3319 quamque
2564 3246 2897 3318 provinciam
2927 3244 3201 3307 obtineri,
3232 3257 3297 3297 ne
3318 3241 3369 3296 hi
3396 3237 3475 3307 qui
3499 3231 3738 3302 abjiciuntnr

2267 3337 2336 3392 ab
2384 3335 2506 3390 aliis
2537 3334 2888 3403 recipiantur,
2920 3331 3251 3386 fraternitati
3283 3336 3456 3382 vestrae
3491 3331 3635 3376 notum
3655 3326 3739 3368 esse

2267 3425 2515 3479 volumus
2540 3421 2866 3477 Adelardnm
2899 3419 3277 3474 Veronensem
3308 3415 3573 3485 episcopum
3601 3411 3741 3458 aucto-

2271 3513 2432 3567 ritate
2456 3511 2600 3566 sedis
2633 3510 2942 3580 apostolica:
2975 3508 3246 3578 privilegii
3272 3499 3593 3560 communione
3605 3491 3742 3561 priva-

2272 3609 2383 3654 tum
2412 3617 2426 3653 :
2450 3598 2704 3668 quoniam
2729 3597 3032 3652 coenobium
3076 3592 3418 3654 Nonantulaa,
3442 3583 3553 3656 quod
3581 3586 3744 3668 sempor

2271 3662 2579 3757 apostolicae
2604 3687 2764 3747 sedis,
2796 3695 2851 3740 et
2881 3695 3081 3740 nostra!
3114 3686 3285 3756 ipsius
3309 3673 3594 3736 auctoritatis
3612 3662 3747 3757 ΡΨ·

2272 3753 2410 3848 legio
2436 3777 2698 3830 munitum
2729 3774 2926 3830 nullius
2956 3753 3255 3828 invasionis
3277 3753 3750 3848 usurpationedetine-

2273 3847 2451 3932 batur,
2479 3869 2573 3923 sed
2598 3867 2765 3922 solius
2793 3867 3070 3934 hucusque
3097 3863 3312 3920 abbatis
3334 3876 3364 3915 e
3382 3854 3560 3929 gremio
3581 3847 3750 3938 fratrum

2273 3957 2428 4012 electi
2475 3967 2638 4026 atque
2683 3955 2891 4025 praelati
2921 3931 3292 4009 moderamine
3329 3945 3594 4016 regebatur,
3627 3931 3752 3987 subri-

2273 4047 2422 4117 Ρυίῑν
2470 4047 2689 4115 suisque
2732 4045 2954 4108 usibus,
2999 4042 3297 4098 coarctaris
3336 4045 3551 4092 extrema
3579 4027 3753 4117 egestate

2275 4109 2957 4205 monachisfapplicavit;
3008 4141 3064 4187 et
3116 4140 3341 4187 eatenus
3381 4125 3526 4180 etiam
3555 4109 3756 4209 [Nisi-"'7'

2276 4240 2449 4294 quens
2475 4203 2822 4280 interdictum
2858 4232 3103 4278 nostrum
3135 4219 3451 4291 opprimere,
3473 4203 3757 4294 maeularit"?

2276 4293 2383 4387 que
2405 4317 2654 4371 manibus
2673 4316 2822 4384 dispa
2832 4313 3018 4367 rtitum
3043 4311 3278 4382 prodere
3296 4321 3396 4362 non
3423 4293 3656 4387 formida}.

2281 4379 2362 4462 t-ra
2390 4415 2707 4462 sanctorum
2736 4379 2958 4459 Datrum
2987 4379 3226 4472 regulas,
3254 4410 3351 4452 nec
3376 4405 3473 4447 non
3490 4394 3538 4440 et
3570 4379 3761 4472 adversus

2207 4475 2260 4538 Ῑ)
2285 4498 2589 4570 apostolicae
2617 4496 2760 4552 sedis
2785 4504 2842 4549 et
2877 4493 3039 4548 totius
3065 4500 3268 4546 sancta:
3296 4481 3471 4557 synodi
3497 4464 3760 4570 δεξιίθηίξῗξιξ

2285 4557 2447 4658 quam
2494 4585 2676 4641 missis
2700 4599 2798 4655 per
2822 4581 3060 4652 singulas
3097 4575 3400 4650 provincias
3428 4561 3594 4622 litten's
3628 4557 3762 4658 uol-1‘”

2284 4650 2439 4735 vobis
2465 4650 2719 4734 omnibus
2759 4650 3016 4737 fecimus,
3050 4673 3103 4726 in
3133 4663 3545 4726 communionem
3568 4653 3665 4718 ροβι

2287 4781 2454 4827 stram
2481 4781 2697 4838 quoque
2723 4728 3140 4835 prohibitionem
3168 4773 3267 4829 per
3295 4753 3477 4810 missos

2288 4860 2470 4930 apices
2498 4823 2793 4924 saepissime
2824 4823 3187 4913 destinatam
3214 4843 3411 4930 passilil
3444 4823 3766 4930 Γθθίρίξζξξξξ

2285 4904 2497 5002 cunctis
2527 4904 2883 5014 pravitatibus
2909 4938 3027 5007 ejus
3046 4904 3295 4993 conscius
3313 4937 3367 4985 et
3391 4926 3548 5014 fautot‘

2288 4990 2886 5092 ἐῖιέἑὶζιιῖιὲιῖεᾶἶιξὲῖιᾷὲ
2915 4990 3111 5099 ign.
3166 5022 3467 5096 praedictum
3521 4990 3768 5099 ueluti:

2297 5076 2886 5092 μηνν...........ν.......--
2947 5076 2962 5084 -
3003 5076 3101 5083 --__
3168 5076 3270 5096 τ---
3739 5076 3747 5083 ,

2297 5127 2660 5182 Veronensem
2690 5076 2998 5192 episcopum
3018 5159 3032 5182 ,
3063 5119 3232 5172 donec
3256 5114 3305 5167 in
3342 5076 3769 5192 prasentiant

2299 5213 2612 5284 apostolicae
2629 5177 2967 5273 ven-iens,'de
2990 5205 3363 5277 praedictorum
3383 5177 3771 5284 excessttttlnn‘ﬂ:

2299 5252 2329 5268 ..
2371 5252 2612 5270 πωπω..
2637 5252 2877 5273 unum.-.
2901 5252 2967 5263 ..ν
2991 5252 3262 5277 ,μηννν
3742 5252 3750 5257 _

2298 5252 2449 5358 lilt’ate
2494 5303 2740 5357 idoneam
2785 5296 3203 5354 satisfactionem
3247 5297 3423 5344 coram
3461 5252 3774 5384 ρυξὴυερὲῗὲἱ

2298 5393 2509 5456 buerit;
2535 5405 2654 5459 quae
2672 5390 2718 5444 si
2739 5385 3127 5456 contempserit
3147 5381 3378 5438 existens
3403 5349 3755 5459 interituiill's‘wh

2298 5497 2394 5554 per
2417 5443 2598 5538 omnia
2626 5443 3006 5534 communione
3027 5472 3151 5542 jure
3177 5469 3408 5540 privatus
3430 5495 3444 5520 ,
3479 5443 3579 5552 pati
3616 5444 3708 5491 ""0

2371 5602 2400 5641 δ
2439 5599 2595 5654 Deest
2625 5595 2842 5666 aliquid.
