4002 6296
251 313 390 376 τω

1479 311 1832 373 ΕΡΙὸΤΟΙΛΕ
1877 313 1962 366 ET
2001 313 2086 368 DE
2134 311 2338 370 RETA.

3416 325 3522 380 730

246 432 529 489 irretiens
551 444 739 487 omnes
757 426 848 501 qul
875 424 976 484 sibi
997 425 1532 492 communicaverint,
1555 427 1636 482 vel
1661 434 1847 480 contra
1879 429 1922 488 Α
1952 426 2096 481 enim
2125 437 2311 480 sumus
2336 439 2441 480 non
2473 425 2644 480 solum
2672 439 2793 494 qum
2815 425 2959 480 dicta
3004 437 3161 494 sunt,
3192 430 3283 486 sed
3316 440 3368 486 (ι
3401 448 3520 486 ma-

249 524 625 579 interdictum
656 531 896 577 nostrum
928 537 1060 575 ausu
1090 522 1380 576 temerario
1407 519 1637 573 faverim
1664 533 1679 572 :
1708 520 1847 571 unde

246 631 368 670 vos
395 625 591 669 cautos
619 613 845 670 reddere
873 613 1139 677 volumus,
1163 613 1206 667 si
1232 628 1334 666 non
1362 611 1523 664 vultis
1553 610 1649 678 ipsi
1671 609 1844 663 eidem

248 705 571 760 secundum
603 705 814 775 regulas
837 719 1023 760 sacras
1046 701 1322 772 subiacere
1338 702 1561 770 judicio.
1586 699 1846 769 Optamus

248 791 694 858 fraternitatem,
724 802 813 848 etc

953 878 1184 937 LXXVI.
1257 906 1264 914 ο

711 987 780 1028 AD
817 986 1025 1028 ειειιωι
1059 986 1418 1029 νειιοκεκδειί.

878 1065 1056 1131 (Anno
1091 1065 1242 1132 877.)

253 1224 256 1226 γ
757 1148 1012 1223 Ejusdem
1050 1154 1359 1224 argumenti.

328 1230 573 1299 Joannes
602 1243 886 1313 episcopus
922 1245 1173 1298 universo
1202 1243 1346 1298 clero
1384 1241 1638 1298 Ecclesiae
1665 1241 1840 1298 Vero-

249 1331 474 1385 Densis.

329 1420 695 1489 Experientiae
737 1433 930 1477 vestra:
978 1430 1162 1476 notum
1210 1436 1330 1476 esse
1371 1420 1649 1485 volumus,
1701 1421 1839 1477 Ade-

246 1507 473 1563 lardum
519 1511 828 1579 episcopum
871 1520 1106 1565 vestrum
1151 1511 1472 1565 auctoritate
1518 1511 1663 1564 sedis
1702 1525 1835 1578 apo-

248 1601 470 1654 stolica:
530 1602 907 1656 communione
967 1603 1270 1671 privatum,
1335 1603 1590 1672 quoniam
1652 1618 1842 1657 emno-

245 1685 408 1741 bium
459 1687 810 1757 Nonantulze,
852 1693 991 1760 quod
1029 1706 1240 1762 semper
1277 1691 1582 1759 apostolicae
1612 1692 1753 1746 sedis
1782 1699 1837 1743 et

1943 515 2062 581 jora
2096 516 2410 576 concedere,
2437 523 2642 568 tantum
2673 525 2728 568 ut
2755 516 2996 585 ejusdem
3020 521 3260 588 magistri
3288 521 3520 578 militum

1946 614 2126 660 sermo
2155 607 2228 660 ita
2265 608 2337 660 sit
2363 607 2535 662 lidelis
2561 617 2618 661 et
2643 609 2872 673 stabilis,
2915 618 2969 663 et
3011 612 3157 664 omni
3197 615 3521 670 certitudine

1946 697 2317 763 prtemunitus,
2345 706 2404 748 ut
2424 699 2686 752 securitas
2712 712 2779 753 ex
2801 710 3029 769 utraque
3049 711 3200 769 parte
3224 701 3377 756 ﬁrma
3403 718 3521 757 ma-

1944 793 2110 851 neat,
2153 796 2210 841 et
2254 789 2372 842 sine.
2416 789 2748 844 dubitatione
2781 801 2925 845 certa
2958 793 3229 861 persistat.
3273 794 3424 860 Quod
3470 798 3518 851 si

1943 893 2063 947 quae
2091 881 2468 947 repromittunt
2490 891 2582 934 aut
2602 881 2895 950 adimplere
2919 883 3060 937 nolle
3081 893 3174 938 aut
3198 885 3520 957 prolongare

1940 968 2080 1023 velle
2118 968 2236 1023 illos
2261 971 2604 1040 cognoveris,
2629 987 2736 1026 non
2770 974 2864 1027 tibi
2889 975 2960 1028 sit
2981 974 3194 1030 licentia
3231 978 3333 1032 hoc
3361 993 3390 1032 a
3420 993 3518 1033 no-

1942 1068 2052 1115 stra
2083 1063 2307 1116 scientia
2335 1063 2658 1127 occultandi,
2692 1067 2786 1118 sed
2813 1065 3070 1134 quidquid
3108 1068 3375 1124 veraciter
3397 1069 3519 1125 sine

1940 1148 2066 1203 dolo
2100 1164 2196 1219 per
2235 1152 2412 1204 omnia
2446 1152 2737 1206 indicandi.
2770 1152 2845 1207 De
2891 1153 2976 1207 his
3019 1169 3146 1224 ergo
3192 1157 3349 1211 stude
3379 1171 3516 1224 prae-

1940 1240 2242 1296 sentialiter
2273 1251 2371 1294 nos
2399 1241 2634 1310 pleniter
2657 1256 2720 1296 ac
2745 1243 3005 1298 citissime
3048 1245 3244 1300 litteris
3290 1249 3395 1301 tuis
3425 1248 3513 1303 in-

1939 1341 2172 1396 struere,
2195 1334 2414 1402 utquod
2439 1333 2692 1402 deinceps
2706 1333 2848 1389 Deus
2866 1336 3167 1402 dictaverit,
3195 1355 3314 1393 cum
3345 1341 3514 1410 ipsius

1940 1422 2143 1476 auxilio
2177 1423 2294 1477 sine
2319 1438 2466 1476 mora
2493 1423 2730 1493 incipere
2766 1434 2821 1478 et
2854 1426 3111 1494 perficere
3137 1443 3509 1497 procuremus.

1939 1514 2015 1568 De
2041 1515 2235 1584 quibus
2284 1514 2399 1583 ipse
2450 1529 2560 1584 prre
2611 1516 2822 1570 caeteris
2857 1532 3043 1571 curam
3076 1520 3276 1588 arripe,
3301 1522 3393 1590 qui
3422 1523 3511 1576 ni-

1939 1608 2132 1660 mirum
2158 1605 2374 1676 speciali
2399 1609 2748 1676 przerogativa
2775 1618 3078 1665 nostrorum
3106 1612 3372 1666 viscerum
3389 1628 3510 1683 pra

1940 1696 2149 1748 caeteris
2177 1695 2374 1750 foveris
2402 1695 2453 1749 in
2485 1705 2660 1750 antro.
2692 1696 2822 1750 Data
2851 1712 2907 1752 tv
2939 1697 3204 1756 Kalendas
3243 1699 3398 1767 Maii,
3425 1701 3512 1756 in-

245 1787 457 1833 nostrze
504 1781 674 1850 ipsius
717 1782 1054 1837 auctoritatis
1097 1783 1378 1853 privilegio
1420 1785 1683 1836 munitttm
1712 1782 1835 1835 uul-
1866 1764 1912 1823 Β
1940 1784 2174 1839 dictione
2200 1801 2254 1838 ι.

245 1864 359 1922 lius
410 1868 702 1925 invasiouis
732 1873 1080 1941 usurpatione
1121 1871 1480 1938 detinebatur,
1526 1874 1619 1927 sed
1669 1873 1837 1928 solius

245 1958 532 2028 hucusque
561 1963 769 2016 abbatis
795 1979 826 2016 e
853 1964 1059 2032 gremio
1087 1964 1310 2017 fratrum
1337 1963 1491 2018 electi
1516 1973 1676 2032 atque
1699 1979 1837 2034 pra:-

244 2046 348 2101 lati
388 2051 754 2106 moderamine
783 2054 1087 2122 regebatur,
1129 2053 1428 2122 subripuit,
1463 2054 1680 2122 suisque
1718 2055 1832 2108 usi-

243 2136 376 2199 bus,
412 2141 704 2194 coarctatis
731 2151 972 2194 extrema
1002 2149 1241 2209 egestate
1269 2141 1568 2204 monachis,
1599 2141 1834 2210 applica-

244 2225 362 2289 vit,
407 2236 463 2280 et
512 2236 739 2282 eatenus
791 2229 953 2282 etiam
1011 2236 1129 2296 post
1187 2228 1440 2297 frequens
1487 2227 1831 2281 interdictum

243 2325 493 2369 nostrum
521 2320 845 2386 opprimere.
879 2317 1325 2386 saeculariumque
1351 2319 1598 2372 manilius
1621 2318 1828 2385 disper-

246 2407 407 2460 titum
437 2409 662 2474 prodere
692 2423 794 2462 non
829 2407 1112 2470 formidat,
1143 2421 1330 2464 contra
1376 2418 1682 2462 sanctorum
1725 2408 1830 2461 Pa-

245 2505 392 2550 trum
425 2498 664 2567 regulas,
698 2515 799 2554 nec
831 2515 945 2553 non.
982 2509 1036 2555 et
1067 2501 1327 2555 adversus
1355 2498 1658 2569 apostolica:
1687 2498 1829 2553 sedis

243 2595 299 2640 et
325 2587 489 2641 totius
516 2598 716 2643 sanctze
743 2590 929 2659 synodi
955 2589 1373 2652 sententiam,in
1396 2587 1826 2642 communionem

241 2694 368 2754 post
398 2695 639 2739 nostram
670 2701 882 2755 quoque
918 2684 1334 2757 prohibitionem
1368 2699 1465 2753 per
1493 2683 1689 2737 missos
1723 2695 1824 2735 no-

240 2783 387 2829 stros
412 2785 465 2829 et
486 2778 663 2845 apices
693 2778 988 2846 saepissime
1015 2778 1334 2832 destinatam
1364 2775 1564 2844 passim
1596 2772 1823 2841 recepit,

240 2873 300 2917 et
342 2864 393 2916 in
437 2865 646 2918 cunctis
689 2866 1044 2933 pravitatibus
1091 2865 1207 2934 ejus
1255 2865 1505 2919 conscius
1543 2871 1600 2918 et
1644 2860 1827 2917 fautor

242 2954 511 3022 apparuit.
534 2953 1066 3008 Excommuuicatum
1092 2955 1257 3025 igitur
1276 2969 1399 3009 eum
1421 2954 1634 3018 scitote,
1654 2953 1826 3007 donec

241 3047 296 3099 in
330 3047 668 3115 pmentiam
689 3049 835 3103 sedis
855 3048 1161 3118 apostolica:
1188 3049 1431 3112 veniens,
1454 3049 1519 3102 de
1541 3048 1824 3117 praedicto-

243 3151 363 3190 rum
411 3150 728 3190 excessuum
778 3139 1036 3206 qualitate
1087 3138 1333 3192 idoneam
1385 3137 1810 3193 satisfactionem

241 3239 422 3278 coram
466 3226 673 3292 positus
711 3227 1034 3280 exhibuerit.
1063 3226 1193 3294 Quae
1222 3228 1265 3281 si
1298 3228 1681 3297 contempserit
1709 3229 1824 3284 exi-

240 3323 388 3369 stens
426 3316 634 3370 interim
661 3359 674 3380 ,
706 3317 904 3370 existet
945 3331 1043 3386 per
1075 3318 1254 3371 omnia
1292 3319 1670 3373 communione
1697 3318 1822 3387 jure

240 3404 504 3474 privatus,
534 3406 649 3472 pari
678 3406 892 3461 vinculo
919 3407 1169 3462 irretiens
1204 3423 1391 3462 omnes
1419 3408 1507 3477 qui
1540 3409 1639 3463 sibi
1672 3425 1821 3464 com—

243 3496 656 3560 municaveriut,
683 3497 769 3550 vel
796 3506 984 3552 contra
1019 3499 1365 3553 interdictum
1408 3508 1651 3554 nostrum
1682 3515 1817 3555 ausu

243 3588 528 3641 temerario
567 3587 825 3654 faverint;
872 3589 1010 3642 unde
1057 3605 1152 3645 vos
1193 3600 1381 3644 cautos
1419 3591 1643 3645 reddere
1668 3591 1820 3646 volu-

244 3692 382 3739 mus,
412 3676 455 3729 si
489 3692 592 3731 nou
617 3677 777 3731 vultis
805 3679 902 3744 ipsi
933 3678 1106 3732 eidem
1133 3681 1428 3732 secundum
1458 3679 1670 3749 regulas
1691 3679 1818 3734 sub-

234 3765 412 3834 iacere
447 3765 668 3832 judicio.
700 3765 961 3836 Optamus
995 3783 1114 3832 vos,
1154 3779 1260 3822 etc.
1285 3767 1418 3822 Data
1461 3782 1512 3822 Iv
1540 3767 1814 3823 Kalendas

243 3853 382 3920 Maii,
407 3855 701 3912 indictione
723 3873 777 3910 ι.

905 3963 1162 4020 LXXVII.

476 4094 545 4134 Αι)
581 4065 898 4134 ιλκὺυιιτυιί
932 4091 1223 4132 artscorun
1260 4091 1556 4132 CANIANUI.

842 4169 1022 4239 (Anno
1057 4167 1209 4238 877.)

241 4277 414 4335 Monet
439 4291 492 4350 ut
514 4280 614 4334 sibi
636 4281 890 4350 significet
915 4297 984 4334 an
1016 4280 1484 4350 Neapolitanorum
1506 4281 1616 4334 dua:
1640 4276 1808 4349 [tedas

303 4366 420 4403 cum
449 4349 722 4405 Saracenis
752 4351 938 4420 initum
966 4350 1207 4420 frangere
1235 4351 1354 4402 velit
1374 4390 1389 4412 ,
1416 4363 1462 4403 et
1487 4351 1571 4402 det
1595 4367 1806 4420 ope_ram

306 4429 364 4471 ut
391 4421 528 4472 idem
553 4421 662 4472 dua:
693 4417 976 4487 Gauferius
1005 4428 1051 4471 et
1077 4417 1309 4470 Pulchar
1333 4435 1437 4470 una
1468 4417 1643 4472 serum
1674 4417 1804 4472 Tra-
1837 4417 1888 4477 Ι)

303 4489 492 4555 fectum
523 4506 575 4542 se
604 4487 907 4557 conferant,
940 4504 1041 4558 quo
1069 4489 1180 4554 ipse
1220 4497 1293 4558 est
1336 4488 1538 4551 iturus;
1562 4498 1805 4555 paratum

306 4575 360 4610 se
386 4559 461 4628 ad
490 4563 550 4610 ea
576 4574 692 4628 qua:
720 4557 1062 4627 promiserat,
1097 4568 1142 4609 et
1172 4557 1377 4624 maiora
1404 4572 1768 4610 concessurum
1788 4596 1804 4622 ,

309 4627 350 4678 si
376 4627 480 4694 ipse
503 4627 612 4680 dua:
637 4628 691 4680 in
713 4628 966 4680 sententia
987 4627 1248 4694 persistat.

307 4731 534 4788 Joannes
557 4733 845 4802 episcopus
873 4732 1160 4786 Lanuuuo
1181 4731 1434 4800 episcopo
1455 4730 1730 4800 Capuanu.

309 4821 531 4876 Studeat
567 4823 828 4875 sanctitas
870 4829 957 4874 tua
990 4821 1289 4874 certissime
1323 4821 1464 4873 scire
1487 4821 1534 4873 si
1559 4817 1806 4888 Neapoli-

243 4925 482 4967 tanorum
527 4914 630 4967 dux
679 4912 1095 4983 praesentialiter
1119 4912 1231 4965 vult
1259 4919 1476 4980 pactqu
1508 4910 1807 4966 Saraceno-

242 5019 353 5056 rum
385 5004 700 5071 irrumpere,
723 5013 776 5056 et
805 5001 1008 5057 ftedere
1036 5001 1260 5063 Christi,
1289 5002 1430 5070 quod
1456 5001 1506 5055 in
1532 5015 1809 5072 regenera-

241 5096 393 5149 tionis
423 5095 562 5149 unda
600 5095 830 5164 pepigit,
858 5094 996 5148 vela
1024 5107 1193 5154 nunc,
1225 5092 1365 5146 sicut
1401 5093 1641 5148 debitum
1687 5101 1800 5157 est,

239 5184 498 5238 veraciter
544 5183 808 5237 inhaerere
836 5201 848 5235 :
881 5190 936 5235 et
969 5182 1014 5235 si
1053 5180 1268 5250 quidem
1307 5180 1464 5234 talem
1502 5197 1647 5237 nunc
1690 5183 1805 5237 ani-

238 5289 376 5327 mum
427 5274 623 5326 habere
669 5273 1018 5341 cognoveris,
1062 5272 1165 5324 hoc
1196 5271 1352 5324 nobis
1391 5271 1803 5341 praesentialiter

239 5365 482 5420 iudicato.
508 5365 615 5436 Age
640 5376 696 5418 tit
724 5367 860 5418 idem
884 5365 986 5417 dux
1006 5362 1407 5432 Neapolitanus,
1424 5370 1481 5416 et
1499 5361 1803 5418 Guaiferius

238 5459 494 5526 gloriosus
528 5459 802 5528 princeps,
831 5473 894 5511 ac
920 5455 1154 5512 Pulchar
1180 5454 1550 5526 praefectorius
1573 5456 1640 5508 ad
1671 5452 1804 5506 Tra-

231 5543 423 5610 iectum
465 5562 570 5600 una
602 5555 776 5602 tecum
805 5547 1141 5611 accelerent;
1182 5547 1272 5601 ubi
1314 5547 1476 5600 etiam
1514 5560 1612 5600 nos
1643 5559 1800 5599 acce-

239 5637 440 5704 dentes,
477 5654 595 5708 qme
622 5639 732 5695 Deo
757 5646 881 5696 sunt
907 5639 1221 5710 placabilia,
1256 5648 1573 5696 statuemus.
1615 5637 1799 5691 Parati

2585 1855 2866 1911 LXXVIII.

2277 1958 2346 1997 AD
2385 1959 2684 1999 PULCIIAMI
2725 1960 3170 2002 ρκιεινεετυιιιυι.

2540 2036 2718 2102 (Anno
2751 2035 2905 2095 877.)

2424 2121 2676 2191 Ejusdem
2697 2125 3005 2191 argumenti.

1999 2209 2234 2266 Joannes
2261 2210 2546 2279 episcopus
2573 2209 2840 2265 PULCIARI
2869 2213 3211 2280 pmfecturio

2001 2297 2058 2351 Si
2092 2313 2222 2352 vere
2248 2299 2430 2367 utique
2483 2299 2741 2368 magister
2772 2299 2997 2353 militum
3029 2310 3244 2369 pactum
3275 2299 3504 2360 Sarace-

1928 2402 2120 2442 norum
2145 2388 2426 2456 proposuit
2474 2402 2741 2456 rumpere,
2787 2389 3066 2442 hortamur
3104 2401 3160 2443 ut
3195 2390 3502 2458 Trajectum

1929 2493 2050 2534 cum
2080 2478 2282 2549 inclon
2305 2492 2494 2532 socero
2517 2487 2607 2532 tuo
2631 2481 2814 2540 adeas,
2843 2479 2932 2532 ubi
2973 2493 3188 2549 quoque
3217 2491 3271 2534 et
3315 2492 3500 2536 nostra

1928 2577 2142 2636 reperta
2172 2565 2485 2634 praesentia,
2512 2566 2770 2635 quidquid
2802 2566 3194 2622 rationabiliter
3218 2571 3501 2638 quaeritur,

1927 2659 2185 2729 quidquid
2217 2660 2586 2712 necessarium
2612 2672 2706 2712 seu
2738 2657 2992 2726 possibile
3019 2659 3336 2726 postulatur,
3365 2675 3484 2730 gra-

1928 2749 2228 2804 tantissime
2255 2748 2542 2802 confestim
2574 2747 2823 2802 admittet
2857 2761 2873 2800 :
2921 2748 3015 2802 sed
3042 2756 3097 2801 et
3125 2748 3383 2816 ampliora
3414 2747 3498 2802 fa-

1925 2855 2051 2894 cere
2078 2837 2225 2896 nullo
2257 2839 2418 2892 modo
2449 2838 2836 2900 recusabimus.
2869 2846 2928 2891 ut
2962 2852 3169 2898 omnes,
3203 2838 3507 2893 secundum

1923 2926 2261 2998 Apostolum.
2305 2926 2622 2981 lucrifacere
2674 2925 2951 2980 valeamus
3001 2924 3085 2994 (ll
3139 2923 3262 2979 Cor.
3311 2927 3407 2996 ix).
3437 2927 3496 2981 In

1925 3033 2034 3088 quo
2059 3019 2320 3072 industria
2365 3027 2454 3071 tua
2495 3026 2644 3072 tanto
2672 3016 2959 3072 sollicitius
2997 3015 3256 3078 elaboret,
3295 3027 3502 3084 quanto

1848 3094 1894 3156 C
1926 3109 2180 3178 liquidius
2217 3109 2317 3163 sibi
2365 3122 2460 3176 per
2505 3109 2608 3162 hoc
2646 3107 2868 3162 cmleste
2906 3107 3185 3175 pnemium
3209 3122 3238 3159 a
3269 3105 3496 3160 Domino

1925 3202 2038 3256 Deo
2065 3201 2225 3254 tribui
2249 3216 2353 3254 non
2381 3201 2609 3268 ignorat.
2638 3200 2886 3268 Alioquin
2910 3202 3168 3254 adversus
3197 3216 3340 3264 eum,
3374 3215 3494 3269 qua

1923 3289 2081 3357 digne
2105 3303 2392 3357 possumus
2417 3302 2599 3356 agere,
2641 3288 2975 3342 indubitabili
2985 3297 3066 3342 ter
3091 3298 3148 3344 et
3175 3287 3490 3344 indifferen-

1923 3390 2006 3434 ter
2024 3395 2302 3442 exercere,
2327 3380 2546 3434 Christo
2574 3378 2828 3448 propitio,
2853 3378 3158 3434 nullatenus
3182 3380 3496 3435 omittemus

1921 3469 2054 3524 Data
2083 3484 2136 3523 rv
2159 3468 2280 3524 Kal.
2303 3468 2451 3533 Maii,
2474 3469 2768 3522 indictione
2801 3483 2860 3520 x.

2581 3577 2815 3632 LXXIX.

2182 3684 2250 3722 AD
2283 3682 2530 3723 CABOLUI
2567 3681 2790 3722 CALVUI'
2811 3681 3212 3723 IIPBBA'I‘ORBI.

2523 3758 2700 3826 (Anno
2733 3755 2881 3825 877.)

1916 3844 2185 3915 Auailinm
2223 3857 2405 3899 contra
2448 3844 2740 3915 Saracenos
2785 3845 3052 3912 implorat,
3099 3848 3187 3915 qui
3216 3848 3487 3903 devastata

1895 3943 1898 3948 -
1984 3914 2277 3989 Campania
2300 3954 2317 3981 ,
2365 3917 2542 3968 omnia
2603 3913 2781 3969 Roma:
2847 3913 3146 3972 suburbana
3210 3919 3490 3989 depopula-

1985 3984 2196 4038 bantur.

1979 4095 2214 4152 Joannss
2237 4099 2523 4168 episcOpus
2557 4097 2626 4152 ad
2654 4098 3055 4166 imperatorem.

1981 4187 2169 4242 Divina
2218 4189 2337 4243 ideo
2381 4189 2632 4257 majestas
2661 4191 3034 4244 excellentiam
3085 4199 3320 4246 vestram
3370 4208 3481 4261 prae

1910 4279 2120 4332 caeteris
2140 4277 2298 4347 elegit
2337 4278 2563 4332 Romani
2599 4279 2810 4349 imperii
2852 4280 3136 4335 altitudine
3167 4283 3479 4344 sublimare.

1909 4367 2280 4437 augustalique
2321 4368 2488 4422 voluit
2533 4369 2838 4424 diademate
2896 4383 3196 4432 coronare,
3259 4380 3317 4424 ut
3371 4374 3480 4427 Deo

1912 4469 2096 4514 nostro
2127 4460 2420 4514 clementer
2450 4459 2740 4513 auxiliante
2769 4461 3019 4529 potentia;
3047 4471 3237 4515 vestrae
3261 4461 3483 4516 brachio

1911 4547 2220 4618 triumphali
2282 4547 2577 4602 Ecclesiam
2627 4548 2823 4602 Christi
2871 4564 3003 4604 voce
3059 4565 3220 4618 supra
3266 4560 3478 4618 petram

1910 4653 2050 4693 verte
2085 4639 2208 4693 fidei
2241 4637 2516 4693 fundatam
2570 4640 2850 4693 tueremini
2902 4656 3134 4710 semper,
3187 4651 3240 4696 et
3283 4643 3352 4696 ab
3382 4643 3478 4696 im-

1909 4731 2054 4786 mani
2101 4731 2412 4798 crudelique
2458 4746 2783 4801 paganorum
2831 4731 3198 4796 infestatione,
3247 4734 3336 4803 qui
3383 4749 3480 4785 nos

1901 4823 2014 4892 jam
2066 4840 2216 4879 more
2259 4824 2525 4880 latronum
2575 4825 2810 4892 undique
2857 4824 3257 4878 circumdantes
3298 4825 3475 4878 omnia

1910 4925 2094 4969 nostra
2132 4916 2252 4986 igne
2276 4914 2562 4983 gladioque
2608 4916 2910 4975 devastant,
2957 4915 3046 4982 pio
3077 4913 3475 4966 mentisdefeu-

1909 5008 2109 5062 deretis
2135 5006 2354 5061 intuitu.
2396 5005 2500 5059 Sed
2531 5006 2658 5074 quia
2689 5005 2843 5059 nobis
2870 5005 3057 5071 procul
3097 5003 3474 5067 existentibus,

1910 5107 1988 5154 tot
2017 5098 2153 5153 dura
2200 5107 2256 5153 et
2290 5097 2675 5168 importabilia,
2722 5113 2819 5166 pro
2861 5099 3056 5167 quibus
3084 5097 3195 5164 jam
3239 5106 3472 5151 vestram

1906 5186 2237 5256 augustalcm
2283 5186 2686 5256 imploravimus
2738 5186 3102 5254 maiestatem,
3157 5200 3318 5253 supra
3362 5201 3471 5238 nio-

1905 5278 2032 5331 dum
2062 5277 2296 5345 quotidie
2322 5278 2577 5345 patimur,
2605 5277 2801 5344 quippe
2819 5291 2940 5329 cum
2971 5284 3076 5328 tota
3096 5273 3207 5341 jam
3239 5275 3474 5342 depopu-

1904 5367 2010 5422 lata
2032 5366 2323 5434 Campania
2352 5366 2425 5419 nil
2461 5366 2770 5426 habeamus,
2794 5364 2973 5432 nilque
2995 5364 3170 5424 nobis,
3191 5372 3281 5416 aut
3310 5378 3473 5416 vene-

1905 5457 2163 5512 rabilibus
2209 5456 2566 5517 monasteriis,
2615 5455 2937 5521 ueterisque
2975 5455 3077 5523 piis
3121 5453 3270 5516 locis,
3291 5468 3473 5522 neque

1905 5547 2113 5603 senatui
2145 5545 2412 5607 Romano,
2443 5545 2584 5599 unde
2623 5543 2980 5612 corporaliter
3007 5544 3295 5598 sustentari
3345 5558 3470 5611 pos-

1905 5638 2096 5698 simus.
2151 5634 2470 5692 remanserit
2503 5651 2516 5686 :
2555 5632 2806 5687 omnibus
2843 5633 3004 5687 ctiam
3042 5632 3225 5687 llomte
3267 5632 3469 5688 subur-
