4042 6302
529 343 632 401 731

1837 315 2140 392 tempus
2157 328 2356 386 pars:
2395 331 2505 387 vui
2567 381 2569 383 ,

3666 325 3782 389 733

532 454 687 509 banis
715 453 850 508 adeo
877 447 1217 521 depmdatis,
1247 458 1306 503 ut
1349 445 1525 503 nullus
1555 447 1607 501 in
1639 447 1770 515 ipsis
1809 446 1920 512 jam
1945 443 2097 507 babi-
2124 445 2176 506 Α
2203 441 2630 497 Christianorum
2659 443 2940 498 aﬂicimur.
2973 444 3167 500 Verum
3189 455 3392 514 quanto
3418 449 3786 507 crebrescunt

533 554 678 599 tutor
704 543 786 597 vel
806 542 1089 610 cujuslibet
1132 540 1305 593 relatis
1322 537 1492 592 incola
1514 537 1758 590 videatur
1784 535 2099 588 consistere.

533 636 638 692 Pro
665 637 858 705 quibus
901 647 1032 687 sane
1079 630 1235 684 malis
1281 628 1581 683 innumeris
1619 625 1819 697 ingenti
1869 635 2102 677 mturare

533 724 735 788 alllicti,
759 721 1050 789 doloreque
1089 719 1310 782 turbati,
1358 732 1458 770 nec
1505 730 1749 770 somnum
1781 712 1969 773 oculis,
2004 725 2102 765 nec

529 816 711 870 cibum
749 828 908 883 opere
953 825 1147 880 capere
1175 824 1462 879 possumus
1501 827 1514 862 :
1546 807 1637 862 sed
1670 821 1768 874 pro
1817 804 1998 872 requie
2028 802 2103 856 la-

530 905 717 958 berem
745 904 1042 962 assiduum,
1067 911 1122 957 et
1161 917 1257 969 pro
1283 900 1548 968 corporali
1579 899 1791 972 dapium
1821 897 2103 951 dulcedine

533 993 730 1048 mentis
751 991 1164 1045 amaritudinem
1200 991 1453 1060 patimur.
1510 989 1716 1042 Idcirco
1740 995 1972 1040 vestram
2004 987 2105 1038 im-

530 1080 790 1152 perialem
819 1078 1178 1148 majestatem,
1203 1079 1366 1132 totius
1387 1078 1664 1147 sapientiae
1690 1075 1806 1130 luce
1828 1073 2103 1144 splendide

530 1169 868 1232 irradiatam,
900 1179 1085 1223 sancta
1114 1167 1356 1223 Romana
1389 1165 1651 1231 Ecclesia,
1685 1181 1805 1236 quae
1852 1165 2103 1235 religioso

530 1275 628 1316 vos
656 1271 812 1317 utero
845 1263 1047 1331 genuit,
1073 1277 1196 1316 meo
1221 1262 1436 1330 quidem
1467 1273 1735 1321 sermone,
1768 1258 1862 1314 sed
1894 1273 1992 1312 suo
2012 1271 2104 1310 ve-.-

531 1351 755 1406 nerabili
781 1352 1092 1422 suppliciter
1120 1353 1278 1407 nimis
1306 1360 1556 1422 precatur
1604 1349 1820 1413 affectu,
1864 1356 1920 1403 ut
1956 1347 2100 1403 omni

532 1441 788 1496 dilatione
812 1453 1036 1506 remota,
1065 1443 1319 1510 omnique
1341 1439 1457 1508 ejus
1481 1453 1613 1495 cura
1637 1447 1934 1508 assumpta,
1959 1452 2103 1492 nunc

532 1531 600 1585 ad
639 1546 789 1586 suam
815 1530 1181 1586 defensionem
1223 1539 1276 1585 et
1311 1532 1472 1586 totius
1501 1531 1689 1600 patrita
1725 1529 2100 1584 liberationem

532 1619 746 1687 adjutor
763 1621 1020 1684 clemens,
1049 1620 1298 1675 defensor
1316 1631 1508 1690 potens
1527 1631 1581 1676 et
1604 1619 1840 1676 salvator
1866 1617 2100 1672 invictus

529 1709 717 1764 venire
739 1709 1053 1778 dignemini,
1109 1710 1232 1778 quia
1277 1709 1381 1764 nisi
1429 1719 1610 1764 vestra
1641 1707 2098 1764 desideratissima

2207 533 2343 586 mala
2363 548 2457 600 pra
2466 547 2671 596 vornm,
2690 542 2836 587 tanto
2850 548 3095 588 crescere
3108 535 3304 588 debent
3322 537 3461 587 bona
3479 544 3778 591 rectorum.

2205 620 2334 688 Quae
2348 620 2588 691 profecto
2612 622 2727 674 fieri
2759 632 3051 690 nequeunt,
3084 623 3184 677 nisi
3218 639 3313 692 per
3346 638 3638 678 commune
3669 624 3790 678 fra-

2207 720 2346 764 trum
2364 711 2646 780 collegium
2664 712 2717 763 in
2733 712 2960 780 idipsum
2976 728 3200 781 corpore
3215 715 3373 767 simul
3386 724 3444 767 et
3459 723 3796 771 mentem-

2203 803 2549 857 venientium.
2599 803 2694 856 Est
2731 804 2874 856 enim
2917 804 3156 859 Ecclesia
3181 805 3274 858 Dei
3300 815 3526 876 propter
3548 821 3787 861 concor-

2203 893 2345 947 diam
2376 901 2483 945 tam
2503 892 2804 946 visibilibus
2826 907 2984 960 quam
3009 893 3366 947 invisibilibus
3393 895 3646 948 hostibus
3667 909 3791 948 oua-

2203 986 2332 1038 nino
2348 984 2623 1046 terribilis,
2642 993 2697 1038 et
2713 985 2856 1038 velut
2875 994 3166 1038 castrorum
3183 985 3320 1038 acies
3334 985 3590 1038 ordinata
3603 985 3784 1053 (Cm.

2201 1075 2298 1143 vi).
2331 1073 2677 1144 Quapropter
2718 1084 2829 1128 tam
2881 1088 2977 1143 pro
3015 1071 3398 1130 ecclesiasticis
3454 1076 3791 1144 quibusdam

2203 1165 2644 1229 necessitatibus,
2699 1181 2858 1235 quam
2901 1179 2999 1234 pro
3040 1174 3182 1218 statu
3217 1174 3272 1219 et
3307 1180 3408 1234 pro
3439 1167 3793 1221 correctione

2205 1252 2534 1322 reipublicae,
2561 1254 2882 1308 auctoritate
2911 1254 3201 1322 apostolica
3232 1254 3579 1309 decrevimus
3633 1269 3796 1310 reve-

2207 1344 2494 1397 rendorum
2519 1344 2746 1396 fratrum
2774 1351 2827 1397 et
2858 1344 3294 1412 coepiscoporum
3316 1354 3655 1399 nostrorum.
3681 1343 3798 1398 ltu-

2204 1433 2291 1489 lici
2321 1434 2471 1503 regni
2505 1433 2829 1497 universale,
2873 1433 2926 1486 id
2954 1443 3035 1487 est
3066 1435 3230 1488 totius
3272 1435 3593 1504 provinciae,
3622 1435 3798 1488 advo-

2204 1537 2330 1577 care
2357 1523 2680 1586 concilium;
2714 1521 2889 1577 locum
2917 1531 3094 1576 autem
3141 1539 3408 1591 nusquam
3454 1524 3523 1578 ad
3557 1524 3662 1578 hoc
3689 1535 3798 1595 ge-

2204 1615 2431 1667 rendum
2468 1615 2731 1682 aptiorem
2775 1622 2830 1667 et
2863 1614 3156 1667 faciliorem
3183 1629 3343 1682 quam
3396 1614 3542 1684 apud
3573 1614 3800 1668 Raven-

2204 1721 2330 1760 nam
2359 1707 2595 1775 undique
2620 1706 3014 1760 confluentibus
3042 1707 3274 1760 inveniri
3319 1720 3481 1775 posse
3501 1705 3798 1774 perspexi.

532 1798 690 1850 nobis
737 1797 969 1852 adfuerit
1005 1800 1313 1866 praesentia,
1357 1799 1559 1853 nullum
1588 1797 1913 1854 defensionis
1949 1796 2100 1851 auxi-
2127 1788 2176 1848 Β
2203 1813 2343 1852 mus.
2369 1798 2628 1853 Occurrat
2649 1799 2812 1868 igitur
2839 1797 3089 1851 alacriter
3107 1813 3228 1852 cum
3256 1796 3620 1866 suffraganeis
3647 1797 3794 1860 διώ.

530 1883 663 1939 lium
692 1887 1003 1956 nullumque
1033 1889 1350 1944 necessaria:
1393 1889 1585 1944 salutis
1625 1891 1916 1944 remedium
1947 1898 2099 1956 pote-

532 1975 705 2028 rimus
739 1975 951 2029 habere.
1002 1975 1110 2032 Nos
1137 1978 1302 2041 enim,
1350 1993 1472 2032 cum
1503 1981 1679 2033 omnis
1705 1980 1848 2034 sedis
1880 1987 2099 2047 aposto-

531 2061 649 2115 lica:
679 2064 865 2118 ordine
903 2078 1084 2128 sacro,
1120 2051 1530 2136 cumireligiosis
1572 2076 1625 2122 et
1666 2068 1832 2121 Deum
1865 2069 2102 2122 timenti-

534 2153 635 2206 bus
670 2154 816 2215 viris,
843 2170 940 2223 pro
970 2164 1161 2208 vestra:
1189 2156 1372 2225 gloria:
1414 2159 1788 2227 prosperitate,
1821 2160 2102 2213 continua-

531 2255 637 2310 que
668 2245 864 2296 mentis
886 2251 940 2296 et
963 2244 1206 2312 corporis
1233 2246 1427 2308 salute,
1465 2248 1885 2314 omnipotentem
1909 2248 2100 2303 Domi-

532 2343 686 2393 num,
708 2328 860 2397 cujus
880 2340 962 2386 est
982 2332 1123 2386 salus
1141 2333 1315 2387 omnis
1333 2343 1386 2387 et
1401 2334 1531 2396 vita,
1554 2336 1678 2389 totis
1691 2336 2104 2404 deprecabimur

531 2420 763 2486 nisibus,
819 2430 880 2475 ut
923 2436 1023 2476 nec
1070 2425 1326 2492 temporis
1372 2423 1570 2489 fervor,
1608 2442 1707 2480 nec
1753 2427 1856 2480 loci
1910 2437 2102 2480 natura

532 2509 768 2576 insolita,
797 2525 897 2566 nec
919 2511 1162 2566 molestia
1188 2512 1438 2580 quaelibet
1459 2523 1638 2568 vestro
1660 2515 1855 2585 insigni
1886 2514 2101 2583 corpori

532 2601 778 2654 nocitura
817 2601 1106 2671 contingat.
1150 2601 1509 2668 Quamobrem
1561 2603 1690 2655 nihil
1740 2603 1931 2657 horum
1982 2618 2104 2671 qua:

535 2693 652 2747 sine
680 2691 770 2746 Dei
804 2691 987 2761 procul
1009 2692 1172 2746 dubio
1199 2707 1304 2746 non
1333 2695 1580 2748 evenient
1615 2703 1745 2747 nutu
1774 2694 2102 2758 dubitantes,

535 2780 664 2847 quin
695 2781 870 2849 potius
901 2781 954 2834 in
977 2780 1188 2835 Domini
1218 2781 1564 2836 miseratione
1592 2783 1718 2835 totis
1744 2783 1951 2836 viribus
1981 2797 2108 2836 con-

539 2870 786 2935 fidentes,
837 2871 1156 2926 non'solum
1198 2886 1507 2939 corpoream
1540 2872 1982 2936 incolumitatem,
2015 2888 2107 2925 ve-

537 2972 658 3011 rum
688 2959 851 3012 etiam
877 2969 930 3014 et
957 2969 1269 3028 perpetuam
1296 2961 1490 3014 animus
1523 2969 1714 3014 vestra:
1761 2960 2102 3014 merebimini

535 3047 759 3118 adipisci
782 3047 1008 3103 salutem
1039 3059 1094 3103 et
1121 3049 1366 3120 gloriam.
1399 3049 1653 3119 Dignetur
1680 3051 1840 3119 igitur
1865 3050 2106 3118 piissima

539 3138 803 3192 serenitas
832 3146 1034 3200 vestra,
1063 3137 1481 3191 clementissime
1511 3138 1804 3207 imperator
1833 3139 2103 3208 Auguste,

537 3239 640 3299 pro
671 3236 831 3282 tanta:
861 3227 1005 3282 sedis
1047 3227 1364 3282 liberatione
1410 3238 1787 3298 tantorumque
1831 3231 2105 3283 hominum

539 3318 739 3375 Christi
771 3335 963 3375 cruore
1011 3322 1408 3390 redemptorum
1440 3321 1758 3385 salvationc,
1809 3331 2022 3377 nostras
2053 3331 2110 3377 et

541 3411 795 3466 Ecclesia:
829 3422 1026 3468 nostra:
1053 3428 1240 3483 preces
1273 3414 1480 3475 audire,
1515 3414 1776 3484 singultus
1801 3413 2109 3482 prospicere

541 3510 598 3557 ct
626 3502 758 3555 tanti
785 3503 1016 3573 gemitus
1044 3502 1309 3571 lacrymas
1343 3503 1674 3556 incessanter
1701 3501 1910 3557 cll‘nsas-
1927 3513 2107 3558 atten-

539 3589 669 3646 dere
695 3610 706 3644 :
733 3601 995 3660 quatenus
1018 3606 1166 3645 more
1192 3590 1368 3653 solito,
1397 3600 1452 3646 et
1476 3591 1644 3645 solita:
1665 3591 1879 3659 pietatis
1900 3592 2109 3645 viscere

541 3684 700 3738 nobis
748 3685 1154 3752 compatientes.
1211 3699 1366 3752 opem
1421 3685 1804 3738 consolationis
1849 3683 2111 3739 citissime

541 3773 852 3840 petentibus
905 3773 1220 3836 tribuentes,
1251 3779 1409 3841 prout
1451 3782 1807 3841 opportunum
1858 3781 1965 3834 est,
2009 3785 2110 3825 nos

544 3859 801 3926 adjuvare
830 3861 1105 3931 satagatis,
1133 3861 1258 3930 quia
1309 3869 1428 3930 post
1467 3861 1631 3914 Deum
1664 3861 1822 3914 unica
1857 3874 1982 3928 spes
2025 3874 2114 3912 sa-

545 3947 675 4003 lutis
697 3957 751 4002 et
777 3948 1112 4003 liberationis
1156 3958 1353 4002 nostra:
1385 3948 1576 4002 fiducia
1615 3963 1711 4002 vos
1740 3963 1924 4016 procm
1951 3948 2112 4002 dubio

541 4037 699 4092 estis.
724 4037 848 4090 Ideo
878 4051 974 4104 per
997 4037 1351 4105 vosmetipsos
1393 4045 1766 4104 properantes,
1813 4049 2111 4105 congruum

545 4133 604 4178 et
629 4133 990 4194 opportunum
1019 4123 1174 4178 nobis
1205 4125 1446 4194 praebere
1483 4124 1738 4177 auxilium
1769 4139 1872 4177 non
1899 4122 2115 4178 differa-

546 4216 665 4270 tis:
709 4223 770 4269 ut
813 4223 867 4268 et
897 4214 1173 4276 Dominus,
1207 4216 1296 4284 qui
1339 4214 1500 4286 elegit
1527 4230 1624 4268 vos
1653 4222 1808 4282 caput
1835 4214 2004 4276 orbis,
2056 4222 2116 4268 et

547 4308 824 4363 dominum
851 4307 997 4370 fecit,
1025 4306 1281 4362 auxilium
1311 4321 1467 4362 suum
1493 4307 1644 4360 vobis
1668 4306 1735 4359 de
1763 4315 1949 4360 sancto
1990 4304 2116 4359 mit-

549 4407 664 4454 tere
705 4414 917 4468 semper
944 4399 1210 4469 dignetur,
1262 4397 1634 4452 amantissime
1687 4396 1780 4450 fili.
1833 4395 1968 4449 Data
2016 4407 2112 4448 vnt

547 4486 817 4546 Kalendas
840 4490 1006 4558 Junii,
1033 4490 1331 4546 indictione
1357 4487 1586 4543 decima.

1232 4599 1448 4655 LXXX.

850 4707 919 4746 AD
951 4703 1398 4748 ARCBIEPISCOPUI
1437 4703 1808 4744 BAVENNA‘I‘EI.

1153 4781 1331 4850 (Anno
1359 4776 1506 4845 s77).

643 4866 890 4939 Prwcipit
921 4878 977 4922 ut
1003 4885 1121 4922 cum
1141 4869 1252 4922 suis
1280 4865 1628 4988 sujzaganeis
1660 4863 1729 4918 ad
1755 4861 2032 4918 concilium

1210 4953 1330 4988 accc
1370 4954 1400 4988 a
1428 4972 1444 4987 .

1210 4953 1444 4989 accedat.

619 5025 852 5080 Joannes
878 5023 1280 5092 archiepiscopo
1307 5021 1621 5075 Ravennati.

625 5116 758 5182 Quia
777 5116 886 5184 jam
935 5115 1002 5168 ad
1028 5112 1328 5182 periculosa
1356 5112 1699 5182 pervenimus
1731 5112 1798 5165 ab
1861 5109 2119 5180 Apostolo

547 5204 638 5274 (II
684 5203 820 5258 Tim.
849 5206 952 5272 In),
979 5203 1107 5271 quin
1133 5203 1307 5272 potius
1339 5217 1372 5254 a
1403 5202 1626 5256 Domino
1671 5201 1947 5269 praedicta,
1984 5199 2116 5270 prob

550 5293 736 5352 dolor!
786 5303 1067 5361 tempora:
1099 5291 1275 5360 Surgit
1301 5293 1437 5344 enim
1466 5307 1587 5360 gens
1613 5301 1792 5346 contra
1820 5301 2042 5360 gentem,
2072 5299 2120 5343 et

551 5393 677 5439 sunt
700 5383 837 5436 inter
860 5382 967 5436 alia
1025 5382 1224 5436 inimici
1264 5381 1486 5435 hominis
1513 5382 1779 5436 domestici
1808 5383 1922 5451 ejus
1976 5380 2129 5447 (Luc.

556 5485 692 5538 xxi;
722 5471 884 5528 Mich.
939 5472 1070 5540 vn);
1105 5481 1390 5527 creverunt
1433 5473 1830 5542 inopinabiliter
1880 5473 2038 5536 mala,
2072 5481 2129 5526 et

553 5574 668 5618 non
715 5563 886 5617 solum
917 5565 1249 5620 extrinsecus
1269 5565 1420 5620 rabie
1452 5565 1747 5621 inlidelium
1775 5566 2125 5620 barbarorum

552 5653 860 5718 attorimur,
905 5655 998 5711 sed
1031 5664 1086 5709 et
1111 5655 1436 5714 intrinsecus
1481 5658 1835 5727 perversitate
1896 5670 2126 5726 nequam

2201 1901 2338 1955 quos
2385 1887 2499 1956 ipsa
2529 1887 2818 1942 convenire
2862 1896 3202 1941 commoneat
3233 1886 3298 1940 ad
3325 1886 3668 1956 designatam
3695 1901 3798 1939 nr-

2202 1980 2324 2033 bem
2363 1979 2669 2033 sanctitatis
2699 1977 3030 2040 fraternitas,
3061 1989 3116 2032 et
3140 1986 3289 2030 tanto
3320 1977 3511 2032 deesse
3539 1990 3796 2030 conven-

2203 2067 2303 2130 tui,
2331 2082 2489 2135 quem
2521 2066 2725 2120 scilicet
2754 2065 2946 2120 ibidem
2975 2081 3069 2119 vnt
3120 2065 3390 2119 Kalendas
3411 2063 3614 2126 Julias,
3643 2062 3794 2119 cele-

2203 2153 2413 2220 braturi
2444 2169 2648 2215 sumus,
2679 2153 2822 2204 nullo
2844 2153 3003 2207 modo
3032 2151 3290 2222 perferat,
3321 2168 3428 2222 quo
3456 2150 3788 2220 puilnlautia

2205 2241 2260 2294 in
2301 2255 2430 2307 agro
2452 2239 2727 2294 Dominico
2754 2240 2959 2292 zizania
2985 2241 3256 2296 communi
3303 2240 3486 2295 studio
3517 2240 3792 2294 radicitus

2207 2339 2581 2399 amputentur;
2612 2337 2668 2384 et
2715 2329 3012 2382 salubrium
3043 2330 3302 2382 virtutum
3351 2329 3600 2398 germina
3635 2329 3793 2382 socio

2207 2439 2306 2493 pro
2334 2425 2416 2478 bis
2445 2424 2741 2478 certamine
2769 2425 2982 2492 penitus
3036 2423 3362 2477 inserantur.
3393 2420 3617 2476 Fratres
3647 2437 3794 2490 pra-

2210 2519 2357 2566 terea
2381 2520 2430 2565 et
2461 2512 2804 2582 coepiscopos
2846 2521 3059 2565 nostros
3089 2513 3178 2581 qui
3207 2512 3305 2565 sub
3331 2511 3673 2565 beatitudine
3695 2524 3796 2564 vo-

2211 2609 2320 2656 stra
2361 2603 2559 2670 degunt
2585 2602 2649 2655 ad
2672 2601 2915 2654 eamdem
2970 2600 3328 2655 universalem
3359 2601 3629 2670 synodum
3657 2600 3798 2655 bor-

2212 2697 2323 2741 tatu
2355 2689 2661 2742 sanctitatis
2689 2698 2880 2742 vestris
2902 2689 3088 2742 venire
3111 2689 3472 2756 prtecipimus.
3521 2688 3798 2757 Quisquis

2211 2787 2388 2830 autem
2432 2791 2716 2830 occurrere
2747 2776 3150 2831 sanctitati-tute
3197 2777 3334 2830 forte
3373 2779 3794 2847 contempserit,

2212 2865 2486 2920 canonicis
2540 2880 2597 2919 se
2626 2865 2837 2918 noverit
2881 2864 3340 2933 increpationibus
3383 2864 3572 2934 procul
3621 2865 3800 2920 dubio

2214 2954 2655 3018 submittendum,
2701 2954 2754 3007 in
2801 2963 3072 3022 promptu,
3127 2954 3419 3008 secundum
3465 2955 3798 3023 Apostolqu

2217 3045 2300 3116 (II
2327 3045 2451 3099 Cor.
2477 3047 2565 3110 x);
2590 3044 2744 3099 nobis
2767 3044 3088 3098 habentibus
3114 3059 3326 3098 omnem
3350 3044 3531 3098 ulcisci
3558 3059 3799 3113 prorsus

2215 3135 2653 3191 inobcdientiam.
2687 3133 2839 3187 Hanc
2860 3148 2988 3188 vero
3018 3132 3348 3202 apostolatus
3371 3133 3535 3186 nostri
3581 3133 3800 3200 epistoo

2213 3223 2320 3278 lam
2365 3223 2449 3276 vel
2481 3220 2803 3290 exemplaria
2839 3221 2998 3283 illius,
3038 3220 3310 3274 beatitudo
3338 3230 3515 3273 vestra
3563 3219 3618 3272 in
3652 3220 3797 3272 dice-

2214 3312 2324 3367 cesi
2355 3327 2449 3366 sua
2509 3311 2757 3364 omnibus
2793 3308 3165 3364 indili'erenter
3191 3309 3453 3378 episcopis
3480 3323 3680 3376 parare
3713 3309 3798 3360 fa-

2213 3404 2344 3468 ciat,
2375 3417 2440 3456 ne
2466 3401 2682 3471 aliquod
2711 3401 2877 3468 possit
2905 3401 2971 3454 ab
2994 3399 3357 3454 inobedientia
3389 3398 3799 3464 excusationis,

2215 3498 2358 3568 quod
2389 3512 2497 3551 non
2523 3495 2762 3565 expedit,
2810 3493 3053 3548 velamen
3087 3493 3326 3547 obtendi.

2884 3601 3120 3657 LXXXI.

2417 3709 2485 3748 AD
2522 3707 2830 3749 ANSPEBTUI
2868 3707 2938 3746 ET
2976 3705 3248 3747 ANTONIUI
3286 3703 3571 3744 EPISCOPOS.

2805 3769 2996 3851 (Anno
3042 3781 3193 3850 877.)

2215 3870 2284 3926 Ut
2311 3871 2615 3926 Ravennam
2657 3873 2724 3924 ad
2769 3872 3023 3940 synodum
3071 3868 3515 3940 accedant;rquod
3555 3868 3662 3921 nisi
3689 3883 3800 3938 ρα-

2355 3943 2572 4006 ruerint,
2608 3939 2839 3994 minatur
2860 3957 2946 3992 eos
2973 3956 3028 3992 se
3056 3939 3641 3992 excommunicamrum.

2285 4034 2515 4090 Joannes
2537 4034 2818 4102 episcopus
2863 4033 3148 4086 Ansren'ro
3180 4030 3562 4106 Mediolanensi
3600 4031 3798 4085 arciu-

2215 4126 2490 4196 episcopo,
2521 4134 2579 4178 et
2603 4123 2848 4178 Auream
2876 4123 3132 4190 episeopo
3157 4121 3446 4174 Brixiensi.

2288 4214 2423 4280 Quia
2453 4212 2680 4267 diversis
2708 4226 2774 4266 ac
2799 4210 3186 4279 multiplicibus
3213 4208 3481 4263 Ecclesias
3511 4205 3609 4260 Dei
3633 4205 3799 4261 nobis

2217 4305 2538 4358 commissas
2564 4300 2917 4355 incommodis
2939 4299 3301 4368 perturbatas,
3357 4297 3627 4364 rebusque
3663 4310 3805 4364 pro-

2217 4391 2351 4460 priis
2407 4390 2780 4443 incunctanter
2829 4389 3102 4457 privatas,
3157 4398 3213 4440 et
3263 4401 3448 4441 earum
3485 4385 3801 4439 antistitum

2141 4453 2194 4514 θ
2219 4453 2481 4534 bonorem
2523 4453 2846 4531 diminutum
2864 4476 2978 4531 fore
3010 4476 3281 4540 videmus;
3309 4477 3570 4544 ipsarum,
3594 4487 3804 4529 secun-

2219 4571 2349 4626 dum
2378 4569 2689 4638 Apostolum
2719 4566 2802 4638 (11
2827 4566 2948 4622 Cor.
2976 4566 3078 4635 χι),
3099 4565 3455 4619 sollicitudine
3480 4562 3805 4632 quotidiana

2222 4661 2507 4730 compulsi,
2536 4659 2843 4714 necessario
2885 4657 2988 4711 rati
3042 4671 3228 4711 sumus
3256 4670 3354 4726 pro
3401 4653 3616 4708 illarum
3642 4661 3804 4707 statu

2221 4767 2287 4806 ac
2315 4751 2542 4821 pristina
2575 4747 3026 4818 redintegratione
3053 4745 3382 4816 generalem,
3414 4743 3522 4798 Deo
3546 4742 3803 4809 favente,

2223 4839 2485 4910 synodum
2543 4837 2821 4892 celebrare
2869 4851 2884 4890 :
2935 4850 3097 4904 quam
3163 4833 3457 4889 secundum
3514 4832 3805 4903 antiquam

2221 4930 2660 4987 consuetudinem
2688 4944 2809 4983 cum
2836 4928 3018 4982 Romae
3055 4942 3214 4998 agere
3252 4925 3652 4988 debtﬁssemus,
3691 4941 3803 4979 non

2223 5026 2536 5074 recusantes
2582 5017 2713 5070 tanti
2745 5016 2981 5071 laborem
3025 5015 3257 5080 itineris,
3287 5029 3384 5083 pro
3413 5014 3688 5068 suavitate
3730 5024 3806 5069 ta-

2222 5125 2343 5164 men
2370 5106 2755 5162 venerabilium
2787 5105 3120 5160 confratrum
3149 5113 3456 5159 nostrorum
3502 5105 3801 5173 episcopo.

2225 5214 2365 5263 rum,
2409 5213 2543 5268 quos
2585 5197 2638 5249 in
2691 5196 3022 5250 consortium
3072 5201 3316 5248 nostrum
3370 5193 3560 5246 litteris
3623 5195 3806 5247 missis

2231 5291 2540 5352 ascivimus,
2565 5296 2815 5342 octavum
2864 5285 3222 5340 Kalendarum
3252 5283 3536 5344 Juliarum,
3577 5282 3808 5338 Raven-

2232 5396 2336 5442 nzc,
2369 5379 2662 5433 auxiliante
2695 5378 2940 5440 Domino,
2982 5376 3185 5428 erimus
3229 5373 3416 5443 procul
3445 5371 3610 5427 dubio
3666 5373 3810 5427 cele-

2231 5471 2454 5525 braturi.
2506 5469 2585 5522 Ad
2631 5485 2790 5538 quam
2834 5467 3085 5521 videlicet
3135 5466 3522 5520 fraternitatem
3556 5473 3808 5516 vestram

2231 5559 2377 5612 omni
2403 5557 2688 5612 occasione
2731 5555 3049 5626 postposita,
3081 5555 3339 5623 omnique
3384 5552 3642 5606 tarditate
3671 5568 3808 5620 prae-

2231 5649 2503 5714 termissa,
2535 5649 2622 5704 bis
2652 5646 3009 5718 praesentibus
3039 5645 3222 5699 venire
3243 5644 3492 5714 jubemus
3527 5642 3805 5711 apicibus,
