  <div class='ocr_page' id='page_1' title='image "/cluster/home/n/w/nwhite01/storage/ocr_20150623/126/hvd.32044015471675/372.png"; bbox 0 0 3958 5398; ppageno 0'>
   <div class='ocr_carea' id='block_1_1' title="bbox 628 250 730 263">
    <p class='ocr_par' dir='ltr' id='par_1_1' title="bbox 628 250 730 263">
     <span class='ocr_line' id='line_1_1' title="bbox 628 250 730 263; baseline -0.01 -2"><span class='ocrx_word' id='word_1_1' title='bbox 628 253 689 263; x_wconf 66' lang='grc' dir='ltr'><strong>..σο</strong></span> <span class='ocrx_word' id='word_1_2' title='bbox 708 250 730 256; x_wconf 62' lang='grc' dir='ltr'><strong>-ε</strong></span> 
     </span>
    </p>
   </div>
   <div class='ocr_carea' id='block_1_2' title="bbox 123 272 1686 358">
    <p class='ocr_par' dir='ltr' id='par_1_2' title="bbox 123 272 1650 355">
     <span class='ocr_line' id='line_1_2' title="bbox 123 272 1650 355; baseline 0.002 -7"><span class='ocrx_word' id='word_1_3' title='bbox 123 272 187 350; x_wconf 73' lang='lat'><strong>33</strong></span> <span class='ocrx_word' id='word_1_4' title='bbox 1292 280 1650 355; x_wconf 64' lang='grc' dir='ltr'><strong>ειηετοιιε</strong></span> 
     </span>
    </p>
   </div>
   <div class='ocr_carea' id='block_1_3' title="bbox 1792 272 2149 358">
    <p class='ocr_par' dir='ltr' id='par_1_3' title="bbox 1812 296 2149 358">
     <span class='ocr_line' id='line_1_3' title="bbox 1812 296 2149 358; baseline 0.018 -6"><span class='ocrx_word' id='word_1_5' title='bbox 1812 296 2149 358; x_wconf 72' lang='lat' dir='ltr'><strong>DECRETA.</strong></span> 
     </span>
    </p>
   </div>
   <div class='ocr_carea' id='block_1_4' title="bbox 3243 314 3348 379">
    <p class='ocr_par' dir='ltr' id='par_1_4' title="bbox 3243 314 3348 379">
     <span class='ocr_line' id='line_1_4' title="bbox 3243 314 3348 379; baseline 0 -2"><span class='ocrx_word' id='word_1_6' title='bbox 3243 314 3348 379; x_wconf 61' lang='lat'><strong>734</strong></span> 
     </span>
    </p>
   </div>
   <div class='ocr_carea' id='block_1_5' title="bbox 123 400 3352 500">
    <p class='ocr_par' dir='ltr' id='par_1_5' title="bbox 123 400 3352 500">
     <span class='ocr_line' id='line_1_5' title="bbox 123 400 3352 500; baseline 0.005 -41"><span class='ocrx_word' id='word_1_7' title='bbox 123 413 365 459; x_wconf 82' lang='lat' dir='ltr'><strong>uatenua</strong></span> <span class='ocrx_word' id='word_1_8' title='bbox 417 405 693 463; x_wconf 87' lang='lat' dir='ltr'><strong>communi</strong></span> <span class='ocrx_word' id='word_1_9' title='bbox 745 407 1034 462; x_wconf 86' lang='lat' dir='ltr'><strong>multorum</strong></span> <span class='ocrx_word' id='word_1_10' title='bbox 1083 406 1310 463; x_wconf 75' lang='lat' dir='ltr'><strong>fratrum</strong></span> <span class='ocrx_word' id='word_1_11' title='bbox 1365 416 1672 463; x_wconf 88' lang='lat' dir='ltr'><strong>nostrorum</strong></span> <span class='ocrx_word' id='word_1_12' title='bbox 1704 408 1749 467; x_wconf 79' lang='grc' dir='ltr'><strong>Α</strong></span> <span class='ocrx_word' id='word_1_13' title='bbox 1779 400 1923 473; x_wconf 86' lang='lat' dir='ltr'><strong>bilis,</strong></span> <span class='ocrx_word' id='word_1_14' title='bbox 1957 419 2012 465; x_wconf 89' lang='lat' dir='ltr'><strong>et</strong></span> <span class='ocrx_word' id='word_1_15' title='bbox 2044 412 2209 466; x_wconf 87' lang='lat' dir='ltr'><strong>Deum</strong></span> <span class='ocrx_word' id='word_1_16' title='bbox 2242 414 2483 472; x_wconf 90' lang='lat' dir='ltr'><strong>timentis</strong></span> <span class='ocrx_word' id='word_1_17' title='bbox 2509 415 2631 500; x_wconf 58' lang='lat' dir='ltr'><strong>fi&#39;ri,</strong></span> <span class='ocrx_word' id='word_1_18' title='bbox 2662 423 2971 479; x_wconf 72' lang='lat' dir='ltr'><strong>conservari</strong></span> <span class='ocrx_word' id='word_1_19' title='bbox 3014 412 3258 484; x_wconf 76' lang='lat' dir='ltr'><strong>volumus</strong></span> <span class='ocrx_word' id='word_1_20' title='bbox 3294 443 3352 487; x_wconf 71' lang='grc' dir='ltr'><strong>ρι</strong></span> 
     </span>
    </p>
   </div>
   <div class='ocr_carea' id='block_1_6' title="bbox 123 493 1671 564">
    <p class='ocr_par' dir='ltr' id='par_1_6' title="bbox 123 493 1671 564">
     <span class='ocr_line' id='line_1_6' title="bbox 123 493 1671 564; baseline 0.001 -18"><span class='ocrx_word' id='word_1_21' title='bbox 123 507 359 548; x_wconf 84' lang='lat' dir='ltr'><strong>onsensu</strong></span> <span class='ocrx_word' id='word_1_22' title='bbox 388 502 556 564; x_wconf 87' lang='lat' dir='ltr'><strong>atque</strong></span> <span class='ocrx_word' id='word_1_23' title='bbox 577 493 815 561; x_wconf 92' lang='lat' dir='ltr'><strong>decreto,</strong></span> <span class='ocrx_word' id='word_1_24' title='bbox 830 496 1069 552; x_wconf 79' lang='lat' dir='ltr'><strong>Ecclesia</strong></span> <span class='ocrx_word' id='word_1_25' title='bbox 1091 496 1185 551; x_wconf 87' lang='lat' dir='ltr'><strong>Dei</strong></span> <span class='ocrx_word' id='word_1_26' title='bbox 1210 496 1361 551; x_wconf 91' lang='lat' dir='ltr'><strong>nobis</strong></span> <span class='ocrx_word' id='word_1_27' title='bbox 1382 495 1671 552; x_wconf 88' lang='lat' dir='ltr'><strong>commissa</strong></span> 
     </span>
    </p>
   </div>
   <div class='ocr_carea' id='block_1_7' title="bbox 125 583 1676 656">
    <p class='ocr_par' dir='ltr' id='par_1_7' title="bbox 125 583 1676 656">
     <span class='ocr_line' id='line_1_7' title="bbox 125 583 1676 656; baseline 0.003 -21"><span class='ocrx_word' id='word_1_28' title='bbox 125 584 324 651; x_wconf 69' lang='lat' dir='ltr'><strong>mpritc</strong></span> <span class='ocrx_word' id='word_1_29' title='bbox 373 583 662 655; x_wconf 73' lang='lat' dir='ltr'><strong>dignitatis</strong></span> <span class='ocrx_word' id='word_1_30' title='bbox 701 585 849 655; x_wconf 88' lang='lat' dir='ltr'><strong>jura,</strong></span> <span class='ocrx_word' id='word_1_31' title='bbox 892 600 1011 655; x_wconf 65' lang='lat' dir='ltr'><strong>qum</strong></span> <span class='ocrx_word' id='word_1_32' title='bbox 1038 602 1068 640; x_wconf 88' lang='lat' dir='ltr'><strong>a</strong></span> <span class='ocrx_word' id='word_1_33' title='bbox 1122 584 1443 656; x_wconf 87' lang='lat' dir='ltr'><strong>quibusdam</strong></span> <span class='ocrx_word' id='word_1_34' title='bbox 1493 585 1676 655; x_wconf 90' lang='lat' dir='ltr'><strong>inique</strong></span> 
     </span>
    </p>
   </div>
   <div class='ocr_carea' id='block_1_8' title="bbox 123 671 1673 745">
    <p class='ocr_par' dir='ltr' id='par_1_8' title="bbox 123 671 1673 745">
     <span class='ocr_line' id='line_1_8' title="bbox 123 671 1673 745; baseline 0.005 -23"><span class='ocrx_word' id='word_1_35' title='bbox 123 671 382 742; x_wconf 75' lang='lat' dir='ltr'><strong>gentibus</strong></span> <span class='ocrx_word' id='word_1_36' title='bbox 412 682 545 728; x_wconf 86' lang='lat' dir='ltr'><strong>sunt</strong></span> <span class='ocrx_word' id='word_1_37' title='bbox 571 684 849 744; x_wconf 89' lang='lat' dir='ltr'><strong>usurpata,</strong></span> <span class='ocrx_word' id='word_1_38' title='bbox 872 676 971 730; x_wconf 87' lang='lat' dir='ltr'><strong>sub</strong></span> <span class='ocrx_word' id='word_1_39' title='bbox 995 676 1301 744; x_wconf 66' lang='lat' dir='ltr'><strong>integritate</strong></span> <span class='ocrx_word' id='word_1_40' title='bbox 1330 675 1673 745; x_wconf 83' lang='lat' dir='ltr'><strong>recipientes,</strong></span> 
     </span>
    </p>
   </div>
   <div class='ocr_carea' id='block_1_9' title="bbox 124 760 1677 831">
    <p class='ocr_par' dir='ltr' id='par_1_9' title="bbox 124 760 1677 831">
     <span class='ocr_line' id='line_1_9' title="bbox 124 760 1677 831; baseline 0.006 -18"><span class='ocrx_word' id='word_1_41' title='bbox 124 760 363 815; x_wconf 77' lang='lat' dir='ltr'><strong>talorum</strong></span> <span class='ocrx_word' id='word_1_42' title='bbox 409 764 654 818; x_wconf 90' lang='lat' dir='ltr'><strong>omnium</strong></span> <span class='ocrx_word' id='word_1_43' title='bbox 702 767 916 821; x_wconf 82' lang='lat' dir='ltr'><strong>tandem</strong></span> <span class='ocrx_word' id='word_1_44' title='bbox 969 767 1144 821; x_wconf 89' lang='lat' dir='ltr'><strong>securi</strong></span> <span class='ocrx_word' id='word_1_45' title='bbox 1187 766 1386 831; x_wconf 73' lang='lat' dir='ltr'><strong>eifecti,</strong></span> <span class='ocrx_word' id='word_1_46' title='bbox 1437 767 1677 822; x_wconf 59' lang='lat' dir='ltr'><strong>ministeo</strong></span> 
     </span>
    </p>
   </div>
   <div class='ocr_carea' id='block_1_10' title="bbox 123 852 1675 928">
    <p class='ocr_par' dir='ltr' id='par_1_10' title="bbox 123 852 1675 928">
     <span class='ocr_line' id='line_1_10' title="bbox 123 852 1675 928; baseline 0.005 -23"><span class='ocrx_word' id='word_1_47' title='bbox 123 852 229 906; x_wconf 81' lang='lat' dir='ltr'><strong>ium</strong></span> <span class='ocrx_word' id='word_1_48' title='bbox 265 853 606 921; x_wconf 80' lang='lat' dir='ltr'><strong>pontiﬁcale,</strong></span> <span class='ocrx_word' id='word_1_49' title='bbox 635 856 780 925; x_wconf 74' lang='lat' dir='ltr'><strong>quad</strong></span> <span class='ocrx_word' id='word_1_50' title='bbox 802 855 1053 911; x_wconf 81' lang='lat' dir='ltr'><strong>nimii-um</strong></span> <span class='ocrx_word' id='word_1_51' title='bbox 1080 872 1180 926; x_wconf 89' lang='lat' dir='ltr'><strong>pro</strong></span> <span class='ocrx_word' id='word_1_52' title='bbox 1207 857 1383 928; x_wconf 79' lang='lat' dir='ltr'><strong>gregis</strong></span> <span class='ocrx_word' id='word_1_53' title='bbox 1411 857 1675 912; x_wconf 89' lang='lat' dir='ltr'><strong>Dominici</strong></span> 
     </span>
    </p>
   </div>
   <div class='ocr_carea' id='block_1_11' title="bbox 125 942 1675 1017">
    <p class='ocr_par' dir='ltr' id='par_1_11' title="bbox 125 942 1675 1017">
     <span class='ocr_line' id='line_1_11' title="bbox 125 942 1675 1017; baseline 0.003 -21"><span class='ocrx_word' id='word_1_54' title='bbox 125 942 247 996; x_wconf 87' lang='lat' dir='ltr'><strong>obis</strong></span> <span class='ocrx_word' id='word_1_55' title='bbox 273 945 560 999; x_wconf 85' lang='lat' dir='ltr'><strong>commissi</strong></span> <span class='ocrx_word' id='word_1_56' title='bbox 600 945 792 1009; x_wconf 85' lang='lat' dir='ltr'><strong>salute,</strong></span> <span class='ocrx_word' id='word_1_57' title='bbox 845 945 955 1001; x_wconf 87' lang='lat' dir='ltr'><strong>Deo</strong></span> <span class='ocrx_word' id='word_1_58' title='bbox 1002 945 1286 1017; x_wconf 87' lang='lat' dir='ltr'><strong>largiente,</strong></span> <span class='ocrx_word' id='word_1_59' title='bbox 1319 947 1675 1017; x_wconf 76' lang='lat' dir='ltr'><strong>suscepimus,</strong></span> 
     </span>
    </p>
   </div>
   <div class='ocr_carea' id='block_1_12' title="bbox 128 1032 1677 1106">
    <p class='ocr_par' dir='ltr' id='par_1_12' title="bbox 128 1032 1677 1106">
     <span class='ocr_line' id='line_1_12' title="bbox 128 1032 1677 1106; baseline 0.004 -21"><span class='ocrx_word' id='word_1_60' title='bbox 128 1041 149 1085; x_wconf 93' lang='lat' dir='ltr'><strong>t</strong></span> <span class='ocrx_word' id='word_1_61' title='bbox 173 1032 403 1102; x_wconf 74' lang='lat' dir='ltr'><strong>dignum</strong></span> <span class='ocrx_word' id='word_1_62' title='bbox 427 1042 513 1091; x_wconf 85' lang='lat' dir='ltr'><strong>est</strong></span> <span class='ocrx_word' id='word_1_63' title='bbox 538 1032 843 1105; x_wconf 85' lang='lat' dir='ltr'><strong>gloriticare</strong></span> <span class='ocrx_word' id='word_1_64' title='bbox 866 1036 1137 1105; x_wconf 76' lang='lat' dir='ltr'><strong>possimus</strong></span> <span class='ocrx_word' id='word_1_65' title='bbox 1167 1055 1183 1090; x_wconf 86' lang='lat'><strong>:</strong></span> <span class='ocrx_word' id='word_1_66' title='bbox 1212 1045 1537 1106; x_wconf 83' lang='lat' dir='ltr'><strong>quapropter</strong></span> <span class='ocrx_word' id='word_1_67' title='bbox 1575 1038 1677 1091; x_wconf 86' lang='lat' dir='ltr'><strong>ile-</strong></span> 
     </span>
    </p>
   </div>
   <div class='ocr_carea' id='block_1_13' title="bbox 123 1126 1682 1198">
    <p class='ocr_par' dir='ltr' id='par_1_13' title="bbox 123 1126 1682 1198">
     <span class='ocr_line' id='line_1_13' title="bbox 123 1126 1682 1198; baseline 0.003 -23"><span class='ocrx_word' id='word_1_68' title='bbox 123 1132 209 1176; x_wconf 88' lang='lat' dir='ltr'><strong>ato</strong></span> <span class='ocrx_word' id='word_1_69' title='bbox 245 1132 303 1177; x_wconf 90' lang='lat' dir='ltr'><strong>te</strong></span> <span class='ocrx_word' id='word_1_70' title='bbox 350 1138 608 1178; x_wconf 85' lang='lat' dir='ltr'><strong>sermone</strong></span> <span class='ocrx_word' id='word_1_71' title='bbox 654 1126 722 1179; x_wconf 85' lang='lat' dir='ltr'><strong>ad</strong></span> <span class='ocrx_word' id='word_1_72' title='bbox 750 1126 1020 1191; x_wconf 84' lang='lat' dir='ltr'><strong>eamdem,</strong></span> <span class='ocrx_word' id='word_1_73' title='bbox 1050 1134 1110 1181; x_wconf 87' lang='lat' dir='ltr'><strong>ut</strong></span> <span class='ocrx_word' id='word_1_74' title='bbox 1130 1126 1331 1180; x_wconf 91' lang='lat' dir='ltr'><strong>dictum</strong></span> <span class='ocrx_word' id='word_1_75' title='bbox 1370 1135 1474 1190; x_wconf 89' lang='lat' dir='ltr'><strong>est,</strong></span> <span class='ocrx_word' id='word_1_76' title='bbox 1525 1141 1682 1198; x_wconf 81' lang='lat' dir='ltr'><strong>syno-</strong></span> 
     </span>
    </p>
   </div>
   <div class='ocr_carea' id='block_1_14' title="bbox 126 1212 1679 1284">
    <p class='ocr_par' dir='ltr' id='par_1_14' title="bbox 126 1212 1679 1284">
     <span class='ocr_line' id='line_1_14' title="bbox 126 1212 1679 1284; baseline 0.004 -21"><span class='ocrx_word' id='word_1_77' title='bbox 126 1227 215 1264; x_wconf 91' lang='lat' dir='ltr'><strong>um</strong></span> <span class='ocrx_word' id='word_1_78' title='bbox 251 1212 448 1267; x_wconf 87' lang='lat' dir='ltr'><strong>venire</strong></span> <span class='ocrx_word' id='word_1_79' title='bbox 500 1214 868 1283; x_wconf 65' lang='lat' dir='ltr'><strong>praecipimus.</strong></span> <span class='ocrx_word' id='word_1_80' title='bbox 922 1213 1056 1268; x_wconf 85' lang='lat' dir='ltr'><strong>Nam</strong></span> <span class='ocrx_word' id='word_1_81' title='bbox 1113 1216 1161 1270; x_wconf 90' lang='lat' dir='ltr'><strong>si</strong></span> <span class='ocrx_word' id='word_1_82' title='bbox 1211 1215 1436 1284; x_wconf 66' lang='lat' dir='ltr'><strong>praefato</strong></span> <span class='ocrx_word' id='word_1_83' title='bbox 1472 1216 1558 1268; x_wconf 90' lang='lat' dir='ltr'><strong>die</strong></span> <span class='ocrx_word' id='word_1_84' title='bbox 1609 1214 1679 1269; x_wconf 91' lang='lat' dir='ltr'><strong>ad</strong></span> 
     </span>
    </p>
   </div>
   <div class='ocr_carea' id='block_1_15' title="bbox 123 1304 1680 1375">
    <p class='ocr_par' dir='ltr' id='par_1_15' title="bbox 123 1304 1680 1375">
     <span class='ocr_line' id='line_1_15' title="bbox 123 1304 1680 1375; baseline 0.001 -18"><span class='ocrx_word' id='word_1_85' title='bbox 123 1316 265 1357; x_wconf 61' lang='lat' dir='ltr'><strong>rsum</strong></span> <span class='ocrx_word' id='word_1_86' title='bbox 284 1304 663 1358; x_wconf 86' lang='lat' dir='ltr'><strong>venerandum</strong></span> <span class='ocrx_word' id='word_1_87' title='bbox 686 1304 972 1359; x_wconf 87' lang='lat' dir='ltr'><strong>concilium</strong></span> <span class='ocrx_word' id='word_1_88' title='bbox 987 1304 1368 1375; x_wconf 87' lang='lat' dir='ltr'><strong>quoquomodo</strong></span> <span class='ocrx_word' id='word_1_89' title='bbox 1388 1317 1680 1374; x_wconf 78' lang='lat' dir='ltr'><strong>praperare</strong></span> 
     </span>
    </p>
   </div>
   <div class='ocr_carea' id='block_1_16' title="bbox 123 1392 1677 1462">
    <p class='ocr_par' dir='ltr' id='par_1_16' title="bbox 123 1392 1677 1462">
     <span class='ocr_line' id='line_1_16' title="bbox 123 1392 1677 1462; baseline 0.003 -18"><span class='ocrx_word' id='word_1_90' title='bbox 123 1401 229 1444; x_wconf 77' lang='lat' dir='ltr'><strong>)rte</strong></span> <span class='ocrx_word' id='word_1_91' title='bbox 272 1394 757 1462; x_wconf 84' lang='lat' dir='ltr'><strong>contempseritis,</strong></span> <span class='ocrx_word' id='word_1_92' title='bbox 800 1403 857 1448; x_wconf 89' lang='lat' dir='ltr'><strong>et</strong></span> <span class='ocrx_word' id='word_1_93' title='bbox 892 1408 991 1462; x_wconf 91' lang='lat' dir='ltr'><strong>pro</strong></span> <span class='ocrx_word' id='word_1_94' title='bbox 1035 1394 1287 1449; x_wconf 63' lang='lat' dir='ltr'><strong>Ecclesiae</strong></span> <span class='ocrx_word' id='word_1_95' title='bbox 1331 1392 1530 1449; x_wconf 86' lang='lat' dir='ltr'><strong>Christi</strong></span> <span class='ocrx_word' id='word_1_96' title='bbox 1581 1393 1677 1448; x_wconf 90' lang='lat' dir='ltr'><strong>Dei</strong></span> 
     </span>
    </p>
   </div>
   <div class='ocr_carea' id='block_1_17' title="bbox 126 1480 1681 1553">
    <p class='ocr_par' dir='ltr' id='par_1_17' title="bbox 126 1480 1681 1553">
     <span class='ocr_line' id='line_1_17' title="bbox 126 1480 1681 1553; baseline 0.003 -20"><span class='ocrx_word' id='word_1_97' title='bbox 126 1481 258 1533; x_wconf 88' lang='lat' dir='ltr'><strong>ostri</strong></span> <span class='ocrx_word' id='word_1_98' title='bbox 289 1480 555 1547; x_wconf 87' lang='lat' dir='ltr'><strong>utilitate,</strong></span> <span class='ocrx_word' id='word_1_99' title='bbox 587 1495 709 1550; x_wconf 67' lang='lat' dir='ltr'><strong>qua:</strong></span> <span class='ocrx_word' id='word_1_100' title='bbox 752 1482 973 1537; x_wconf 76' lang='lat' dir='ltr'><strong>instanti</strong></span> <span class='ocrx_word' id='word_1_101' title='bbox 1005 1491 1244 1552; x_wconf 89' lang='lat' dir='ltr'><strong>tempore</strong></span> <span class='ocrx_word' id='word_1_102' title='bbox 1273 1481 1562 1553; x_wconf 90' lang='lat' dir='ltr'><strong>plurimum</strong></span> <span class='ocrx_word' id='word_1_103' title='bbox 1594 1490 1681 1537; x_wconf 89' lang='lat' dir='ltr'><strong>est</strong></span> 
     </span>
    </p>
   </div>
   <div class='ocr_carea' id='block_1_18' title="bbox 126 1572 1682 1642">
    <p class='ocr_par' dir='ltr' id='par_1_18' title="bbox 126 1572 1682 1642">
     <span class='ocr_line' id='line_1_18' title="bbox 126 1572 1682 1642; baseline 0.001 -17"><span class='ocrx_word' id='word_1_104' title='bbox 126 1572 429 1635; x_wconf 88' lang='lat' dir='ltr'><strong>ecessaria,</strong></span> <span class='ocrx_word' id='word_1_105' title='bbox 453 1574 692 1628; x_wconf 67' lang='lat' dir='ltr'><strong>debitum</strong></span> <span class='ocrx_word' id='word_1_106' title='bbox 718 1574 998 1629; x_wconf 88' lang='lat' dir='ltr'><strong>nobiscum</strong></span> <span class='ocrx_word' id='word_1_107' title='bbox 1028 1574 1269 1629; x_wconf 88' lang='lat' dir='ltr'><strong>laborem</strong></span> <span class='ocrx_word' id='word_1_108' title='bbox 1294 1588 1510 1628; x_wconf 91' lang='lat' dir='ltr'><strong>sumere</strong></span> <span class='ocrx_word' id='word_1_109' title='bbox 1531 1587 1682 1642; x_wconf 85' lang='lat' dir='ltr'><strong>spre-</strong></span> 
     </span>
    </p>
   </div>
   <div class='ocr_carea' id='block_1_19' title="bbox 123 1662 1678 1735">
    <p class='ocr_par' dir='ltr' id='par_1_19' title="bbox 123 1662 1678 1735">
     <span class='ocr_line' id='line_1_19' title="bbox 123 1662 1678 1735; baseline 0 -20"><span class='ocrx_word' id='word_1_110' title='bbox 123 1662 298 1727; x_wconf 87' lang='lat' dir='ltr'><strong>eritis,</strong></span> <span class='ocrx_word' id='word_1_111' title='bbox 329 1663 523 1719; x_wconf 74' lang='lat' dir='ltr'><strong>sciatis</strong></span> <span class='ocrx_word' id='word_1_112' title='bbox 537 1680 634 1735; x_wconf 87' lang='lat' dir='ltr'><strong>pro</strong></span> <span class='ocrx_word' id='word_1_113' title='bbox 647 1673 797 1720; x_wconf 84' lang='lat' dir='ltr'><strong>certo</strong></span> <span class='ocrx_word' id='word_1_114' title='bbox 821 1664 1214 1720; x_wconf 86' lang='lat' dir='ltr'><strong>communionis</strong></span> <span class='ocrx_word' id='word_1_115' title='bbox 1228 1671 1425 1718; x_wconf 70' lang='lat' dir='ltr'><strong>nostra:</strong></span> <span class='ocrx_word' id='word_1_116' title='bbox 1449 1664 1503 1716; x_wconf 91' lang='lat' dir='ltr'><strong>in</strong></span> <span class='ocrx_word' id='word_1_117' title='bbox 1532 1662 1678 1716; x_wconf 87' lang='lat' dir='ltr'><strong>futu-</strong></span> 
     </span>
    </p>
   </div>
   <div class='ocr_carea' id='block_1_20' title="bbox 123 1734 1754 1824">
    <p class='ocr_par' dir='ltr' id='par_1_20' title="bbox 123 1734 1754 1824">
     <span class='ocr_line' id='line_1_20' title="bbox 123 1734 1754 1824; baseline 0 -18"><span class='ocrx_word' id='word_1_118' title='bbox 123 1767 207 1807; x_wconf 78' lang='grc' dir='ltr'><strong>[ιω</strong></span> <span class='ocrx_word' id='word_1_119' title='bbox 237 1753 392 1808; x_wconf 89' lang='lat' dir='ltr'><strong>nullo</strong></span> <span class='ocrx_word' id='word_1_120' title='bbox 424 1734 587 1810; x_wconf 84' lang='lat' dir='ltr'><strong>modo</strong></span> <span class='ocrx_word' id='word_1_121' title='bbox 612 1768 732 1812; x_wconf 86' lang='lat' dir='ltr'><strong>esse</strong></span> <span class='ocrx_word' id='word_1_122' title='bbox 759 1766 1059 1820; x_wconf 82' lang='lat' dir='ltr'><strong>cnnsortes,</strong></span> <span class='ocrx_word' id='word_1_123' title='bbox 1080 1754 1172 1809; x_wconf 86' lang='lat' dir='ltr'><strong>sed</strong></span> <span class='ocrx_word' id='word_1_124' title='bbox 1196 1754 1373 1824; x_wconf 86' lang='lat' dir='ltr'><strong>potius</strong></span> <span class='ocrx_word' id='word_1_125' title='bbox 1400 1754 1676 1808; x_wconf 67' lang='lat' dir='ltr'><strong>canonica:</strong></span> <span class='ocrx_word' id='word_1_126' title='bbox 1701 1734 1754 1799; x_wconf 73' lang='grc' dir='ltr'><em>Β</em></span> 
     </span>
    </p>
   </div>
   <div class='ocr_carea' id='block_1_21' title="bbox 126 1843 1677 1914">
    <p class='ocr_par' dir='ltr' id='par_1_21' title="bbox 126 1843 1677 1914">
     <span class='ocr_line' id='line_1_21' title="bbox 126 1843 1677 1914; baseline 0 -18"><span class='ocrx_word' id='word_1_127' title='bbox 126 1844 442 1899; x_wconf 59' lang='grc' dir='ltr'><strong>υειοτίθθιίε</strong></span> <span class='ocrx_word' id='word_1_128' title='bbox 477 1858 728 1909; x_wconf 83' lang='lat' dir='ltr'><strong>censura,</strong></span> <span class='ocrx_word' id='word_1_129' title='bbox 778 1853 964 1914; x_wconf 89' lang='lat' dir='ltr'><strong>utpote</strong></span> <span class='ocrx_word' id='word_1_130' title='bbox 1014 1853 1443 1914; x_wconf 76' lang='lat' dir='ltr'><strong>transgressores</strong></span> <span class='ocrx_word' id='word_1_131' title='bbox 1471 1843 1677 1910; x_wconf 86' lang='lat' dir='ltr'><strong>impro-</strong></span> 
     </span>
    </p>
   </div>
   <div class='ocr_carea' id='block_1_22' title="bbox 124 1931 1682 2006">
    <p class='ocr_par' dir='ltr' id='par_1_22' title="bbox 124 1931 1682 2006">
     <span class='ocr_line' id='line_1_22' title="bbox 124 1931 1682 2006; baseline -0.001 -19"><span class='ocrx_word' id='word_1_132' title='bbox 124 1949 206 1993; x_wconf 48' lang='lat' dir='ltr'><strong>ios,</strong></span> <span class='ocrx_word' id='word_1_133' title='bbox 252 1934 561 1991; x_wconf 82' lang='lat' dir='ltr'><strong>feriendum</strong></span> <span class='ocrx_word' id='word_1_134' title='bbox 612 1946 774 2006; x_wconf 72' lang='lat' dir='ltr'><strong>aIQue</strong></span> <span class='ocrx_word' id='word_1_135' title='bbox 807 1937 1191 1991; x_wconf 89' lang='lat' dir='ltr'><strong>damnandum.</strong></span> <span class='ocrx_word' id='word_1_136' title='bbox 1221 1931 1483 2003; x_wconf 85' lang='lat' dir='ltr'><strong>Optamus</strong></span> <span class='ocrx_word' id='word_1_137' title='bbox 1528 1946 1682 1988; x_wconf 86' lang='lat' dir='ltr'><strong>reve-</strong></span> 
     </span>
    </p>
   </div>
   <div class='ocr_carea' id='block_1_23' title="bbox 126 2021 1679 2081">
    <p class='ocr_par' dir='ltr' id='par_1_23' title="bbox 126 2021 1679 2081">
     <span class='ocr_line' id='line_1_23' title="bbox 126 2021 1679 2081; baseline -0.001 -5"><span class='ocrx_word' id='word_1_138' title='bbox 126 2026 329 2078; x_wconf 83' lang='lat' dir='ltr'><strong>entiam</strong></span> <span class='ocrx_word' id='word_1_139' title='bbox 368 2035 607 2081; x_wconf 83' lang='lat' dir='ltr'><strong>vestram</strong></span> <span class='ocrx_word' id='word_1_140' title='bbox 643 2027 697 2079; x_wconf 90' lang='lat' dir='ltr'><strong>in</strong></span> <span class='ocrx_word' id='word_1_141' title='bbox 746 2024 961 2080; x_wconf 84' lang='lat' dir='ltr'><strong>Christo</strong></span> <span class='ocrx_word' id='word_1_142' title='bbox 990 2027 1126 2080; x_wconf 83' lang='lat' dir='ltr'><strong>bene</strong></span> <span class='ocrx_word' id='word_1_143' title='bbox 1163 2023 1362 2077; x_wconf 88' lang='lat' dir='ltr'><strong>valere.</strong></span> <span class='ocrx_word' id='word_1_144' title='bbox 1412 2021 1547 2076; x_wconf 86' lang='lat' dir='ltr'><strong>Data</strong></span> <span class='ocrx_word' id='word_1_145' title='bbox 1582 2034 1679 2075; x_wconf 81' lang='lat' dir='ltr'><strong>vui</strong></span> 
     </span>
    </p>
   </div>
   <div class='ocr_carea' id='block_1_24' title="bbox 123 2113 1021 2179">
    <p class='ocr_par' dir='ltr' id='par_1_24' title="bbox 123 2113 1021 2179">
     <span class='ocr_line' id='line_1_24' title="bbox 123 2113 1021 2179; baseline 0.002 -12"><span class='ocrx_word' id='word_1_146' title='bbox 123 2113 208 2168; x_wconf 71' lang='lat' dir='ltr'><strong>Lai.</strong></span> <span class='ocrx_word' id='word_1_147' title='bbox 245 2113 423 2179; x_wconf 81' lang='lat' dir='ltr'><strong>Junii,</strong></span> <span class='ocrx_word' id='word_1_148' title='bbox 459 2116 758 2171; x_wconf 88' lang='lat' dir='ltr'><strong>indictione</strong></span> <span class='ocrx_word' id='word_1_149' title='bbox 793 2116 1021 2171; x_wconf 89' lang='lat' dir='ltr'><strong>decima.</strong></span> 
     </span>
    </p>
   </div>
   <div class='ocr_carea' id='block_1_25' title="bbox 761 2228 1020 2284">
    <p class='ocr_par' dir='ltr' id='par_1_25' title="bbox 761 2228 1020 2284">
     <span class='ocr_line' id='line_1_25' title="bbox 761 2228 1020 2284; baseline 0 0"><span class='ocrx_word' id='word_1_150' title='bbox 761 2228 1020 2284; x_wconf 76' lang='lat' dir='ltr'><strong>LXXXII.</strong></span> 
     </span>
    </p>
   </div>
   <div class='ocr_carea' id='block_1_26' title="bbox 450 2328 1331 2403">
    <p class='ocr_par' dir='ltr' id='par_1_26' title="bbox 450 2328 1331 2403">
     <span class='ocr_line' id='line_1_26' title="bbox 450 2328 1331 2403; baseline 0 -29"><span class='ocrx_word' id='word_1_151' title='bbox 450 2330 520 2375; x_wconf 74' lang='lat' dir='ltr'><strong>AD</strong></span> <span class='ocrx_word' id='word_1_152' title='bbox 554 2333 727 2377; x_wconf 70' lang='lat' dir='ltr'><strong>URSUI</strong></span> <span class='ocrx_word' id='word_1_153' title='bbox 762 2335 935 2376; x_wconf 73' lang='grc' dir='ltr'><strong>υυοειί</strong></span> <span class='ocrx_word' id='word_1_154' title='bbox 964 2328 1331 2403; x_wconf 56' lang='lat' dir='ltr'><strong>VENETIARUII.</strong></span> 
     </span>
    </p>
   </div>
   <div class='ocr_carea' id='block_1_27' title="bbox 717 2409 1071 2480">
    <p class='ocr_par' dir='ltr' id='par_1_27' title="bbox 717 2409 1071 2480">
     <span class='ocr_line' id='line_1_27' title="bbox 717 2409 1071 2480; baseline 0.003 -17"><span class='ocrx_word' id='word_1_155' title='bbox 717 2409 896 2480; x_wconf 77' lang='lat' dir='ltr'><strong>(Auno</strong></span> <span class='ocrx_word' id='word_1_156' title='bbox 924 2409 1071 2476; x_wconf 81' lang='lat'><strong>877.)</strong></span> 
     </span>
    </p>
   </div>
   <div class='ocr_carea' id='block_1_28' title="bbox 123 2497 1682 2569">
    <p class='ocr_par' dir='ltr' id='par_1_28' title="bbox 123 2497 1682 2569">
     <span class='ocr_line' id='line_1_28' title="bbox 123 2497 1682 2569; baseline 0 -16"><span class='ocrx_word' id='word_1_157' title='bbox 123 2497 521 2554; x_wconf 39' lang='lat' dir='ltr'><strong>’nobedientiam</strong></span> <span class='ocrx_word' id='word_1_158' title='bbox 546 2512 779 2569; x_wconf 56' lang='lat' dir='ltr'><strong>accusat,</strong></span> <span class='ocrx_word' id='word_1_159' title='bbox 803 2509 851 2569; x_wconf 84' lang='lat' dir='ltr'><strong>et</strong></span> <span class='ocrx_word' id='word_1_160' title='bbox 880 2510 1120 2569; x_wconf 75' lang='lat' dir='ltr'><strong>monetur</strong></span> <span class='ocrx_word' id='word_1_161' title='bbox 1141 2500 1405 2569; x_wconf 78' lang='lat' dir='ltr'><strong>episcopos</strong></span> <span class='ocrx_word' id='word_1_162' title='bbox 1454 2497 1682 2553; x_wconf 67' lang='lat' dir='ltr'><strong>Venetia:</strong></span> 
     </span>
    </p>
   </div>
   <div class='ocr_carea' id='block_1_29' title="bbox 166 2567 1678 2638">
    <p class='ocr_par' dir='ltr' id='par_1_29' title="bbox 166 2567 1678 2638">
     <span class='ocr_line' id='line_1_29' title="bbox 166 2567 1678 2638; baseline 0.002 -20"><span class='ocrx_word' id='word_1_163' title='bbox 166 2569 235 2620; x_wconf 80' lang='lat' dir='ltr'><strong>ml</strong></span> <span class='ocrx_word' id='word_1_164' title='bbox 265 2569 531 2638; x_wconf 76' lang='lat' dir='ltr'><strong>synodum</strong></span> <span class='ocrx_word' id='word_1_165' title='bbox 559 2567 818 2623; x_wconf 66' lang='lat' dir='ltr'><strong>[iuvenum</strong></span> <span class='ocrx_word' id='word_1_166' title='bbox 838 2567 1200 2623; x_wconf 83' lang='lat' dir='ltr'><strong>celebrandum</strong></span> <span class='ocrx_word' id='word_1_167' title='bbox 1231 2568 1475 2622; x_wconf 83' lang='lat' dir='ltr'><strong>accedere</strong></span> <span class='ocrx_word' id='word_1_168' title='bbox 1512 2576 1678 2632; x_wconf 77' lang='lat' dir='ltr'><strong>curet,</strong></span> 
     </span>
    </p>
   </div>
   <div class='ocr_carea' id='block_1_30' title="bbox 163 2637 1468 2710">
    <p class='ocr_par' dir='ltr' id='par_1_30' title="bbox 163 2637 1468 2710">
     <span class='ocr_line' id='line_1_30' title="bbox 163 2637 1468 2710; baseline 0.002 -21"><span class='ocrx_word' id='word_1_169' title='bbox 163 2647 211 2689; x_wconf 91' lang='lat' dir='ltr'><strong>et</strong></span> <span class='ocrx_word' id='word_1_170' title='bbox 241 2637 354 2706; x_wconf 76' lang='lat' dir='ltr'><strong>ipse</strong></span> <span class='ocrx_word' id='word_1_171' title='bbox 376 2652 583 2710; x_wconf 72' lang='lat' dir='ltr'><strong>quoque</strong></span> <span class='ocrx_word' id='word_1_172' title='bbox 612 2639 686 2692; x_wconf 76' lang='lat' dir='ltr'><strong>uel</strong></span> <span class='ocrx_word' id='word_1_173' title='bbox 717 2639 910 2699; x_wconf 80' lang='lat' dir='ltr'><strong>ueniat,</strong></span> <span class='ocrx_word' id='word_1_174' title='bbox 948 2638 1024 2692; x_wconf 83' lang='lat' dir='ltr'><strong>uel</strong></span> <span class='ocrx_word' id='word_1_175' title='bbox 1054 2637 1250 2708; x_wconf 76' lang='lat' dir='ltr'><strong>legatos</strong></span> <span class='ocrx_word' id='word_1_176' title='bbox 1275 2638 1468 2691; x_wconf 69' lang='lat' dir='ltr'><strong>mittat.</strong></span> 
     </span>
    </p>
   </div>
   <div class='ocr_carea' id='block_1_31' title="bbox 143 2732 1329 2821">
    <p class='ocr_par' dir='ltr' id='par_1_31' title="bbox 143 2732 1329 2821">
     <span class='ocr_line' id='line_1_31' title="bbox 143 2732 1329 2821; baseline -0.003 -15"><span class='ocrx_word' id='word_1_177' title='bbox 143 2732 406 2808; x_wconf 59' lang='lat' dir='ltr'><strong>domnus</strong></span> <span class='ocrx_word' id='word_1_178' title='bbox 435 2750 721 2821; x_wconf 79' lang='lat' dir='ltr'><strong>episcopus</strong></span> <span class='ocrx_word' id='word_1_179' title='bbox 746 2744 892 2807; x_wconf 83' lang='lat' dir='ltr'><strong>Uuso</strong></span> <span class='ocrx_word' id='word_1_180' title='bbox 919 2747 1043 2806; x_wconf 88' lang='lat' dir='ltr'><strong>duci</strong></span> <span class='ocrx_word' id='word_1_181' title='bbox 1071 2750 1329 2806; x_wconf 72' lang='lat' dir='ltr'><strong>Venetiae.</strong></span> 
     </span>
    </p>
   </div>
   <div class='ocr_carea' id='block_1_32' title="bbox 171 2832 1683 2910">
    <p class='ocr_par' dir='ltr' id='par_1_32' title="bbox 171 2832 1683 2910">
     <span class='ocr_line' id='line_1_32' title="bbox 171 2832 1683 2910; baseline -0.001 -15"><span class='ocrx_word' id='word_1_182' title='bbox 171 2840 350 2895; x_wconf 78' lang='lat' dir='ltr'><strong>Multis</strong></span> <span class='ocrx_word' id='word_1_183' title='bbox 383 2854 534 2894; x_wconf 88' lang='lat' dir='ltr'><strong>esses</strong></span> <span class='ocrx_word' id='word_1_184' title='bbox 576 2840 827 2894; x_wconf 89' lang='lat' dir='ltr'><strong>nimirum</strong></span> <span class='ocrx_word' id='word_1_185' title='bbox 851 2834 1013 2910; x_wconf 68' lang='lat' dir='ltr'><strong>justte</strong></span> <span class='ocrx_word' id='word_1_186' title='bbox 1053 2837 1410 2909; x_wconf 89' lang='lat' dir='ltr'><strong>correptionis</strong></span> <span class='ocrx_word' id='word_1_187' title='bbox 1446 2852 1476 2892; x_wconf 87' lang='lat' dir='ltr'><strong>a</strong></span> <span class='ocrx_word' id='word_1_188' title='bbox 1526 2832 1683 2893; x_wconf 85' lang='lat' dir='ltr'><strong>nobis</strong></span> 
     </span>
    </p>
   </div>
   <div class='ocr_carea' id='block_1_33' title="bbox 123 2922 1676 3001">
    <p class='ocr_par' dir='ltr' id='par_1_33' title="bbox 123 2922 1676 3001">
     <span class='ocr_line' id='line_1_33' title="bbox 123 2922 1676 3001; baseline -0.001 -18"><span class='ocrx_word' id='word_1_189' title='bbox 123 2930 563 3001; x_wconf 67' lang='lat' dir='ltr'><strong>increpationibus</strong></span> <span class='ocrx_word' id='word_1_190' title='bbox 614 2928 1032 2993; x_wconf 88' lang='lat' dir='ltr'><strong>submittendus,</strong></span> <span class='ocrx_word' id='word_1_191' title='bbox 1081 2929 1186 2983; x_wconf 91' lang='lat' dir='ltr'><strong>nisi</strong></span> <span class='ocrx_word' id='word_1_192' title='bbox 1233 2922 1527 2999; x_wconf 85' lang='lat' dir='ltr'><strong>apostolica</strong></span> <span class='ocrx_word' id='word_1_193' title='bbox 1561 2942 1676 2982; x_wconf 83' lang='lat' dir='ltr'><strong>mo-</strong></span> 
     </span>
    </p>
   </div>
   <div class='ocr_carea' id='block_1_34' title="bbox 1776 501 3354 582">
    <p class='ocr_par' dir='ltr' id='par_1_34' title="bbox 1776 501 3354 582">
     <span class='ocr_line' id='line_1_34' title="bbox 1776 501 3354 582; baseline 0.013 -29"><span class='ocrx_word' id='word_1_194' title='bbox 1776 510 2045 570; x_wconf 89' lang='lat' dir='ltr'><strong>optamus.</strong></span> <span class='ocrx_word' id='word_1_195' title='bbox 2078 501 2229 558; x_wconf 82' lang='lat' dir='ltr'><strong>Unde</strong></span> <span class='ocrx_word' id='word_1_196' title='bbox 2260 520 2541 562; x_wconf 90' lang='lat' dir='ltr'><strong>monemus</strong></span> <span class='ocrx_word' id='word_1_197' title='bbox 2571 517 2710 565; x_wconf 87' lang='lat' dir='ltr'><strong>utet</strong></span> <span class='ocrx_word' id='word_1_198' title='bbox 2749 511 2862 582; x_wconf 85' lang='lat' dir='ltr'><strong>ipse</strong></span> <span class='ocrx_word' id='word_1_199' title='bbox 2906 515 2974 568; x_wconf 88' lang='lat' dir='ltr'><strong>ad</strong></span> <span class='ocrx_word' id='word_1_200' title='bbox 3017 531 3115 571; x_wconf 87' lang='lat' dir='ltr'><strong>nos</strong></span> <span class='ocrx_word' id='word_1_201' title='bbox 3142 516 3354 573; x_wconf 65' lang='lat' dir='ltr'><strong>[lavem</strong></span> 
     </span>
    </p>
   </div>
   <div class='ocr_carea' id='block_1_35' title="bbox 1778 592 3350 671">
    <p class='ocr_par' dir='ltr' id='par_1_35' title="bbox 1778 592 3350 671">
     <span class='ocr_line' id='line_1_35' title="bbox 1778 592 3350 671; baseline 0.012 -28"><span class='ocrx_word' id='word_1_202' title='bbox 1778 605 1901 644; x_wconf 89' lang='lat' dir='ltr'><strong>nam</strong></span> <span class='ocrx_word' id='word_1_203' title='bbox 1954 592 2219 661; x_wconf 70' lang='lat' dir='ltr'><strong>proficisci</strong></span> <span class='ocrx_word' id='word_1_204' title='bbox 2273 610 2340 649; x_wconf 93' lang='lat' dir='ltr'><strong>ne</strong></span> <span class='ocrx_word' id='word_1_205' title='bbox 2388 597 2661 665; x_wconf 87' lang='lat' dir='ltr'><strong>pigriteris</strong></span> <span class='ocrx_word' id='word_1_206' title='bbox 2701 615 2717 654; x_wconf 87' lang='lat'><strong>:</strong></span> <span class='ocrx_word' id='word_1_207' title='bbox 2761 602 2845 655; x_wconf 92' lang='lat' dir='ltr'><strong>sin</strong></span> <span class='ocrx_word' id='word_1_208' title='bbox 2900 615 3104 671; x_wconf 83' lang='lat' dir='ltr'><strong>autem,</strong></span> <span class='ocrx_word' id='word_1_209' title='bbox 3160 606 3350 663; x_wconf 81' lang='lat' dir='ltr'><strong>saltent</strong></span> 
     </span>
    </p>
   </div>
   <div class='ocr_carea' id='block_1_36' title="bbox 1776 677 3353 762">
    <p class='ocr_par' dir='ltr' id='par_1_36' title="bbox 1776 677 3353 762">
     <span class='ocr_line' id='line_1_36' title="bbox 1776 677 3353 762; baseline 0.012 -32"><span class='ocrx_word' id='word_1_210' title='bbox 1776 677 1951 732; x_wconf 82' lang='lat' dir='ltr'><strong>virum</strong></span> <span class='ocrx_word' id='word_1_211' title='bbox 2003 694 2327 752; x_wconf 71' lang='lat' dir='ltr'><strong>Quemquam</strong></span> <span class='ocrx_word' id='word_1_212' title='bbox 2396 685 2721 742; x_wconf 88' lang='lat' dir='ltr'><strong>industrium</strong></span> <span class='ocrx_word' id='word_1_213' title='bbox 2785 691 2942 744; x_wconf 70' lang='lat' dir='ltr'><strong>nolis</strong></span> <span class='ocrx_word' id='word_1_214' title='bbox 2994 693 3178 762; x_wconf 69' lang='lat' dir='ltr'><strong>gloria:</strong></span> <span class='ocrx_word' id='word_1_215' title='bbox 3251 706 3353 750; x_wconf 78' lang='lat' dir='ltr'><strong>tua:</strong></span> 
     </span>
    </p>
   </div>
   <div class='ocr_carea' id='block_1_37' title="bbox 1779 770 3351 850">
    <p class='ocr_par' dir='ltr' id='par_1_37' title="bbox 1779 770 3351 850">
     <span class='ocr_line' id='line_1_37' title="bbox 1779 770 3351 850; baseline 0.01 -25"><span class='ocrx_word' id='word_1_216' title='bbox 1779 770 2015 840; x_wconf 69' lang='lat' dir='ltr'><strong>iniuncta</strong></span> <span class='ocrx_word' id='word_1_217' title='bbox 2038 773 2301 844; x_wconf 79' lang='lat' dir='ltr'><strong>legatione</strong></span> <span class='ocrx_word' id='word_1_218' title='bbox 2325 775 2634 850; x_wconf 85' lang='lat' dir='ltr'><strong>fungentem</strong></span> <span class='ocrx_word' id='word_1_219' title='bbox 2659 780 2891 850; x_wconf 79' lang='lat' dir='ltr'><strong>dirigere</strong></span> <span class='ocrx_word' id='word_1_220' title='bbox 2927 799 3035 839; x_wconf 90' lang='lat' dir='ltr'><strong>non</strong></span> <span class='ocrx_word' id='word_1_221' title='bbox 3061 786 3351 843; x_wconf 85' lang='lat' dir='ltr'><strong>detrectes.</strong></span> 
     </span>
    </p>
   </div>
   <div class='ocr_carea' id='block_1_38' title="bbox 1778 864 3347 937">
    <p class='ocr_par' dir='ltr' id='par_1_38' title="bbox 1778 864 3347 937">
     <span class='ocr_line' id='line_1_38' title="bbox 1778 864 3347 937; baseline 0.01 -18"><span class='ocrx_word' id='word_1_222' title='bbox 1778 864 1910 920; x_wconf 90' lang='lat' dir='ltr'><strong>Data</strong></span> <span class='ocrx_word' id='word_1_223' title='bbox 1941 883 1991 921; x_wconf 81' lang='lat' dir='ltr'><strong>vi</strong></span> <span class='ocrx_word' id='word_1_224' title='bbox 2014 867 2283 925; x_wconf 80' lang='lat' dir='ltr'><strong>Kalendas</strong></span> <span class='ocrx_word' id='word_1_225' title='bbox 2307 869 2473 937; x_wconf 83' lang='lat' dir='ltr'><strong>Junii,</strong></span> <span class='ocrx_word' id='word_1_226' title='bbox 2505 873 2798 929; x_wconf 89' lang='lat' dir='ltr'><strong>indictione</strong></span> <span class='ocrx_word' id='word_1_227' title='bbox 2823 891 2878 929; x_wconf 74' lang='grc' dir='ltr'><strong>ι.</strong></span> <span class='ocrx_word' id='word_1_228' title='bbox 3340 866 3347 873; x_wconf 74' lang='grc'><em>’</em></span> 
     </span>
    </p>
   </div>
   <div class='ocr_carea' id='block_1_39' title="bbox 2433 982 2712 1037">
    <p class='ocr_par' dir='ltr' id='par_1_39' title="bbox 2433 982 2712 1037">
     <span class='ocr_line' id='line_1_39' title="bbox 2433 982 2712 1037; baseline 0 -2"><span class='ocrx_word' id='word_1_229' title='bbox 2433 982 2712 1037; x_wconf 77' lang='lat' dir='ltr'><strong>LXXXIII.</strong></span> 
     </span>
    </p>
   </div>
   <div class='ocr_carea' id='block_1_40' title="bbox 1909 1082 3220 1132">
    <p class='ocr_par' dir='ltr' id='par_1_40' title="bbox 1909 1082 3220 1132">
     <span class='ocr_line' id='line_1_40' title="bbox 1909 1082 3220 1132; baseline 0.008 -11"><span class='ocrx_word' id='word_1_230' title='bbox 1909 1083 1979 1121; x_wconf 66' lang='lat' dir='ltr'><strong>AD</strong></span> <span class='ocrx_word' id='word_1_231' title='bbox 2016 1082 2232 1125; x_wconf 65' lang='grc' dir='ltr'><strong>Ρετιιωι</strong></span> <span class='ocrx_word' id='word_1_232' title='bbox 2269 1083 2339 1124; x_wconf 75' lang='grc' dir='ltr'><strong>ετ</strong></span> <span class='ocrx_word' id='word_1_233' title='bbox 2380 1084 2587 1125; x_wconf 66' lang='grc' dir='ltr'><strong>ιεοκεκ</strong></span> <span class='ocrx_word' id='word_1_234' title='bbox 2636 1086 2915 1127; x_wconf 76' lang='lat' dir='ltr'><strong>EPISCOPOS</strong></span> <span class='ocrx_word' id='word_1_235' title='bbox 2949 1086 3220 1132; x_wconf 64' lang='grc' dir='ltr'><strong>πεπτω.</strong></span> 
     </span>
    </p>
   </div>
   <div class='ocr_carea' id='block_1_41' title="bbox 2382 1160 2748 1231">
    <p class='ocr_par' dir='ltr' id='par_1_41' title="bbox 2382 1160 2748 1231">
     <span class='ocr_line' id='line_1_41' title="bbox 2382 1160 2748 1231; baseline 0.008 -18"><span class='ocrx_word' id='word_1_236' title='bbox 2382 1160 2561 1230; x_wconf 79' lang='lat' dir='ltr'><strong>(Auno</strong></span> <span class='ocrx_word' id='word_1_237' title='bbox 2598 1163 2748 1231; x_wconf 82' lang='lat'><strong>877.)</strong></span> 
     </span>
    </p>
   </div>
   <div class='ocr_carea' id='block_1_42' title="bbox 1781 1241 3358 1326">
    <p class='ocr_par' dir='ltr' id='par_1_42' title="bbox 1781 1241 3358 1326">
     <span class='ocr_line' id='line_1_42' title="bbox 1781 1241 3358 1326; baseline 0.007 -28"><span class='ocrx_word' id='word_1_238' title='bbox 1781 1241 1849 1299; x_wconf 84' lang='lat' dir='ltr'><strong>Ut</strong></span> <span class='ocrx_word' id='word_1_239' title='bbox 1896 1245 2196 1326; x_wconf 68' lang='lat' dir='ltr'><strong>Ravennam</strong></span> <span class='ocrx_word' id='word_1_240' title='bbox 2240 1248 2310 1302; x_wconf 84' lang='lat' dir='ltr'><strong>ad</strong></span> <span class='ocrx_word' id='word_1_241' title='bbox 2360 1249 2642 1303; x_wconf 79' lang='lat' dir='ltr'><strong>concilium</strong></span> <span class='ocrx_word' id='word_1_242' title='bbox 2690 1251 3110 1326; x_wconf 71' lang='lat' dir='ltr'><strong>proﬁciscantur,</strong></span> <span class='ocrx_word' id='word_1_243' title='bbox 3158 1253 3216 1308; x_wconf 73' lang='lat' dir='ltr'><strong>in</strong></span> <span class='ocrx_word' id='word_1_244' title='bbox 3253 1269 3358 1326; x_wconf 70' lang='lat' dir='ltr'><strong>quo</strong></span> 
     </span>
    </p>
   </div>
   <div class='ocr_carea' id='block_1_43' title="bbox 1850 1318 3358 1394">
    <p class='ocr_par' dir='ltr' id='par_1_43' title="bbox 1850 1318 3358 1394">
     <span class='ocr_line' id='line_1_43' title="bbox 1850 1318 3358 1394; baseline 0.009 -30"><span class='ocrx_word' id='word_1_245' title='bbox 1850 1318 2367 1394; x_wconf 54' lang='lat' dir='ltr'><strong>rontpouendmsunt</strong></span> <span class='ocrx_word' id='word_1_246' title='bbox 2397 1318 2762 1394; x_wconf 66' lang='lat' dir='ltr'><strong>controversiis</strong></span> <span class='ocrx_word' id='word_1_247' title='bbox 2783 1318 2901 1390; x_wconf 64' lang='lat' dir='ltr'><strong>quia</strong></span> <span class='ocrx_word' id='word_1_248' title='bbox 2931 1337 3051 1376; x_wconf 83' lang='lat' dir='ltr'><strong>cum</strong></span> <span class='ocrx_word' id='word_1_249' title='bbox 3095 1318 3358 1394; x_wconf 66' lang='lat' dir='ltr'><strong>ntetropo—</strong></span> 
     </span>
    </p>
   </div>
   <div class='ocr_carea' id='block_1_44' title="bbox 1849 1382 2683 1441">
    <p class='ocr_par' dir='ltr' id='par_1_44' title="bbox 1849 1382 2683 1441">
     <span class='ocr_line' id='line_1_44' title="bbox 1849 1382 2683 1441; baseline 0.007 -6"><span class='ocrx_word' id='word_1_250' title='bbox 1849 1382 2013 1437; x_wconf 77' lang='lat' dir='ltr'><strong>litano</strong></span> <span class='ocrx_word' id='word_1_251' title='bbox 2044 1386 2307 1439; x_wconf 76' lang='lat' dir='ltr'><strong>nonnullis</strong></span> <span class='ocrx_word' id='word_1_252' title='bbox 2338 1387 2683 1441; x_wconf 81' lang='lat' dir='ltr'><strong>intercedunt.</strong></span> 
     </span>
    </p>
   </div>
   <div class='ocr_carea' id='block_1_45' title="bbox 1849 1494 3359 1574">
    <p class='ocr_par' dir='ltr' id='par_1_45' title="bbox 1849 1494 3359 1574">
     <span class='ocr_line' id='line_1_45' title="bbox 1849 1494 3359 1574; baseline 0.007 -24"><span class='ocrx_word' id='word_1_253' title='bbox 1849 1494 2082 1552; x_wconf 56' lang='lat' dir='ltr'><strong>Joasues</strong></span> <span class='ocrx_word' id='word_1_254' title='bbox 2123 1500 2408 1569; x_wconf 87' lang='lat' dir='ltr'><strong>episcopus</strong></span> <span class='ocrx_word' id='word_1_255' title='bbox 2450 1498 2636 1555; x_wconf 74' lang='grc' dir='ltr'><strong>Ρετιιο</strong></span> <span class='ocrx_word' id='word_1_256' title='bbox 2662 1510 2720 1555; x_wconf 91' lang='lat' dir='ltr'><strong>et</strong></span> <span class='ocrx_word' id='word_1_257' title='bbox 2753 1501 2923 1559; x_wconf 64' lang='lat' dir='ltr'><strong>Leos!</strong></span> <span class='ocrx_word' id='word_1_258' title='bbox 2956 1502 3224 1574; x_wconf 88' lang='lat' dir='ltr'><strong>episcopis</strong></span> <span class='ocrx_word' id='word_1_259' title='bbox 3250 1500 3359 1560; x_wconf 73' lang='lat' dir='ltr'><strong>Ve-</strong></span> 
     </span>
    </p>
   </div>
   <div class='ocr_carea' id='block_1_46' title="bbox 1781 1589 1961 1644">
    <p class='ocr_par' dir='ltr' id='par_1_46' title="bbox 1781 1589 1961 1644">
     <span class='ocr_line' id='line_1_46' title="bbox 1781 1589 1961 1644; baseline -0.022 0"><span class='ocrx_word' id='word_1_260' title='bbox 1781 1589 1961 1644; x_wconf 63' lang='lat' dir='ltr'><strong>neti-7c.</strong></span> 
     </span>
    </p>
   </div>
   <div class='ocr_carea' id='block_1_47' title="bbox 1855 1678 3362 1749">
    <p class='ocr_par' dir='ltr' id='par_1_47' title="bbox 1855 1678 3362 1749">
     <span class='ocr_line' id='line_1_47' title="bbox 1855 1678 3362 1749; baseline 0.006 -16"><span class='ocrx_word' id='word_1_261' title='bbox 1855 1678 2171 1734; x_wconf 86' lang='lat' dir='ltr'><strong>Universale</strong></span> <span class='ocrx_word' id='word_1_262' title='bbox 2198 1680 2413 1736; x_wconf 85' lang='lat' dir='ltr'><strong>tandem</strong></span> <span class='ocrx_word' id='word_1_263' title='bbox 2448 1682 2736 1749; x_wconf 86' lang='lat' dir='ltr'><strong>aliquando</strong></span> <span class='ocrx_word' id='word_1_264' title='bbox 2777 1699 2876 1738; x_wconf 93' lang='lat' dir='ltr'><strong>nos</strong></span> <span class='ocrx_word' id='word_1_265' title='bbox 2919 1683 3195 1740; x_wconf 88' lang='lat' dir='ltr'><strong>celebrare</strong></span> <span class='ocrx_word' id='word_1_266' title='bbox 3228 1699 3362 1741; x_wconf 87' lang='lat' dir='ltr'><strong>con-</strong></span> 
     </span>
    </p>
   </div>
   <div class='ocr_carea' id='block_1_48' title="bbox 1781 1766 3356 1837">
    <p class='ocr_par' dir='ltr' id='par_1_48' title="bbox 1781 1766 3356 1837">
     <span class='ocr_line' id='line_1_48' title="bbox 1781 1766 3356 1837; baseline 0.004 -16"><span class='ocrx_word' id='word_1_267' title='bbox 1781 1766 1962 1821; x_wconf 79' lang='lat' dir='ltr'><strong>cilium</strong></span> <span class='ocrx_word' id='word_1_268' title='bbox 1995 1768 2275 1837; x_wconf 80' lang='lat' dir='ltr'><strong>multiplex</strong></span> <span class='ocrx_word' id='word_1_269' title='bbox 2312 1777 2369 1823; x_wconf 88' lang='lat' dir='ltr'><strong>et</strong></span> <span class='ocrx_word' id='word_1_270' title='bbox 2394 1768 2684 1825; x_wconf 82' lang='lat' dir='ltr'><strong>multifaria</strong></span> <span class='ocrx_word' id='word_1_271' title='bbox 2716 1786 2815 1826; x_wconf 89' lang='lat' dir='ltr'><strong>nos</strong></span> <span class='ocrx_word' id='word_1_272' title='bbox 2857 1771 3221 1827; x_wconf 86' lang='lat' dir='ltr'><strong>Ecclesiarum</strong></span> <span class='ocrx_word' id='word_1_273' title='bbox 3256 1784 3356 1828; x_wconf 54' lang='lat' dir='ltr'><strong>nec</strong></span> 
     </span>
    </p>
   </div>
   <div class='ocr_carea' id='block_1_49' title="bbox 1779 1855 3354 1936">
    <p class='ocr_par' dir='ltr' id='par_1_49' title="bbox 1779 1855 3354 1936">
     <span class='ocr_line' id='line_1_49' title="bbox 1779 1855 3354 1936; baseline 0.001 -22"><span class='ocrx_word' id='word_1_274' title='bbox 1779 1858 2237 1936; x_wconf 78' lang='lat' dir='ltr'><strong>cessitascogit;</strong></span> <span class='ocrx_word' id='word_1_275' title='bbox 2265 1867 2321 1913; x_wconf 89' lang='lat' dir='ltr'><strong>et</strong></span> <span class='ocrx_word' id='word_1_276' title='bbox 2347 1860 2467 1914; x_wconf 88' lang='lat' dir='ltr'><strong>ideo</strong></span> <span class='ocrx_word' id='word_1_277' title='bbox 2495 1875 2595 1930; x_wconf 87' lang='lat' dir='ltr'><strong>pro</strong></span> <span class='ocrx_word' id='word_1_278' title='bbox 2625 1855 2727 1916; x_wconf 86' lang='lat' dir='ltr'><strong>bac</strong></span> <span class='ocrx_word' id='word_1_279' title='bbox 2765 1862 3093 1916; x_wconf 88' lang='lat' dir='ltr'><strong>moderanda</strong></span> <span class='ocrx_word' id='word_1_280' title='bbox 3129 1861 3213 1917; x_wconf 86' lang='lat' dir='ltr'><strong>vel</strong></span> <span class='ocrx_word' id='word_1_281' title='bbox 3242 1861 3354 1916; x_wconf 81' lang='lat' dir='ltr'><strong>dis-</strong></span> 
     </span>
    </p>
   </div>
   <div class='ocr_carea' id='block_1_50' title="bbox 1780 1942 3358 2020">
    <p class='ocr_par' dir='ltr' id='par_1_50' title="bbox 1780 1942 3358 2020">
     <span class='ocr_line' id='line_1_50' title="bbox 1780 1942 3358 2020; baseline 0.005 -19"><span class='ocrx_word' id='word_1_282' title='bbox 1780 1947 2075 2017; x_wconf 83' lang='lat' dir='ltr'><strong>pensanda,</strong></span> <span class='ocrx_word' id='word_1_283' title='bbox 2115 1958 2307 2003; x_wconf 78' lang='lat' dir='ltr'><strong>octavo</strong></span> <span class='ocrx_word' id='word_1_284' title='bbox 2337 1942 2602 2006; x_wconf 79' lang='lat' dir='ltr'><strong>Kalendas</strong></span> <span class='ocrx_word' id='word_1_285' title='bbox 2637 1949 2809 2006; x_wconf 82' lang='lat' dir='ltr'><strong>Julias</strong></span> <span class='ocrx_word' id='word_1_286' title='bbox 2837 1950 2996 2020; x_wconf 85' lang='lat' dir='ltr'><strong>hujus</strong></span> <span class='ocrx_word' id='word_1_287' title='bbox 3022 1951 3358 2017; x_wconf 73' lang='lat' dir='ltr'><strong>iudictionis,</strong></span> 
     </span>
    </p>
   </div>
   <div class='ocr_carea' id='block_1_51' title="bbox 1781 2038 3360 2112">
    <p class='ocr_par' dir='ltr' id='par_1_51' title="bbox 1781 2038 3360 2112">
     <span class='ocr_line' id='line_1_51' title="bbox 1781 2038 3360 2112; baseline 0.003 -20"><span class='ocrx_word' id='word_1_288' title='bbox 1781 2039 1947 2093; x_wconf 88' lang='lat' dir='ltr'><strong>totius</strong></span> <span class='ocrx_word' id='word_1_289' title='bbox 1985 2038 2154 2092; x_wconf 67' lang='lat' dir='ltr'><strong>Italia:</strong></span> <span class='ocrx_word' id='word_1_290' title='bbox 2176 2038 2317 2106; x_wconf 90' lang='lat' dir='ltr'><strong>apud</strong></span> <span class='ocrx_word' id='word_1_291' title='bbox 2348 2040 2536 2093; x_wconf 89' lang='lat' dir='ltr'><strong>urbem</strong></span> <span class='ocrx_word' id='word_1_292' title='bbox 2567 2040 2878 2095; x_wconf 75' lang='lat' dir='ltr'><strong>Ravennam</strong></span> <span class='ocrx_word' id='word_1_293' title='bbox 2918 2042 3210 2096; x_wconf 84' lang='lat' dir='ltr'><strong>convenire</strong></span> <span class='ocrx_word' id='word_1_294' title='bbox 3243 2041 3360 2112; x_wconf 82' lang='lat' dir='ltr'><strong>jus-</strong></span> 
     </span>
    </p>
   </div>
   <div class='ocr_carea' id='block_1_52' title="bbox 1782 2125 3357 2196">
    <p class='ocr_par' dir='ltr' id='par_1_52' title="bbox 1782 2125 3357 2196">
     <span class='ocr_line' id='line_1_52' title="bbox 1782 2125 3357 2196; baseline 0.003 -15"><span class='ocrx_word' id='word_1_295' title='bbox 1782 2125 1954 2181; x_wconf 87' lang='lat' dir='ltr'><strong>simus</strong></span> <span class='ocrx_word' id='word_1_296' title='bbox 1990 2126 2324 2191; x_wconf 86' lang='lat' dir='ltr'><strong>sacerdotes,</strong></span> <span class='ocrx_word' id='word_1_297' title='bbox 2382 2128 2448 2180; x_wconf 87' lang='lat' dir='ltr'><strong>ad</strong></span> <span class='ocrx_word' id='word_1_298' title='bbox 2500 2141 2729 2196; x_wconf 90' lang='lat' dir='ltr'><strong>quorum</strong></span> <span class='ocrx_word' id='word_1_299' title='bbox 2783 2126 3035 2183; x_wconf 87' lang='lat' dir='ltr'><strong>videlicet</strong></span> <span class='ocrx_word' id='word_1_300' title='bbox 3083 2139 3357 2185; x_wconf 87' lang='lat' dir='ltr'><strong>sacratum</strong></span> 
     </span>
    </p>
   </div>
   <div class='ocr_carea' id='block_1_53' title="bbox 1780 2213 3359 2286">
    <p class='ocr_par' dir='ltr' id='par_1_53' title="bbox 1780 2213 3359 2286">
     <span class='ocr_line' id='line_1_53' title="bbox 1780 2213 3359 2286; baseline 0.001 -16"><span class='ocrx_word' id='word_1_301' title='bbox 1780 2213 2087 2283; x_wconf 77' lang='lat' dir='ltr'><strong>collegium.</strong></span> <span class='ocrx_word' id='word_1_302' title='bbox 2117 2214 2397 2284; x_wconf 76' lang='lat' dir='ltr'><strong>pontiﬁcio</strong></span> <span class='ocrx_word' id='word_1_303' title='bbox 2423 2224 2609 2269; x_wconf 90' lang='lat' dir='ltr'><strong>nostro</strong></span> <span class='ocrx_word' id='word_1_304' title='bbox 2634 2214 2924 2280; x_wconf 85' lang='lat' dir='ltr'><strong>mediante,</strong></span> <span class='ocrx_word' id='word_1_305' title='bbox 2959 2225 3197 2271; x_wconf 75' lang='lat' dir='ltr'><strong>vestram</strong></span> <span class='ocrx_word' id='word_1_306' title='bbox 3224 2232 3359 2286; x_wconf 88' lang='lat' dir='ltr'><strong>quo-</strong></span> 
     </span>
    </p>
   </div>
   <div class='ocr_carea' id='block_1_54' title="bbox 1781 2304 3357 2372">
    <p class='ocr_par' dir='ltr' id='par_1_54' title="bbox 1781 2304 3357 2372">
     <span class='ocr_line' id='line_1_54' title="bbox 1781 2304 3357 2372; baseline 0.003 -15"><span class='ocrx_word' id='word_1_307' title='bbox 1781 2318 1888 2372; x_wconf 84' lang='lat' dir='ltr'><strong>que</strong></span> <span class='ocrx_word' id='word_1_308' title='bbox 1916 2304 2259 2359; x_wconf 82' lang='lat' dir='ltr'><strong>sanctitatem</strong></span> <span class='ocrx_word' id='word_1_309' title='bbox 2289 2318 2514 2359; x_wconf 86' lang='lat' dir='ltr'><strong>occurre</strong></span> <span class='ocrx_word' id='word_1_310' title='bbox 2534 2320 2966 2371; x_wconf 87' lang='lat' dir='ltr'><strong>commonemus,</strong></span> <span class='ocrx_word' id='word_1_311' title='bbox 2992 2320 3097 2359; x_wconf 90' lang='lat' dir='ltr'><strong>una</strong></span> <span class='ocrx_word' id='word_1_312' title='bbox 3125 2320 3248 2360; x_wconf 92' lang='lat' dir='ltr'><strong>cum</strong></span> <span class='ocrx_word' id='word_1_313' title='bbox 3274 2306 3357 2362; x_wconf 84' lang='lat' dir='ltr'><strong>bis</strong></span> 
     </span>
    </p>
   </div>
   <div class='ocr_carea' id='block_1_55' title="bbox 1781 2393 3357 2464">
    <p class='ocr_par' dir='ltr' id='par_1_55' title="bbox 1781 2393 3357 2464">
     <span class='ocr_line' id='line_1_55' title="bbox 1781 2393 3357 2464; baseline 0.002 -18"><span class='ocrx_word' id='word_1_314' title='bbox 1781 2394 1872 2463; x_wconf 82' lang='lat' dir='ltr'><strong>qui</strong></span> <span class='ocrx_word' id='word_1_315' title='bbox 1905 2393 2024 2448; x_wconf 89' lang='lat' dir='ltr'><strong>loco</strong></span> <span class='ocrx_word' id='word_1_316' title='bbox 2063 2401 2188 2448; x_wconf 90' lang='lat' dir='ltr'><strong>sunt</strong></span> <span class='ocrx_word' id='word_1_317' title='bbox 2223 2394 2596 2462; x_wconf 82' lang='lat' dir='ltr'><strong>episcoporum</strong></span> <span class='ocrx_word' id='word_1_318' title='bbox 2642 2393 3013 2449; x_wconf 88' lang='lat' dir='ltr'><strong>decedentium</strong></span> <span class='ocrx_word' id='word_1_319' title='bbox 3038 2394 3357 2464; x_wconf 36' lang='lat' dir='ltr'><strong>‘subrogati.</strong></span> 
     </span>
    </p>
   </div>
   <div class='ocr_carea' id='block_1_56' title="bbox 1784 2482 3365 2556">
    <p class='ocr_par' dir='ltr' id='par_1_56' title="bbox 1784 2482 3365 2556">
     <span class='ocr_line' id='line_1_56' title="bbox 1784 2482 3365 2556; baseline 0.001 -17"><span class='ocrx_word' id='word_1_320' title='bbox 1784 2484 1879 2539; x_wconf 62' lang='lat' dir='ltr'><strong>Et?</strong></span> <span class='ocrx_word' id='word_1_321' title='bbox 1922 2483 2029 2538; x_wconf 89' lang='lat' dir='ltr'><strong>illis</strong></span> <span class='ocrx_word' id='word_1_322' title='bbox 2080 2484 2434 2539; x_wconf 85' lang='lat' dir='ltr'><strong>nihilominus</strong></span> <span class='ocrx_word' id='word_1_323' title='bbox 2476 2500 2634 2556; x_wconf 90' lang='lat' dir='ltr'><strong>quos,</strong></span> <span class='ocrx_word' id='word_1_324' title='bbox 2683 2482 2823 2541; x_wconf 87' lang='lat' dir='ltr'><strong>Urso</strong></span> <span class='ocrx_word' id='word_1_325' title='bbox 2865 2484 3099 2555; x_wconf 87' lang='lat' dir='ltr'><strong>glorioso</strong></span> <span class='ocrx_word' id='word_1_326' title='bbox 3142 2483 3264 2539; x_wconf 90' lang='lat' dir='ltr'><strong>duci</strong></span> <span class='ocrx_word' id='word_1_327' title='bbox 3307 2488 3365 2541; x_wconf 73' lang='lat' dir='ltr'><strong>et</strong></span> 
     </span>
    </p>
   </div>
   <div class='ocr_carea' id='block_1_57' title="bbox 1782 2569 3356 2645">
    <p class='ocr_par' dir='ltr' id='par_1_57' title="bbox 1782 2569 3356 2645">
     <span class='ocr_line' id='line_1_57' title="bbox 1782 2569 3356 2645; baseline 0.001 -18"><span class='ocrx_word' id='word_1_328' title='bbox 1782 2569 1935 2628; x_wconf 80' lang='lat' dir='ltr'><strong>vobis</strong></span> <span class='ocrx_word' id='word_1_329' title='bbox 1961 2574 2278 2638; x_wconf 83' lang='lat' dir='ltr'><strong>scribentes,</strong></span> <span class='ocrx_word' id='word_1_330' title='bbox 2309 2574 2507 2629; x_wconf 90' lang='lat' dir='ltr'><strong>nostris</strong></span> <span class='ocrx_word' id='word_1_331' title='bbox 2535 2574 2729 2644; x_wconf 68' lang='lat' dir='ltr'><strong>sacpius</strong></span> <span class='ocrx_word' id='word_1_332' title='bbox 2761 2581 2815 2630; x_wconf 89' lang='lat' dir='ltr'><strong>et</strong></span> <span class='ocrx_word' id='word_1_333' title='bbox 2842 2573 3151 2643; x_wconf 80' lang='lat' dir='ltr'><strong>expressius</strong></span> <span class='ocrx_word' id='word_1_334' title='bbox 3185 2574 3356 2645; x_wconf 64' lang='lat' dir='ltr'><strong>signia</strong></span> 
     </span>
    </p>
   </div>
   <div class='ocr_carea' id='block_1_58' title="bbox 1783 2663 3360 2736">
    <p class='ocr_par' dir='ltr' id='par_1_58' title="bbox 1783 2663 3360 2736">
     <span class='ocr_line' id='line_1_58' title="bbox 1783 2663 3360 2736; baseline 0.002 -17"><span class='ocrx_word' id='word_1_335' title='bbox 1783 2663 2065 2719; x_wconf 84' lang='lat' dir='ltr'><strong>licavimus</strong></span> <span class='ocrx_word' id='word_1_336' title='bbox 2092 2664 2331 2736; x_wconf 81' lang='lat' dir='ltr'><strong>syllabis,</strong></span> <span class='ocrx_word' id='word_1_337' title='bbox 2369 2669 2554 2735; x_wconf 85' lang='lat' dir='ltr'><strong>atque,</strong></span> <span class='ocrx_word' id='word_1_338' title='bbox 2578 2672 2638 2718; x_wconf 89' lang='lat' dir='ltr'><strong>ut</strong></span> <span class='ocrx_word' id='word_1_339' title='bbox 2664 2664 2911 2720; x_wconf 85' lang='lat' dir='ltr'><strong>absolute</strong></span> <span class='ocrx_word' id='word_1_340' title='bbox 2934 2664 3360 2736; x_wconf 69' lang='lat' dir='ltr'><strong>regillariterque</strong></span> 
     </span>
    </p>
   </div>
   <div class='ocr_carea' id='block_1_59' title="bbox 1780 2752 3367 2824">
    <p class='ocr_par' dir='ltr' id='par_1_59' title="bbox 1780 2752 3367 2824">
     <span class='ocr_line' id='line_1_59' title="bbox 1780 2752 3367 2824; baseline 0.001 -17"><span class='ocrx_word' id='word_1_341' title='bbox 1780 2753 2072 2816; x_wconf 83' lang='lat' dir='ltr'><strong>fateamur,</strong></span> <span class='ocrx_word' id='word_1_342' title='bbox 2102 2754 2357 2809; x_wconf 88' lang='lat' dir='ltr'><strong>omnibus</strong></span> <span class='ocrx_word' id='word_1_343' title='bbox 2407 2753 2499 2824; x_wconf 87' lang='lat' dir='ltr'><strong>qui</strong></span> <span class='ocrx_word' id='word_1_344' title='bbox 2542 2768 2601 2808; x_wconf 85' lang='lat' dir='ltr'><strong>se</strong></span> <span class='ocrx_word' id='word_1_345' title='bbox 2626 2752 2783 2809; x_wconf 64' lang='lat' dir='ltr'><strong>ltesos</strong></span> <span class='ocrx_word' id='word_1_346' title='bbox 2831 2753 3189 2808; x_wconf 81' lang='lat' dir='ltr'><strong>existimant:</strong></span> <span class='ocrx_word' id='word_1_347' title='bbox 3222 2767 3367 2823; x_wconf 83' lang='lat' dir='ltr'><strong>quos</strong></span> 
     </span>
    </p>
   </div>
   <div class='ocr_carea' id='block_1_60' title="bbox 1783 2842 3353 2914">
    <p class='ocr_par' dir='ltr' id='par_1_60' title="bbox 1783 2842 3353 2914">
     <span class='ocr_line' id='line_1_60' title="bbox 1783 2842 3353 2914; baseline 0 -17"><span class='ocrx_word' id='word_1_348' title='bbox 1783 2844 2108 2914; x_wconf 89' lang='lat' dir='ltr'><strong>generaliter</strong></span> <span class='ocrx_word' id='word_1_349' title='bbox 2150 2843 2471 2898; x_wconf 79' lang='lat' dir='ltr'><strong>auctoritate</strong></span> <span class='ocrx_word' id='word_1_350' title='bbox 2522 2842 2817 2911; x_wconf 86' lang='lat' dir='ltr'><strong>apostolica</strong></span> <span class='ocrx_word' id='word_1_351' title='bbox 2864 2842 3126 2899; x_wconf 86' lang='lat' dir='ltr'><strong>sanctitas</strong></span> <span class='ocrx_word' id='word_1_352' title='bbox 3168 2852 3353 2913; x_wconf 80' lang='lat' dir='ltr'><strong>vestra</strong></span> 
     </span>
    </p>
   </div>
   <div class='ocr_carea' id='block_1_61' title="bbox 1785 2931 3358 3003">
    <p class='ocr_par' dir='ltr' id='par_1_61' title="bbox 1785 2931 3358 3003">
     <span class='ocr_line' id='line_1_61' title="bbox 1785 2931 3358 3003; baseline -0.002 -14"><span class='ocrx_word' id='word_1_353' title='bbox 1785 2947 1970 2989; x_wconf 83' lang='lat' dir='ltr'><strong>secum</strong></span> <span class='ocrx_word' id='word_1_354' title='bbox 2007 2941 2390 3003; x_wconf 82' lang='lat' dir='ltr'><strong>properaturos</strong></span> <span class='ocrx_word' id='word_1_355' title='bbox 2408 2932 2672 2987; x_wconf 80' lang='lat' dir='ltr'><strong>advocare</strong></span> <span class='ocrx_word' id='word_1_356' title='bbox 2702 2931 2945 3001; x_wconf 79' lang='lat' dir='ltr'><strong>profecto</strong></span> <span class='ocrx_word' id='word_1_357' title='bbox 2974 2931 3219 2987; x_wconf 80' lang='lat' dir='ltr'><strong>debebit.</strong></span> <span class='ocrx_word' id='word_1_358' title='bbox 3254 2931 3358 2987; x_wconf 74' lang='lat' dir='ltr'><strong>lta-</strong></span> 
     </span>
    </p>
   </div>
   <div class='ocr_carea' id='block_1_62' title="bbox 123 3015 1686 3124">
    <p class='ocr_par' dir='ltr' id='par_1_62' title="bbox 123 3015 1677 3086">
     <span class='ocr_line' id='line_1_62' title="bbox 123 3015 1677 3086; baseline 0.001 -16"><span class='ocrx_word' id='word_1_359' title='bbox 123 3019 308 3072; x_wconf 85' lang='lat' dir='ltr'><strong>leratio</strong></span> <span class='ocrx_word' id='word_1_360' title='bbox 355 3019 500 3072; x_wconf 88' lang='lat' dir='ltr'><strong>circa</strong></span> <span class='ocrx_word' id='word_1_361' title='bbox 536 3025 590 3072; x_wconf 92' lang='lat' dir='ltr'><strong>te</strong></span> <span class='ocrx_word' id='word_1_362' title='bbox 634 3018 812 3072; x_wconf 90' lang='lat' dir='ltr'><strong>minus</strong></span> <span class='ocrx_word' id='word_1_363' title='bbox 862 3016 1152 3072; x_wconf 86' lang='lat' dir='ltr'><strong>severitate</strong></span> <span class='ocrx_word' id='word_1_364' title='bbox 1205 3031 1367 3086; x_wconf 87' lang='lat' dir='ltr'><strong>quam</strong></span> <span class='ocrx_word' id='word_1_365' title='bbox 1418 3015 1677 3086; x_wconf 87' lang='lat' dir='ltr'><strong>patientia</strong></span> 
     </span>
    </p>
   </div>
   <div class='ocr_carea' id='block_1_63' title="bbox 1792 3015 3359 3124">
    <p class='ocr_par' dir='ltr' id='par_1_63' title="bbox 1792 3022 3359 3096">
     <span class='ocr_line' id='line_1_63' title="bbox 1792 3022 3359 3096; baseline -0.004 -16"><span class='ocrx_word' id='word_1_366' title='bbox 1792 3041 1909 3096; x_wconf 83' lang='lat' dir='ltr'><strong>que,</strong></span> <span class='ocrx_word' id='word_1_367' title='bbox 1936 3025 2153 3089; x_wconf 81' lang='lat' dir='ltr'><strong>fratres,</strong></span> <span class='ocrx_word' id='word_1_368' title='bbox 2175 3024 2537 3079; x_wconf 88' lang='lat' dir='ltr'><strong>indubitanter</strong></span> <span class='ocrx_word' id='word_1_369' title='bbox 2551 3022 2809 3087; x_wconf 79' lang='lat' dir='ltr'><strong>accedite,</strong></span> <span class='ocrx_word' id='word_1_370' title='bbox 2828 3031 2886 3077; x_wconf 91' lang='lat' dir='ltr'><strong>ut</strong></span> <span class='ocrx_word' id='word_1_371' title='bbox 2909 3031 3105 3093; x_wconf 81' lang='lat' dir='ltr'><strong>praeter</strong></span> <span class='ocrx_word' id='word_1_372' title='bbox 3118 3034 3359 3077; x_wconf 68' lang='lat' dir='ltr'><strong>commuo</strong></span> 
     </span>
    </p>
   </div>
   <div class='ocr_carea' id='block_1_64' title="bbox 123 3106 3363 3183">
    <p class='ocr_par' dir='ltr' id='par_1_64' title="bbox 123 3106 3363 3183">
     <span class='ocr_line' id='line_1_64' title="bbox 123 3106 3363 3183; baseline 0.003 -25"><span class='ocrx_word' id='word_1_373' title='bbox 123 3116 368 3162; x_wconf 77' lang='lat' dir='ltr'><strong>iteretur.</strong></span> <span class='ocrx_word' id='word_1_374' title='bbox 405 3107 654 3178; x_wconf 81' lang='lat' dir='ltr'><strong>Exceptis</strong></span> <span class='ocrx_word' id='word_1_375' title='bbox 700 3108 844 3164; x_wconf 90' lang='lat' dir='ltr'><strong>enim</strong></span> <span class='ocrx_word' id='word_1_376' title='bbox 896 3107 1208 3164; x_wconf 83' lang='lat' dir='ltr'><strong>excessibus</strong></span> <span class='ocrx_word' id='word_1_377' title='bbox 1258 3106 1364 3162; x_wconf 91' lang='lat' dir='ltr'><strong>illis</strong></span> <span class='ocrx_word' id='word_1_378' title='bbox 1412 3122 1548 3176; x_wconf 88' lang='lat' dir='ltr'><strong>quos</strong></span> <span class='ocrx_word' id='word_1_379' title='bbox 1582 3106 1752 3177; x_wconf 73' lang='lat' dir='ltr'><strong>per“</strong></span> <span class='ocrx_word' id='word_1_380' title='bbox 1782 3133 1909 3172; x_wconf 73' lang='lat' dir='ltr'><strong>nem</strong></span> <span class='ocrx_word' id='word_1_381' title='bbox 1961 3115 2250 3169; x_wconf 73' lang='lat' dir='ltr'><strong>utilitatem</strong></span> <span class='ocrx_word' id='word_1_382' title='bbox 2298 3128 2420 3182; x_wconf 69' lang='lat' dir='ltr'><strong>qua:</strong></span> <span class='ocrx_word' id='word_1_383' title='bbox 2470 3114 2524 3166; x_wconf 92' lang='lat' dir='ltr'><strong>in</strong></span> <span class='ocrx_word' id='word_1_384' title='bbox 2575 3113 2780 3183; x_wconf 82' lang='lat' dir='ltr'><strong>synodo</strong></span> <span class='ocrx_word' id='word_1_385' title='bbox 2826 3119 2913 3167; x_wconf 85' lang='lat' dir='ltr'><strong>est</strong></span> <span class='ocrx_word' id='word_1_386' title='bbox 2958 3112 3146 3181; x_wconf 85' lang='lat' dir='ltr'><strong>procul</strong></span> <span class='ocrx_word' id='word_1_387' title='bbox 3198 3110 3363 3166; x_wconf 86' lang='lat' dir='ltr'><strong>dubio</strong></span> 
     </span>
    </p>
   </div>
   <div class='ocr_carea' id='block_1_65' title="bbox 124 3197 1681 3269">
    <p class='ocr_par' dir='ltr' id='par_1_65' title="bbox 124 3197 1681 3269">
     <span class='ocr_line' id='line_1_65' title="bbox 124 3197 1681 3269; baseline 0.001 -19"><span class='ocrx_word' id='word_1_388' title='bbox 124 3197 531 3254; x_wconf 86' lang='lat' dir='ltr'><strong>nobedientiam</strong></span> <span class='ocrx_word' id='word_1_389' title='bbox 584 3199 735 3269; x_wconf 89' lang='lat' dir='ltr'><strong>prius</strong></span> <span class='ocrx_word' id='word_1_390' title='bbox 802 3208 1194 3262; x_wconf 81' lang='lat' dir='ltr'><strong>contraxeras,</strong></span> <span class='ocrx_word' id='word_1_391' title='bbox 1262 3198 1329 3252; x_wconf 89' lang='lat' dir='ltr'><strong>ad</strong></span> <span class='ocrx_word' id='word_1_392' title='bbox 1381 3206 1681 3252; x_wconf 77' lang='lat' dir='ltr'><strong>extremum</strong></span> 
     </span>
    </p>
   </div>
   <div class='ocr_carea' id='block_1_66' title="bbox 123 3281 1684 3362">
    <p class='ocr_par' dir='ltr' id='par_1_66' title="bbox 123 3281 1684 3362">
     <span class='ocr_line' id='line_1_66' title="bbox 123 3281 1684 3362; baseline -0.001 -19"><span class='ocrx_word' id='word_1_393' title='bbox 123 3291 266 3346; x_wconf 81' lang='lat' dir='ltr'><strong>:tiam</strong></span> <span class='ocrx_word' id='word_1_394' title='bbox 316 3289 643 3362; x_wconf 85' lang='lat' dir='ltr'><strong>legationem</strong></span> <span class='ocrx_word' id='word_1_395' title='bbox 687 3290 829 3346; x_wconf 88' lang='lat' dir='ltr'><strong>beati</strong></span> <span class='ocrx_word' id='word_1_396' title='bbox 867 3287 1012 3344; x_wconf 84' lang='lat' dir='ltr'><strong>Petri</strong></span> <span class='ocrx_word' id='word_1_397' title='bbox 1060 3288 1331 3360; x_wconf 78' lang='lat' dir='ltr'><strong>indignam</strong></span> <span class='ocrx_word' id='word_1_398' title='bbox 1365 3288 1473 3343; x_wconf 90' lang='lat' dir='ltr'><strong>tuis</strong></span> <span class='ocrx_word' id='word_1_399' title='bbox 1511 3281 1684 3342; x_wconf 86' lang='lat' dir='ltr'><strong>oculis</strong></span> 
     </span>
    </p>
   </div>
   <div class='ocr_carea' id='block_1_67' title="bbox 125 3376 1687 3451">
    <p class='ocr_par' dir='ltr' id='par_1_67' title="bbox 125 3376 1687 3451">
     <span class='ocr_line' id='line_1_67' title="bbox 125 3376 1687 3451; baseline -0.001 -18"><span class='ocrx_word' id='word_1_400' title='bbox 125 3381 383 3446; x_wconf 73' lang='lat' dir='ltr'><strong>udirasti,</strong></span> <span class='ocrx_word' id='word_1_401' title='bbox 410 3397 531 3436; x_wconf 89' lang='lat' dir='ltr'><strong>cum</strong></span> <span class='ocrx_word' id='word_1_402' title='bbox 570 3383 671 3437; x_wconf 85' lang='lat' dir='ltr'><strong>hoc</strong></span> <span class='ocrx_word' id='word_1_403' title='bbox 700 3396 799 3436; x_wconf 90' lang='lat' dir='ltr'><strong>nec</strong></span> <span class='ocrx_word' id='word_1_404' title='bbox 833 3380 1046 3451; x_wconf 79' lang='lat' dir='ltr'><strong>gentilis</strong></span> <span class='ocrx_word' id='word_1_405' title='bbox 1072 3382 1353 3451; x_wconf 80' lang='lat' dir='ltr'><strong>quisquam</strong></span> <span class='ocrx_word' id='word_1_406' title='bbox 1407 3378 1565 3433; x_wconf 83' lang='lat' dir='ltr'><strong>facile</strong></span> <span class='ocrx_word' id='word_1_407' title='bbox 1607 3376 1687 3432; x_wconf 83' lang='lat' dir='ltr'><strong>fe-</strong></span> 
     </span>
    </p>
   </div>
   <div class='ocr_carea' id='block_1_68' title="bbox 123 3468 1686 3540">
    <p class='ocr_par' dir='ltr' id='par_1_68' title="bbox 123 3468 1686 3540">
     <span class='ocr_line' id='line_1_68' title="bbox 123 3468 1686 3540; baseline 0 -20"><span class='ocrx_word' id='word_1_408' title='bbox 123 3468 242 3522; x_wconf 87' lang='lat' dir='ltr'><strong>:isse</strong></span> <span class='ocrx_word' id='word_1_409' title='bbox 276 3470 544 3526; x_wconf 86' lang='lat' dir='ltr'><strong>clarescat</strong></span> <span class='ocrx_word' id='word_1_410' title='bbox 575 3488 590 3524; x_wconf 90' lang='lat'><strong>:</strong></span> <span class='ocrx_word' id='word_1_411' title='bbox 630 3470 863 3524; x_wconf 85' lang='lat' dir='ltr'><strong>maxime</strong></span> <span class='ocrx_word' id='word_1_412' title='bbox 885 3485 1009 3525; x_wconf 88' lang='lat' dir='ltr'><strong>cum</strong></span> <span class='ocrx_word' id='word_1_413' title='bbox 1036 3484 1101 3524; x_wconf 87' lang='lat' dir='ltr'><strong>ea</strong></span> <span class='ocrx_word' id='word_1_414' title='bbox 1127 3484 1248 3540; x_wconf 63' lang='lat' dir='ltr'><strong>quae</strong></span> <span class='ocrx_word' id='word_1_415' title='bbox 1270 3468 1542 3524; x_wconf 91' lang='lat' dir='ltr'><strong>dilectioni</strong></span> <span class='ocrx_word' id='word_1_416' title='bbox 1582 3475 1686 3521; x_wconf 69' lang='lat' dir='ltr'><strong>tute</strong></span> 
     </span>
    </p>
   </div>
   <div class='ocr_carea' id='block_1_69' title="bbox 123 3556 1685 3628">
    <p class='ocr_par' dir='ltr' id='par_1_69' title="bbox 123 3556 1685 3628">
     <span class='ocr_line' id='line_1_69' title="bbox 123 3556 1685 3628; baseline 0.001 -20"><span class='ocrx_word' id='word_1_417' title='bbox 123 3558 478 3621; x_wconf 44' lang='lat' dir='ltr'><strong>nitteba&#39;uus,</strong></span> <span class='ocrx_word' id='word_1_418' title='bbox 533 3567 757 3628; x_wconf 86' lang='lat' dir='ltr'><strong>paterna</strong></span> <span class='ocrx_word' id='word_1_419' title='bbox 804 3567 985 3613; x_wconf 90' lang='lat' dir='ltr'><strong>essent</strong></span> <span class='ocrx_word' id='word_1_420' title='bbox 1033 3560 1270 3621; x_wconf 92' lang='lat' dir='ltr'><strong>monita,</strong></span> <span class='ocrx_word' id='word_1_421' title='bbox 1320 3573 1425 3613; x_wconf 91' lang='lat' dir='ltr'><strong>non</strong></span> <span class='ocrx_word' id='word_1_422' title='bbox 1483 3556 1685 3612; x_wconf 88' lang='lat' dir='ltr'><strong>inimici</strong></span> 
     </span>
    </p>
   </div>
   <div class='ocr_carea' id='block_1_70' title="bbox 123 3646 1689 3713">
    <p class='ocr_par' dir='ltr' id='par_1_70' title="bbox 123 3646 1689 3713">
     <span class='ocr_line' id='line_1_70' title="bbox 123 3646 1689 3713; baseline 0.001 -13"><span class='ocrx_word' id='word_1_423' title='bbox 123 3647 342 3700; x_wconf 65' lang='lat' dir='ltr'><strong>tdientis</strong></span> <span class='ocrx_word' id='word_1_424' title='bbox 375 3647 618 3700; x_wconf 85' lang='lat' dir='ltr'><strong>verbera.</strong></span> <span class='ocrx_word' id='word_1_425' title='bbox 653 3646 759 3701; x_wconf 87' lang='lat' dir='ltr'><strong>Sed</strong></span> <span class='ocrx_word' id='word_1_426' title='bbox 789 3647 890 3701; x_wconf 87' lang='lat' dir='ltr'><strong>ista</strong></span> <span class='ocrx_word' id='word_1_427' title='bbox 938 3648 1356 3713; x_wconf 89' lang='lat' dir='ltr'><strong>dissimulantes,</strong></span> <span class='ocrx_word' id='word_1_428' title='bbox 1397 3647 1689 3702; x_wconf 86' lang='lat' dir='ltr'><strong>innotesci-</strong></span> 
     </span>
    </p>
   </div>
   <div class='ocr_carea' id='block_1_71' title="bbox 123 3735 1680 3794">
    <p class='ocr_par' dir='ltr' id='par_1_71' title="bbox 123 3735 1680 3794">
     <span class='ocr_line' id='line_1_71' title="bbox 123 3735 1680 3794; baseline 0.003 -7"><span class='ocrx_word' id='word_1_429' title='bbox 123 3751 220 3789; x_wconf 78' lang='lat' dir='ltr'><strong>illis</strong></span> <span class='ocrx_word' id='word_1_430' title='bbox 254 3735 543 3792; x_wconf 87' lang='lat' dir='ltr'><strong>dilectioni</strong></span> <span class='ocrx_word' id='word_1_431' title='bbox 576 3746 683 3793; x_wconf 61' lang='lat' dir='ltr'><strong>tua:</strong></span> <span class='ocrx_word' id='word_1_432' title='bbox 730 3753 830 3793; x_wconf 92' lang='lat' dir='ltr'><strong>nos</strong></span> <span class='ocrx_word' id='word_1_433' title='bbox 854 3747 1046 3793; x_wconf 89' lang='lat' dir='ltr'><strong>octavo</strong></span> <span class='ocrx_word' id='word_1_434' title='bbox 1074 3737 1343 3794; x_wconf 78' lang='lat' dir='ltr'><strong>Kalendas</strong></span> <span class='ocrx_word' id='word_1_435' title='bbox 1380 3738 1550 3794; x_wconf 71' lang='lat' dir='ltr'><strong>Iulias</strong></span> <span class='ocrx_word' id='word_1_436' title='bbox 1576 3739 1680 3793; x_wconf 80' lang='lat' dir='ltr'><strong>Ra-</strong></span> 
     </span>
    </p>
   </div>
   <div class='ocr_carea' id='block_1_72' title="bbox 123 3826 1689 3897">
    <p class='ocr_par' dir='ltr' id='par_1_72' title="bbox 123 3826 1689 3897">
     <span class='ocr_line' id='line_1_72' title="bbox 123 3826 1689 3897; baseline 0.001 -16"><span class='ocrx_word' id='word_1_437' title='bbox 123 3840 290 3881; x_wconf 62' lang='lat' dir='ltr'><strong>‘enna:</strong></span> <span class='ocrx_word' id='word_1_438' title='bbox 321 3829 593 3897; x_wconf 85' lang='lat' dir='ltr'><strong>synodum</strong></span> <span class='ocrx_word' id='word_1_439' title='bbox 646 3827 809 3883; x_wconf 86' lang='lat' dir='ltr'><strong>totius</strong></span> <span class='ocrx_word' id='word_1_440' title='bbox 844 3826 1009 3882; x_wconf 74' lang='lat' dir='ltr'><strong>Italia:</strong></span> <span class='ocrx_word' id='word_1_441' title='bbox 1059 3828 1406 3882; x_wconf 86' lang='lat' dir='ltr'><strong>sacerdotum</strong></span> <span class='ocrx_word' id='word_1_442' title='bbox 1441 3828 1689 3882; x_wconf 89' lang='lat' dir='ltr'><strong>celebra-</strong></span> 
     </span>
    </p>
   </div>
   <div class='ocr_carea' id='block_1_73' title="bbox 123 3915 1693 3980">
    <p class='ocr_par' dir='ltr' id='par_1_73' title="bbox 123 3915 1693 3980">
     <span class='ocr_line' id='line_1_73' title="bbox 123 3915 1693 3980; baseline 0.003 -12"><span class='ocrx_word' id='word_1_443' title='bbox 123 3928 285 3980; x_wconf 84' lang='lat' dir='ltr'><strong>uros;</strong></span> <span class='ocrx_word' id='word_1_444' title='bbox 338 3917 436 3970; x_wconf 91' lang='lat' dir='ltr'><strong>cui</strong></span> <span class='ocrx_word' id='word_1_445' title='bbox 484 3916 748 3971; x_wconf 88' lang='lat' dir='ltr'><strong>interesse</strong></span> <span class='ocrx_word' id='word_1_446' title='bbox 798 3915 1044 3971; x_wconf 88' lang='lat' dir='ltr'><strong>volumus</strong></span> <span class='ocrx_word' id='word_1_447' title='bbox 1082 3922 1139 3970; x_wconf 91' lang='lat' dir='ltr'><strong>et</strong></span> <span class='ocrx_word' id='word_1_448' title='bbox 1186 3916 1409 3972; x_wconf 64' lang='lat' dir='ltr'><strong>marina:</strong></span> <span class='ocrx_word' id='word_1_449' title='bbox 1456 3916 1693 3972; x_wconf 68' lang='lat' dir='ltr'><strong>Venetia:</strong></span> 
     </span>
    </p>
   </div>
   <div class='ocr_carea' id='block_1_74' title="bbox 123 4003 1691 4077">
    <p class='ocr_par' dir='ltr' id='par_1_74' title="bbox 123 4003 1691 4077">
     <span class='ocr_line' id='line_1_74' title="bbox 123 4003 1691 4077; baseline 0.004 -20"><span class='ocrx_word' id='word_1_450' title='bbox 123 4003 411 4068; x_wconf 86' lang='lat' dir='ltr'><strong>mtistites,</strong></span> <span class='ocrx_word' id='word_1_451' title='bbox 439 4006 532 4075; x_wconf 85' lang='lat' dir='ltr'><strong>qui</strong></span> <span class='ocrx_word' id='word_1_452' title='bbox 568 4005 747 4062; x_wconf 85' lang='lat' dir='ltr'><strong>adhuc</strong></span> <span class='ocrx_word' id='word_1_453' title='bbox 770 4020 1055 4077; x_wconf 89' lang='lat' dir='ltr'><strong>superesse</strong></span> <span class='ocrx_word' id='word_1_454' title='bbox 1081 4016 1402 4073; x_wconf 89' lang='lat' dir='ltr'><strong>noscuntur,</strong></span> <span class='ocrx_word' id='word_1_455' title='bbox 1433 4022 1540 4063; x_wconf 88' lang='lat' dir='ltr'><strong>una</strong></span> <span class='ocrx_word' id='word_1_456' title='bbox 1564 4023 1691 4063; x_wconf 89' lang='lat' dir='ltr'><strong>cum</strong></span> 
     </span>
    </p>
   </div>
   <div class='ocr_carea' id='block_1_75' title="bbox 123 4093 1693 4168">
    <p class='ocr_par' dir='ltr' id='par_1_75' title="bbox 123 4093 1693 4168">
     <span class='ocr_line' id='line_1_75' title="bbox 123 4093 1693 4168; baseline 0.004 -22"><span class='ocrx_word' id='word_1_457' title='bbox 123 4093 355 4160; x_wconf 63' lang='lat' dir='ltr'><strong>personis</strong></span> <span class='ocrx_word' id='word_1_458' title='bbox 388 4095 455 4149; x_wconf 87' lang='lat' dir='ltr'><strong>ad</strong></span> <span class='ocrx_word' id='word_1_459' title='bbox 500 4096 869 4165; x_wconf 87' lang='lat' dir='ltr'><strong>episcopatum</strong></span> <span class='ocrx_word' id='word_1_460' title='bbox 902 4095 1112 4160; x_wconf 89' lang='lat' dir='ltr'><strong>electis,</strong></span> <span class='ocrx_word' id='word_1_461' title='bbox 1157 4105 1214 4150; x_wconf 89' lang='lat' dir='ltr'><strong>et</strong></span> <span class='ocrx_word' id='word_1_462' title='bbox 1262 4096 1369 4152; x_wconf 88' lang='lat' dir='ltr'><strong>illis</strong></span> <span class='ocrx_word' id='word_1_463' title='bbox 1403 4111 1540 4168; x_wconf 88' lang='lat' dir='ltr'><strong>quas</strong></span> <span class='ocrx_word' id='word_1_464' title='bbox 1597 4097 1693 4153; x_wconf 88' lang='lat' dir='ltr'><strong>tibi</strong></span> 
     </span>
    </p>
   </div>
   <div class='ocr_carea' id='block_1_76' title="bbox 123 4182 1695 4256">
    <p class='ocr_par' dir='ltr' id='par_1_76' title="bbox 123 4182 1695 4256">
     <span class='ocr_line' id='line_1_76' title="bbox 123 4182 1695 4256; baseline 0.003 -19"><span class='ocrx_word' id='word_1_465' title='bbox 123 4182 216 4247; x_wconf 73' lang='lat' dir='ltr'><strong>iam</strong></span> <span class='ocrx_word' id='word_1_466' title='bbox 254 4199 353 4241; x_wconf 83' lang='lat' dir='ltr'><strong>uer</strong></span> <span class='ocrx_word' id='word_1_467' title='bbox 396 4184 637 4241; x_wconf 86' lang='lat' dir='ltr'><strong>diversas</strong></span> <span class='ocrx_word' id='word_1_468' title='bbox 678 4185 933 4256; x_wconf 86' lang='lat' dir='ltr'><strong>epistolas</strong></span> <span class='ocrx_word' id='word_1_469' title='bbox 980 4185 1418 4256; x_wconf 81' lang='lat' dir='ltr'><strong>significavimus.</strong></span> <span class='ocrx_word' id='word_1_470' title='bbox 1450 4185 1695 4256; x_wconf 82' lang='lat' dir='ltr'><strong>Quapro-</strong></span> 
     </span>
    </p>
   </div>
   <div class='ocr_carea' id='block_1_77' title="bbox 123 4273 1693 4346">
    <p class='ocr_par' dir='ltr' id='par_1_77' title="bbox 123 4273 1693 4346">
     <span class='ocr_line' id='line_1_77' title="bbox 123 4273 1693 4346; baseline 0.001 -18"><span class='ocrx_word' id='word_1_471' title='bbox 123 4284 237 4344; x_wconf 86' lang='lat' dir='ltr'><strong>pter</strong></span> <span class='ocrx_word' id='word_1_472' title='bbox 264 4284 402 4330; x_wconf 84' lang='lat' dir='ltr'><strong>bene</strong></span> <span class='ocrx_word' id='word_1_473' title='bbox 422 4273 662 4345; x_wconf 86' lang='lat' dir='ltr'><strong>proiecto</strong></span> <span class='ocrx_word' id='word_1_474' title='bbox 702 4275 892 4341; x_wconf 84' lang='lat' dir='ltr'><strong>facies,</strong></span> <span class='ocrx_word' id='word_1_475' title='bbox 917 4278 961 4333; x_wconf 90' lang='lat' dir='ltr'><strong>si</strong></span> <span class='ocrx_word' id='word_1_476' title='bbox 985 4291 1081 4332; x_wconf 89' lang='lat' dir='ltr'><strong>eos</strong></span> <span class='ocrx_word' id='word_1_477' title='bbox 1109 4275 1519 4346; x_wconf 67' lang='lat' dir='ltr'><strong>adpraadictam</strong></span> <span class='ocrx_word' id='word_1_478' title='bbox 1542 4276 1693 4331; x_wconf 82' lang='lat' dir='ltr'><strong>veni-</strong></span> 
     </span>
    </p>
   </div>
   <div class='ocr_carea' id='block_1_78' title="bbox 127 4363 1770 4447">
    <p class='ocr_par' dir='ltr' id='par_1_78' title="bbox 127 4363 1770 4447">
     <span class='ocr_line' id='line_1_78' title="bbox 127 4363 1770 4447; baseline 0.004 -30"><span class='ocrx_word' id='word_1_479' title='bbox 127 4378 185 4419; x_wconf 87' lang='lat' dir='ltr'><strong>re</strong></span> <span class='ocrx_word' id='word_1_480' title='bbox 205 4363 467 4435; x_wconf 74' lang='lat' dir='ltr'><strong>synodum</strong></span> <span class='ocrx_word' id='word_1_481' title='bbox 489 4381 598 4421; x_wconf 93' lang='lat' dir='ltr'><strong>non</strong></span> <span class='ocrx_word' id='word_1_482' title='bbox 621 4367 952 4437; x_wconf 87' lang='lat' dir='ltr'><strong>impedieris,</strong></span> <span class='ocrx_word' id='word_1_483' title='bbox 974 4368 1069 4422; x_wconf 87' lang='lat' dir='ltr'><strong>sed</strong></span> <span class='ocrx_word' id='word_1_484' title='bbox 1089 4366 1263 4421; x_wconf 92' lang='lat' dir='ltr'><strong>modis</strong></span> <span class='ocrx_word' id='word_1_485' title='bbox 1284 4366 1536 4421; x_wconf 85' lang='lat' dir='ltr'><strong>omnibus</strong></span> <span class='ocrx_word' id='word_1_486' title='bbox 1555 4363 1693 4421; x_wconf 85' lang='lat' dir='ltr'><strong>inci-</strong></span> <span class='ocrx_word' id='word_1_487' title='bbox 1717 4383 1770 4447; x_wconf 80' lang='grc' dir='ltr'><strong>ι)</strong></span> 
     </span>
    </p>
   </div>
   <div class='ocr_carea' id='block_1_79' title="bbox 130 4454 1690 4526">
    <p class='ocr_par' dir='ltr' id='par_1_79' title="bbox 130 4454 1690 4526">
     <span class='ocr_line' id='line_1_79' title="bbox 130 4454 1690 4526; baseline 0.003 -20"><span class='ocrx_word' id='word_1_488' title='bbox 130 4455 339 4511; x_wconf 83' lang='lat' dir='ltr'><strong>taveris.</strong></span> <span class='ocrx_word' id='word_1_489' title='bbox 362 4455 477 4512; x_wconf 83' lang='lat' dir='ltr'><strong>Non</strong></span> <span class='ocrx_word' id='word_1_490' title='bbox 498 4457 644 4513; x_wconf 82' lang='lat' dir='ltr'><strong>enim</strong></span> <span class='ocrx_word' id='word_1_491' title='bbox 668 4459 878 4513; x_wconf 89' lang='lat' dir='ltr'><strong>ruinam</strong></span> <span class='ocrx_word' id='word_1_492' title='bbox 903 4471 1092 4512; x_wconf 90' lang='lat' dir='ltr'><strong>eorum</strong></span> <span class='ocrx_word' id='word_1_493' title='bbox 1115 4456 1381 4526; x_wconf 88' lang='lat' dir='ltr'><strong>cupimus,</strong></span> <span class='ocrx_word' id='word_1_494' title='bbox 1406 4455 1569 4522; x_wconf 89' lang='lat' dir='ltr'><strong>absit;</strong></span> <span class='ocrx_word' id='word_1_495' title='bbox 1592 4454 1690 4511; x_wconf 87' lang='lat' dir='ltr'><strong>sed</strong></span> 
     </span>
    </p>
   </div>
   <div class='ocr_carea' id='block_1_80' title="bbox 129 4543 1693 4619">
    <p class='ocr_par' dir='ltr' id='par_1_80' title="bbox 129 4543 1693 4619">
     <span class='ocr_line' id='line_1_80' title="bbox 129 4543 1693 4619; baseline 0.003 -22"><span class='ocrx_word' id='word_1_496' title='bbox 129 4543 265 4600; x_wconf 89' lang='lat' dir='ltr'><strong>illius</strong></span> <span class='ocrx_word' id='word_1_497' title='bbox 286 4554 484 4603; x_wconf 88' lang='lat' dir='ltr'><strong>statum</strong></span> <span class='ocrx_word' id='word_1_498' title='bbox 515 4544 809 4605; x_wconf 78' lang='lat' dir='ltr'><strong>reformare</strong></span> <span class='ocrx_word' id='word_1_499' title='bbox 830 4548 1144 4619; x_wconf 66' lang='lat' dir='ltr'><strong>provinciae,</strong></span> <span class='ocrx_word' id='word_1_500' title='bbox 1172 4554 1228 4602; x_wconf 90' lang='lat' dir='ltr'><strong>et</strong></span> <span class='ocrx_word' id='word_1_501' title='bbox 1264 4547 1522 4617; x_wconf 73' lang='lat' dir='ltr'><strong>Quidquid</strong></span> <span class='ocrx_word' id='word_1_502' title='bbox 1549 4546 1693 4602; x_wconf 87' lang='lat' dir='ltr'><strong>inter</strong></span> 
     </span>
    </p>
   </div>
   <div class='ocr_carea' id='block_1_81' title="bbox 131 4637 1695 4708">
    <p class='ocr_par' dir='ltr' id='par_1_81' title="bbox 131 4637 1695 4708">
     <span class='ocr_line' id='line_1_81' title="bbox 131 4637 1695 4708; baseline 0.002 -19"><span class='ocrx_word' id='word_1_503' title='bbox 131 4647 220 4689; x_wconf 84' lang='lat' dir='ltr'><strong>eos</strong></span> <span class='ocrx_word' id='word_1_504' title='bbox 249 4646 301 4691; x_wconf 89' lang='lat' dir='ltr'><strong>et</strong></span> <span class='ocrx_word' id='word_1_505' title='bbox 328 4638 800 4707; x_wconf 87' lang='lat' dir='ltr'><strong>metropolitanum</strong></span> <span class='ocrx_word' id='word_1_506' title='bbox 849 4638 1165 4708; x_wconf 75' lang='lat' dir='ltr'><strong>qumstionis</strong></span> <span class='ocrx_word' id='word_1_507' title='bbox 1216 4645 1272 4693; x_wconf 90' lang='lat' dir='ltr'><strong>et</strong></span> <span class='ocrx_word' id='word_1_508' title='bbox 1312 4637 1695 4692; x_wconf 67' lang='lat' dir='ltr'><strong>controversia:</strong></span> 
     </span>
    </p>
   </div>
   <div class='ocr_carea' id='block_1_82' title="bbox 132 4727 1721 4799">
    <p class='ocr_par' dir='ltr' id='par_1_82' title="bbox 132 4727 1721 4799">
     <span class='ocr_line' id='line_1_82' title="bbox 132 4727 1721 4799; baseline 0.003 -22"><span class='ocrx_word' id='word_1_509' title='bbox 132 4727 373 4793; x_wconf 85' lang='lat' dir='ltr'><strong>vertitur,</strong></span> <span class='ocrx_word' id='word_1_510' title='bbox 405 4730 668 4785; x_wconf 90' lang='lat' dir='ltr'><strong>canonice</strong></span> <span class='ocrx_word' id='word_1_511' title='bbox 718 4727 969 4784; x_wconf 82' lang='lat' dir='ltr'><strong>dimnire.</strong></span> <span class='ocrx_word' id='word_1_512' title='bbox 998 4727 1184 4799; x_wconf 87' lang='lat' dir='ltr'><strong>itaque</strong></span> <span class='ocrx_word' id='word_1_513' title='bbox 1209 4727 1578 4782; x_wconf 87' lang='lat' dir='ltr'><strong>indubitanter</strong></span> <span class='ocrx_word' id='word_1_514' title='bbox 1602 4739 1721 4783; x_wconf 85' lang='lat' dir='ltr'><strong>ve-&#39;</strong></span> 
     </span>
    </p>
   </div>
   <div class='ocr_carea' id='block_1_83' title="bbox 136 4812 1696 4889">
    <p class='ocr_par' dir='ltr' id='par_1_83' title="bbox 136 4812 1696 4889">
     <span class='ocr_line' id='line_1_83' title="bbox 136 4812 1696 4889; baseline 0.003 -21"><span class='ocrx_word' id='word_1_515' title='bbox 136 4812 296 4882; x_wconf 83' lang='lat' dir='ltr'><strong>niant,</strong></span> <span class='ocrx_word' id='word_1_516' title='bbox 333 4826 389 4873; x_wconf 90' lang='lat' dir='ltr'><strong>et</strong></span> <span class='ocrx_word' id='word_1_517' title='bbox 431 4826 540 4872; x_wconf 88' lang='lat' dir='ltr'><strong>tam</strong></span> <span class='ocrx_word' id='word_1_518' title='bbox 592 4827 779 4874; x_wconf 84' lang='lat' dir='ltr'><strong>sancto</strong></span> <span class='ocrx_word' id='word_1_519' title='bbox 808 4831 1205 4889; x_wconf 88' lang='lat' dir='ltr'><strong>numerosoque</strong></span> <span class='ocrx_word' id='word_1_520' title='bbox 1246 4816 1475 4872; x_wconf 77' lang='lat' dir='ltr'><strong>fratrum</strong></span> <span class='ocrx_word' id='word_1_521' title='bbox 1506 4819 1696 4873; x_wconf 86' lang='lat' dir='ltr'><strong>deesse</strong></span> 
     </span>
    </p>
   </div>
   <div class='ocr_carea' id='block_1_84' title="bbox 136 4906 1694 4982">
    <p class='ocr_par' dir='ltr' id='par_1_84' title="bbox 136 4906 1694 4982">
     <span class='ocr_line' id='line_1_84' title="bbox 136 4906 1694 4982; baseline 0.006 -24"><span class='ocrx_word' id='word_1_522' title='bbox 136 4906 275 4963; x_wconf 84' lang='lat' dir='ltr'><strong>nullo</strong></span> <span class='ocrx_word' id='word_1_523' title='bbox 293 4909 454 4966; x_wconf 88' lang='lat' dir='ltr'><strong>modo</strong></span> <span class='ocrx_word' id='word_1_524' title='bbox 474 4910 747 4979; x_wconf 86' lang='lat' dir='ltr'><strong>patiantur</strong></span> <span class='ocrx_word' id='word_1_525' title='bbox 767 4910 1009 4982; x_wconf 82' lang='lat' dir='ltr'><strong>collegio.</strong></span> <span class='ocrx_word' id='word_1_526' title='bbox 1033 4908 1149 4964; x_wconf 82' lang='lat' dir='ltr'><strong>Non</strong></span> <span class='ocrx_word' id='word_1_527' title='bbox 1169 4910 1339 4974; x_wconf 88' lang='lat' dir='ltr'><strong>enim,</strong></span> <span class='ocrx_word' id='word_1_528' title='bbox 1362 4911 1493 4966; x_wconf 80' lang='lat' dir='ltr'><strong>milii</strong></span> <span class='ocrx_word' id='word_1_529' title='bbox 1515 4912 1694 4976; x_wconf 77' lang='lat' dir='ltr'><strong>crede,</strong></span> 
     </span>
    </p>
   </div>
   <div class='ocr_carea' id='block_1_85' title="bbox 138 4992 1698 5070">
    <p class='ocr_par' dir='ltr' id='par_1_85' title="bbox 138 4992 1698 5070">
     <span class='ocr_line' id='line_1_85' title="bbox 138 4992 1698 5070; baseline 0.006 -24"><span class='ocrx_word' id='word_1_530' title='bbox 138 4992 188 5047; x_wconf 90' lang='lat' dir='ltr'><strong>in</strong></span> <span class='ocrx_word' id='word_1_531' title='bbox 213 4996 388 5067; x_wconf 83' lang='lat' dir='ltr'><strong>aliquo</strong></span> <span class='ocrx_word' id='word_1_532' title='bbox 423 4998 700 5065; x_wconf 88' lang='lat' dir='ltr'><strong>minorati,</strong></span> <span class='ocrx_word' id='word_1_533' title='bbox 733 4999 876 5067; x_wconf 89' lang='lat' dir='ltr'><strong>quod</strong></span> <span class='ocrx_word' id='word_1_534' title='bbox 905 5006 1119 5053; x_wconf 82' lang='lat' dir='ltr'><strong>avertat</strong></span> <span class='ocrx_word' id='word_1_535' title='bbox 1159 5000 1442 5063; x_wconf 80' lang='lat' dir='ltr'><strong>Dominus,</strong></span> <span class='ocrx_word' id='word_1_536' title='bbox 1471 5001 1565 5055; x_wconf 90' lang='lat' dir='ltr'><strong>sed</strong></span> <span class='ocrx_word' id='word_1_537' title='bbox 1598 5015 1698 5070; x_wconf 60' lang='lat' dir='ltr'><strong>po.</strong></span> 
     </span>
    </p>
   </div>
   <div class='ocr_carea' id='block_1_86' title="bbox 139 5082 1699 5160">
    <p class='ocr_par' dir='ltr' id='par_1_86' title="bbox 139 5082 1699 5160">
     <span class='ocr_line' id='line_1_86' title="bbox 139 5082 1699 5160; baseline 0.008 -26"><span class='ocrx_word' id='word_1_538' title='bbox 139 5082 238 5138; x_wconf 80' lang='lat' dir='ltr'><strong>tius</strong></span> <span class='ocrx_word' id='word_1_539' title='bbox 256 5088 605 5158; x_wconf 87' lang='lat' dir='ltr'><strong>augmentati,</strong></span> <span class='ocrx_word' id='word_1_540' title='bbox 633 5088 853 5145; x_wconf 85' lang='lat' dir='ltr'><strong>Christo</strong></span> <span class='ocrx_word' id='word_1_541' title='bbox 878 5089 1134 5160; x_wconf 89' lang='lat' dir='ltr'><strong>propitio,</strong></span> <span class='ocrx_word' id='word_1_542' title='bbox 1168 5090 1236 5145; x_wconf 88' lang='lat' dir='ltr'><strong>ad</strong></span> <span class='ocrx_word' id='word_1_543' title='bbox 1261 5088 1480 5160; x_wconf 87' lang='lat' dir='ltr'><strong>propria</strong></span> <span class='ocrx_word' id='word_1_544' title='bbox 1508 5106 1699 5147; x_wconf 76' lang='lat' dir='ltr'><strong>rever-</strong></span> 
     </span>
    </p>
   </div>
   <div class='ocr_carea' id='block_1_87' title="bbox 1785 3200 3364 3275">
    <p class='ocr_par' dir='ltr' id='par_1_87' title="bbox 1785 3200 3364 3275">
     <span class='ocr_line' id='line_1_87' title="bbox 1785 3200 3364 3275; baseline -0.005 -12"><span class='ocrx_word' id='word_1_545' title='bbox 1785 3204 2177 3275; x_wconf 86' lang='lat' dir='ltr'><strong>componenda,</strong></span> <span class='ocrx_word' id='word_1_546' title='bbox 2198 3202 2456 3272; x_wconf 84' lang='lat' dir='ltr'><strong>quidquid</strong></span> <span class='ocrx_word' id='word_1_547' title='bbox 2479 3202 2619 3256; x_wconf 80' lang='lat' dir='ltr'><strong>inter</strong></span> <span class='ocrx_word' id='word_1_548' title='bbox 2655 3200 2877 3254; x_wconf 80' lang='lat' dir='ltr'><strong>fratrem</strong></span> <span class='ocrx_word' id='word_1_549' title='bbox 2906 3207 2963 3255; x_wconf 89' lang='lat' dir='ltr'><strong>et</strong></span> <span class='ocrx_word' id='word_1_550' title='bbox 2984 3201 3364 3271; x_wconf 83' lang='lat' dir='ltr'><strong>coepiscopum</strong></span> 
     </span>
    </p>
   </div>
   <div class='ocr_carea' id='block_1_88' title="bbox 1785 3290 3363 3359">
    <p class='ocr_par' dir='ltr' id='par_1_88' title="bbox 1785 3290 3363 3359">
     <span class='ocr_line' id='line_1_88' title="bbox 1785 3290 3363 3359; baseline -0.003 -8"><span class='ocrx_word' id='word_1_551' title='bbox 1785 3305 2053 3359; x_wconf 85' lang='lat' dir='ltr'><strong>nostrum,</strong></span> <span class='ocrx_word' id='word_1_552' title='bbox 2082 3294 2300 3349; x_wconf 87' lang='lat' dir='ltr'><strong>Petrum</strong></span> <span class='ocrx_word' id='word_1_553' title='bbox 2327 3291 2576 3346; x_wconf 89' lang='lat' dir='ltr'><strong>videlicet</strong></span> <span class='ocrx_word' id='word_1_554' title='bbox 2609 3290 3083 3359; x_wconf 82' lang='lat' dir='ltr'><strong>metropolitanum</strong></span> <span class='ocrx_word' id='word_1_555' title='bbox 3119 3301 3363 3347; x_wconf 85' lang='lat' dir='ltr'><strong>vestrum</strong></span> 
     </span>
    </p>
   </div>
   <div class='ocr_carea' id='block_1_89' title="bbox 1782 3379 3364 3453">
    <p class='ocr_par' dir='ltr' id='par_1_89' title="bbox 1782 3379 3364 3453">
     <span class='ocr_line' id='line_1_89' title="bbox 1782 3379 3364 3453; baseline -0.003 -15"><span class='ocrx_word' id='word_1_556' title='bbox 1782 3392 1842 3439; x_wconf 89' lang='lat' dir='ltr'><strong>et</strong></span> <span class='ocrx_word' id='word_1_557' title='bbox 1899 3382 2216 3453; x_wconf 64' lang='lat' dir='ltr'><strong>praedictos,</strong></span> <span class='ocrx_word' id='word_1_558' title='bbox 2288 3379 2671 3436; x_wconf 63' lang='lat' dir='ltr'><strong>controversiae</strong></span> <span class='ocrx_word' id='word_1_559' title='bbox 2725 3379 2975 3444; x_wconf 89' lang='lat' dir='ltr'><strong>vertitur,</strong></span> <span class='ocrx_word' id='word_1_560' title='bbox 3041 3379 3364 3434; x_wconf 85' lang='lat' dir='ltr'><strong>canonicum</strong></span> 
     </span>
    </p>
   </div>
   <div class='ocr_carea' id='block_1_90' title="bbox 1787 3458 3355 3541">
    <p class='ocr_par' dir='ltr' id='par_1_90' title="bbox 1787 3458 3355 3541">
     <span class='ocr_line' id='line_1_90' title="bbox 1787 3458 3355 3541; baseline -0.002 -15"><span class='ocrx_word' id='word_1_561' title='bbox 1787 3473 1949 3526; x_wconf 85' lang='lat' dir='ltr'><strong>finem</strong></span> <span class='ocrx_word' id='word_1_562' title='bbox 1979 3458 2229 3541; x_wconf 75' lang='lat' dir='ltr'><strong>accipiat,</strong></span> <span class='ocrx_word' id='word_1_563' title='bbox 2257 3479 2314 3524; x_wconf 92' lang='lat' dir='ltr'><strong>et</strong></span> <span class='ocrx_word' id='word_1_564' title='bbox 2359 3485 2461 3539; x_wconf 86' lang='lat' dir='ltr'><strong>pax</strong></span> <span class='ocrx_word' id='word_1_565' title='bbox 2504 3479 2559 3523; x_wconf 91' lang='lat' dir='ltr'><strong>et</strong></span> <span class='ocrx_word' id='word_1_566' title='bbox 2581 3468 2943 3538; x_wconf 85' lang='lat' dir='ltr'><strong>tranquillitas</strong></span> <span class='ocrx_word' id='word_1_567' title='bbox 2972 3467 3231 3523; x_wconf 83' lang='lat' dir='ltr'><strong>Ecclesiis</strong></span> <span class='ocrx_word' id='word_1_568' title='bbox 3257 3483 3355 3523; x_wconf 86' lang='lat' dir='ltr'><strong>ve-</strong></span> 
     </span>
    </p>
   </div>
   <div class='ocr_carea' id='block_1_91' title="bbox 1788 3558 3359 3628">
    <p class='ocr_par' dir='ltr' id='par_1_91' title="bbox 1788 3558 3359 3628">
     <span class='ocr_line' id='line_1_91' title="bbox 1788 3558 3359 3628; baseline -0.003 -10"><span class='ocrx_word' id='word_1_569' title='bbox 1788 3563 1938 3625; x_wconf 88' lang='lat' dir='ltr'><strong>stris,</strong></span> <span class='ocrx_word' id='word_1_570' title='bbox 1966 3563 2106 3615; x_wconf 88' lang='lat' dir='ltr'><strong>sicut</strong></span> <span class='ocrx_word' id='word_1_571' title='bbox 2137 3562 2419 3623; x_wconf 84' lang='lat' dir='ltr'><strong>condecet,</strong></span> <span class='ocrx_word' id='word_1_572' title='bbox 2453 3559 2798 3615; x_wconf 83' lang='lat' dir='ltr'><strong>reformetur.</strong></span> <span class='ocrx_word' id='word_1_573' title='bbox 2829 3558 2942 3614; x_wconf 83' lang='lat' dir='ltr'><strong>Non</strong></span> <span class='ocrx_word' id='word_1_574' title='bbox 2973 3573 3123 3628; x_wconf 84' lang='lat' dir='ltr'><strong>ergo,</strong></span> <span class='ocrx_word' id='word_1_575' title='bbox 3159 3559 3359 3614; x_wconf 85' lang='lat' dir='ltr'><strong>charis-</strong></span> 
     </span>
    </p>
   </div>
   <div class='ocr_carea' id='block_1_92' title="bbox 1787 3644 3361 3714">
    <p class='ocr_par' dir='ltr' id='par_1_92' title="bbox 1787 3644 3361 3714">
     <span class='ocr_line' id='line_1_92' title="bbox 1787 3644 3361 3714; baseline -0.002 -10"><span class='ocrx_word' id='word_1_576' title='bbox 1787 3650 1932 3713; x_wconf 82' lang='lat' dir='ltr'><strong>simi,</strong></span> <span class='ocrx_word' id='word_1_577' title='bbox 1964 3659 2069 3703; x_wconf 88' lang='lat' dir='ltr'><strong>tam</strong></span> <span class='ocrx_word' id='word_1_578' title='bbox 2092 3659 2278 3702; x_wconf 84' lang='lat' dir='ltr'><strong>sancto</strong></span> <span class='ocrx_word' id='word_1_579' title='bbox 2304 3657 2698 3714; x_wconf 86' lang='lat' dir='ltr'><strong>numerosoque</strong></span> <span class='ocrx_word' id='word_1_580' title='bbox 2729 3646 2953 3700; x_wconf 89' lang='lat' dir='ltr'><strong>fratrum</strong></span> <span class='ocrx_word' id='word_1_581' title='bbox 2979 3646 3166 3700; x_wconf 85' lang='lat' dir='ltr'><strong>deesse</strong></span> <span class='ocrx_word' id='word_1_582' title='bbox 3194 3644 3361 3701; x_wconf 86' lang='lat' dir='ltr'><strong>colle-</strong></span> 
     </span>
    </p>
   </div>
   <div class='ocr_carea' id='block_1_93' title="bbox 1789 3734 3364 3809">
    <p class='ocr_par' dir='ltr' id='par_1_93' title="bbox 1789 3734 3364 3809">
     <span class='ocr_line' id='line_1_93' title="bbox 1789 3734 3364 3809; baseline -0.003 -16"><span class='ocrx_word' id='word_1_583' title='bbox 1789 3740 1877 3809; x_wconf 90' lang='lat' dir='ltr'><strong>gio</strong></span> <span class='ocrx_word' id='word_1_584' title='bbox 1901 3738 2165 3808; x_wconf 81' lang='lat' dir='ltr'><strong>patimini.</strong></span> <span class='ocrx_word' id='word_1_585' title='bbox 2193 3737 2319 3805; x_wconf 85' lang='lat' dir='ltr'><strong>quia</strong></span> <span class='ocrx_word' id='word_1_586' title='bbox 2354 3751 2474 3798; x_wconf 89' lang='lat' dir='ltr'><strong>nos,</strong></span> <span class='ocrx_word' id='word_1_587' title='bbox 2501 3735 2627 3788; x_wconf 91' lang='lat' dir='ltr'><strong>mihi</strong></span> <span class='ocrx_word' id='word_1_588' title='bbox 2651 3736 2878 3800; x_wconf 87' lang='lat' dir='ltr'><strong>credite,</strong></span> <span class='ocrx_word' id='word_1_589' title='bbox 2907 3734 3105 3789; x_wconf 90' lang='lat' dir='ltr'><strong>nullius</strong></span> <span class='ocrx_word' id='word_1_590' title='bbox 3124 3746 3364 3791; x_wconf 84' lang='lat' dir='ltr'><strong>vestrum</strong></span> 
     </span>
    </p>
   </div>
   <div class='ocr_carea' id='block_1_94' title="bbox 1791 3823 3360 3895">
    <p class='ocr_par' dir='ltr' id='par_1_94' title="bbox 1791 3823 3360 3895">
     <span class='ocr_line' id='line_1_94' title="bbox 1791 3823 3360 3895; baseline -0.002 -12"><span class='ocrx_word' id='word_1_591' title='bbox 1791 3842 1977 3883; x_wconf 85' lang='lat' dir='ltr'><strong>casum</strong></span> <span class='ocrx_word' id='word_1_592' title='bbox 2007 3826 2374 3895; x_wconf 86' lang='lat' dir='ltr'><strong>exquirimus;</strong></span> <span class='ocrx_word' id='word_1_593' title='bbox 2399 3824 2557 3880; x_wconf 85' lang='lat' dir='ltr'><strong>absit.</strong></span> <span class='ocrx_word' id='word_1_594' title='bbox 2587 3825 2967 3879; x_wconf 83' lang='lat' dir='ltr'><strong>Verumtamen</strong></span> <span class='ocrx_word' id='word_1_595' title='bbox 2991 3824 3095 3879; x_wconf 87' lang='lat' dir='ltr'><strong>nisi</strong></span> <span class='ocrx_word' id='word_1_596' title='bbox 3122 3823 3189 3877; x_wconf 91' lang='lat' dir='ltr'><strong>ad</strong></span> <span class='ocrx_word' id='word_1_597' title='bbox 3219 3825 3360 3880; x_wconf 89' lang='lat' dir='ltr'><strong>hanc</strong></span> 
     </span>
    </p>
   </div>
   <div class='ocr_carea' id='block_1_95' title="bbox 1791 3912 3368 3984">
    <p class='ocr_par' dir='ltr' id='par_1_95' title="bbox 1791 3912 3368 3984">
     <span class='ocr_line' id='line_1_95' title="bbox 1791 3912 3368 3984; baseline -0.002 -13"><span class='ocrx_word' id='word_1_598' title='bbox 1791 3915 1983 3971; x_wconf 88' lang='lat' dir='ltr'><strong>saltem</strong></span> <span class='ocrx_word' id='word_1_599' title='bbox 2027 3914 2403 3984; x_wconf 70' lang='lat' dir='ltr'><strong>prmsignatam</strong></span> <span class='ocrx_word' id='word_1_600' title='bbox 2435 3912 2789 3968; x_wconf 81' lang='lat' dir='ltr'><strong>universalem</strong></span> <span class='ocrx_word' id='word_1_601' title='bbox 2819 3912 3083 3982; x_wconf 86' lang='lat' dir='ltr'><strong>synodum</strong></span> <span class='ocrx_word' id='word_1_602' title='bbox 3127 3926 3368 3968; x_wconf 82' lang='lat' dir='ltr'><strong>accesse-</strong></span> 
     </span>
    </p>
   </div>
   <div class='ocr_carea' id='block_1_96' title="bbox 1794 4000 3374 4072">
    <p class='ocr_par' dir='ltr' id='par_1_96' title="bbox 1794 4000 3374 4072">
     <span class='ocr_line' id='line_1_96' title="bbox 1794 4000 3374 4072; baseline -0.003 -13"><span class='ocrx_word' id='word_1_603' title='bbox 1794 4005 1937 4069; x_wconf 84' lang='lat' dir='ltr'><strong>ritis,</strong></span> <span class='ocrx_word' id='word_1_604' title='bbox 1960 4004 2232 4059; x_wconf 87' lang='lat' dir='ltr'><strong>communi</strong></span> <span class='ocrx_word' id='word_1_605' title='bbox 2263 4011 2582 4058; x_wconf 85' lang='lat' dir='ltr'><strong>cunctorum</strong></span> <span class='ocrx_word' id='word_1_606' title='bbox 2622 4003 2886 4057; x_wconf 85' lang='lat' dir='ltr'><strong>sententia</strong></span> <span class='ocrx_word' id='word_1_607' title='bbox 2926 4001 3209 4056; x_wconf 88' lang='lat' dir='ltr'><strong>canonicis</strong></span> <span class='ocrx_word' id='word_1_608' title='bbox 3234 4000 3374 4072; x_wconf 84' lang='lat' dir='ltr'><strong>legi-</strong></span> 
     </span>
    </p>
   </div>
   <div class='ocr_carea' id='block_1_97' title="bbox 1792 4088 3368 4160">
    <p class='ocr_par' dir='ltr' id='par_1_97' title="bbox 1792 4088 3368 4160">
     <span class='ocr_line' id='line_1_97' title="bbox 1792 4088 3368 4160; baseline -0.001 -13"><span class='ocrx_word' id='word_1_609' title='bbox 1792 4090 1893 4148; x_wconf 86' lang='lat' dir='ltr'><strong>bus</strong></span> <span class='ocrx_word' id='word_1_610' title='bbox 1937 4092 2264 4156; x_wconf 89' lang='lat' dir='ltr'><strong>subdcmiui,</strong></span> <span class='ocrx_word' id='word_1_611' title='bbox 2313 4100 2370 4146; x_wconf 90' lang='lat' dir='ltr'><strong>et</strong></span> <span class='ocrx_word' id='word_1_612' title='bbox 2413 4100 2511 4160; x_wconf 77' lang='lat' dir='ltr'><strong>pro</strong></span> <span class='ocrx_word' id='word_1_613' title='bbox 2563 4098 2710 4144; x_wconf 88' lang='lat' dir='ltr'><strong>tanta</strong></span> <span class='ocrx_word' id='word_1_614' title='bbox 2764 4088 3128 4146; x_wconf 90' lang='lat' dir='ltr'><strong>inobedientia</strong></span> <span class='ocrx_word' id='word_1_615' title='bbox 3172 4090 3368 4146; x_wconf 82' lang='lat' dir='ltr'><strong>merito</strong></span> 
     </span>
    </p>
   </div>
   <div class='ocr_carea' id='block_1_98' title="bbox 1791 4180 3368 4255">
    <p class='ocr_par' dir='ltr' id='par_1_98' title="bbox 1791 4180 3368 4255">
     <span class='ocr_line' id='line_1_98' title="bbox 1791 4180 3368 4255; baseline -0.003 -16"><span class='ocrx_word' id='word_1_616' title='bbox 1791 4185 2107 4255; x_wconf 85' lang='lat' dir='ltr'><strong>puniemint.</strong></span> <span class='ocrx_word' id='word_1_617' title='bbox 2145 4183 2238 4237; x_wconf 76' lang='lat' dir='ltr'><strong>Est</strong></span> <span class='ocrx_word' id='word_1_618' title='bbox 2262 4185 2424 4247; x_wconf 84' lang='lat' dir='ltr'><strong>enim,</strong></span> <span class='ocrx_word' id='word_1_619' title='bbox 2446 4181 2698 4236; x_wconf 87' lang='lat' dir='ltr'><strong>Samuele</strong></span> <span class='ocrx_word' id='word_1_620' title='bbox 2724 4191 2915 4236; x_wconf 87' lang='lat' dir='ltr'><strong>sancto</strong></span> <span class='ocrx_word' id='word_1_621' title='bbox 2943 4183 3191 4245; x_wconf 87' lang='lat' dir='ltr'><strong>docente,</strong></span> <span class='ocrx_word' id='word_1_622' title='bbox 3212 4180 3368 4250; x_wconf 72' lang='lat' dir='ltr'><strong>quasi</strong></span> 
     </span>
    </p>
   </div>
   <div class='ocr_carea' id='block_1_99' title="bbox 1794 4266 3372 4345">
    <p class='ocr_par' dir='ltr' id='par_1_99' title="bbox 1794 4266 3372 4345">
     <span class='ocr_line' id='line_1_99' title="bbox 1794 4266 3372 4345; baseline -0.004 -18"><span class='ocrx_word' id='word_1_623' title='bbox 1794 4283 2063 4345; x_wconf 75' lang='lat' dir='ltr'><strong>peccatum</strong></span> <span class='ocrx_word' id='word_1_624' title='bbox 2088 4272 2371 4335; x_wconf 81' lang='lat' dir='ltr'><strong>ariolandi,</strong></span> <span class='ocrx_word' id='word_1_625' title='bbox 2405 4286 2731 4340; x_wconf 80' lang='lat' dir='ltr'><strong>repugnare;</strong></span> <span class='ocrx_word' id='word_1_626' title='bbox 2756 4281 2806 4325; x_wconf 88' lang='lat' dir='ltr'><strong>et</strong></span> <span class='ocrx_word' id='word_1_627' title='bbox 2845 4269 2997 4341; x_wconf 74' lang='lat' dir='ltr'><strong>quasi</strong></span> <span class='ocrx_word' id='word_1_628' title='bbox 3022 4267 3186 4322; x_wconf 78' lang='lat' dir='ltr'><strong>scelus</strong></span> <span class='ocrx_word' id='word_1_629' title='bbox 3208 4266 3372 4322; x_wconf 79' lang='lat' dir='ltr'><strong>idolo-</strong></span> 
     </span>
    </p>
   </div>
   <div class='ocr_carea' id='block_1_100' title="bbox 1797 4353 3371 4432">
    <p class='ocr_par' dir='ltr' id='par_1_100' title="bbox 1797 4353 3371 4432">
     <span class='ocr_line' id='line_1_100' title="bbox 1797 4353 3371 4432; baseline -0.004 -15"><span class='ocrx_word' id='word_1_630' title='bbox 1797 4363 1994 4428; x_wconf 63' lang='lat' dir='ltr'><strong>latria,</strong></span> <span class='ocrx_word' id='word_1_631' title='bbox 2025 4361 2162 4415; x_wconf 82' lang='lat' dir='ltr'><strong>nolle</strong></span> <span class='ocrx_word' id='word_1_632' title='bbox 2203 4362 2528 4432; x_wconf 71' lang='lat' dir='ltr'><strong>acquiescere</strong></span> <span class='ocrx_word' id='word_1_633' title='bbox 2558 4359 2608 4432; x_wconf 88' lang='grc' dir='ltr'><strong>(ι</strong></span> <span class='ocrx_word' id='word_1_634' title='bbox 2641 4359 2772 4431; x_wconf 84' lang='lat' dir='ltr'><strong>Reg.</strong></span> <span class='ocrx_word' id='word_1_635' title='bbox 2821 4357 2935 4431; x_wconf 79' lang='lat' dir='ltr'><strong>xv).</strong></span> <span class='ocrx_word' id='word_1_636' title='bbox 2984 4357 3120 4413; x_wconf 84' lang='lat' dir='ltr'><strong>Data</strong></span> <span class='ocrx_word' id='word_1_637' title='bbox 3151 4369 3204 4411; x_wconf 69' lang='lat' dir='ltr'><strong>Vt</strong></span> <span class='ocrx_word' id='word_1_638' title='bbox 3251 4353 3371 4411; x_wconf 78' lang='lat' dir='ltr'><strong>Kal.</strong></span> 
     </span>
    </p>
   </div>
   <div class='ocr_carea' id='block_1_101' title="bbox 1792 4448 2273 4516">
    <p class='ocr_par' dir='ltr' id='par_1_101' title="bbox 1792 4448 2273 4516">
     <span class='ocr_line' id='line_1_101' title="bbox 1792 4448 2273 4516; baseline -0.01 -8"><span class='ocrx_word' id='word_1_639' title='bbox 1792 4448 1967 4516; x_wconf 65' lang='lat' dir='ltr'><strong>Junii,</strong></span> <span class='ocrx_word' id='word_1_640' title='bbox 1992 4448 2180 4506; x_wconf 89' lang='lat' dir='ltr'><strong>indict.</strong></span> <span class='ocrx_word' id='word_1_641' title='bbox 2216 4464 2273 4504; x_wconf 84' lang='lat' dir='ltr'><strong>x.</strong></span> 
     </span>
    </p>
   </div>
   <div class='ocr_carea' id='block_1_102' title="bbox 2449 4554 2734 4615">
    <p class='ocr_par' dir='ltr' id='par_1_102' title="bbox 2449 4554 2734 4615">
     <span class='ocr_line' id='line_1_102' title="bbox 2449 4554 2734 4615; baseline 0.004 -4"><span class='ocrx_word' id='word_1_642' title='bbox 2449 4554 2734 4615; x_wconf 79' lang='lat' dir='ltr'><strong>LXXXIV.</strong></span> 
     </span>
    </p>
   </div>
   <div class='ocr_carea' id='block_1_103' title="bbox 2366 4662 2809 4712">
    <p class='ocr_par' dir='ltr' id='par_1_103' title="bbox 2366 4662 2809 4712">
     <span class='ocr_line' id='line_1_103' title="bbox 2366 4662 2809 4712; baseline 0.002 -9"><span class='ocrx_word' id='word_1_643' title='bbox 2366 4662 2434 4703; x_wconf 72' lang='lat' dir='ltr'><strong>AD</strong></span> <span class='ocrx_word' id='word_1_644' title='bbox 2472 4664 2571 4712; x_wconf 74' lang='grc' dir='ltr'><strong>Αρυ</strong></span> <span class='ocrx_word' id='word_1_645' title='bbox 2577 4664 2809 4706; x_wconf 59' lang='grc'><strong>1131808.</strong></span> 
     </span>
    </p>
   </div>
   <div class='ocr_carea' id='block_1_104' title="bbox 2397 4738 2771 4812">
    <p class='ocr_par' dir='ltr' id='par_1_104' title="bbox 2397 4738 2771 4812">
     <span class='ocr_line' id='line_1_104' title="bbox 2397 4738 2771 4812; baseline 0.008 -20"><span class='ocrx_word' id='word_1_646' title='bbox 2397 4738 2575 4810; x_wconf 81' lang='lat' dir='ltr'><strong>(Anno</strong></span> <span class='ocrx_word' id='word_1_647' title='bbox 2620 4741 2771 4812; x_wconf 83' lang='lat'><strong>877.)</strong></span> 
     </span>
    </p>
   </div>
   <div class='ocr_carea' id='block_1_105' title="bbox 1805 4819 3384 4901">
    <p class='ocr_par' dir='ltr' id='par_1_105' title="bbox 1805 4819 3384 4901">
     <span class='ocr_line' id='line_1_105' title="bbox 1805 4819 3384 4901; baseline -0.008 -15"><span class='ocrx_word' id='word_1_648' title='bbox 1805 4829 1941 4899; x_wconf 71' lang='lat' dir='ltr'><strong>Quae</strong></span> <span class='ocrx_word' id='word_1_649' title='bbox 1961 4831 2024 4885; x_wconf 84' lang='lat' dir='ltr'><strong>de</strong></span> <span class='ocrx_word' id='word_1_650' title='bbox 2044 4844 2104 4883; x_wconf 85' lang='lat' dir='ltr'><strong>co</strong></span> <span class='ocrx_word' id='word_1_651' title='bbox 2128 4837 2340 4885; x_wconf 78' lang='lat' dir='ltr'><strong>amt&#39;stre</strong></span> <span class='ocrx_word' id='word_1_652' title='bbox 2362 4827 2680 4901; x_wconf 75' lang='lat' dir='ltr'><strong>ferebantur,</strong></span> <span class='ocrx_word' id='word_1_653' title='bbox 2711 4831 2766 4886; x_wconf 79' lang='lat' dir='ltr'><strong>in</strong></span> <span class='ocrx_word' id='word_1_654' title='bbox 2795 4822 3029 4901; x_wconf 74' lang='lat' dir='ltr'><strong>generali</strong></span> <span class='ocrx_word' id='word_1_655' title='bbox 3056 4819 3274 4877; x_wconf 74' lang='lat' dir='ltr'><strong>concilio</strong></span> <span class='ocrx_word' id='word_1_656' title='bbox 3294 4834 3384 4874; x_wconf 82' lang='lat' dir='ltr'><strong>ca-</strong></span> 
     </span>
    </p>
   </div>
   <div class='ocr_carea' id='block_1_106' title="bbox 2177 4899 3022 4972">
    <p class='ocr_par' dir='ltr' id='par_1_106' title="bbox 2177 4899 3022 4972">
     <span class='ocr_line' id='line_1_106' title="bbox 2177 4899 3022 4972; baseline -0.014 -17"><span class='ocrx_word' id='word_1_657' title='bbox 2177 4903 2360 4957; x_wconf 78' lang='lat' dir='ltr'><strong>nonice</strong></span> <span class='ocrx_word' id='word_1_658' title='bbox 2383 4899 2711 4953; x_wconf 82' lang='lat' dir='ltr'><strong>terminanda</strong></span> <span class='ocrx_word' id='word_1_659' title='bbox 2730 4899 3022 4972; x_wconf 65' lang='lat' dir='ltr'><strong>signiﬁcat.</strong></span> 
     </span>
    </p>
   </div>
   <div class='ocr_carea' id='block_1_107' title="bbox 1874 4987 2879 5064">
    <p class='ocr_par' dir='ltr' id='par_1_107' title="bbox 1874 4987 2879 5064">
     <span class='ocr_line' id='line_1_107' title="bbox 1874 4987 2879 5064; baseline -0.004 -17"><span class='ocrx_word' id='word_1_660' title='bbox 1874 4992 1955 5047; x_wconf 78' lang='lat' dir='ltr'><strong>Ad</strong></span> <span class='ocrx_word' id='word_1_661' title='bbox 1982 4992 2307 5056; x_wconf 76' lang='lat' dir='ltr'><strong>AQUILEIEUS</strong></span> <span class='ocrx_word' id='word_1_662' title='bbox 2342 4988 2408 5062; x_wconf 65' lang='grc' dir='ltr'><strong>[Γ.</strong></span> <span class='ocrx_word' id='word_1_663' title='bbox 2436 4987 2879 5064; x_wconf 79' lang='lat' dir='ltr'><strong>Aquileiensem].</strong></span> 
     </span>
    </p>
   </div>
   <div class='ocr_carea' id='block_1_108' title="bbox 1876 5061 3402 5143">
    <p class='ocr_par' dir='ltr' id='par_1_108' title="bbox 1876 5061 3402 5143">
     <span class='ocr_line' id='line_1_108' title="bbox 1876 5061 3402 5143; baseline -0.003 -6"><span class='ocrx_word' id='word_1_664' title='bbox 1876 5081 2134 5137; x_wconf 78' lang='lat' dir='ltr'><strong>Novimus</strong></span> <span class='ocrx_word' id='word_1_665' title='bbox 2161 5061 2398 5143; x_wconf 84' lang='lat' dir='ltr'><strong>vestram</strong></span> <span class='ocrx_word' id='word_1_666' title='bbox 2422 5077 2808 5139; x_wconf 88' lang='lat' dir='ltr'><strong>beatitudinem</strong></span> <span class='ocrx_word' id='word_1_667' title='bbox 2833 5061 2864 5135; x_wconf 66' lang='lat'><strong>5</strong></span> <span class='ocrx_word' id='word_1_668' title='bbox 2887 5062 3175 5131; x_wconf 65' lang='lat' dir='ltr'><strong>nonnum?»</strong></span> <span class='ocrx_word' id='word_1_669' title='bbox 3198 5064 3265 5119; x_wconf 70' lang='lat' dir='ltr'><strong>de</strong></span> <span class='ocrx_word' id='word_1_670' title='bbox 3283 5061 3402 5132; x_wconf 73' lang='grc' dir='ltr'><strong>(ιυί-</strong></span> 
     </span>
    </p>
   </div>
   <div class='ocr_carea' id='block_1_109' title="bbox 138 5151 3410 5248">
    <p class='ocr_par' dir='ltr' id='par_1_109' title="bbox 138 5151 3410 5248">
     <span class='ocr_line' id='line_1_109' title="bbox 138 5151 3410 5248; baseline 0.001 -26"><span class='ocrx_word' id='word_1_671' title='bbox 138 5151 347 5231; x_wconf 64' lang='grc' dir='ltr'><strong>ιεεηιην.⁷</strong></span> <span class='ocrx_word' id='word_1_672' title='bbox 370 5175 472 5231; x_wconf 90' lang='lat' dir='ltr'><strong>Sin</strong></span> <span class='ocrx_word' id='word_1_673' title='bbox 516 5187 693 5235; x_wconf 85' lang='lat' dir='ltr'><strong>autem</strong></span> <span class='ocrx_word' id='word_1_674' title='bbox 720 5151 995 5235; x_wconf 78' lang='lat' dir='ltr'><strong>communi</strong></span> <span class='ocrx_word' id='word_1_675' title='bbox 1035 5151 1278 5238; x_wconf 73' lang='lat' dir='ltr'><strong>omnium</strong></span> <span class='ocrx_word' id='word_1_676' title='bbox 1304 5151 1552 5248; x_wconf 67' lang='lat' dir='ltr'><strong>decreto,</strong></span> <span class='ocrx_word' id='word_1_677' title='bbox 1577 5198 1702 5242; x_wconf 83' lang='lat' dir='ltr'><strong>cum</strong></span> <span class='ocrx_word' id='word_1_678' title='bbox 1801 5173 2035 5233; x_wconf 84' lang='lat' dir='ltr'><strong>busdam</strong></span> <span class='ocrx_word' id='word_1_679' title='bbox 2079 5174 2391 5234; x_wconf 88' lang='lat' dir='ltr'><strong>sinisterius</strong></span> <span class='ocrx_word' id='word_1_680' title='bbox 2432 5168 2718 5236; x_wconf 79' lang='lat' dir='ltr'><strong>diii&#39;amari,</strong></span> <span class='ocrx_word' id='word_1_681' title='bbox 2775 5164 2921 5240; x_wconf 83' lang='lat' dir='ltr'><strong>quod</strong></span> <span class='ocrx_word' id='word_1_682' title='bbox 2953 5151 3283 5248; x_wconf 55' lang='grc' dir='ltr'><strong>Ρῗοῖθοίοω</strong></span> <span class='ocrx_word' id='word_1_683' title='bbox 3320 5161 3410 5248; x_wconf 61' lang='grc' dir='ltr'><strong>εἶ’</strong></span> 
     </span>
    </p>
   </div>
   <div class='ocr_carea' id='block_1_110' title="bbox 142 5252 1695 5338">
    <p class='ocr_par' dir='ltr' id='par_1_110' title="bbox 142 5252 1695 5338">
     <span class='ocr_line' id='line_1_110' title="bbox 142 5252 1695 5338; baseline 0.013 -27"><span class='ocrx_word' id='word_1_684' title='bbox 142 5257 421 5320; x_wconf 81' lang='lat' dir='ltr'><strong>Ecclesium</strong></span> <span class='ocrx_word' id='word_1_685' title='bbox 447 5252 552 5319; x_wconf 88' lang='lat' dir='ltr'><strong>non</strong></span> <span class='ocrx_word' id='word_1_686' title='bbox 582 5270 796 5324; x_wconf 89' lang='lat' dir='ltr'><strong>audisse</strong></span> <span class='ocrx_word' id='word_1_687' title='bbox 815 5270 1130 5337; x_wconf 82' lang='lat' dir='ltr'><strong>claruerint,</strong></span> <span class='ocrx_word' id='word_1_688' title='bbox 1153 5280 1313 5327; x_wconf 89' lang='lat' dir='ltr'><strong>erunt</strong></span> <span class='ocrx_word' id='word_1_689' title='bbox 1331 5272 1514 5338; x_wconf 91' lang='lat' dir='ltr'><strong>procul</strong></span> <span class='ocrx_word' id='word_1_690' title='bbox 1534 5272 1695 5331; x_wconf 89' lang='lat' dir='ltr'><strong>dubio</strong></span> 
     </span>
    </p>
   </div>
   <div class='ocr_carea' id='block_1_111' title="bbox 1804 5236 3414 5338">
    <p class='ocr_par' dir='ltr' id='par_1_111' title="bbox 1804 5236 3414 5338">
     <span class='ocr_line' id='line_1_111' title="bbox 1804 5236 3414 5338; baseline 0.017 -23"><span class='ocrx_word' id='word_1_691' title='bbox 1804 5261 1987 5323; x_wconf 80' lang='lat' dir='ltr'><strong>nodali</strong></span> <span class='ocrx_word' id='word_1_692' title='bbox 2010 5268 2093 5317; x_wconf 87' lang='lat' dir='ltr'><strong>est</strong></span> <span class='ocrx_word' id='word_1_693' title='bbox 2121 5271 2397 5323; x_wconf 85' lang='lat' dir='ltr'><strong>conventu</strong></span> <span class='ocrx_word' id='word_1_694' title='bbox 2423 5256 2489 5328; x_wconf 78' lang='lat' dir='ltr'><strong>U-</strong></span> <span class='ocrx_word' id='word_1_695' title='bbox 2517 5236 2808 5332; x_wconf 75' lang='lat' dir='ltr'><strong>intesriusl</strong></span> <span class='ocrx_word' id='word_1_696' title='bbox 2836 5244 3077 5338; x_wconf 51' lang='lat' dir='ltr'><strong>meri.“</strong></span> <span class='ocrx_word' id='word_1_697' title='bbox 3101 5247 3159 5292; x_wconf 55' lang='grc' dir='ltr'>εί</span> 
     </span>
    </p>
   </div>
  </div>
