4042 6302
543 330 650 396 ’158

1851 351 2134 410 JOANNIS
2164 351 2365 411 PAPJE
2401 358 2513 414 VIII

541 445 701 505 vobis
726 451 887 517 comi,
917 451 1059 522 quod
1107 451 1265 518 absit,
1292 453 1387 508 sed
1418 459 1674 526 unguenti
1717 463 1973 517 commoti
2016 464 2099 533 juo
2130 463 2179 523 Δ
2204 459 2481 548 Benedicti
2534 467 2850 538 degentibus
2909 487 3053 530 nunc
3093 484 3153 531 et
3202 475 3398 534 futuris
3445 483 3822 548 temporibus.

542 539 780 594 cundum
815 542 1000 595 reddat
1017 541 1260 606 odorem;
1283 543 1388 598 nisi
1410 543 1547 598 forte
1563 547 1804 602 absentia
1833 565 2117 619 procurata

544 638 676 681 vera
720 644 842 697 quae
869 629 1122 684 dicuntur
1143 632 1212 686 de
1254 634 1406 687 vobis
1434 638 1768 703 comprobet,
1799 650 1854 694 et
1901 656 2117 710 poenam

547 716 742 770 merito
795 716 1033 786 irroget:
1067 733 1188 786 qua:
1238 721 1280 774 si
1339 722 1572 788 adesset,
1607 727 1866 796 magistra
1905 730 2115 797 justitia

545 803 772 860 forsitan
820 809 1112 864 retulisset.
1186 809 1322 866 Data
1361 829 1416 867 ιι
1462 813 1730 872 Kalendas
1761 817 1926 886 Junii,
1981 823 2119 878 indi-

542 896 723 950 ctione
749 897 979 952 decima.

1201 987 1465 1045 LXXXV.

719 1111 788 1150 ΔΙ)
826 1111 1149 1154 σσΛιι-ἰςιιιυι
1183 1115 1471 1155 PRINCIPEI
1509 1118 1933 1164 ελιειιιιιτλιωι.

1151 1191 1328 1261 (Anno
1372 1192 1522 1264 877.)

613 1295 845 1355 Joannes
899 1300 1183 1371 episcopus
1245 1301 1542 1360 GUAll-‘EBIO
1597 1307 1824 1377 principi
1879 1310 2118 1367 Salerni-

543 1397 693 1442 tano.

614 1480 752 1545 Quia
813 1480 1286 1551 Neapolitanorum
1346 1484 1499 1539 ducis
1559 1486 1762 1558 legatos
1823 1490 2116 1544 secundum

541 1569 713 1640 ipsius
752 1580 806 1625 et
829 1581 1009 1627 vestra
1039 1571 1241 1641 scripta
1289 1575 1601 1643 praestolati,
1645 1594 1746 1633 nec
1773 1581 2116 1650 contemplati

539 1674 750 1728 sumus,
773 1662 966 1717 iterato
995 1663 1327 1720 excellentia:
1358 1674 1462 1721 tua:
1498 1668 1737 1723 scribere
1766 1673 2026 1742 cogimur,
2056 1682 2117 1726 ut

541 1749 688 1803 illum
727 1766 756 1804 a
786 1751 1008 1820 perﬁdis
1031 1764 1364 1822 separatum,
1395 1757 1498 1825 piis
1535 1767 1736 1813 sanctis
1787 1764 1977 1817 matris
2009 1763 2112 1818 Ec-

537 1839 718 1894 clesiae
745 1843 966 1911 gremiis
1016 1847 1382 1902 restituamus.
1426 1847 1480 1901 ln
1514 1863 1620 1917 quo
1645 1851 1770 1918 quia
1809 1852 1921 1920 jam
1951 1854 2119 1922 pluri-

537 1941 685 1982 mum
712 1929 990 1998 laborasti,
1022 1933 1342 1990 industriam
1370 1946 1514 1991 tuam
1549 1939 1677 1994 item
1709 1940 1942 2010 itemque
1971 1942 2122 1998 labo-

536 2033 667 2074 rare
706 2019 812 2074 ﬁne
843 2029 999 2076 tenus
1025 2024 1394 2080 exhortamur.
1426 2027 1578 2094 Quod
1601 2029 1644 2084 si
1680 2029 1919 2098 iniquam
1962 2031 2118 2086 colli-

536 2108 808 2178 gationem
866 2113 1048 2166 statim
1094 2113 1400 2184 dirumpere
1445 2128 1797 2186 praeparatur,
1847 2135 1968 2175 cum
2017 2122 2120 2177 hoc

542 2197 846 2251 certissime
873 2199 1179 2266 scierimus,
1210 2216 1306 2271 per
1332 2205 1689 2275 nosmetipsos
1718 2208 1784 2260 ad
1812 2206 2118 2277 Trajectum

535 2289 966 2357 properabimus,
995 2301 1050 2345 et
1077 2292 1179 2346 hoc
1206 2294 1346 2361 quod
1373 2297 1636 2363 qnzeritnr
1681 2307 1736 2352 et
1774 2300 2114 2369 quodvejam

534 2377 856 2445 promissum
887 2390 970 2433 est
1007 2381 1192 2445 etiam,
1226 2384 1455 2452 amplius
1502 2385 1856 2443 libentissime
1912 2390 2112 2459 largie-

483 2495 487 2499 ~
535 2481 679 2532 mur,
712 2467 928 2522 clariori
957 2470 1218 2524 duntaxat
1264 2475 1588 2530 certitudine
1628 2492 1692 2530 ac
1734 2478 1855 2532 ﬁdei
1888 2480 2117 2536 veritate

533 2554 680 2610 inter
708 2564 992 2627 utramque
1012 2570 1221 2628 partem
1246 2565 1573 2632 composita;
1609 2566 1698 2618 ubi
1731 2581 1944 2637 quoque
1968 2577 2116 2624 tuam

534 2648 970 2718 sanctissimique
1005 2650 1245 2706 Landnlﬁ
1271 2655 1548 2718 antistitis,
1581 2667 1635 2710 et
1665 2657 1904 2724 praedicti
1937 2659 2113 2726 ducis,

535 2750 636 2792 nec
662 2753 764 2792 non
791 2749 843 2792 et
866 2738 1145 2796 Pulcharis
1175 2740 1390 2808 gloriosi
1415 2741 1739 2811 praefectorii
1771 2747 1962 2802 adesse
1977 2761 2108 2815 prae»

485 2851 489 2855 ’
535 2829 764 2883 sentiam
789 2831 1052 2900 cupimus.
1079 2831 1146 2886 Et
1167 2842 1225 2887 ut
1251 2844 1442 2904 agatur
1477 2835 1752 2890 solertiam
1791 2846 1934 2891 tuam
1964 2845 2114 2894 sata:

485 2925 487 2928 ‘
536 2934 663 2990 gere
687 2919 1006 2992 ﬂagitamus.
1054 2922 1205 2990 Quod
1249 2925 1295 2980 si
1336 2927 1471 2981 adeo
1499 2928 1637 2981 idem
1685 2929 1791 2983 dux
1819 2933 2112 2986 secundum

535 3009 790 3063 duritiam
827 3025 980 3064 suam
1028 3020 1082 3066 et
1124 3027 1218 3066 cor
1256 3013 1597 3083 impmnitens
1634 3017 1965 3073 thesaurizat
2007 3020 2109 3075 sibi

534 3098 672 3153 iram
711 3099 763 3154 ia
795 3101 881 3155 die
917 3101 1010 3156 ira:
1047 3101 1217 3168 (Rom.
1270 3103 1356 3173 ιι),
1389 3113 1447 3158 ιιι
1472 3115 1564 3158 aut
1583 3114 1852 3176 protelare
1881 3122 1973 3165 aut
2018 3128 2111 3182 pe-
2136 3127 2181 3189 ο

532 3186 680 3244 nitus
699 3204 810 3243 suae
837 3189 1004 3259 ipsius
1026 3201 1080 3244 et
1104 3191 1393 3246 multorum
1417 3193 1606 3249 salutis
1630 3212 1848 3254 causam
1871 3210 2110 3256 contem-

532 3288 665 3330 nere
686 3277 837 3340 velit,
868 3285 923 3332 et
951 3278 1051 3333 hoc
1081 3279 1253 3349 ipsum
1277 3282 1458 3335 statim
1481 3298 1806 3352 cognoscere
1829 3290 2106 3357 cupimus:

535 3366 790 3434 quoniam
812 3369 968 3422 nobis
1006 3385 1105 3424 nec
1143 3371 1455 3435 humanum,
1494 3389 1593 3430 nec
1636 3377 1872 3432 divinum
1899 3380 2112 3436 deﬁciet

536 3468 758 3520 prorsus
797 3457 1077 3511 consilium
1113 3469 1168 3514 et
1192 3461 1480 3528 auxilium;
1515 3466 1657 3533 quod
1693 3467 1849 3535 plane
1887 3471 2110 3544 reddi-re

536 3545 584 3599 ei
621 3549 920 3602 secundum
945 3565 1081 3619 opus
1109 3566 1263 3605 suum
1293 3561 1346 3606 et
1367 3556 1661 3610 secundum
1692 3558 1926 3613 fructum
1959 3562 2112 3614 adin-

535 3638 845 3692 ventionum
873 3655 1208 3696 suarum.....
1243 3651 1355 3697 toto
1378 3647 1541 3700 corde
1567 3647 1900 3712 desiderant,
1929 3650 1983 3703 in
2016 3651 2109 3703 ad-

534 3736 696 3780 Ventu
728 3727 867 3782 illius
917 3730 1184 3785 exsultent
1232 3746 1248 3785 :
1301 3734 1425 3802 quia
1482 3743 1537 3788 et
1583 3737 1920 3804 omnipotens
1972 3737 2111 3792 Dens

535 3811 765 3869 blandus
788 3816 950 3885 justis
975 3829 1029 3872 et
1064 3819 1318 3874 terribilis
1347 3825 1625 3891 apparebit
1654 3824 1887 3892 injustis.
1917 3825 2107 3880 Vestra

534 3905 726 3975 itaque.
751 3908 1097 3963 dilectissnma
1134 3912 1370 3967 Charitas
1410 3913 1811 3968 devotissimam
1857 3931 1914 3969 se
1950 3933 2112 3985 super

534 3997 640 4052 hoc
670 3999 822 4051 nobis
857 4001 1126 4064 exhibeat,
1156 4013 1210 4054 et
1237 4019 1515 4073 quousque
1560 4007 1701 4059 vires
1743 4009 2107 4074 suppeditant,

534 4084 781 4140 laborare
823 4102 926 4140 non
955 4097 1150 4152 cesset,
1179 4098 1236 4142 ιιι
1261 4091 1385 4143 dum
1420 4094 1615 4146 vestris
1657 4097 1956 4148 hortatibus
1999 4098 2112 4151 haec

534 4181 719 4227 nostra
749 4174 1034 4240 postulatio
1063 4177 1131 4230 ad
1167 4175 1412 4232 eﬂ‘ectum
1439 4184 1762 4250 pervenerit,
1794 4185 1982 4255 dignas
2003 4201 2098 4238 v0-

536 4261 620 4315 bis
645 4263 846 4332 gratias
894 4263 1214 4332 referamus,
1245 4278 1298 4322 et
1327 4272 1464 4338 apud
1497 4282 1711 4325 sanctos
1739 4274 2013 4342 apostolos
2055 4274 2105 4326 in

533 4354 869 4408 orationibus
920 4359 1117 4411 nostris
1161 4361 1475 4414 memoriam
1525 4363 1835 4417 habeamus.
1877 4362 2010 4416 Data
2049 4377 2109 4417 ιιι

535 4441 800 4499 Kalendas
827 4443 993 4512 Junii,
1023 4445 1313 4503 indictione
1352 4449 1578 4505 decima.

1182 4559 1466 4616 LXXXVI.

535 4679 604 4720 AD
636 4681 878 4724 CAROLUI
914 4684 1289 4725 IIPEBATOBEI
1329 4687 1594 4728 ϐειιοῖιιειι
1627 4689 1869 4730 ΑΒΒΑἹἙΙ
1901 4689 2112 4730 1⁸08το-

915 4754 1139 4794 TIENSEII
1167 4757 1391 4804 EJUSQUE
1426 4759 1719 4800 IltINACIIOS.

1137 4851 1329 4920 (Anno
1357 4853 1509 4924 877.)

535 4984 691 5040 Cella?
717 4984 932 5058 Godith,
963 5005 994 5038 α
1030 4987 1295 5058 Desiderio
1324 4989 1552 5056 principe
1583 4990 1818 5057 fundata!
1855 5008 1951 5043 sua
1974 5008 2104 5058 μίγη

603 5057 915 5123 conﬁrmat;
971 5056 1156 5124 quibus
1215 5058 1359 5109 addit
1417 5056 1793 5111 immunitatem
1849 5062 1913 5114 ab
1963 5056 2104 5114 omni

601 5127 878 5194 episcopali
898 5127 1268 5194 jurisdictiane
1296 5143 1434 5179 anno
1462 5125 1656 5181 Christi
1678 5129 1801 5183 877.

601 5235 832 5292 Joannes
855 5239 1162 5307 episcopus,
1190 5251 1380 5292 servus
1401 5253 1678 5294 servorum
1703 5240 1818 5304 Dei,
1841 5239 2102 5310 spirituali

533 5325 644 5382 ﬁlio
677 5339 860 5381 nostro
888 5328 1120 5397 glorioso
1146 5327 1362 5382 ΟΑιιοιο
1394 5328 1701 5398 imperatori
1735 5331 1974 5401 Augusto
1995 5371 2009 5394 ,
2039 5345 2104 5386 ac

532 5416 754 5473 Guttom
786 5419 985 5488 inclyte
1031 5417 1243 5481 abbati,
1274 5419 1590 5489 dilectisque
1623 5421 1746 5476 ﬁliis
1790 5422 1842 5475 in
1875 5421 2108 5475 Trenor-

531 5506 658 5561 chio
702 5509 1028 5563 monasterio
1071 5517 1271 5563 sancta:
1299 5519 1354 5562 et
1395 5511 1759 5573 intemeratas,
1791 5527 2108 5582 semperque

533 5597 760 5668 virginis
788 5600 878 5653 Dei
907 5601 1183 5671 genitricis
1206 5601 1418 5667 Μαι-ξω,
1447 5609 1609 5672 atque
1633 5605 1871 5673 pretioso
1899 5602 2111 5658 confes-

537 5687 646 5742 sori
698 5673 898 5746 Christi
953 5691 1212 5748 Filiberto
1259 5694 1491 5764 targito,
1547 5693 1646 5750 sub
1703 5693 1898 5764 regula
1937 5694 2110 5749 sancti

2133 4475 2187 4534 D

2289 547 2577 620 Postquam
2599 555 2767 621 enim,
2791 557 3083 615 auxiliante
3105 560 3343 626 Christo,
3367 547 3623 620 Ecclesia:
3642 571 3828 638 οωρὶι

2221 639 2394 707 origo,
2423 656 2636 712 semper
2680 645 2965 714 impiorum
3006 647 3220 707 ﬂatibus
3248 654 3507 724 agitatur.
3542 654 3650 711 Sed
3677 658 3820 726 quia

2219 731 2420 786 nostris
2448 735 2779 803 temporibus
2803 737 2904 793 alis
2929 741 3298 810 imperialibus
3323 746 3652 810 sustollitur,
3683 762 3819 809 nos,

2220 821 2275 874 in
2312 833 2571 890 quantum
2596 826 2868 891 valemus,
2895 833 3206 900 apostolicis
3231 837 3652 891 auctoritatibus
3679 852 3822 891 con-

2217 908 2436 965 ﬁrmare
2489 913 2762 968 debemus.
2831 916 3060 974 Proinde
3120 921 3274 991 juxta
3329 923 3652 992 petitionem
3710 910 3819 979 ﬁlii

2219 999 2386 1052 nostri
2431 1002 2914 1068 praecellentissimi
2958 1009 3296 1076 imperatoris
3324 1011 3547 1077 Caroli,
3589 1013 3817 1082 privib—

2219 1085 2362 1155 ginm
2388 1088 2688 1159 hujusmodi
2703 1095 3041 1150 auctoritatis
3059 1106 3256 1152 nostra:
3273 1099 3448 1152 eidem
3471 1103 3818 1157 monasterio

2218 1174 2414 1228 vestris
2441 1176 2744 1247 futurisque
2777 1181 3106 1249 temporibus
3135 1184 3509 1254 indulgemus,
3554 1189 3818 1241 concedi—

2219 1276 2338 1315 mus
2359 1275 2521 1332 atque
2546 1267 2945 1336 confirmamus,
2990 1279 3048 1324 ut
3077 1272 3214 1324 sicut
3241 1272 3355 1340 ipse
3379 1273 3819 1343 gloriosissimus

2220 1349 2360 1406 ﬁlius
2390 1365 2593 1420 noster,
2631 1373 2728 1426 per
2755 1358 3189 1427 deprecationem
3225 1353 3485 1419 Desiderii
3515 1367 3817 1438 principis,

2218 1443 2408 1496 cellam
2441 1460 2561 1513 qua:
2597 1458 2821 1502 vocatur
2867 1449 3064 1505 Godith
3108 1453 3160 1506 in
3201 1469 3340 1524 pago
3366 1455 3680 1510 Vallavensi
3705 1497 3724 1520 ,
3754 1458 3818 1512 in

2220 1531 2340 1588 loco
2361 1535 2450 1603 qui
2477 1536 2674 1591 dicitur
2701 1537 2867 1594 Vallis
2893 1542 3152 1612 Angusta,
3180 1544 3296 1599 loco
3321 1547 3609 1614 praedicto,
3635 1563 3820 1604 necne

2220 1624 2548 1692 praescriptis
2587 1628 2830 1693 sanctis,
2868 1645 2990 1684 cum
3033 1631 3174 1686 villis
3215 1648 3280 1688 ac
3324 1633 3682 1689 facultatibus
3713 1651 3816 1690 seu

2220 1712 2499 1781 stipendiis
2547 1718 2856 1784 concessit,
2891 1728 2946 1774 et
2989 1732 3256 1791 praecepto
3297 1738 3410 1779 sua
3461 1727 3818 1782 auctoritatis

2150 1795 2195 1854 Β
2223 1803 2493 1857 roboravit
2542 1814 2706 1874 atque
2750 1808 3031 1879 privilegio
3071 1811 3300 1866 fratrum
3339 1821 3395 1867 et
3434 1812 3673 1869 ﬁliorum
3719 1830 3820 1871 no-

2221 1901 2460 1948 strorum
2495 1897 2871 1966 episcoporum
2916 1901 3130 1956 illarum
3170 1904 3457 1973 regionum
3487 1905 3818 1968 confirmati

2219 1983 2390 2040 fecit:
2430 1987 2501 2040 ita
2545 1987 2685 2041 sicut
2735 1989 2789 2043 in
2829 1992 3017 2046 eadem
3067 1993 3252 2047 charta
3297 1995 3601 2050 nobilitatis
3643 2011 3818 2066 quam

2219 2071 2348 2128 fecit
2380 2074 2710 2142 Desiderius,
2737 2086 2790 2132 et
2819 2091 3084 2150 praecepto
3111 2082 3205 2137 ﬁlii
3241 2085 3413 2138 nostri
3455 2085 3638 2140 Caroli
3676 2103 3816 2142 con-

2219 2164 2444 2228 tinetur,
2477 2166 2792 2222 inconvulsa
2823 2182 3175 2238 permaneant
3203 2191 3220 2226 :
3266 2182 3324 2228 ut
3366 2174 3546 2228 nullus
3576 2191 3810 2245 regum,

2217 2269 2376 2308 nemo
2397 2256 2696 2310 antistitum
2719 2258 2798 2313 vel
2821 2261 3093 2326 abbatum,
3115 2277 3207 2316 seu
3232 2263 3460 2334 quilibet
3475 2281 3814 2337 quacunque

2216 2347 2472 2415 pmditus
2501 2347 2780 2417 dignitate,
2811 2349 2878 2404 de
2920 2351 3003 2404 his
3031 2367 3148 2420 qua:
3194 2353 3247 2406 in
3279 2354 3380 2407 hoc
3410 2355 3698 2425 privilegio
3729 2355 3819 2411 vel

2216 2433 2270 2487 in
2315 2435 2600 2503 praeceptis
2647 2437 2814 2506 ipsius
2861 2438 2954 2492 ﬁlii
2997 2441 3162 2493 nostri
3209 2441 3388 2494 Caroli
3425 2444 3813 2508 continentur,

2215 2522 2508 2592 quidquam
2550 2525 2743 2580 exinde
2789 2528 3032 2582 minuere
3078 2529 3162 2583 vel
3209 2529 3422 2585 auferre
3462 2545 3818 2601 praesumat;

2215 2613 2310 2666 sed
2364 2627 2555 2666 cuneta
2603 2630 2723 2683 qua:
2768 2615 3006 2683 prtefalte
3053 2617 3299 2673 ecclesiae
3345 2619 3563 2676 Coditbi
3621 2623 3819 2679 oblata

2213 2710 2341 2756 sunt
2393 2702 2481 2755 vel
2530 2702 2708 2758 oﬁ'erri
2758 2707 3077 2777 contigerit,
3127 2707 3441 2764 inconvulsa
3487 2723 3544 2765 et
3597 2711 3821 2770 illibata

2214 2801 2587 2860 permaneant.
2625 2792 3142 2851 Constituimus-alia
3179 2801 3498 2854 auctoritate
3523 2801 3672 2856 beati
3708 2802 3821 2858 Pe-

2214 2880 2320 2945 tri,
2347 2889 2407 2935 ut
2447 2883 2673 2938 ecclesia
2720 2884 2771 2938 in
2812 2886 2950 2940 valle
2999 2887 3250 2957 praedicta
3281 2900 3622 2958 constructa,
3651 2902 3716 2947 et
3756 2894 3821 2949 in

2213 2972 2416 3027 honore
2445 2973 2755 3035 Salvatoris,
2790 2975 3013 3048 citusque
3039 2978 3328 3036 Genitricis
3363 2983 3570 3048 dicata,
3599 2985 3818 3039 immu-

2211 3062 2298 3116 nis
2345 3061 2609 3118 habeatur
2658 3064 2727 3119 ab
2769 3069 2917 3121 omni
2967 3069 3337 3126 dominatione
3382 3080 3628 3139 terrena,
3669 3077 3821 3144 quia

2213 3154 2470 3222 iniustum
2495 3157 2830 3216 decernimus
2857 3170 2914 3214 ut
2943 3161 3171 3232 gloriosa
3207 3163 3387 3218 mundi
3415 3163 3642 3236 Regina,
3676 3182 3819 3236 qua:

2213 3263 2334 3304 cum
2371 3248 2508 3304 Filio
2534 3249 2744 3318 juncta,
2775 3252 3011 3307 exaltata
3045 3263 3129 3308 est
3170 3270 3332 3322 super
3354 3255 3547 3311 choros
3574 3257 3818 3327 angelo-

2213 3350 2356 3400 rum,
2391 3336 2638 3393 humanis
2661 3341 2924 3394 subdatur
2949 3343 3326 3410 potestatibus.
3353 3342 3818 3400 Anatbematiza-

2214 3440 2358 3490 mus,
2387 3427 2563 3494 igitur,
2597 3437 2655 3483 ut
2680 3445 2838 3484 nemo
2864 3432 3162 3485 antistitum
3189 3432 3364 3488 locum
3390 3435 3488 3488 sibi
3514 3435 3820 3492 vindicare

2212 3513 2426 3576 audeat,
2472 3529 2563 3569 seu
2603 3517 2845 3585 qualibet
2885 3519 3172 3575 occasione
3214 3521 3575 3584 absolutionis,
3617 3533 3822 3591 atque

2212 3593 2844 3674 excommunicationis,’
2880 3609 2964 3664 vel
3017 3625 3186 3665 sacra:
3237 3612 3571 3666 ordinationis
3628 3613 3826 3670 adire

2211 3704 2500 3759 praesumat
2524 3735 2539 3759 ,
2569 3697 2669 3750 nisi
2717 3697 2784 3751 ab
2817 3698 3010 3753 abbate
3053 3699 3192 3765 loci,
3226 3700 3309 3754 vel
3353 3716 3382 3754 a
3409 3701 3684 3756 monachis
3724 3705 3823 3760 ibi

2211 3784 2321 3838 Deo
2351 3787 2717 3845 servientibus
2745 3790 2906 3844 fuerit
2938 3792 3215 3846 invitatus.
3247 3791 3506 3847 caeterum
3543 3794 3612 3848 ab
3640 3797 3820 3852 omni

2211 3876 2455 3930 saeculari
2488 3892 2721 3945 persona
2746 3880 3088 3941 decernimus
3133 3896 3256 3936 esse
3299 3881 3521 3935 liberum
3547 3890 3605 3936 et
3641 3885 3818 3952 quie-

2213 3974 2363 4031 tum,
2417 3975 2478 4020 ut
2527 3952 2888 4039 inprazceptis
2916 3970 3007 4025 ﬁlii
3049 3972 3220 4027 nostri
3246 3970 3422 4027 Caroli
3461 3972 3812 4028 continetur.

2215 4053 2270 4109 Si
2311 4056 2441 4125 quis
2482 4065 2660 4111 autem
2711 4061 2997 4115 temerario
3042 4077 3219 4126 ausu,
3277 4078 3468 4131 magna
3513 4077 3816 4132 parvaque

2213 4159 2474 4213 persona,
2507 4157 2692 4201 contra
2739 4150 2840 4204 hoc
2876 4159 3116 4205 nostrum
3149 4151 3426 4206 decretum
3466 4166 3625 4222 agere
3658 4167 3817 4219 prte-

2213 4235 2536 4302 sumpserit,
2565 4236 2699 4290 sciat
2728 4253 2787 4292 se
2833 4240 3196 4294 anathematis
3238 4239 3447 4295 vinculo
3488 4256 3608 4295 esse
3637 4233 3818 4298 inoo;

2199 4323 2415 4391 datum,
2441 4333 2492 4378 et
2521 4341 2550 4379 a
2577 4341 2741 4395 regno
2762 4327 2854 4382 Dei
2879 4329 3133 4393 alienum,
3158 4339 3358 4384 etcum
3385 4331 3563 4400 impiis
3584 4341 3814 4387 merito

2214 4415 2459 4470 incendio
2483 4417 2918 4472 condemnatum.
2965 4420 3234 4488 Scriptum
3267 4435 3371 4488 per
3403 4420 3814 4496 manumAna-

2213 4503 2362 4556 stasii
2394 4506 2586 4559 notarii
2620 4507 2904 4578 regionarii
2935 4517 2990 4562 et
3021 4509 3290 4562 scriniarii
3314 4518 3509 4562 sancta:
3527 4506 3813 4564 Romana

2211 4591 2482 4656 Ecclesiae,
2509 4595 2561 4647 in
2586 4610 2769 4649 mense
2790 4594 2970 4661 Junio,
2989 4597 3282 4652 indictione
3301 4598 3485 4666 quinta
3507 4595 3810 4669 [decima].

2209 4683 2353 4739 Bene
2387 4685 2578 4740 valete.
2610 4685 2677 4740 In
2703 4687 2912 4756 plumbo
2939 4686 3164 4742 Joannis
3199 4705 3368 4758 papas.

2843 4796 3150 4852 LXXXVII.

2475 4896 2477 4898 ’
2509 4920 2580 4960 an
2619 4921 3068 4962 ancutsrtscoruu
3108 4920 3484 4962 ausaausa.

2825 4997 3005 5067 (Anno
3031 4996 3180 5066 877.)

2208 5104 2416 5185 Certum
2441 5106 2894 5185 prg'scribitldiem‘
2921 5123 3021 5175 quo
3072 5105 3329 5185 Rarenmz
3379 5121 3504 5185 cum.
3543 5106 3813 5185 omnibus

2277 5177 2384 5227 suis
2421 5174 2768 5242 su/fragaueis
2796 5174 3077 5243 adfuturus
3123 5177 3219 5240 sit;
3274 5176 3411 5245 quod
3463 5176 3505 5228 si
3531 5176 3648 5244 quis
3685 5195 3811 5244 pa-

2280 5260 2393 5296 rere
2467 5246 2847 5314 contempserit,
2907 5244 3490 5300 excommunicationcm
3533 5244 3613 5296 illi
3673 5249 3804 5301 sni-

2283 5323 2457 5366 natur.

2280 5422 2513 5477 Joannes
2543 5423 2947 5492 archiepiscopo
2972 5421 3290 5478 Ravennati.

2283 5512 2391 5564 lter
2415 5511 2558 5580 quod
2587 5525 2686 5579 pro
2714 5510 3056 5565 dissolvendo
3104 5510 3308 5564 fmuere
3329 5509 3457 5565 olim
3481 5525 3511 5563 a
3533 5507 3812 5578 Neapoli—

2214 5600 2356 5653 tanis
2380 5613 2501 5652 cum
2525 5597 2815 5652 Saracenis
2847 5598 2981 5651 inito
3007 5597 3312 5665 Traiectum
3362 5597 3587 5652 fecimus
3617 5610 3728 5649 nos
3770 5613 3809 5650 a

2215 5689 2480 5760 praeﬁnito
2524 5689 2611 5745 dic
2656 5687 2847 5758 synodi
2895 5687 3212 5755 retardavit,
3267 5687 3361 5743 sed
3397 5687 3522 5756 quia
3559 5697 3814 5762 auctore

3699 369 3826 429 ηδ
3899 382 3906 386 ,
