  <div class='ocr_page' id='page_1' title='image "/cluster/home/n/w/nwhite01/storage/ocr_20150623/126/hvd.32044015471675/374.png"; bbox 0 0 4042 6302; ppageno 0'>
   <div class='ocr_carea' id='block_1_1' title="bbox 199 320 315 378">
    <p class='ocr_par' dir='ltr' id='par_1_1' title="bbox 199 320 315 378">
     <span class='ocr_line' id='line_1_1' title="bbox 199 320 315 378; baseline 0.009 -2"><span class='ocrx_word' id='word_1_1' title='bbox 199 320 315 378; x_wconf 74' lang='grc'><strong><em>’15⁸1</em></strong></span> 
     </span>
    </p>
   </div>
   <div class='ocr_carea' id='block_1_2' title="bbox 1404 319 2266 380">
    <p class='ocr_par' dir='ltr' id='par_1_2' title="bbox 1404 319 2266 380">
     <span class='ocr_line' id='line_1_2' title="bbox 1404 319 2266 380; baseline 0.001 -3"><span class='ocrx_word' id='word_1_2' title='bbox 1404 319 1760 378; x_wconf 68' lang='lat' dir='ltr'><strong>EPISTOLE</strong></span> <span class='ocrx_word' id='word_1_3' title='bbox 1799 321 1888 378; x_wconf 82' lang='lat' dir='ltr'><strong>ET</strong></span> <span class='ocrx_word' id='word_1_4' title='bbox 1927 323 2266 380; x_wconf 76' lang='lat' dir='ltr'><strong>DECRETA.</strong></span> 
     </span>
    </p>
   </div>
   <div class='ocr_carea' id='block_1_3' title="bbox 3357 317 3462 378">
    <p class='ocr_par' dir='ltr' id='par_1_3' title="bbox 3357 317 3462 378">
     <span class='ocr_line' id='line_1_3' title="bbox 3357 317 3462 378; baseline 0.057 -6"><span class='ocrx_word' id='word_1_5' title='bbox 3357 317 3462 378; x_wconf 70' lang='grc' dir='ltr'><strong>τω</strong></span> 
     </span>
    </p>
   </div>
   <div class='ocr_carea' id='block_1_4' title="bbox 203 428 3466 504">
    <p class='ocr_par' dir='ltr' id='par_1_4' title="bbox 203 428 3466 504">
     <span class='ocr_line' id='line_1_4' title="bbox 203 428 3466 504; baseline 0 -18"><span class='ocrx_word' id='word_1_6' title='bbox 203 431 350 498; x_wconf 83' lang='lat' dir='ltr'><strong>Deo,</strong></span> <span class='ocrx_word' id='word_1_7' title='bbox 377 428 920 502; x_wconf 82' lang='lat' dir='ltr'><strong>ipsodiscisso,quies</strong></span> <span class='ocrx_word' id='word_1_8' title='bbox 945 429 1122 501; x_wconf 89' lang='lat' dir='ltr'><strong>aliqua</strong></span> <span class='ocrx_word' id='word_1_9' title='bbox 1150 431 1357 488; x_wconf 87' lang='lat' dir='ltr'><strong>reddita</strong></span> <span class='ocrx_word' id='word_1_10' title='bbox 1384 433 1784 503; x_wconf 85' lang='lat' dir='ltr'><strong>comprobatur,</strong></span> <span class='ocrx_word' id='word_1_11' title='bbox 1814 439 1864 495; x_wconf 77' lang='grc' dir='ltr'><strong>Α</strong></span> <span class='ocrx_word' id='word_1_12' title='bbox 1891 433 2200 496; x_wconf 88' lang='lat' dir='ltr'><strong>licitudine,</strong></span> <span class='ocrx_word' id='word_1_13' title='bbox 2254 431 2597 502; x_wconf 79' lang='lat' dir='ltr'><strong>praecipiente</strong></span> <span class='ocrx_word' id='word_1_14' title='bbox 2645 429 2892 495; x_wconf 88' lang='lat' dir='ltr'><strong>Domino,</strong></span> <span class='ocrx_word' id='word_1_15' title='bbox 2947 429 3129 504; x_wconf 79' lang='lat' dir='ltr'><strong>favere</strong></span> <span class='ocrx_word' id='word_1_16' title='bbox 3183 430 3466 499; x_wconf 76' lang='lat' dir='ltr'><strong>debemus,</strong></span> 
     </span>
    </p>
   </div>
   <div class='ocr_carea' id='block_1_5' title="bbox 202 520 1792 578">
    <p class='ocr_par' dir='ltr' id='par_1_5' title="bbox 202 520 1792 578">
     <span class='ocr_line' id='line_1_5' title="bbox 202 520 1792 578; baseline 0.001 -1"><span class='ocrx_word' id='word_1_17' title='bbox 202 535 344 577; x_wconf 79' lang='lat' dir='ltr'><strong>ecce</strong></span> <span class='ocrx_word' id='word_1_18' title='bbox 375 523 443 575; x_wconf 90' lang='lat' dir='ltr'><strong>de</strong></span> <span class='ocrx_word' id='word_1_19' title='bbox 497 520 691 575; x_wconf 90' lang='lat' dir='ltr'><strong>itinere</strong></span> <span class='ocrx_word' id='word_1_20' title='bbox 747 521 1032 576; x_wconf 87' lang='lat' dir='ltr'><strong>scribimus</strong></span> <span class='ocrx_word' id='word_1_21' title='bbox 1063 537 1160 576; x_wconf 91' lang='lat' dir='ltr'><strong>nos</strong></span> <span class='ocrx_word' id='word_1_22' title='bbox 1189 523 1495 577; x_wconf 77' lang='lat' dir='ltr'><strong>certissime</strong></span> <span class='ocrx_word' id='word_1_23' title='bbox 1526 533 1679 578; x_wconf 82' lang='lat' dir='ltr'><strong>sexto</strong></span> <span class='ocrx_word' id='word_1_24' title='bbox 1705 525 1792 578; x_wconf 87' lang='lat' dir='ltr'><strong>de-</strong></span> 
     </span>
    </p>
   </div>
   <div class='ocr_carea' id='block_1_6' title="bbox 206 609 1790 681">
    <p class='ocr_par' dir='ltr' id='par_1_6' title="bbox 206 609 1790 681">
     <span class='ocr_line' id='line_1_6' title="bbox 206 609 1790 681; baseline 0 -14"><span class='ocrx_word' id='word_1_25' title='bbox 206 611 358 667; x_wconf 85' lang='lat' dir='ltr'><strong>cimo</strong></span> <span class='ocrx_word' id='word_1_26' title='bbox 387 609 655 665; x_wconf 77' lang='lat' dir='ltr'><strong>Kalendas</strong></span> <span class='ocrx_word' id='word_1_27' title='bbox 679 611 951 681; x_wconf 84' lang='lat' dir='ltr'><strong>Augustas</strong></span> <span class='ocrx_word' id='word_1_28' title='bbox 996 611 1265 666; x_wconf 68' lang='lat' dir='ltr'><strong>Ravenna:</strong></span> <span class='ocrx_word' id='word_1_29' title='bbox 1290 611 1516 678; x_wconf 80' lang='lat' dir='ltr'><strong>futuros,</strong></span> <span class='ocrx_word' id='word_1_30' title='bbox 1547 613 1635 667; x_wconf 91' lang='lat' dir='ltr'><strong>ubi</strong></span> <span class='ocrx_word' id='word_1_31' title='bbox 1668 629 1790 669; x_wconf 85' lang='lat' dir='ltr'><strong>san-</strong></span> 
     </span>
    </p>
   </div>
   <div class='ocr_carea' id='block_1_7' title="bbox 204 699 1792 772">
    <p class='ocr_par' dir='ltr' id='par_1_7' title="bbox 204 699 1792 772">
     <span class='ocr_line' id='line_1_7' title="bbox 204 699 1792 772; baseline 0.001 -18"><span class='ocrx_word' id='word_1_32' title='bbox 204 700 374 754; x_wconf 88' lang='lat' dir='ltr'><strong>ctitas</strong></span> <span class='ocrx_word' id='word_1_33' title='bbox 405 707 494 752; x_wconf 90' lang='lat' dir='ltr'><strong>tua</strong></span> <span class='ocrx_word' id='word_1_34' title='bbox 523 713 619 768; x_wconf 89' lang='lat' dir='ltr'><strong>per</strong></span> <span class='ocrx_word' id='word_1_35' title='bbox 646 714 704 753; x_wconf 88' lang='lat' dir='ltr'><strong>se</strong></span> <span class='ocrx_word' id='word_1_36' title='bbox 724 713 845 753; x_wconf 90' lang='lat' dir='ltr'><strong>cum</strong></span> <span class='ocrx_word' id='word_1_37' title='bbox 870 699 1122 754; x_wconf 90' lang='lat' dir='ltr'><strong>omnibus</strong></span> <span class='ocrx_word' id='word_1_38' title='bbox 1152 699 1504 768; x_wconf 70' lang='lat' dir='ltr'><strong>sulfraganeis</strong></span> <span class='ocrx_word' id='word_1_39' title='bbox 1529 702 1642 755; x_wconf 84' lang='lat' dir='ltr'><strong>suis</strong></span> <span class='ocrx_word' id='word_1_40' title='bbox 1680 703 1792 772; x_wconf 90' lang='lat' dir='ltr'><strong>epi-</strong></span> 
     </span>
    </p>
   </div>
   <div class='ocr_carea' id='block_1_8' title="bbox 205 790 1791 858">
    <p class='ocr_par' dir='ltr' id='par_1_8' title="bbox 205 790 1791 858">
     <span class='ocr_line' id='line_1_8' title="bbox 205 790 1791 858; baseline 0.003 -15"><span class='ocrx_word' id='word_1_41' title='bbox 205 790 414 858; x_wconf 84' lang='lat' dir='ltr'><strong>scopis,</strong></span> <span class='ocrx_word' id='word_1_42' title='bbox 447 805 584 858; x_wconf 87' lang='lat' dir='ltr'><strong>quos</strong></span> <span class='ocrx_word' id='word_1_43' title='bbox 611 790 724 858; x_wconf 86' lang='lat' dir='ltr'><strong>ipsa</strong></span> <span class='ocrx_word' id='word_1_44' title='bbox 741 804 1040 844; x_wconf 89' lang='lat' dir='ltr'><strong>convocare</strong></span> <span class='ocrx_word' id='word_1_45' title='bbox 1069 791 1246 854; x_wconf 88' lang='lat' dir='ltr'><strong>debet,</strong></span> <span class='ocrx_word' id='word_1_46' title='bbox 1275 793 1461 847; x_wconf 84' lang='lat' dir='ltr'><strong>adesse</strong></span> <span class='ocrx_word' id='word_1_47' title='bbox 1476 794 1791 848; x_wconf 86' lang='lat' dir='ltr'><strong>duodecimo</strong></span> 
     </span>
    </p>
   </div>
   <div class='ocr_carea' id='block_1_9' title="bbox 206 869 1784 950">
    <p class='ocr_par' dir='ltr' id='par_1_9' title="bbox 206 869 1784 950">
     <span class='ocr_line' id='line_1_9' title="bbox 206 869 1784 950; baseline 0.004 -17"><span class='ocrx_word' id='word_1_48' title='bbox 206 878 574 933; x_wconf 71' lang='lat' dir='ltr'><strong>Kalendarum</strong></span> <span class='ocrx_word' id='word_1_49' title='bbox 596 869 980 950; x_wconf 83' lang='lat' dir='ltr'><strong>Augustarum,</strong></span> <span class='ocrx_word' id='word_1_50' title='bbox 1009 882 1156 935; x_wconf 93' lang='lat' dir='ltr'><strong>omni</strong></span> <span class='ocrx_word' id='word_1_51' title='bbox 1182 892 1384 936; x_wconf 90' lang='lat' dir='ltr'><strong>remota</strong></span> <span class='ocrx_word' id='word_1_52' title='bbox 1407 886 1784 948; x_wconf 78' lang='lat' dir='ltr'><strong>excusatione,</strong></span> 
     </span>
    </p>
   </div>
   <div class='ocr_carea' id='block_1_10' title="bbox 217 968 1791 1034">
    <p class='ocr_par' dir='ltr' id='par_1_10' title="bbox 217 968 1791 1034">
     <span class='ocr_line' id='line_1_10' title="bbox 217 968 1791 1034; baseline 0.003 -14"><span class='ocrx_word' id='word_1_53' title='bbox 217 977 480 1034; x_wconf 73' lang='lat' dir='ltr'><strong>procuret</strong></span> <span class='ocrx_word' id='word_1_54' title='bbox 504 983 518 1029; x_wconf 89' lang='lat'><strong>;</strong></span> <span class='ocrx_word' id='word_1_55' title='bbox 557 976 615 1019; x_wconf 94' lang='lat' dir='ltr'><strong>ut</strong></span> <span class='ocrx_word' id='word_1_56' title='bbox 639 968 910 1021; x_wconf 93' lang='lat' dir='ltr'><strong>communi</strong></span> <span class='ocrx_word' id='word_1_57' title='bbox 937 977 1166 1022; x_wconf 85' lang='lat' dir='ltr'><strong>tractatu</strong></span> <span class='ocrx_word' id='word_1_58' title='bbox 1193 971 1496 1025; x_wconf 90' lang='lat' dir='ltr'><strong>communia</strong></span> <span class='ocrx_word' id='word_1_59' title='bbox 1528 971 1791 1025; x_wconf 85' lang='lat' dir='ltr'><strong>Ecclesia-</strong></span> 
     </span>
    </p>
   </div>
   <div class='ocr_carea' id='block_1_11' title="bbox 207 1053 1791 1127">
    <p class='ocr_par' dir='ltr' id='par_1_11' title="bbox 207 1053 1791 1127">
     <span class='ocr_line' id='line_1_11' title="bbox 207 1053 1791 1127; baseline 0.005 -22"><span class='ocrx_word' id='word_1_60' title='bbox 207 1067 334 1106; x_wconf 87' lang='lat' dir='ltr'><strong>rum</strong></span> <span class='ocrx_word' id='word_1_61' title='bbox 366 1063 554 1106; x_wconf 77' lang='lat' dir='ltr'><strong>exorta</strong></span> <span class='ocrx_word' id='word_1_62' title='bbox 585 1053 793 1108; x_wconf 81' lang='lat' dir='ltr'><strong>zizania</strong></span> <span class='ocrx_word' id='word_1_63' title='bbox 840 1054 1165 1124; x_wconf 74' lang='lat' dir='ltr'><strong>generaliter</strong></span> <span class='ocrx_word' id='word_1_64' title='bbox 1192 1055 1509 1112; x_wconf 86' lang='lat' dir='ltr'><strong>evellantur.</strong></span> <span class='ocrx_word' id='word_1_65' title='bbox 1561 1059 1617 1112; x_wconf 88' lang='lat' dir='ltr'><strong>Si</strong></span> <span class='ocrx_word' id='word_1_66' title='bbox 1670 1059 1791 1127; x_wconf 83' lang='lat' dir='ltr'><strong>quis</strong></span> 
     </span>
    </p>
   </div>
   <div class='ocr_carea' id='block_1_12' title="bbox 211 1145 1791 1218">
    <p class='ocr_par' dir='ltr' id='par_1_12' title="bbox 211 1145 1791 1218">
     <span class='ocr_line' id='line_1_12' title="bbox 211 1145 1791 1218; baseline 0.005 -22"><span class='ocrx_word' id='word_1_67' title='bbox 211 1153 400 1197; x_wconf 88' lang='lat' dir='ltr'><strong>autem</strong></span> <span class='ocrx_word' id='word_1_68' title='bbox 427 1145 480 1198; x_wconf 88' lang='lat' dir='ltr'><strong>in</strong></span> <span class='ocrx_word' id='word_1_69' title='bbox 507 1146 606 1198; x_wconf 83' lang='lat' dir='ltr'><strong>hac</strong></span> <span class='ocrx_word' id='word_1_70' title='bbox 642 1156 795 1213; x_wconf 89' lang='lat' dir='ltr'><strong>parte</strong></span> <span class='ocrx_word' id='word_1_71' title='bbox 819 1145 1103 1215; x_wconf 76' lang='lat' dir='ltr'><strong>collegium</strong></span> <span class='ocrx_word' id='word_1_72' title='bbox 1134 1157 1371 1203; x_wconf 90' lang='lat' dir='ltr'><strong>vestrum</strong></span> <span class='ocrx_word' id='word_1_73' title='bbox 1395 1151 1669 1218; x_wconf 73' lang='lat' dir='ltr'><strong>putaverit</strong></span> <span class='ocrx_word' id='word_1_74' title='bbox 1696 1150 1791 1204; x_wconf 85' lang='lat' dir='ltr'><strong>de-</strong></span> 
     </span>
    </p>
   </div>
   <div class='ocr_carea' id='block_1_13' title="bbox 219 1233 1790 1297">
    <p class='ocr_par' dir='ltr' id='par_1_13' title="bbox 219 1233 1790 1297">
     <span class='ocr_line' id='line_1_13' title="bbox 219 1233 1790 1297; baseline 0.002 -10"><span class='ocrx_word' id='word_1_75' title='bbox 219 1233 558 1297; x_wconf 88' lang='lat' dir='ltr'><strong>clinandum,</strong></span> <span class='ocrx_word' id='word_1_76' title='bbox 590 1235 984 1289; x_wconf 83' lang='lat' dir='ltr'><strong>communionis</strong></span> <span class='ocrx_word' id='word_1_77' title='bbox 1010 1245 1207 1289; x_wconf 73' lang='lat' dir='ltr'><strong>nostra:</strong></span> <span class='ocrx_word' id='word_1_78' title='bbox 1239 1253 1270 1290; x_wconf 88' lang='lat' dir='ltr'><strong>a</strong></span> <span class='ocrx_word' id='word_1_79' title='bbox 1309 1252 1369 1291; x_wconf 91' lang='lat' dir='ltr'><strong>se</strong></span> <span class='ocrx_word' id='word_1_80' title='bbox 1397 1238 1606 1291; x_wconf 89' lang='lat' dir='ltr'><strong>noverit</strong></span> <span class='ocrx_word' id='word_1_81' title='bbox 1659 1254 1790 1292; x_wconf 78' lang='lat' dir='ltr'><strong>con-</strong></span> 
     </span>
    </p>
   </div>
   <div class='ocr_carea' id='block_1_14' title="bbox 220 1321 1791 1393">
    <p class='ocr_par' dir='ltr' id='par_1_14' title="bbox 220 1321 1791 1393">
     <span class='ocr_line' id='line_1_14' title="bbox 220 1321 1791 1393; baseline 0.001 -19"><span class='ocrx_word' id='word_1_82' title='bbox 220 1321 456 1374; x_wconf 79' lang='lat' dir='ltr'><strong>sortium</strong></span> <span class='ocrx_word' id='word_1_83' title='bbox 493 1321 668 1374; x_wconf 87' lang='lat' dir='ltr'><strong>modis</strong></span> <span class='ocrx_word' id='word_1_84' title='bbox 696 1323 944 1375; x_wconf 90' lang='lat' dir='ltr'><strong>omnibus</strong></span> <span class='ocrx_word' id='word_1_85' title='bbox 990 1323 1372 1378; x_wconf 90' lang='lat' dir='ltr'><strong>adimendum:</strong></span> <span class='ocrx_word' id='word_1_86' title='bbox 1405 1324 1559 1378; x_wconf 91' lang='lat' dir='ltr'><strong>nobis</strong></span> <span class='ocrx_word' id='word_1_87' title='bbox 1604 1323 1791 1393; x_wconf 88' lang='lat' dir='ltr'><strong>procul</strong></span> 
     </span>
    </p>
   </div>
   <div class='ocr_carea' id='block_1_15' title="bbox 205 1406 1790 1482">
    <p class='ocr_par' dir='ltr' id='par_1_15' title="bbox 205 1406 1790 1482">
     <span class='ocr_line' id='line_1_15' title="bbox 205 1406 1790 1482; baseline 0.003 -20"><span class='ocrx_word' id='word_1_88' title='bbox 205 1406 404 1472; x_wconf 85' lang='lat' dir='ltr'><strong>dubio,</strong></span> <span class='ocrx_word' id='word_1_89' title='bbox 429 1411 721 1464; x_wconf 89' lang='lat' dir='ltr'><strong>secundum</strong></span> <span class='ocrx_word' id='word_1_90' title='bbox 745 1411 1058 1480; x_wconf 85' lang='lat' dir='ltr'><strong>Apostolum</strong></span> <span class='ocrx_word' id='word_1_91' title='bbox 1089 1411 1174 1480; x_wconf 91' lang='grc' dir='ltr'><strong>(ΙΙ</strong></span> <span class='ocrx_word' id='word_1_92' title='bbox 1198 1411 1322 1466; x_wconf 82' lang='lat' dir='ltr'><strong>Cor.</strong></span> <span class='ocrx_word' id='word_1_93' title='bbox 1355 1413 1432 1480; x_wconf 76' lang='grc' dir='ltr'><strong>ι),</strong></span> <span class='ocrx_word' id='word_1_94' title='bbox 1458 1413 1510 1466; x_wconf 94' lang='lat' dir='ltr'><strong>in</strong></span> <span class='ocrx_word' id='word_1_95' title='bbox 1540 1424 1790 1482; x_wconf 90' lang='lat' dir='ltr'><strong>promptu</strong></span> 
     </span>
    </p>
   </div>
   <div class='ocr_carea' id='block_1_16' title="bbox 210 1497 1793 1557">
    <p class='ocr_par' dir='ltr' id='par_1_16' title="bbox 210 1497 1793 1557">
     <span class='ocr_line' id='line_1_16' title="bbox 210 1497 1793 1557; baseline 0.003 -5"><span class='ocrx_word' id='word_1_96' title='bbox 210 1497 542 1552; x_wconf 78' lang='lat' dir='ltr'><strong>habentibus</strong></span> <span class='ocrx_word' id='word_1_97' title='bbox 568 1499 756 1554; x_wconf 90' lang='lat' dir='ltr'><strong>ulcisci</strong></span> <span class='ocrx_word' id='word_1_98' title='bbox 776 1514 992 1555; x_wconf 90' lang='lat' dir='ltr'><strong>omnem</strong></span> <span class='ocrx_word' id='word_1_99' title='bbox 1018 1500 1457 1557; x_wconf 90' lang='lat' dir='ltr'><strong>inobedientiam.</strong></span> <span class='ocrx_word' id='word_1_100' title='bbox 1483 1501 1618 1556; x_wconf 90' lang='lat' dir='ltr'><strong>Data</strong></span> <span class='ocrx_word' id='word_1_101' title='bbox 1630 1513 1684 1556; x_wconf 81' lang='lat' dir='ltr'><strong>iit</strong></span> <span class='ocrx_word' id='word_1_102' title='bbox 1706 1519 1793 1556; x_wconf 83' lang='lat' dir='ltr'><strong>su-</strong></span> 
     </span>
    </p>
   </div>
   <div class='ocr_carea' id='block_1_17' title="bbox 212 1587 736 1655">
    <p class='ocr_par' dir='ltr' id='par_1_17' title="bbox 212 1587 736 1655">
     <span class='ocr_line' id='line_1_17' title="bbox 212 1587 736 1655; baseline 0.002 -14"><span class='ocrx_word' id='word_1_103' title='bbox 212 1603 335 1655; x_wconf 74' lang='lat' dir='ltr'><strong>pra,</strong></span> <span class='ocrx_word' id='word_1_104' title='bbox 360 1587 658 1644; x_wconf 86' lang='lat' dir='ltr'><strong>indictione</strong></span> <span class='ocrx_word' id='word_1_105' title='bbox 679 1605 736 1642; x_wconf 74' lang='grc' dir='ltr'><strong>χ.</strong></span> 
     </span>
    </p>
   </div>
   <div class='ocr_carea' id='block_1_18' title="bbox 843 1678 1172 1736">
    <p class='ocr_par' dir='ltr' id='par_1_18' title="bbox 843 1678 1172 1736">
     <span class='ocr_line' id='line_1_18' title="bbox 843 1678 1172 1736; baseline 0.009 -3"><span class='ocrx_word' id='word_1_106' title='bbox 843 1678 1172 1736; x_wconf 80' lang='lat' dir='ltr'><strong>LXXXVIII.</strong></span> 
     </span>
    </p>
   </div>
   <div class='ocr_carea' id='block_1_19' title="bbox 840 1782 1173 1823">
    <p class='ocr_par' dir='ltr' id='par_1_19' title="bbox 840 1782 1173 1823">
     <span class='ocr_line' id='line_1_19' title="bbox 840 1782 1173 1823; baseline 0.009 -3"><span class='ocrx_word' id='word_1_107' title='bbox 840 1783 908 1821; x_wconf 66' lang='lat' dir='ltr'><strong>AD</strong></span> <span class='ocrx_word' id='word_1_108' title='bbox 933 1782 1173 1823; x_wconf 76' lang='grc' dir='ltr'>εωιιιειί.</span> 
     </span>
    </p>
   </div>
   <div class='ocr_carea' id='block_1_20' title="bbox 822 1876 1177 1947">
    <p class='ocr_par' dir='ltr' id='par_1_20' title="bbox 822 1876 1177 1947">
     <span class='ocr_line' id='line_1_20' title="bbox 822 1876 1177 1947; baseline -0.006 -17"><span class='ocrx_word' id='word_1_109' title='bbox 822 1877 1001 1946; x_wconf 78' lang='lat' dir='ltr'><strong>(Anno</strong></span> <span class='ocrx_word' id='word_1_110' title='bbox 1027 1876 1177 1947; x_wconf 84' lang='lat'><strong>877.)</strong></span> 
     </span>
    </p>
   </div>
   <div class='ocr_carea' id='block_1_21' title="bbox 209 1960 1794 2039">
    <p class='ocr_par' dir='ltr' id='par_1_21' title="bbox 209 1960 1794 2039">
     <span class='ocr_line' id='line_1_21' title="bbox 209 1960 1794 2039; baseline 0.004 -20"><span class='ocrx_word' id='word_1_111' title='bbox 209 1960 495 2039; x_wconf 71' lang='lat' dir='ltr'><strong>Scribit_sc</strong></span> <span class='ocrx_word' id='word_1_112' title='bbox 512 1965 734 2039; x_wconf 83' lang='lat' dir='ltr'><strong>jussissc</strong></span> <span class='ocrx_word' id='word_1_113' title='bbox 761 1975 818 2018; x_wconf 80' lang='lat' dir='ltr'><strong>ut</strong></span> <span class='ocrx_word' id='word_1_114' title='bbox 847 1981 1024 2039; x_wconf 78' lang='lat' dir='ltr'><strong>omnes</strong></span> <span class='ocrx_word' id='word_1_115' title='bbox 1067 1965 1095 2039; x_wconf 89' lang='lat' dir='ltr'><strong>_l</strong></span> <span class='ocrx_word' id='word_1_116' title='bbox 1102 1965 1249 2039; x_wconf 58' lang='lat' dir='ltr'><strong>tulit?1</strong></span> <span class='ocrx_word' id='word_1_117' title='bbox 1266 1968 1510 2037; x_wconf 78' lang='lat' dir='ltr'><strong>episcopi,</strong></span> <span class='ocrx_word' id='word_1_118' title='bbox 1537 1976 1588 2024; x_wconf 82' lang='lat' dir='ltr'><strong>et</strong></span> <span class='ocrx_word' id='word_1_119' title='bbox 1613 1970 1794 2039; x_wconf 63' lang='lat' dir='ltr'><strong>prwcio</strong></span> 
     </span>
    </p>
   </div>
   <div class='ocr_carea' id='block_1_22' title="bbox 281 2033 1793 2156">
    <p class='ocr_par' dir='ltr' id='par_1_22' title="bbox 281 2033 1793 2156">
     <span class='ocr_line' id='line_1_22' title="bbox 281 2033 1793 2105; baseline 0.006 -19"><span class='ocrx_word' id='word_1_120' title='bbox 281 2050 388 2102; x_wconf 77' lang='lat' dir='ltr'><strong>psic</strong></span> <span class='ocrx_word' id='word_1_121' title='bbox 419 2033 768 2098; x_wconf 78' lang='lat' dir='ltr'><strong>Venetiarum,</strong></span> <span class='ocrx_word' id='word_1_122' title='bbox 809 2035 877 2088; x_wconf 85' lang='lat' dir='ltr'><strong>ad</strong></span> <span class='ocrx_word' id='word_1_123' title='bbox 909 2035 1169 2105; x_wconf 80' lang='lat' dir='ltr'><strong>synodum</strong></span> <span class='ocrx_word' id='word_1_124' title='bbox 1207 2033 1470 2092; x_wconf 65' lang='lat' dir='ltr'><strong>[laticum</strong></span> <span class='ocrx_word' id='word_1_125' title='bbox 1497 2033 1793 2094; x_wconf 16' lang='lat' dir='ltr'><strong>’celebran-</strong></span> 
     </span>
     <span class='ocr_line' id='line_1_23' title="bbox 282 2103 720 2156; baseline 0.005 -2"><span class='ocrx_word' id='word_1_126' title='bbox 282 2103 410 2155; x_wconf 82' lang='lat' dir='ltr'><strong>dam</strong></span> <span class='ocrx_word' id='word_1_127' title='bbox 448 2103 720 2156; x_wconf 79' lang='lat' dir='ltr'><strong>accedant.</strong></span> 
     </span>
    </p>
   </div>
   <div class='ocr_carea' id='block_1_23' title="bbox 285 2209 1336 2280">
    <p class='ocr_par' dir='ltr' id='par_1_23' title="bbox 285 2209 1336 2280">
     <span class='ocr_line' id='line_1_24' title="bbox 285 2209 1336 2280; baseline 0.003 -16"><span class='ocrx_word' id='word_1_128' title='bbox 285 2209 480 2265; x_wconf 65' lang='lat' dir='ltr'><strong>losum</strong></span> <span class='ocrx_word' id='word_1_129' title='bbox 514 2221 540 2250; x_wconf 77' lang='grc' dir='ltr'><strong>ι</strong></span> <span class='ocrx_word' id='word_1_130' title='bbox 569 2211 978 2280; x_wconf 81' lang='lat' dir='ltr'><strong>archiepiscopo</strong></span> <span class='ocrx_word' id='word_1_131' title='bbox 1015 2211 1336 2268; x_wconf 81' lang='lat' dir='ltr'><strong>Ravennati.</strong></span> 
     </span>
    </p>
   </div>
   <div class='ocr_carea' id='block_1_24' title="bbox 284 2300 1790 2372">
    <p class='ocr_par' dir='ltr' id='par_1_24' title="bbox 284 2300 1790 2372">
     <span class='ocr_line' id='line_1_25' title="bbox 284 2300 1790 2372; baseline 0.003 -17"><span class='ocrx_word' id='word_1_132' title='bbox 284 2301 442 2355; x_wconf 85' lang='lat' dir='ltr'><strong>Scire</strong></span> <span class='ocrx_word' id='word_1_133' title='bbox 471 2300 715 2354; x_wconf 89' lang='lat' dir='ltr'><strong>volumus</strong></span> <span class='ocrx_word' id='word_1_134' title='bbox 737 2301 968 2371; x_wconf 90' lang='lat' dir='ltr'><strong>gloriam</strong></span> <span class='ocrx_word' id='word_1_135' title='bbox 993 2309 1136 2355; x_wconf 91' lang='lat' dir='ltr'><strong>tuam</strong></span> <span class='ocrx_word' id='word_1_136' title='bbox 1159 2318 1257 2372; x_wconf 88' lang='lat' dir='ltr'><strong>pro</strong></span> <span class='ocrx_word' id='word_1_137' title='bbox 1279 2302 1463 2358; x_wconf 88' lang='lat' dir='ltr'><strong>multis</strong></span> <span class='ocrx_word' id='word_1_138' title='bbox 1490 2304 1790 2359; x_wconf 88' lang='lat' dir='ltr'><strong>necessita-</strong></span> 
     </span>
    </p>
   </div>
   <div class='ocr_carea' id='block_1_25' title="bbox 212 2390 1794 2460">
    <p class='ocr_par' dir='ltr' id='par_1_25' title="bbox 212 2390 1794 2460">
     <span class='ocr_line' id='line_1_26' title="bbox 212 2390 1794 2460; baseline 0.004 -16"><span class='ocrx_word' id='word_1_139' title='bbox 212 2391 368 2444; x_wconf 81' lang='lat' dir='ltr'><strong>tibus</strong></span> <span class='ocrx_word' id='word_1_140' title='bbox 387 2399 591 2445; x_wconf 81' lang='lat' dir='ltr'><strong>saucta:</strong></span> <span class='ocrx_word' id='word_1_141' title='bbox 621 2390 716 2444; x_wconf 88' lang='lat' dir='ltr'><strong>Dei</strong></span> <span class='ocrx_word' id='word_1_142' title='bbox 763 2391 1039 2456; x_wconf 66' lang='lat' dir='ltr'><strong>Ecclesiae,</strong></span> <span class='ocrx_word' id='word_1_143' title='bbox 1073 2391 1214 2446; x_wconf 89' lang='lat' dir='ltr'><strong>sicut</strong></span> <span class='ocrx_word' id='word_1_144' title='bbox 1237 2391 1352 2460; x_wconf 86' lang='lat' dir='ltr'><strong>jam</strong></span> <span class='ocrx_word' id='word_1_145' title='bbox 1404 2403 1455 2448; x_wconf 86' lang='lat' dir='ltr'><strong>te</strong></span> <span class='ocrx_word' id='word_1_146' title='bbox 1494 2409 1598 2449; x_wconf 92' lang='lat' dir='ltr'><strong>non</strong></span> <span class='ocrx_word' id='word_1_147' title='bbox 1627 2395 1794 2451; x_wconf 84' lang='lat' dir='ltr'><strong>latere</strong></span> 
     </span>
    </p>
   </div>
   <div class='ocr_carea' id='block_1_26' title="bbox 206 2481 1795 2554">
    <p class='ocr_par' dir='ltr' id='par_1_26' title="bbox 206 2481 1795 2554">
     <span class='ocr_line' id='line_1_27' title="bbox 206 2481 1795 2554; baseline 0.004 -18"><span class='ocrx_word' id='word_1_148' title='bbox 206 2481 544 2536; x_wconf 69' lang='lat' dir='ltr'><strong>credendum</strong></span> <span class='ocrx_word' id='word_1_149' title='bbox 591 2490 694 2545; x_wconf 91' lang='lat' dir='ltr'><strong>est,</strong></span> <span class='ocrx_word' id='word_1_150' title='bbox 731 2483 1014 2537; x_wconf 90' lang='lat' dir='ltr'><strong>undecimo</strong></span> <span class='ocrx_word' id='word_1_151' title='bbox 1043 2481 1311 2538; x_wconf 79' lang='lat' dir='ltr'><strong>Kalendas</strong></span> <span class='ocrx_word' id='word_1_152' title='bbox 1338 2484 1605 2554; x_wconf 85' lang='lat' dir='ltr'><strong>Augustas</strong></span> <span class='ocrx_word' id='word_1_153' title='bbox 1642 2487 1795 2542; x_wconf 88' lang='lat' dir='ltr'><strong>istius</strong></span> 
     </span>
    </p>
   </div>
   <div class='ocr_carea' id='block_1_27' title="bbox 206 2570 1795 2644">
    <p class='ocr_par' dir='ltr' id='par_1_27' title="bbox 206 2570 1795 2644">
     <span class='ocr_line' id='line_1_28' title="bbox 206 2570 1795 2644; baseline 0.003 -20"><span class='ocrx_word' id='word_1_154' title='bbox 206 2570 440 2625; x_wconf 72' lang='lat' dir='ltr'><strong>decima:</strong></span> <span class='ocrx_word' id='word_1_155' title='bbox 465 2570 800 2635; x_wconf 89' lang='lat' dir='ltr'><strong>indictionis,</strong></span> <span class='ocrx_word' id='word_1_156' title='bbox 830 2571 1120 2634; x_wconf 64' lang='lat' dir='ltr'><strong>Ravennae,</strong></span> <span class='ocrx_word' id='word_1_157' title='bbox 1161 2573 1332 2641; x_wconf 86' lang='lat' dir='ltr'><strong>gratia</strong></span> <span class='ocrx_word' id='word_1_158' title='bbox 1357 2575 1528 2628; x_wconf 86' lang='lat' dir='ltr'><strong>sancti</strong></span> <span class='ocrx_word' id='word_1_159' title='bbox 1562 2575 1795 2644; x_wconf 86' lang='lat' dir='ltr'><strong>Spiritus</strong></span> 
     </span>
    </p>
   </div>
   <div class='ocr_carea' id='block_1_28' title="bbox 205 2656 1794 2729">
    <p class='ocr_par' dir='ltr' id='par_1_28' title="bbox 205 2656 1794 2729">
     <span class='ocr_line' id='line_1_29' title="bbox 205 2656 1794 2729; baseline 0.002 -14"><span class='ocrx_word' id='word_1_160' title='bbox 205 2656 577 2728; x_wconf 61' lang='lat' dir='ltr'><strong>“fugante,</strong></span> <span class='ocrx_word' id='word_1_161' title='bbox 636 2658 899 2729; x_wconf 85' lang='lat' dir='ltr'><strong>synodum</strong></span> <span class='ocrx_word' id='word_1_162' title='bbox 944 2675 1042 2714; x_wconf 91' lang='lat' dir='ltr'><strong>nos</strong></span> <span class='ocrx_word' id='word_1_163' title='bbox 1069 2675 1191 2713; x_wconf 91' lang='lat' dir='ltr'><strong>cum</strong></span> <span class='ocrx_word' id='word_1_164' title='bbox 1221 2662 1586 2716; x_wconf 71' lang='lat' dir='ltr'><strong>conl&#39;ratribus</strong></span> <span class='ocrx_word' id='word_1_165' title='bbox 1620 2672 1673 2716; x_wconf 90' lang='lat' dir='ltr'><strong>et</strong></span> <span class='ocrx_word' id='word_1_166' title='bbox 1699 2679 1794 2718; x_wconf 90' lang='lat' dir='ltr'><strong>co-</strong></span> 
     </span>
    </p>
   </div>
   <div class='ocr_carea' id='block_1_29' title="bbox 203 2749 1796 2820">
    <p class='ocr_par' dir='ltr' id='par_1_29' title="bbox 203 2749 1796 2820">
     <span class='ocr_line' id='line_1_30' title="bbox 203 2749 1796 2820; baseline 0.004 -18"><span class='ocrx_word' id='word_1_167' title='bbox 203 2749 477 2820; x_wconf 77' lang='lat' dir='ltr'><strong>episcopis</strong></span> <span class='ocrx_word' id='word_1_168' title='bbox 507 2750 710 2803; x_wconf 85' lang='lat' dir='ltr'><strong>nostris</strong></span> <span class='ocrx_word' id='word_1_169' title='bbox 737 2749 1035 2804; x_wconf 86' lang='lat' dir='ltr'><strong>instituisse</strong></span> <span class='ocrx_word' id='word_1_170' title='bbox 1057 2749 1171 2804; x_wconf 79' lang='lat' dir='ltr'><strong>fore</strong></span> <span class='ocrx_word' id='word_1_171' title='bbox 1191 2751 1366 2806; x_wconf 85' lang='lat' dir='ltr'><strong>modis</strong></span> <span class='ocrx_word' id='word_1_172' title='bbox 1385 2753 1633 2807; x_wconf 90' lang='lat' dir='ltr'><strong>omnibus</strong></span> <span class='ocrx_word' id='word_1_173' title='bbox 1655 2754 1796 2808; x_wconf 82' lang='lat' dir='ltr'><strong>cele-</strong></span> 
     </span>
    </p>
   </div>
   <div class='ocr_carea' id='block_1_30' title="bbox 209 2836 1794 2908">
    <p class='ocr_par' dir='ltr' id='par_1_30' title="bbox 209 2836 1794 2908">
     <span class='ocr_line' id='line_1_31' title="bbox 209 2836 1794 2908; baseline 0.004 -16"><span class='ocrx_word' id='word_1_174' title='bbox 209 2836 502 2892; x_wconf 83' lang='lat' dir='ltr'><strong>brandam.</strong></span> <span class='ocrx_word' id='word_1_175' title='bbox 553 2837 634 2891; x_wconf 83' lang='lat' dir='ltr'><strong>Ad</strong></span> <span class='ocrx_word' id='word_1_176' title='bbox 671 2855 832 2908; x_wconf 92' lang='lat' dir='ltr'><strong>quam</strong></span> <span class='ocrx_word' id='word_1_177' title='bbox 882 2840 1024 2894; x_wconf 87' lang='lat' dir='ltr'><strong>sicut</strong></span> <span class='ocrx_word' id='word_1_178' title='bbox 1077 2855 1196 2902; x_wconf 87' lang='lat' dir='ltr'><strong>nos,</strong></span> <span class='ocrx_word' id='word_1_179' title='bbox 1254 2841 1436 2896; x_wconf 90' lang='lat' dir='ltr'><strong>multis</strong></span> <span class='ocrx_word' id='word_1_180' title='bbox 1471 2843 1794 2898; x_wconf 83' lang='lat' dir='ltr'><strong>utilitatibus</strong></span> 
     </span>
    </p>
   </div>
   <div class='ocr_carea' id='block_1_31' title="bbox 207 2929 1794 3002">
    <p class='ocr_par' dir='ltr' id='par_1_31' title="bbox 207 2929 1794 3002">
     <span class='ocr_line' id='line_1_32' title="bbox 207 2929 1794 3002; baseline 0.001 -17"><span class='ocrx_word' id='word_1_181' title='bbox 207 2931 452 2994; x_wconf 84' lang='lat' dir='ltr'><strong>omissis,</strong></span> <span class='ocrx_word' id='word_1_182' title='bbox 480 2945 580 2984; x_wconf 90' lang='lat' dir='ltr'><strong>nec</strong></span> <span class='ocrx_word' id='word_1_183' title='bbox 601 2929 839 2984; x_wconf 88' lang='lat' dir='ltr'><strong>laborem</strong></span> <span class='ocrx_word' id='word_1_184' title='bbox 869 2930 1085 2999; x_wconf 88' lang='lat' dir='ltr'><strong>quidem</strong></span> <span class='ocrx_word' id='word_1_185' title='bbox 1129 2931 1359 2994; x_wconf 88' lang='lat' dir='ltr'><strong>itineris,</strong></span> <span class='ocrx_word' id='word_1_186' title='bbox 1403 2945 1503 2986; x_wconf 90' lang='lat' dir='ltr'><strong>nec</strong></span> <span class='ocrx_word' id='word_1_187' title='bbox 1532 2934 1794 3002; x_wconf 91' lang='lat' dir='ltr'><strong>intempe-</strong></span> 
     </span>
    </p>
   </div>
   <div class='ocr_carea' id='block_1_32' title="bbox 211 3022 1780 3095">
    <p class='ocr_par' dir='ltr' id='par_1_32' title="bbox 211 3022 1780 3095">
     <span class='ocr_line' id='line_1_33' title="bbox 211 3022 1780 3095; baseline 0.003 -19"><span class='ocrx_word' id='word_1_188' title='bbox 211 3022 449 3076; x_wconf 88' lang='lat' dir='ltr'><strong>rantiam</strong></span> <span class='ocrx_word' id='word_1_189' title='bbox 476 3023 617 3076; x_wconf 89' lang='lat' dir='ltr'><strong>aeris</strong></span> <span class='ocrx_word' id='word_1_190' title='bbox 647 3035 976 3086; x_wconf 80' lang='lat' dir='ltr'><strong>recusantes,</strong></span> <span class='ocrx_word' id='word_1_191' title='bbox 1030 3037 1385 3078; x_wconf 89' lang='lat' dir='ltr'><strong>occurremus</strong></span> <span class='ocrx_word' id='word_1_192' title='bbox 1418 3023 1566 3095; x_wconf 58' lang='lat' dir='ltr'><strong>[edin</strong></span> <span class='ocrx_word' id='word_1_193' title='bbox 1601 3025 1780 3092; x_wconf 83' lang='lat' dir='ltr'><strong>Rom.,</strong></span> 
     </span>
    </p>
   </div>
   <div class='ocr_carea' id='block_1_33' title="bbox 1894 520 3468 590">
    <p class='ocr_par' dir='ltr' id='par_1_33' title="bbox 1894 520 3468 590">
     <span class='ocr_line' id='line_1_34' title="bbox 1894 520 3468 590; baseline 0.001 -15"><span class='ocrx_word' id='word_1_194' title='bbox 1894 523 2161 590; x_wconf 64' lang='lat' dir='ltr'><strong>praecipue</strong></span> <span class='ocrx_word' id='word_1_195' title='bbox 2201 531 2376 576; x_wconf 89' lang='lat' dir='ltr'><strong>tamen</strong></span> <span class='ocrx_word' id='word_1_196' title='bbox 2404 523 2670 577; x_wconf 86' lang='lat' dir='ltr'><strong>devotioni</strong></span> <span class='ocrx_word' id='word_1_197' title='bbox 2717 530 2840 583; x_wconf 70' lang='lat' dir='ltr'><strong>une,</strong></span> <span class='ocrx_word' id='word_1_198' title='bbox 2887 520 3193 576; x_wconf 86' lang='lat' dir='ltr'><strong>dulcissima</strong></span> <span class='ocrx_word' id='word_1_199' title='bbox 3221 537 3283 577; x_wconf 83' lang='lat' dir='ltr'><strong>ac</strong></span> <span class='ocrx_word' id='word_1_200' title='bbox 3308 522 3468 590; x_wconf 82' lang='lat' dir='ltr'><strong>spiri-</strong></span> 
     </span>
    </p>
   </div>
   <div class='ocr_carea' id='block_1_34' title="bbox 1895 609 3469 680">
    <p class='ocr_par' dir='ltr' id='par_1_34' title="bbox 1895 609 3469 680">
     <span class='ocr_line' id='line_1_35' title="bbox 1895 609 3469 680; baseline 0.001 -18"><span class='ocrx_word' id='word_1_201' title='bbox 1895 609 2054 663; x_wconf 89' lang='lat' dir='ltr'><strong>tualis</strong></span> <span class='ocrx_word' id='word_1_202' title='bbox 2100 610 2207 662; x_wconf 82' lang='lat' dir='ltr'><strong>lilia</strong></span> <span class='ocrx_word' id='word_1_203' title='bbox 2237 619 2418 664; x_wconf 87' lang='lat' dir='ltr'><strong>nostra</strong></span> <span class='ocrx_word' id='word_1_204' title='bbox 2459 610 2804 680; x_wconf 80' lang='lat' dir='ltr'><strong>Angilberga,</strong></span> <span class='ocrx_word' id='word_1_205' title='bbox 2845 611 2972 663; x_wconf 89' lang='lat' dir='ltr'><strong>olim</strong></span> <span class='ocrx_word' id='word_1_206' title='bbox 3015 610 3324 678; x_wconf 75' lang='lat' dir='ltr'><strong>imperatrix</strong></span> <span class='ocrx_word' id='word_1_207' title='bbox 3361 609 3469 664; x_wconf 78' lang='lat' dir='ltr'><strong>Au-</strong></span> 
     </span>
    </p>
   </div>
   <div class='ocr_carea' id='block_1_35' title="bbox 1893 701 3469 770">
    <p class='ocr_par' dir='ltr' id='par_1_35' title="bbox 1893 701 3469 770">
     <span class='ocr_line' id='line_1_36' title="bbox 1893 701 3469 770; baseline 0.002 -16"><span class='ocrx_word' id='word_1_208' title='bbox 1893 711 2070 769; x_wconf 88' lang='lat' dir='ltr'><strong>gusta,</strong></span> <span class='ocrx_word' id='word_1_209' title='bbox 2101 717 2262 769; x_wconf 90' lang='lat' dir='ltr'><strong>quam</strong></span> <span class='ocrx_word' id='word_1_210' title='bbox 2294 703 2488 756; x_wconf 87' lang='lat' dir='ltr'><strong>merito</strong></span> <span class='ocrx_word' id='word_1_211' title='bbox 2518 701 2722 756; x_wconf 88' lang='lat' dir='ltr'><strong>honore</strong></span> <span class='ocrx_word' id='word_1_212' title='bbox 2763 710 2922 770; x_wconf 87' lang='lat' dir='ltr'><strong>atque</strong></span> <span class='ocrx_word' id='word_1_213' title='bbox 2952 703 3250 755; x_wconf 85' lang='lat' dir='ltr'><strong>reverentia</strong></span> <span class='ocrx_word' id='word_1_214' title='bbox 3279 709 3469 757; x_wconf 77' lang='lat' dir='ltr'><strong>sancta</strong></span> 
     </span>
    </p>
   </div>
   <div class='ocr_carea' id='block_1_36' title="bbox 1893 789 3469 858">
    <p class='ocr_par' dir='ltr' id='par_1_36' title="bbox 1893 789 3469 858">
     <span class='ocr_line' id='line_1_37' title="bbox 1893 789 3469 858; baseline 0.001 -16"><span class='ocrx_word' id='word_1_215' title='bbox 1893 799 2068 842; x_wconf 86' lang='lat' dir='ltr'><strong>mater</strong></span> <span class='ocrx_word' id='word_1_216' title='bbox 2106 797 2288 858; x_wconf 86' lang='lat' dir='ltr'><strong>nostra</strong></span> <span class='ocrx_word' id='word_1_217' title='bbox 2318 789 2557 842; x_wconf 81' lang='lat' dir='ltr'><strong>Romana</strong></span> <span class='ocrx_word' id='word_1_218' title='bbox 2585 790 2844 853; x_wconf 83' lang='lat' dir='ltr'><strong>Ecclesia,</strong></span> <span class='ocrx_word' id='word_1_219' title='bbox 2887 799 2947 842; x_wconf 91' lang='lat' dir='ltr'><strong>ut</strong></span> <span class='ocrx_word' id='word_1_220' title='bbox 2981 790 3382 844; x_wconf 79' lang='lat' dir='ltr'><strong>dilectissimum</strong></span> <span class='ocrx_word' id='word_1_221' title='bbox 3411 795 3469 843; x_wconf 85' lang='lat' dir='ltr'><strong>et</strong></span> 
     </span>
    </p>
   </div>
   <div class='ocr_carea' id='block_1_37' title="bbox 1890 879 3463 948">
    <p class='ocr_par' dir='ltr' id='par_1_37' title="bbox 1890 879 3463 948">
     <span class='ocr_line' id='line_1_38' title="bbox 1890 879 3463 948; baseline 0.001 -17"><span class='ocrx_word' id='word_1_222' title='bbox 1890 879 2236 948; x_wconf 90' lang='lat' dir='ltr'><strong>principalem</strong></span> <span class='ocrx_word' id='word_1_223' title='bbox 2283 879 2486 948; x_wconf 86' lang='lat' dir='ltr'><strong>prolem</strong></span> <span class='ocrx_word' id='word_1_224' title='bbox 2519 881 2861 948; x_wconf 87' lang='lat' dir='ltr'><strong>amplectitur</strong></span> <span class='ocrx_word' id='word_1_225' title='bbox 2905 895 3119 948; x_wconf 84' lang='lat' dir='ltr'><strong>semper</strong></span> <span class='ocrx_word' id='word_1_226' title='bbox 3146 888 3202 933; x_wconf 91' lang='lat' dir='ltr'><strong>et</strong></span> <span class='ocrx_word' id='word_1_227' title='bbox 3239 879 3463 932; x_wconf 78' lang='lat' dir='ltr'><strong>refovet.</strong></span> 
     </span>
    </p>
   </div>
   <div class='ocr_carea' id='block_1_38' title="bbox 1893 966 3468 1037">
    <p class='ocr_par' dir='ltr' id='par_1_38' title="bbox 1893 966 3468 1037">
     <span class='ocr_line' id='line_1_39' title="bbox 1893 966 3468 1037; baseline 0 -17"><span class='ocrx_word' id='word_1_228' title='bbox 1893 966 2234 1037; x_wconf 84' lang='lat' dir='ltr'><strong>Quapropter</strong></span> <span class='ocrx_word' id='word_1_229' title='bbox 2277 970 2688 1032; x_wconf 84' lang='lat' dir='ltr'><strong>monasterium,</strong></span> <span class='ocrx_word' id='word_1_230' title='bbox 2715 978 2770 1022; x_wconf 93' lang='lat' dir='ltr'><strong>et</strong></span> <span class='ocrx_word' id='word_1_231' title='bbox 2806 970 3198 1022; x_wconf 78' lang='lat' dir='ltr'><strong>xenodocliium</strong></span> <span class='ocrx_word' id='word_1_232' title='bbox 3227 967 3368 1037; x_wconf 87' lang='lat' dir='ltr'><strong>quod</strong></span> <span class='ocrx_word' id='word_1_233' title='bbox 3398 966 3468 1021; x_wconf 87' lang='lat' dir='ltr'><strong>ad</strong></span> 
     </span>
    </p>
   </div>
   <div class='ocr_carea' id='block_1_39' title="bbox 1892 1055 3472 1125">
    <p class='ocr_par' dir='ltr' id='par_1_39' title="bbox 1892 1055 3472 1125">
     <span class='ocr_line' id='line_1_40' title="bbox 1892 1055 3472 1125; baseline 0.003 -17"><span class='ocrx_word' id='word_1_234' title='bbox 1892 1055 2150 1110; x_wconf 83' lang='lat' dir='ltr'><strong>honorem</strong></span> <span class='ocrx_word' id='word_1_235' title='bbox 2190 1058 2472 1111; x_wconf 65' lang='lat' dir='ltr'><strong>dominicas</strong></span> <span class='ocrx_word' id='word_1_236' title='bbox 2517 1059 2951 1122; x_wconf 87' lang='lat' dir='ltr'><strong>resurrectionis,</strong></span> <span class='ocrx_word' id='word_1_237' title='bbox 2996 1067 3049 1111; x_wconf 93' lang='lat' dir='ltr'><strong>et</strong></span> <span class='ocrx_word' id='word_1_238' title='bbox 3096 1057 3199 1110; x_wconf 89' lang='lat' dir='ltr'><strong>BB.</strong></span> <span class='ocrx_word' id='word_1_239' title='bbox 3255 1065 3472 1125; x_wconf 82' lang='lat' dir='ltr'><strong>aposto-</strong></span> 
     </span>
    </p>
   </div>
   <div class='ocr_carea' id='block_1_40' title="bbox 1893 1142 3469 1216">
    <p class='ocr_par' dir='ltr' id='par_1_40' title="bbox 1893 1142 3469 1216">
     <span class='ocr_line' id='line_1_41' title="bbox 1893 1142 3469 1216; baseline 0.001 -19"><span class='ocrx_word' id='word_1_240' title='bbox 1893 1142 2089 1208; x_wconf 85' lang='lat' dir='ltr'><strong>lorum,</strong></span> <span class='ocrx_word' id='word_1_241' title='bbox 2116 1155 2172 1198; x_wconf 88' lang='lat' dir='ltr'><strong>et</strong></span> <span class='ocrx_word' id='word_1_242' title='bbox 2199 1156 2495 1216; x_wconf 85' lang='lat' dir='ltr'><strong>martyrum</strong></span> <span class='ocrx_word' id='word_1_243' title='bbox 2526 1147 2924 1210; x_wconf 77' lang='lat' dir='ltr'><strong>Bartholommi,</strong></span> <span class='ocrx_word' id='word_1_244' title='bbox 2962 1147 3121 1209; x_wconf 80' lang='lat' dir='ltr'><strong>Sixti,</strong></span> <span class='ocrx_word' id='word_1_245' title='bbox 3151 1155 3205 1200; x_wconf 90' lang='lat' dir='ltr'><strong>et</strong></span> <span class='ocrx_word' id='word_1_246' title='bbox 3246 1146 3469 1200; x_wconf 76' lang='lat' dir='ltr'><strong>Fabiani</strong></span> 
     </span>
    </p>
   </div>
   <div class='ocr_carea' id='block_1_41' title="bbox 1893 1237 3476 1306">
    <p class='ocr_par' dir='ltr' id='par_1_41' title="bbox 1893 1237 3476 1306">
     <span class='ocr_line' id='line_1_42' title="bbox 1893 1237 3476 1306; baseline 0.003 -18"><span class='ocrx_word' id='word_1_247' title='bbox 1893 1237 2140 1304; x_wconf 88' lang='lat' dir='ltr'><strong>prudenti</strong></span> <span class='ocrx_word' id='word_1_248' title='bbox 2177 1239 2482 1305; x_wconf 89' lang='lat' dir='ltr'><strong>provisione</strong></span> <span class='ocrx_word' id='word_1_249' title='bbox 2525 1253 2554 1290; x_wconf 90' lang='lat' dir='ltr'><strong>a</strong></span> <span class='ocrx_word' id='word_1_250' title='bbox 2595 1238 2954 1292; x_wconf 77' lang='lat' dir='ltr'><strong>fundamentis</strong></span> <span class='ocrx_word' id='word_1_251' title='bbox 2985 1253 3151 1306; x_wconf 87' lang='lat' dir='ltr'><strong>nuper</strong></span> <span class='ocrx_word' id='word_1_252' title='bbox 3179 1237 3476 1292; x_wconf 61' lang='lat' dir='ltr'><strong>Placentia</strong></span> 
     </span>
    </p>
   </div>
   <div class='ocr_carea' id='block_1_42' title="bbox 1891 1327 3464 1396">
    <p class='ocr_par' dir='ltr' id='par_1_42' title="bbox 1891 1327 3464 1396">
     <span class='ocr_line' id='line_1_43' title="bbox 1891 1327 3464 1396; baseline 0.001 -15"><span class='ocrx_word' id='word_1_253' title='bbox 1891 1327 2159 1382; x_wconf 64' lang='lat' dir='ltr'><strong>aediﬁcare</strong></span> <span class='ocrx_word' id='word_1_254' title='bbox 2187 1329 2420 1390; x_wconf 89' lang='lat' dir='ltr'><strong>voluisti,</strong></span> <span class='ocrx_word' id='word_1_255' title='bbox 2468 1329 2720 1382; x_wconf 87' lang='lat' dir='ltr'><strong>laudabili</strong></span> <span class='ocrx_word' id='word_1_256' title='bbox 2747 1332 3153 1396; x_wconf 86' lang='lat' dir='ltr'><strong>complectimur</strong></span> <span class='ocrx_word' id='word_1_257' title='bbox 3179 1329 3464 1392; x_wconf 89' lang='lat' dir='ltr'><strong>desiderio,</strong></span> 
     </span>
    </p>
   </div>
   <div class='ocr_carea' id='block_1_43' title="bbox 1891 1416 3466 1486">
    <p class='ocr_par' dir='ltr' id='par_1_43' title="bbox 1891 1416 3466 1486">
     <span class='ocr_line' id='line_1_44' title="bbox 1891 1416 3466 1486; baseline 0.003 -18"><span class='ocrx_word' id='word_1_258' title='bbox 1891 1425 2220 1484; x_wconf 83' lang='lat' dir='ltr'><strong>paterneque</strong></span> <span class='ocrx_word' id='word_1_259' title='bbox 2269 1416 2532 1471; x_wconf 75' lang='lat' dir='ltr'><strong>aﬂectu...</strong></span> <span class='ocrx_word' id='word_1_260' title='bbox 2589 1418 2894 1486; x_wconf 85' lang='lat' dir='ltr'><strong>Apostolica</strong></span> <span class='ocrx_word' id='word_1_261' title='bbox 2952 1417 3078 1471; x_wconf 84' lang='lat' dir='ltr'><strong>illud</strong></span> <span class='ocrx_word' id='word_1_262' title='bbox 3141 1420 3466 1472; x_wconf 83' lang='lat' dir='ltr'><strong>auctoritate</strong></span> 
     </span>
    </p>
   </div>
   <div class='ocr_carea' id='block_1_44' title="bbox 1893 1508 3464 1577">
    <p class='ocr_par' dir='ltr' id='par_1_44' title="bbox 1893 1508 3464 1577">
     <span class='ocr_line' id='line_1_45' title="bbox 1893 1508 3464 1577; baseline 0.004 -19"><span class='ocrx_word' id='word_1_263' title='bbox 1893 1515 2067 1558; x_wconf 88' lang='lat' dir='ltr'><strong>ratum</strong></span> <span class='ocrx_word' id='word_1_264' title='bbox 2098 1523 2162 1562; x_wconf 88' lang='lat' dir='ltr'><strong>ac</strong></span> <span class='ocrx_word' id='word_1_265' title='bbox 2185 1508 2478 1562; x_wconf 88' lang='lat' dir='ltr'><strong>stabilitum</strong></span> <span class='ocrx_word' id='word_1_266' title='bbox 2507 1509 2816 1577; x_wconf 88' lang='lat' dir='ltr'><strong>perenniter</strong></span> <span class='ocrx_word' id='word_1_267' title='bbox 2845 1509 3204 1574; x_wconf 88' lang='lat' dir='ltr'><strong>instituenles,</strong></span> <span class='ocrx_word' id='word_1_268' title='bbox 3235 1520 3289 1563; x_wconf 89' lang='lat' dir='ltr'><strong>et</strong></span> <span class='ocrx_word' id='word_1_269' title='bbox 3313 1518 3370 1564; x_wconf 92' lang='lat' dir='ltr'><strong>ut</strong></span> <span class='ocrx_word' id='word_1_270' title='bbox 3395 1511 3464 1565; x_wconf 92' lang='lat' dir='ltr'><strong>ab</strong></span> 
     </span>
    </p>
   </div>
   <div class='ocr_carea' id='block_1_45' title="bbox 1891 1597 3472 1678">
    <p class='ocr_par' dir='ltr' id='par_1_45' title="bbox 1891 1597 3472 1678">
     <span class='ocr_line' id='line_1_46' title="bbox 1891 1597 3472 1678; baseline 0.003 -28"><span class='ocrx_word' id='word_1_271' title='bbox 1891 1597 2039 1651; x_wconf 92' lang='lat' dir='ltr'><strong>omni</strong></span> <span class='ocrx_word' id='word_1_272' title='bbox 2090 1599 2430 1668; x_wconf 89' lang='lat' dir='ltr'><strong>impulsione,</strong></span> <span class='ocrx_word' id='word_1_273' title='bbox 2480 1601 3056 1678; x_wconf 43' lang='lat' dir='ltr'><strong>atque&#39;inquietudine</strong></span> <span class='ocrx_word' id='word_1_274' title='bbox 3108 1599 3472 1670; x_wconf 89' lang='lat' dir='ltr'><strong>quorumlibet</strong></span> 
     </span>
    </p>
   </div>
   <div class='ocr_carea' id='block_1_46' title="bbox 1893 1687 3470 1762">
    <p class='ocr_par' dir='ltr' id='par_1_46' title="bbox 1893 1687 3470 1762">
     <span class='ocr_line' id='line_1_47' title="bbox 1893 1687 3470 1762; baseline 0.002 -20"><span class='ocrx_word' id='word_1_275' title='bbox 1893 1687 2262 1742; x_wconf 77' lang='lat' dir='ltr'><strong>infestantium</strong></span> <span class='ocrx_word' id='word_1_276' title='bbox 2280 1691 2577 1745; x_wconf 87' lang='lat' dir='ltr'><strong>beatissimi</strong></span> <span class='ocrx_word' id='word_1_277' title='bbox 2599 1690 2743 1746; x_wconf 81' lang='lat' dir='ltr'><strong>Petri</strong></span> <span class='ocrx_word' id='word_1_278' title='bbox 2765 1693 2988 1746; x_wconf 91' lang='lat' dir='ltr'><strong>tuitione</strong></span> <span class='ocrx_word' id='word_1_279' title='bbox 3010 1692 3232 1747; x_wconf 63' lang='lat' dir='ltr'><strong>illaesum</strong></span> <span class='ocrx_word' id='word_1_280' title='bbox 3255 1705 3470 1762; x_wconf 85' lang='lat' dir='ltr'><strong>semper</strong></span> 
     </span>
    </p>
   </div>
   <div class='ocr_carea' id='block_1_47' title="bbox 1821 1777 3468 1854">
    <p class='ocr_par' dir='ltr' id='par_1_47' title="bbox 1821 1777 3468 1854">
     <span class='ocr_line' id='line_1_48' title="bbox 1821 1777 3468 1854; baseline 0.004 -24"><span class='ocrx_word' id='word_1_281' title='bbox 1821 1792 1872 1854; x_wconf 67' lang='grc' dir='ltr'><strong>Β</strong></span> <span class='ocrx_word' id='word_1_282' title='bbox 1895 1787 1950 1831; x_wconf 92' lang='lat' dir='ltr'><strong>et</strong></span> <span class='ocrx_word' id='word_1_283' title='bbox 1971 1777 2370 1841; x_wconf 87' lang='lat' dir='ltr'><strong>inconcussum,</strong></span> <span class='ocrx_word' id='word_1_284' title='bbox 2399 1779 2624 1834; x_wconf 91' lang='lat' dir='ltr'><strong>Domino</strong></span> <span class='ocrx_word' id='word_1_285' title='bbox 2645 1789 2982 1851; x_wconf 79' lang='lat' dir='ltr'><strong>protegente,</strong></span> <span class='ocrx_word' id='word_1_286' title='bbox 3003 1790 3336 1850; x_wconf 87' lang='lat' dir='ltr'><strong>permaneat;</strong></span> <span class='ocrx_word' id='word_1_287' title='bbox 3363 1783 3468 1836; x_wconf 88' lang='lat' dir='ltr'><strong>hoc</strong></span> 
     </span>
    </p>
   </div>
   <div class='ocr_carea' id='block_1_48' title="bbox 1893 1865 3470 1937">
    <p class='ocr_par' dir='ltr' id='par_1_48' title="bbox 1893 1865 3470 1937">
     <span class='ocr_line' id='line_1_49' title="bbox 1893 1865 3470 1937; baseline 0.004 -20"><span class='ocrx_word' id='word_1_288' title='bbox 1893 1865 2058 1918; x_wconf 89' lang='lat' dir='ltr'><strong>etiam</strong></span> <span class='ocrx_word' id='word_1_289' title='bbox 2102 1867 2412 1922; x_wconf 90' lang='lat' dir='ltr'><strong>omnimodo</strong></span> <span class='ocrx_word' id='word_1_290' title='bbox 2457 1869 2800 1937; x_wconf 90' lang='lat' dir='ltr'><strong>providemus</strong></span> <span class='ocrx_word' id='word_1_291' title='bbox 2840 1878 2897 1924; x_wconf 91' lang='lat' dir='ltr'><strong>et</strong></span> <span class='ocrx_word' id='word_1_292' title='bbox 2931 1870 3196 1924; x_wconf 90' lang='lat' dir='ltr'><strong>stabiliter</strong></span> <span class='ocrx_word' id='word_1_293' title='bbox 3225 1868 3470 1925; x_wconf 82' lang='lat' dir='ltr'><strong>decerni-</strong></span> 
     </span>
    </p>
   </div>
   <div class='ocr_carea' id='block_1_49' title="bbox 1892 1957 3470 2029">
    <p class='ocr_par' dir='ltr' id='par_1_49' title="bbox 1892 1957 3470 2029">
     <span class='ocr_line' id='line_1_50' title="bbox 1892 1957 3470 2029; baseline 0.003 -20"><span class='ocrx_word' id='word_1_294' title='bbox 1892 1969 2014 2010; x_wconf 87' lang='lat' dir='ltr'><strong>mus</strong></span> <span class='ocrx_word' id='word_1_295' title='bbox 2040 1965 2098 2010; x_wconf 95' lang='lat' dir='ltr'><strong>ut</strong></span> <span class='ocrx_word' id='word_1_296' title='bbox 2125 1957 2374 2012; x_wconf 89' lang='lat' dir='ltr'><strong>universa</strong></span> <span class='ocrx_word' id='word_1_297' title='bbox 2406 1975 2525 2029; x_wconf 66' lang='lat' dir='ltr'><strong>quae</strong></span> <span class='ocrx_word' id='word_1_298' title='bbox 2569 1959 2766 2014; x_wconf 85' lang='lat' dir='ltr'><strong>ibidem</strong></span> <span class='ocrx_word' id='word_1_299' title='bbox 2810 1961 2866 2015; x_wconf 91' lang='lat' dir='ltr'><strong>in</strong></span> <span class='ocrx_word' id='word_1_300' title='bbox 2907 1959 3379 2018; x_wconf 85' lang='lat' dir='ltr'><strong>rebus-mobilibus</strong></span> <span class='ocrx_word' id='word_1_301' title='bbox 3411 1967 3470 2015; x_wconf 86' lang='lat' dir='ltr'><strong>et</strong></span> 
     </span>
    </p>
   </div>
   <div class='ocr_carea' id='block_1_50' title="bbox 1893 2045 3468 2122">
    <p class='ocr_par' dir='ltr' id='par_1_50' title="bbox 1893 2045 3468 2122">
     <span class='ocr_line' id='line_1_51' title="bbox 1893 2045 3468 2122; baseline 0.004 -22"><span class='ocrx_word' id='word_1_302' title='bbox 1893 2045 2290 2111; x_wconf 87' lang='lat' dir='ltr'><strong>immobilibus,</strong></span> <span class='ocrx_word' id='word_1_303' title='bbox 2338 2050 2483 2104; x_wconf 90' lang='lat' dir='ltr'><strong>intus</strong></span> <span class='ocrx_word' id='word_1_304' title='bbox 2530 2049 2768 2120; x_wconf 79' lang='lat' dir='ltr'><strong>forisque</strong></span> <span class='ocrx_word' id='word_1_305' title='bbox 2819 2052 2872 2106; x_wconf 94' lang='lat' dir='ltr'><strong>in</strong></span> <span class='ocrx_word' id='word_1_306' title='bbox 2919 2051 3140 2106; x_wconf 78' lang='lat' dir='ltr'><strong>familiis</strong></span> <span class='ocrx_word' id='word_1_307' title='bbox 3188 2053 3468 2122; x_wconf 87' lang='lat' dir='ltr'><strong>utriusque</strong></span> 
     </span>
    </p>
   </div>
   <div class='ocr_carea' id='block_1_51' title="bbox 1892 2140 3466 2210">
    <p class='ocr_par' dir='ltr' id='par_1_51' title="bbox 1892 2140 3466 2210">
     <span class='ocr_line' id='line_1_52' title="bbox 1892 2140 3466 2210; baseline 0.004 -20"><span class='ocrx_word' id='word_1_308' title='bbox 1892 2149 2074 2199; x_wconf 80' lang='lat' dir='ltr'><strong>sexus,</strong></span> <span class='ocrx_word' id='word_1_309' title='bbox 2121 2147 2422 2206; x_wconf 89' lang='lat' dir='ltr'><strong>cunctoque</strong></span> <span class='ocrx_word' id='word_1_310' title='bbox 2455 2149 2648 2194; x_wconf 88' lang='lat' dir='ltr'><strong>ornatu</strong></span> <span class='ocrx_word' id='word_1_311' title='bbox 2692 2140 3080 2205; x_wconf 87' lang='lat' dir='ltr'><strong>ecclesiastico,</strong></span> <span class='ocrx_word' id='word_1_312' title='bbox 3111 2149 3274 2210; x_wconf 87' lang='lat' dir='ltr'><strong>atque</strong></span> <span class='ocrx_word' id='word_1_313' title='bbox 3317 2140 3466 2196; x_wconf 90' lang='lat' dir='ltr'><strong>omni</strong></span> 
     </span>
    </p>
   </div>
   <div class='ocr_carea' id='block_1_52' title="bbox 1892 2225 3464 2295">
    <p class='ocr_par' dir='ltr' id='par_1_52' title="bbox 1892 2225 3464 2295">
     <span class='ocr_line' id='line_1_53' title="bbox 1892 2225 3464 2295; baseline 0.003 -16"><span class='ocrx_word' id='word_1_314' title='bbox 1892 2225 2244 2293; x_wconf 85' lang='lat' dir='ltr'><strong>suppellectili</strong></span> <span class='ocrx_word' id='word_1_315' title='bbox 2291 2227 2455 2281; x_wconf 88' lang='lat' dir='ltr'><strong>semel</strong></span> <span class='ocrx_word' id='word_1_316' title='bbox 2487 2229 2712 2283; x_wconf 92' lang='lat' dir='ltr'><strong>Domino</strong></span> <span class='ocrx_word' id='word_1_317' title='bbox 2735 2246 2765 2283; x_wconf 92' lang='lat' dir='ltr'><strong>a</strong></span> <span class='ocrx_word' id='word_1_318' title='bbox 2795 2230 2949 2285; x_wconf 88' lang='lat' dir='ltr'><strong>vobis</strong></span> <span class='ocrx_word' id='word_1_319' title='bbox 2988 2230 3285 2285; x_wconf 69' lang='lat' dir='ltr'><strong>distributa:</strong></span> <span class='ocrx_word' id='word_1_320' title='bbox 3316 2239 3464 2295; x_wconf 87' lang='lat' dir='ltr'><strong>sunt,</strong></span> 
     </span>
    </p>
   </div>
   <div class='ocr_carea' id='block_1_53' title="bbox 1892 2310 3464 2382">
    <p class='ocr_par' dir='ltr' id='par_1_53' title="bbox 1892 2310 3464 2382">
     <span class='ocr_line' id='line_1_54' title="bbox 1892 2310 3464 2382; baseline 0.004 -18"><span class='ocrx_word' id='word_1_321' title='bbox 1892 2310 2092 2366; x_wconf 80' lang='lat' dir='ltr'><strong>futuris</strong></span> <span class='ocrx_word' id='word_1_322' title='bbox 2118 2314 2451 2382; x_wconf 87' lang='lat' dir='ltr'><strong>temporibus</strong></span> <span class='ocrx_word' id='word_1_323' title='bbox 2473 2316 2783 2371; x_wconf 89' lang='lat' dir='ltr'><strong>inconvulsa</strong></span> <span class='ocrx_word' id='word_1_324' title='bbox 2812 2319 2864 2370; x_wconf 93' lang='lat' dir='ltr'><strong>in</strong></span> <span class='ocrx_word' id='word_1_325' title='bbox 2889 2318 3078 2372; x_wconf 88' lang='lat' dir='ltr'><strong>eodem</strong></span> <span class='ocrx_word' id='word_1_326' title='bbox 3105 2326 3318 2374; x_wconf 86' lang='lat' dir='ltr'><strong>sacrato</strong></span> <span class='ocrx_word' id='word_1_327' title='bbox 3345 2317 3464 2371; x_wconf 90' lang='lat' dir='ltr'><strong>loco</strong></span> 
     </span>
    </p>
   </div>
   <div class='ocr_carea' id='block_1_54' title="bbox 1892 2400 3463 2473">
    <p class='ocr_par' dir='ltr' id='par_1_54' title="bbox 1892 2400 3463 2473">
     <span class='ocr_line' id='line_1_55' title="bbox 1892 2400 3463 2473; baseline 0.001 -17"><span class='ocrx_word' id='word_1_328' title='bbox 1892 2400 2184 2473; x_wconf 89' lang='lat' dir='ltr'><strong>persistant</strong></span> <span class='ocrx_word' id='word_1_329' title='bbox 2212 2405 2451 2458; x_wconf 91' lang='lat' dir='ltr'><strong>omnium</strong></span> <span class='ocrx_word' id='word_1_330' title='bbox 2499 2406 2712 2473; x_wconf 90' lang='lat' dir='ltr'><strong>penitus</strong></span> <span class='ocrx_word' id='word_1_331' title='bbox 2759 2406 3144 2461; x_wconf 90' lang='lat' dir='ltr'><strong>diminutiones</strong></span> <span class='ocrx_word' id='word_1_332' title='bbox 3183 2405 3266 2460; x_wconf 86' lang='lat' dir='ltr'><strong>vel</strong></span> <span class='ocrx_word' id='word_1_333' title='bbox 3312 2406 3463 2458; x_wconf 88' lang='lat' dir='ltr'><strong>inva-</strong></span> 
     </span>
    </p>
   </div>
   <div class='ocr_carea' id='block_1_55' title="bbox 1894 2495 3464 2565">
    <p class='ocr_par' dir='ltr' id='par_1_55' title="bbox 1894 2495 3464 2565">
     <span class='ocr_line' id='line_1_56' title="bbox 1894 2495 3464 2565; baseline 0.003 -18"><span class='ocrx_word' id='word_1_334' title='bbox 1894 2497 2046 2549; x_wconf 90' lang='lat' dir='ltr'><strong>sione</strong></span> <span class='ocrx_word' id='word_1_335' title='bbox 2093 2495 2298 2565; x_wconf 90' lang='lat' dir='ltr'><strong>sopita;</strong></span> <span class='ocrx_word' id='word_1_336' title='bbox 2358 2495 2412 2548; x_wconf 94' lang='lat' dir='ltr'><strong>in</strong></span> <span class='ocrx_word' id='word_1_337' title='bbox 2459 2495 2540 2550; x_wconf 90' lang='lat' dir='ltr'><strong>eis</strong></span> <span class='ocrx_word' id='word_1_338' title='bbox 2585 2497 2750 2550; x_wconf 89' lang='lat' dir='ltr'><strong>etiam</strong></span> <span class='ocrx_word' id='word_1_339' title='bbox 2801 2496 3051 2562; x_wconf 74' lang='lat' dir='ltr'><strong>familiis,</strong></span> <span class='ocrx_word' id='word_1_340' title='bbox 3100 2512 3236 2565; x_wconf 89' lang='lat' dir='ltr'><strong>quas</strong></span> <span class='ocrx_word' id='word_1_341' title='bbox 3271 2497 3342 2550; x_wconf 91' lang='lat' dir='ltr'><strong>ob</strong></span> <span class='ocrx_word' id='word_1_342' title='bbox 3377 2511 3464 2552; x_wconf 87' lang='lat' dir='ltr'><strong>re-</strong></span> 
     </span>
    </p>
   </div>
   <div class='ocr_carea' id='block_1_56' title="bbox 1895 2585 3468 2657">
    <p class='ocr_par' dir='ltr' id='par_1_56' title="bbox 1895 2585 3468 2657">
     <span class='ocr_line' id='line_1_57' title="bbox 1895 2585 3468 2657; baseline 0.001 -19"><span class='ocrx_word' id='word_1_343' title='bbox 1895 2585 2279 2653; x_wconf 90' lang='lat' dir='ltr'><strong>demptionem,</strong></span> <span class='ocrx_word' id='word_1_344' title='bbox 2309 2585 2502 2640; x_wconf 64' lang='lat' dir='ltr'><strong>anima:</strong></span> <span class='ocrx_word' id='word_1_345' title='bbox 2527 2598 2720 2642; x_wconf 76' lang='lat' dir='ltr'><strong>vestra:</strong></span> <span class='ocrx_word' id='word_1_346' title='bbox 2748 2587 2994 2657; x_wconf 89' lang='lat' dir='ltr'><strong>prudenti</strong></span> <span class='ocrx_word' id='word_1_347' title='bbox 3025 2596 3267 2657; x_wconf 89' lang='lat' dir='ltr'><strong>respectu</strong></span> <span class='ocrx_word' id='word_1_348' title='bbox 3299 2586 3468 2642; x_wconf 85' lang='lat' dir='ltr'><strong>liber-</strong></span> 
     </span>
    </p>
   </div>
   <div class='ocr_carea' id='block_1_57' title="bbox 1897 2673 3462 2744">
    <p class='ocr_par' dir='ltr' id='par_1_57' title="bbox 1897 2673 3462 2744">
     <span class='ocr_line' id='line_1_58' title="bbox 1897 2673 3462 2744; baseline 0.004 -19"><span class='ocrx_word' id='word_1_349' title='bbox 1897 2681 2009 2726; x_wconf 88' lang='lat' dir='ltr'><strong>tate</strong></span> <span class='ocrx_word' id='word_1_350' title='bbox 2035 2673 2297 2734; x_wconf 87' lang='lat' dir='ltr'><strong>donastis,</strong></span> <span class='ocrx_word' id='word_1_351' title='bbox 2316 2673 2396 2727; x_wconf 88' lang='lat' dir='ltr'><strong>vel</strong></span> <span class='ocrx_word' id='word_1_352' title='bbox 2411 2674 2462 2728; x_wconf 93' lang='lat' dir='ltr'><strong>in</strong></span> <span class='ocrx_word' id='word_1_353' title='bbox 2480 2675 2742 2744; x_wconf 89' lang='lat' dir='ltr'><strong>reliquum</strong></span> <span class='ocrx_word' id='word_1_354' title='bbox 2759 2675 3105 2739; x_wconf 91' lang='lat' dir='ltr'><strong>donaveritis,</strong></span> <span class='ocrx_word' id='word_1_355' title='bbox 3123 2675 3284 2728; x_wconf 90' lang='lat' dir='ltr'><strong>simili</strong></span> <span class='ocrx_word' id='word_1_356' title='bbox 3300 2674 3462 2731; x_wconf 88' lang='lat' dir='ltr'><strong>modo</strong></span> 
     </span>
    </p>
   </div>
   <div class='ocr_carea' id='block_1_58' title="bbox 1894 2762 3464 2836">
    <p class='ocr_par' dir='ltr' id='par_1_58' title="bbox 1894 2762 3464 2836">
     <span class='ocr_line' id='line_1_59' title="bbox 1894 2762 3464 2836; baseline 0.004 -22"><span class='ocrx_word' id='word_1_357' title='bbox 1894 2777 1992 2816; x_wconf 91' lang='lat' dir='ltr'><strong>nos</strong></span> <span class='ocrx_word' id='word_1_358' title='bbox 2021 2763 2172 2817; x_wconf 80' lang='lat' dir='ltr'><strong>vobis</strong></span> <span class='ocrx_word' id='word_1_359' title='bbox 2199 2762 2458 2825; x_wconf 83' lang='lat' dir='ltr'><strong>favemus,</strong></span> <span class='ocrx_word' id='word_1_360' title='bbox 2495 2764 2812 2833; x_wconf 90' lang='lat' dir='ltr'><strong>aspiramus,</strong></span> <span class='ocrx_word' id='word_1_361' title='bbox 2853 2774 2906 2820; x_wconf 91' lang='lat' dir='ltr'><strong>et</strong></span> <span class='ocrx_word' id='word_1_362' title='bbox 2937 2766 3286 2835; x_wconf 89' lang='lat' dir='ltr'><strong>apostolicum</strong></span> <span class='ocrx_word' id='word_1_363' title='bbox 3323 2780 3464 2836; x_wconf 72' lang='lat' dir='ltr'><strong>prte-</strong></span> 
     </span>
    </p>
   </div>
   <div class='ocr_carea' id='block_1_59' title="bbox 1894 2850 3462 2920">
    <p class='ocr_par' dir='ltr' id='par_1_59' title="bbox 1894 2850 3462 2920">
     <span class='ocr_line' id='line_1_60' title="bbox 1894 2850 3462 2920; baseline 0.003 -16"><span class='ocrx_word' id='word_1_364' title='bbox 1894 2850 2082 2905; x_wconf 88' lang='lat' dir='ltr'><strong>bemus</strong></span> <span class='ocrx_word' id='word_1_365' title='bbox 2128 2867 2427 2916; x_wconf 89' lang='lat' dir='ltr'><strong>assensum,</strong></span> <span class='ocrx_word' id='word_1_366' title='bbox 2470 2863 2736 2920; x_wconf 87' lang='lat' dir='ltr'><strong>quatenus</strong></span> <span class='ocrx_word' id='word_1_367' title='bbox 2777 2865 2833 2909; x_wconf 91' lang='lat' dir='ltr'><strong>et</strong></span> <span class='ocrx_word' id='word_1_368' title='bbox 2880 2854 2954 2908; x_wconf 92' lang='lat' dir='ltr'><strong>illi</strong></span> <span class='ocrx_word' id='word_1_369' title='bbox 2994 2867 3180 2908; x_wconf 81' lang='lat' dir='ltr'><strong>secura</strong></span> <span class='ocrx_word' id='word_1_370' title='bbox 3212 2854 3462 2909; x_wconf 89' lang='lat' dir='ltr'><strong>libertate</strong></span> 
     </span>
    </p>
   </div>
   <div class='ocr_carea' id='block_1_60' title="bbox 1894 2942 3463 3015">
    <p class='ocr_par' dir='ltr' id='par_1_60' title="bbox 1894 2942 3463 3015">
     <span class='ocr_line' id='line_1_61' title="bbox 1894 2942 3463 3015; baseline 0.003 -22"><span class='ocrx_word' id='word_1_371' title='bbox 1894 2943 2074 3010; x_wconf 92' lang='lat' dir='ltr'><strong>potiti,</strong></span> <span class='ocrx_word' id='word_1_372' title='bbox 2126 2954 2181 2995; x_wconf 87' lang='lat' dir='ltr'><strong>et</strong></span> <span class='ocrx_word' id='word_1_373' title='bbox 2233 2943 2406 3010; x_wconf 90' lang='lat' dir='ltr'><strong>gratia</strong></span> <span class='ocrx_word' id='word_1_374' title='bbox 2461 2942 2556 2997; x_wconf 89' lang='lat' dir='ltr'><strong>Dei</strong></span> <span class='ocrx_word' id='word_1_375' title='bbox 2605 2946 2738 2998; x_wconf 88' lang='lat' dir='ltr'><strong>duce</strong></span> <span class='ocrx_word' id='word_1_376' title='bbox 2793 2946 3118 3015; x_wconf 88' lang='lat' dir='ltr'><strong>sempiterne</strong></span> <span class='ocrx_word' id='word_1_377' title='bbox 3167 2945 3463 3015; x_wconf 89' lang='lat' dir='ltr'><strong>suscipiant</strong></span> 
     </span>
    </p>
   </div>
   <div class='ocr_carea' id='block_1_61' title="bbox 1894 3030 3461 3104">
    <p class='ocr_par' dir='ltr' id='par_1_61' title="bbox 1894 3030 3461 3104">
     <span class='ocr_line' id='line_1_62' title="bbox 1894 3030 3461 3104; baseline 0.004 -22"><span class='ocrx_word' id='word_1_378' title='bbox 1894 3030 2085 3100; x_wconf 91' lang='lat' dir='ltr'><strong>gaudia</strong></span> <span class='ocrx_word' id='word_1_379' title='bbox 2136 3032 2280 3085; x_wconf 58' lang='lat' dir='ltr'><strong>vita}.</strong></span> <span class='ocrx_word' id='word_1_380' title='bbox 2330 3033 2804 3088; x_wconf 80' lang='lat' dir='ltr'><strong>Consecrationem</strong></span> <span class='ocrx_word' id='word_1_381' title='bbox 2857 3050 2996 3104; x_wconf 87' lang='lat' dir='ltr'><strong>pono</strong></span> <span class='ocrx_word' id='word_1_382' title='bbox 3037 3035 3325 3090; x_wconf 76' lang='lat' dir='ltr'><strong>abbatissa:</strong></span> <span class='ocrx_word' id='word_1_383' title='bbox 3356 3033 3461 3088; x_wconf 90' lang='lat' dir='ltr'><strong>loci</strong></span> 
     </span>
    </p>
   </div>
   <div class='ocr_carea' id='block_1_62' title="bbox 207 3111 3463 3194">
    <p class='ocr_par' dir='ltr' id='par_1_62' title="bbox 207 3111 3463 3194">
     <span class='ocr_line' id='line_1_63' title="bbox 207 3111 3463 3194; baseline 0.004 -30"><span class='ocrx_word' id='word_1_384' title='bbox 207 3111 613 3182; x_wconf 86' lang='lat' dir='ltr'><strong>occurrimus];</strong></span> <span class='ocrx_word' id='word_1_385' title='bbox 657 3112 733 3166; x_wconf 89' lang='lat' dir='ltr'><strong>ita</strong></span> <span class='ocrx_word' id='word_1_386' title='bbox 762 3126 949 3166; x_wconf 89' lang='lat' dir='ltr'><strong>omnes</strong></span> <span class='ocrx_word' id='word_1_387' title='bbox 992 3112 1118 3167; x_wconf 88' lang='lat' dir='ltr'><strong>hinc</strong></span> <span class='ocrx_word' id='word_1_388' title='bbox 1144 3121 1199 3166; x_wconf 92' lang='lat' dir='ltr'><strong>et</strong></span> <span class='ocrx_word' id='word_1_389' title='bbox 1227 3113 1350 3167; x_wconf 91' lang='lat' dir='ltr'><strong>inde</strong></span> <span class='ocrx_word' id='word_1_390' title='bbox 1371 3116 1616 3170; x_wconf 89' lang='lat' dir='ltr'><strong>volumus</strong></span> <span class='ocrx_word' id='word_1_391' title='bbox 1639 3117 1782 3170; x_wconf 82' lang='lat' dir='ltr'><strong>anti-</strong></span> <span class='ocrx_word' id='word_1_392' title='bbox 1811 3129 1856 3190; x_wconf 74' lang='grc' dir='ltr'>ο</span> <span class='ocrx_word' id='word_1_393' title='bbox 1888 3121 2075 3189; x_wconf 87' lang='lat' dir='ltr'><strong>ipsius,</strong></span> <span class='ocrx_word' id='word_1_394' title='bbox 2117 3133 2175 3175; x_wconf 92' lang='lat' dir='ltr'><strong>ut</strong></span> <span class='ocrx_word' id='word_1_395' title='bbox 2217 3123 2323 3176; x_wconf 82' lang='lat' dir='ltr'><strong>tilia</strong></span> <span class='ocrx_word' id='word_1_396' title='bbox 2369 3127 2557 3178; x_wconf 89' lang='lat' dir='ltr'><strong>devota</strong></span> <span class='ocrx_word' id='word_1_397' title='bbox 2607 3126 2808 3194; x_wconf 90' lang='lat' dir='ltr'><strong>petisti.</strong></span> <span class='ocrx_word' id='word_1_398' title='bbox 2854 3125 3327 3180; x_wconf 85' lang='lat' dir='ltr'><strong>Mediolanensium</strong></span> <span class='ocrx_word' id='word_1_399' title='bbox 3375 3140 3463 3178; x_wconf 83' lang='lat' dir='ltr'><strong>ar-</strong></span> 
     </span>
    </p>
   </div>
   <div class='ocr_carea' id='block_1_63' title="bbox 208 3200 1784 3273">
    <p class='ocr_par' dir='ltr' id='par_1_63' title="bbox 208 3200 1784 3273">
     <span class='ocr_line' id='line_1_64' title="bbox 208 3200 1784 3273; baseline 0.003 -19"><span class='ocrx_word' id='word_1_400' title='bbox 208 3200 370 3273; x_wconf 89' lang='lat' dir='ltr'><strong>stites</strong></span> <span class='ocrx_word' id='word_1_401' title='bbox 391 3201 668 3264; x_wconf 86' lang='lat' dir='ltr'><strong>advenire,</strong></span> <span class='ocrx_word' id='word_1_402' title='bbox 700 3211 759 3255; x_wconf 92' lang='lat' dir='ltr'><strong>ut</strong></span> <span class='ocrx_word' id='word_1_403' title='bbox 785 3201 1045 3269; x_wconf 84' lang='lat' dir='ltr'><strong>quidquid</strong></span> <span class='ocrx_word' id='word_1_404' title='bbox 1091 3202 1145 3256; x_wconf 94' lang='lat' dir='ltr'><strong>in</strong></span> <span class='ocrx_word' id='word_1_405' title='bbox 1197 3211 1384 3257; x_wconf 90' lang='lat' dir='ltr'><strong>sancta</strong></span> <span class='ocrx_word' id='word_1_406' title='bbox 1413 3205 1505 3258; x_wconf 88' lang='lat' dir='ltr'><strong>Dei</strong></span> <span class='ocrx_word' id='word_1_407' title='bbox 1547 3205 1784 3260; x_wconf 81' lang='lat' dir='ltr'><strong>Ecclesia</strong></span> 
     </span>
    </p>
   </div>
   <div class='ocr_carea' id='block_1_64' title="bbox 211 3289 1790 3362">
    <p class='ocr_par' dir='ltr' id='par_1_64' title="bbox 211 3289 1790 3362">
     <span class='ocr_line' id='line_1_65' title="bbox 211 3289 1790 3362; baseline 0.006 -22"><span class='ocrx_word' id='word_1_408' title='bbox 211 3303 502 3358; x_wconf 88' lang='lat' dir='ltr'><strong>perperam</strong></span> <span class='ocrx_word' id='word_1_409' title='bbox 523 3305 620 3358; x_wconf 90' lang='lat' dir='ltr'><strong>per</strong></span> <span class='ocrx_word' id='word_1_410' title='bbox 642 3289 970 3343; x_wconf 84' lang='lat' dir='ltr'><strong>zizaniorum</strong></span> <span class='ocrx_word' id='word_1_411' title='bbox 993 3299 1203 3345; x_wconf 86' lang='lat' dir='ltr'><strong>satores</strong></span> <span class='ocrx_word' id='word_1_412' title='bbox 1224 3293 1480 3346; x_wconf 80' lang='lat' dir='ltr'><strong>crevisse</strong></span> <span class='ocrx_word' id='word_1_413' title='bbox 1511 3293 1790 3362; x_wconf 84' lang='lat' dir='ltr'><strong>dignosce-</strong></span> 
     </span>
    </p>
   </div>
   <div class='ocr_carea' id='block_1_65' title="bbox 211 3379 1792 3450">
    <p class='ocr_par' dir='ltr' id='par_1_65' title="bbox 211 3379 1792 3450">
     <span class='ocr_line' id='line_1_66' title="bbox 211 3379 1792 3450; baseline 0.003 -16"><span class='ocrx_word' id='word_1_414' title='bbox 211 3389 324 3442; x_wconf 89' lang='lat' dir='ltr'><strong>tur,</strong></span> <span class='ocrx_word' id='word_1_415' title='bbox 344 3379 448 3434; x_wconf 89' lang='lat' dir='ltr'><strong>hoc</strong></span> <span class='ocrx_word' id='word_1_416' title='bbox 467 3380 736 3434; x_wconf 86' lang='lat' dir='ltr'><strong>communi</strong></span> <span class='ocrx_word' id='word_1_417' title='bbox 753 3389 984 3434; x_wconf 83' lang='lat' dir='ltr'><strong>tractatu</strong></span> <span class='ocrx_word' id='word_1_418' title='bbox 1006 3396 1101 3450; x_wconf 91' lang='lat' dir='ltr'><strong>per</strong></span> <span class='ocrx_word' id='word_1_419' title='bbox 1115 3391 1356 3436; x_wconf 88' lang='lat' dir='ltr'><strong>nostrum</strong></span> <span class='ocrx_word' id='word_1_420' title='bbox 1381 3399 1662 3438; x_wconf 88' lang='lat' dir='ltr'><strong>commune</strong></span> <span class='ocrx_word' id='word_1_421' title='bbox 1677 3395 1792 3439; x_wconf 88' lang='lat' dir='ltr'><strong>stu-</strong></span> 
     </span>
    </p>
   </div>
   <div class='ocr_carea' id='block_1_66' title="bbox 214 3469 1789 3539">
    <p class='ocr_par' dir='ltr' id='par_1_66' title="bbox 214 3469 1789 3539">
     <span class='ocr_line' id='line_1_67' title="bbox 214 3469 1789 3539; baseline 0.007 -18"><span class='ocrx_word' id='word_1_422' title='bbox 214 3469 368 3522; x_wconf 89' lang='lat' dir='ltr'><strong>dium</strong></span> <span class='ocrx_word' id='word_1_423' title='bbox 403 3469 660 3524; x_wconf 87' lang='lat' dir='ltr'><strong>radicitus</strong></span> <span class='ocrx_word' id='word_1_424' title='bbox 681 3471 1026 3539; x_wconf 68' lang='lat' dir='ltr'><strong>eastirpetur.</strong></span> <span class='ocrx_word' id='word_1_425' title='bbox 1051 3471 1253 3527; x_wconf 89' lang='lat' dir='ltr'><strong>Idcirco</strong></span> <span class='ocrx_word' id='word_1_426' title='bbox 1280 3483 1423 3527; x_wconf 90' lang='lat' dir='ltr'><strong>tuam</strong></span> <span class='ocrx_word' id='word_1_427' title='bbox 1452 3475 1789 3531; x_wconf 88' lang='lat' dir='ltr'><strong>nobilitatem</strong></span> 
     </span>
    </p>
   </div>
   <div class='ocr_carea' id='block_1_67' title="bbox 215 3556 1794 3632">
    <p class='ocr_par' dir='ltr' id='par_1_67' title="bbox 215 3556 1794 3632">
     <span class='ocr_line' id='line_1_68' title="bbox 215 3556 1794 3632; baseline 0.008 -22"><span class='ocrx_word' id='word_1_428' title='bbox 215 3556 472 3628; x_wconf 86' lang='lat' dir='ltr'><strong>ignorare</strong></span> <span class='ocrx_word' id='word_1_429' title='bbox 500 3575 604 3612; x_wconf 90' lang='lat' dir='ltr'><strong>non</strong></span> <span class='ocrx_word' id='word_1_430' title='bbox 635 3561 868 3628; x_wconf 85' lang='lat' dir='ltr'><strong>patimur</strong></span> <span class='ocrx_word' id='word_1_431' title='bbox 893 3562 1036 3629; x_wconf 89' lang='lat' dir='ltr'><strong>quod</strong></span> <span class='ocrx_word' id='word_1_432' title='bbox 1070 3564 1349 3632; x_wconf 90' lang='lat' dir='ltr'><strong>episc0pos</strong></span> <span class='ocrx_word' id='word_1_433' title='bbox 1378 3563 1716 3621; x_wconf 82' lang='lat' dir='ltr'><strong>Venetiarum</strong></span> <span class='ocrx_word' id='word_1_434' title='bbox 1738 3577 1794 3622; x_wconf 87' lang='lat' dir='ltr'><strong>et</strong></span> 
     </span>
    </p>
   </div>
   <div class='ocr_carea' id='block_1_68' title="bbox 217 3647 1794 3720">
    <p class='ocr_par' dir='ltr' id='par_1_68' title="bbox 217 3647 1794 3720">
     <span class='ocr_line' id='line_1_69' title="bbox 217 3647 1794 3720; baseline 0.008 -19"><span class='ocrx_word' id='word_1_435' title='bbox 217 3647 428 3702; x_wconf 85' lang='lat' dir='ltr'><strong>electos</strong></span> <span class='ocrx_word' id='word_1_436' title='bbox 460 3659 790 3718; x_wconf 84' lang='lat' dir='ltr'><strong>vocatosque</strong></span> <span class='ocrx_word' id='word_1_437' title='bbox 812 3651 1096 3720; x_wconf 88' lang='lat' dir='ltr'><strong>episcopos</strong></span> <span class='ocrx_word' id='word_1_438' title='bbox 1143 3657 1445 3710; x_wconf 85' lang='lat' dir='ltr'><strong>vacantium</strong></span> <span class='ocrx_word' id='word_1_439' title='bbox 1488 3659 1696 3712; x_wconf 88' lang='lat' dir='ltr'><strong>sediuin</strong></span> <span class='ocrx_word' id='word_1_440' title='bbox 1723 3660 1794 3714; x_wconf 90' lang='lat' dir='ltr'><strong>ad</strong></span> 
     </span>
    </p>
   </div>
   <div class='ocr_carea' id='block_1_69' title="bbox 217 3737 1794 3815">
    <p class='ocr_par' dir='ltr' id='par_1_69' title="bbox 217 3737 1794 3815">
     <span class='ocr_line' id='line_1_70' title="bbox 217 3737 1794 3815; baseline 0.006 -22"><span class='ocrx_word' id='word_1_441' title='bbox 217 3737 471 3793; x_wconf 79' lang='lat' dir='ltr'><strong>eamdem</strong></span> <span class='ocrx_word' id='word_1_442' title='bbox 495 3739 778 3808; x_wconf 88' lang='lat' dir='ltr'><strong>synodum,</strong></span> <span class='ocrx_word' id='word_1_443' title='bbox 806 3741 944 3815; x_wconf 83' lang='lat' dir='ltr'><strong>sicut</strong></span> <span class='ocrx_word' id='word_1_444' title='bbox 963 3741 1076 3811; x_wconf 84' lang='lat' dir='ltr'><strong>jam</strong></span> <span class='ocrx_word' id='word_1_445' title='bbox 1101 3757 1197 3798; x_wconf 90' lang='lat' dir='ltr'><strong>eos</strong></span> <span class='ocrx_word' id='word_1_446' title='bbox 1228 3747 1557 3810; x_wconf 86' lang='lat' dir='ltr'><strong>vocavimus,</strong></span> <span class='ocrx_word' id='word_1_447' title='bbox 1580 3749 1794 3802; x_wconf 93' lang='lat' dir='ltr'><strong>occurri</strong></span> 
     </span>
    </p>
   </div>
   <div class='ocr_carea' id='block_1_70' title="bbox 211 3826 1798 3909">
    <p class='ocr_par' dir='ltr' id='par_1_70' title="bbox 211 3826 1798 3909">
     <span class='ocr_line' id='line_1_71' title="bbox 211 3826 1798 3909; baseline 0.007 -27"><span class='ocrx_word' id='word_1_448' title='bbox 211 3834 274 3882; x_wconf 81' lang='lat' dir='ltr'><strong>et</strong></span> <span class='ocrx_word' id='word_1_449' title='bbox 303 3826 502 3882; x_wconf 87' lang='lat' dir='ltr'><strong>iterato</strong></span> <span class='ocrx_word' id='word_1_450' title='bbox 545 3828 967 3897; x_wconf 88' lang='lat' dir='ltr'><strong>decreverimus,</strong></span> <span class='ocrx_word' id='word_1_451' title='bbox 994 3840 1052 3886; x_wconf 94' lang='lat' dir='ltr'><strong>ut</strong></span> <span class='ocrx_word' id='word_1_452' title='bbox 1089 3833 1230 3890; x_wconf 88' lang='lat' dir='ltr'><strong>inter</strong></span> <span class='ocrx_word' id='word_1_453' title='bbox 1279 3837 1632 3891; x_wconf 84' lang='lat' dir='ltr'><strong>reverendum</strong></span> <span class='ocrx_word' id='word_1_454' title='bbox 1670 3855 1798 3909; x_wconf 91' lang='lat' dir='ltr'><strong>quo-</strong></span> 
     </span>
    </p>
   </div>
   <div class='ocr_carea' id='block_1_71' title="bbox 213 3918 1794 3986">
    <p class='ocr_par' dir='ltr' id='par_1_71' title="bbox 213 3918 1794 3986">
     <span class='ocr_line' id='line_1_72' title="bbox 213 3918 1794 3986; baseline 0.01 -17"><span class='ocrx_word' id='word_1_455' title='bbox 213 3930 326 3986; x_wconf 87' lang='lat' dir='ltr'><strong>que</strong></span> <span class='ocrx_word' id='word_1_456' title='bbox 348 3918 821 3986; x_wconf 86' lang='lat' dir='ltr'><strong>metropolitanum</strong></span> <span class='ocrx_word' id='word_1_457' title='bbox 849 3931 1084 3977; x_wconf 88' lang='lat' dir='ltr'><strong>vestrum</strong></span> <span class='ocrx_word' id='word_1_458' title='bbox 1113 3933 1169 3978; x_wconf 92' lang='lat' dir='ltr'><strong>et</strong></span> <span class='ocrx_word' id='word_1_459' title='bbox 1194 3940 1288 3978; x_wconf 90' lang='lat' dir='ltr'><strong>vos</strong></span> <span class='ocrx_word' id='word_1_460' title='bbox 1313 3927 1492 3981; x_wconf 88' lang='lat' dir='ltr'><strong>oumis</strong></span> <span class='ocrx_word' id='word_1_461' title='bbox 1515 3928 1794 3985; x_wconf 88' lang='lat' dir='ltr'><strong>altercatio</strong></span> 
     </span>
    </p>
   </div>
   <div class='ocr_carea' id='block_1_72' title="bbox 210 4005 1798 4088">
    <p class='ocr_par' dir='ltr' id='par_1_72' title="bbox 210 4005 1798 4088">
     <span class='ocr_line' id='line_1_73' title="bbox 210 4005 1798 4088; baseline 0.008 -27"><span class='ocrx_word' id='word_1_462' title='bbox 210 4005 560 4072; x_wconf 82' lang='lat' dir='ltr'><strong>discutiatur,</strong></span> <span class='ocrx_word' id='word_1_463' title='bbox 587 4010 945 4076; x_wconf 76' lang='lat' dir='ltr'><strong>examinetur,</strong></span> <span class='ocrx_word' id='word_1_464' title='bbox 981 4022 1036 4066; x_wconf 92' lang='lat' dir='ltr'><strong>et</strong></span> <span class='ocrx_word' id='word_1_465' title='bbox 1055 4029 1243 4068; x_wconf 86' lang='lat' dir='ltr'><strong>coram</strong></span> <span class='ocrx_word' id='word_1_466' title='bbox 1267 4025 1457 4070; x_wconf 87' lang='lat' dir='ltr'><strong>sancta</strong></span> <span class='ocrx_word' id='word_1_467' title='bbox 1479 4019 1687 4088; x_wconf 87' lang='lat' dir='ltr'><strong>synodo</strong></span> <span class='ocrx_word' id='word_1_468' title='bbox 1707 4034 1798 4074; x_wconf 85' lang='lat' dir='ltr'><strong>ca-</strong></span> 
     </span>
    </p>
   </div>
   <div class='ocr_carea' id='block_1_73' title="bbox 213 4095 1795 4173">
    <p class='ocr_par' dir='ltr' id='par_1_73' title="bbox 213 4095 1795 4173">
     <span class='ocr_line' id='line_1_74' title="bbox 213 4095 1795 4173; baseline 0.008 -24"><span class='ocrx_word' id='word_1_469' title='bbox 213 4095 413 4150; x_wconf 85' lang='lat' dir='ltr'><strong>nonice</strong></span> <span class='ocrx_word' id='word_1_470' title='bbox 436 4097 772 4152; x_wconf 84' lang='lat' dir='ltr'><strong>terminetur.</strong></span> <span class='ocrx_word' id='word_1_471' title='bbox 798 4099 1049 4168; x_wconf 83' lang='lat' dir='ltr'><strong>Alioquin</strong></span> <span class='ocrx_word' id='word_1_472' title='bbox 1075 4110 1182 4156; x_wconf 89' lang='lat' dir='ltr'><strong>tam</strong></span> <span class='ocrx_word' id='word_1_473' title='bbox 1210 4120 1239 4155; x_wconf 88' lang='lat' dir='ltr'><strong>a</strong></span> <span class='ocrx_word' id='word_1_474' title='bbox 1263 4103 1418 4157; x_wconf 89' lang='lat' dir='ltr'><strong>nobis</strong></span> <span class='ocrx_word' id='word_1_475' title='bbox 1444 4120 1602 4173; x_wconf 88' lang='lat' dir='ltr'><strong>quam</strong></span> <span class='ocrx_word' id='word_1_476' title='bbox 1620 4122 1648 4160; x_wconf 89' lang='lat' dir='ltr'><strong>a</strong></span> <span class='ocrx_word' id='word_1_477' title='bbox 1671 4123 1795 4161; x_wconf 87' lang='lat' dir='ltr'><strong>san-</strong></span> 
     </span>
    </p>
   </div>
   <div class='ocr_carea' id='block_1_74' title="bbox 217 4185 1798 4267">
    <p class='ocr_par' dir='ltr' id='par_1_74' title="bbox 217 4185 1798 4267">
     <span class='ocr_line' id='line_1_75' title="bbox 217 4185 1798 4267; baseline 0.01 -29"><span class='ocrx_word' id='word_1_478' title='bbox 217 4193 308 4238; x_wconf 87' lang='lat' dir='ltr'><strong>cta</strong></span> <span class='ocrx_word' id='word_1_479' title='bbox 330 4185 558 4254; x_wconf 81' lang='lat' dir='ltr'><strong>synodo,</strong></span> <span class='ocrx_word' id='word_1_480' title='bbox 583 4188 629 4241; x_wconf 78' lang='lat' dir='ltr'><strong>si</strong></span> <span class='ocrx_word' id='word_1_481' title='bbox 653 4188 1146 4259; x_wconf 80' lang='lat' dir='ltr'><strong>inobedientesjam</strong></span> <span class='ocrx_word' id='word_1_482' title='bbox 1187 4203 1344 4249; x_wconf 71' lang='lat' dir='ltr'><strong>totes</strong></span> <span class='ocrx_word' id='word_1_483' title='bbox 1391 4211 1489 4265; x_wconf 89' lang='lat' dir='ltr'><strong>per</strong></span> <span class='ocrx_word' id='word_1_484' title='bbox 1515 4198 1798 4267; x_wconf 87' lang='lat' dir='ltr'><strong>epistolam</strong></span> 
     </span>
    </p>
   </div>
   <div class='ocr_carea' id='block_1_75' title="bbox 218 4274 1796 4357">
    <p class='ocr_par' dir='ltr' id='par_1_75' title="bbox 218 4274 1796 4357">
     <span class='ocr_line' id='line_1_76' title="bbox 218 4274 1796 4357; baseline 0.011 -31"><span class='ocrx_word' id='word_1_485' title='bbox 218 4274 402 4328; x_wconf 84' lang='lat' dir='ltr'><strong>vocati</strong></span> <span class='ocrx_word' id='word_1_486' title='bbox 429 4277 755 4340; x_wconf 79' lang='lat' dir='ltr'><strong>exstiterint,</strong></span> <span class='ocrx_word' id='word_1_487' title='bbox 786 4288 1038 4349; x_wconf 89' lang='lat' dir='ltr'><strong>tanquam</strong></span> <span class='ocrx_word' id='word_1_488' title='bbox 1067 4293 1466 4354; x_wconf 89' lang='lat' dir='ltr'><strong>contemptores</strong></span> <span class='ocrx_word' id='word_1_489' title='bbox 1485 4289 1796 4357; x_wconf 85' lang='lat' dir='ltr'><strong>synodicam</strong></span> 
     </span>
    </p>
   </div>
   <div class='ocr_carea' id='block_1_76' title="bbox 205 4368 1798 4446">
    <p class='ocr_par' dir='ltr' id='par_1_76' title="bbox 205 4368 1798 4446">
     <span class='ocr_line' id='line_1_77' title="bbox 205 4368 1798 4446; baseline 0.01 -25"><span class='ocrx_word' id='word_1_490' title='bbox 205 4368 557 4428; x_wconf 70' lang='lat' dir='ltr'><strong>sententiam</strong></span> <span class='ocrx_word' id='word_1_491' title='bbox 587 4368 866 4425; x_wconf 90' lang='lat' dir='ltr'><strong>incurrere</strong></span> <span class='ocrx_word' id='word_1_492' title='bbox 888 4376 1274 4429; x_wconf 87' lang='lat' dir='ltr'><strong>merebuntur:</strong></span> <span class='ocrx_word' id='word_1_493' title='bbox 1305 4379 1430 4446; x_wconf 88' lang='lat' dir='ltr'><strong>quia</strong></span> <span class='ocrx_word' id='word_1_494' title='bbox 1482 4394 1604 4436; x_wconf 91' lang='lat' dir='ltr'><strong>cum</strong></span> <span class='ocrx_word' id='word_1_495' title='bbox 1633 4382 1704 4436; x_wconf 88' lang='lat' dir='ltr'><strong>sit</strong></span> <span class='ocrx_word' id='word_1_496' title='bbox 1731 4382 1798 4436; x_wconf 88' lang='lat' dir='ltr'><strong>il-</strong></span> 
     </span>
    </p>
   </div>
   <div class='ocr_carea' id='block_1_77' title="bbox 1889 3211 3464 3287">
    <p class='ocr_par' dir='ltr' id='par_1_77' title="bbox 1889 3211 3464 3287">
     <span class='ocr_line' id='line_1_78' title="bbox 1889 3211 3464 3287; baseline 0.002 -21"><span class='ocrx_word' id='word_1_497' title='bbox 1889 3211 2230 3282; x_wconf 81' lang='lat' dir='ltr'><strong>cliiepiscopo</strong></span> <span class='ocrx_word' id='word_1_498' title='bbox 2259 3216 2624 3280; x_wconf 90' lang='lat' dir='ltr'><strong>concedimus,</strong></span> <span class='ocrx_word' id='word_1_499' title='bbox 2658 3217 2744 3270; x_wconf 88' lang='lat' dir='ltr'><strong>vel</strong></span> <span class='ocrx_word' id='word_1_500' title='bbox 2787 3217 3112 3286; x_wconf 82' lang='lat' dir='ltr'><strong>Aquileiensi</strong></span> <span class='ocrx_word' id='word_1_501' title='bbox 3153 3218 3244 3287; x_wconf 88' lang='lat' dir='ltr'><strong>qui</strong></span> <span class='ocrx_word' id='word_1_502' title='bbox 3275 3232 3464 3272; x_wconf 83' lang='lat' dir='ltr'><strong>secun-</strong></span> 
     </span>
    </p>
   </div>
   <div class='ocr_carea' id='block_1_78' title="bbox 1889 3299 3462 3375">
    <p class='ocr_par' dir='ltr' id='par_1_78' title="bbox 1889 3299 3462 3375">
     <span class='ocr_line' id='line_1_79' title="bbox 1889 3299 3462 3375; baseline 0.005 -22"><span class='ocrx_word' id='word_1_503' title='bbox 1889 3299 2018 3354; x_wconf 89' lang='lat' dir='ltr'><strong>dum</strong></span> <span class='ocrx_word' id='word_1_504' title='bbox 2063 3316 2246 3356; x_wconf 85' lang='lat' dir='ltr'><strong>vocem</strong></span> <span class='ocrx_word' id='word_1_505' title='bbox 2280 3303 2552 3374; x_wconf 88' lang='lat' dir='ltr'><strong>Evangelii</strong></span> <span class='ocrx_word' id='word_1_506' title='bbox 2598 3320 2696 3375; x_wconf 89' lang='lat' dir='ltr'><strong>per</strong></span> <span class='ocrx_word' id='word_1_507' title='bbox 2728 3307 2950 3370; x_wconf 90' lang='lat' dir='ltr'><strong>ostium,</strong></span> <span class='ocrx_word' id='word_1_508' title='bbox 2994 3317 3049 3360; x_wconf 92' lang='lat' dir='ltr'><strong>et</strong></span> <span class='ocrx_word' id='word_1_509' title='bbox 3089 3308 3347 3361; x_wconf 90' lang='lat' dir='ltr'><strong>canonice</strong></span> <span class='ocrx_word' id='word_1_510' title='bbox 3379 3309 3462 3360; x_wconf 84' lang='lat' dir='ltr'><strong>iu-</strong></span> 
     </span>
    </p>
   </div>
   <div class='ocr_carea' id='block_1_79' title="bbox 1891 3393 3464 3466">
    <p class='ocr_par' dir='ltr' id='par_1_79' title="bbox 1891 3393 3464 3466">
     <span class='ocr_line' id='line_1_80' title="bbox 1891 3393 3464 3466; baseline 0.005 -22"><span class='ocrx_word' id='word_1_511' title='bbox 1891 3407 2108 3463; x_wconf 87' lang='lat' dir='ltr'><strong>gressus</strong></span> <span class='ocrx_word' id='word_1_512' title='bbox 2164 3393 2365 3457; x_wconf 78' lang='lat' dir='ltr'><strong>fuerit,</strong></span> <span class='ocrx_word' id='word_1_513' title='bbox 2419 3395 2615 3463; x_wconf 87' lang='lat' dir='ltr'><strong>cuique</strong></span> <span class='ocrx_word' id='word_1_514' title='bbox 2669 3395 2832 3448; x_wconf 91' lang='lat' dir='ltr'><strong>etiam</strong></span> <span class='ocrx_word' id='word_1_515' title='bbox 2901 3397 3259 3450; x_wconf 73' lang='lat' dir='ltr'><strong>reformanda:</strong></span> <span class='ocrx_word' id='word_1_516' title='bbox 3313 3397 3464 3466; x_wconf 85' lang='lat' dir='ltr'><strong>pacis</strong></span> 
     </span>
    </p>
   </div>
   <div class='ocr_carea' id='block_1_80' title="bbox 1891 3485 3462 3555">
    <p class='ocr_par' dir='ltr' id='par_1_80' title="bbox 1891 3485 3462 3555">
     <span class='ocr_line' id='line_1_81' title="bbox 1891 3485 3462 3555; baseline 0.002 -18"><span class='ocrx_word' id='word_1_517' title='bbox 1891 3485 2130 3538; x_wconf 90' lang='lat' dir='ltr'><strong>studium</strong></span> <span class='ocrx_word' id='word_1_518' title='bbox 2159 3485 2474 3554; x_wconf 89' lang='lat' dir='ltr'><strong>delegamus</strong></span> <span class='ocrx_word' id='word_1_519' title='bbox 2503 3501 2625 3538; x_wconf 92' lang='lat' dir='ltr'><strong>cum</strong></span> <span class='ocrx_word' id='word_1_520' title='bbox 2652 3485 3017 3540; x_wconf 88' lang='lat' dir='ltr'><strong>moderamine</strong></span> <span class='ocrx_word' id='word_1_521' title='bbox 3046 3486 3362 3555; x_wconf 75' lang='lat' dir='ltr'><strong>disciplinae,</strong></span> <span class='ocrx_word' id='word_1_522' title='bbox 3393 3487 3462 3552; x_wconf 86' lang='lat' dir='ltr'><strong>si,</strong></span> 
     </span>
    </p>
   </div>
   <div class='ocr_carea' id='block_1_81' title="bbox 1893 3573 3464 3642">
    <p class='ocr_par' dir='ltr' id='par_1_81' title="bbox 1893 3573 3464 3642">
     <span class='ocr_line' id='line_1_82' title="bbox 1893 3573 3464 3642; baseline 0.002 -15"><span class='ocrx_word' id='word_1_523' title='bbox 1893 3575 2036 3642; x_wconf 91' lang='lat' dir='ltr'><strong>quod</strong></span> <span class='ocrx_word' id='word_1_524' title='bbox 2085 3573 2243 3639; x_wconf 89' lang='lat' dir='ltr'><strong>absit,</strong></span> <span class='ocrx_word' id='word_1_525' title='bbox 2293 3575 2532 3628; x_wconf 83' lang='lat' dir='ltr'><strong>humano</strong></span> <span class='ocrx_word' id='word_1_526' title='bbox 2580 3589 2727 3629; x_wconf 88' lang='lat' dir='ltr'><strong>more</strong></span> <span class='ocrx_word' id='word_1_527' title='bbox 2768 3576 3018 3629; x_wconf 89' lang='lat' dir='ltr'><strong>obortum</strong></span> <span class='ocrx_word' id='word_1_528' title='bbox 3059 3576 3220 3629; x_wconf 85' lang='lat' dir='ltr'><strong>fuerit</strong></span> <span class='ocrx_word' id='word_1_529' title='bbox 3266 3576 3464 3630; x_wconf 89' lang='lat' dir='ltr'><strong>ibidem</strong></span> 
     </span>
    </p>
   </div>
   <div class='ocr_carea' id='block_1_82' title="bbox 1895 3667 3484 3737">
    <p class='ocr_par' dir='ltr' id='par_1_82' title="bbox 1895 3667 3484 3737">
     <span class='ocr_line' id='line_1_83' title="bbox 1895 3667 3484 3737; baseline 0 -16"><span class='ocrx_word' id='word_1_530' title='bbox 1895 3667 2180 3722; x_wconf 57' lang='lat' dir='ltr'><strong>discordiae</strong></span> <span class='ocrx_word' id='word_1_531' title='bbox 2208 3667 2426 3720; x_wconf 88' lang='lat' dir='ltr'><strong>malum.</strong></span> <span class='ocrx_word' id='word_1_532' title='bbox 2455 3667 2569 3722; x_wconf 87' lang='lat' dir='ltr'><strong>Etsi</strong></span> <span class='ocrx_word' id='word_1_533' title='bbox 2618 3668 2795 3737; x_wconf 91' lang='lat' dir='ltr'><strong>aliqua</strong></span> <span class='ocrx_word' id='word_1_534' title='bbox 2823 3683 2921 3736; x_wconf 93' lang='lat' dir='ltr'><strong>pro</strong></span> <span class='ocrx_word' id='word_1_535' title='bbox 2969 3678 3207 3736; x_wconf 89' lang='lat' dir='ltr'><strong>tempore</strong></span> <span class='ocrx_word' id='word_1_536' title='bbox 3233 3667 3484 3730; x_wconf 40' lang='lat' dir='ltr'><strong>necessix</strong></span> 
     </span>
    </p>
   </div>
   <div class='ocr_carea' id='block_1_83' title="bbox 1899 3757 3468 3827">
    <p class='ocr_par' dir='ltr' id='par_1_83' title="bbox 1899 3757 3468 3827">
     <span class='ocr_line' id='line_1_84' title="bbox 1899 3757 3468 3827; baseline 0 -15"><span class='ocrx_word' id='word_1_537' title='bbox 1899 3767 2008 3812; x_wconf 89' lang='lat' dir='ltr'><strong>tate</strong></span> <span class='ocrx_word' id='word_1_538' title='bbox 2037 3758 2444 3827; x_wconf 86' lang='lat' dir='ltr'><strong>malignantium</strong></span> <span class='ocrx_word' id='word_1_539' title='bbox 2490 3759 2723 3827; x_wconf 87' lang='lat' dir='ltr'><strong>gravedo</strong></span> <span class='ocrx_word' id='word_1_540' title='bbox 2770 3758 3064 3826; x_wconf 88' lang='lat' dir='ltr'><strong>impulerit,</strong></span> <span class='ocrx_word' id='word_1_541' title='bbox 3108 3758 3332 3812; x_wconf 88' lang='lat' dir='ltr'><strong>licenter</strong></span> <span class='ocrx_word' id='word_1_542' title='bbox 3365 3757 3468 3812; x_wconf 83' lang='lat' dir='ltr'><strong>lioc</strong></span> 
     </span>
    </p>
   </div>
   <div class='ocr_carea' id='block_1_84' title="bbox 1896 3850 3466 3921">
    <p class='ocr_par' dir='ltr' id='par_1_84' title="bbox 1896 3850 3466 3921">
     <span class='ocr_line' id='line_1_85' title="bbox 1896 3850 3466 3921; baseline -0.003 -14"><span class='ocrx_word' id='word_1_543' title='bbox 1896 3854 1964 3907; x_wconf 91' lang='lat' dir='ltr'><strong>ad</strong></span> <span class='ocrx_word' id='word_1_544' title='bbox 1997 3853 2177 3906; x_wconf 89' lang='lat' dir='ltr'><strong>sedem</strong></span> <span class='ocrx_word' id='word_1_545' title='bbox 2223 3851 2574 3921; x_wconf 87' lang='lat' dir='ltr'><strong>apostolicam</strong></span> <span class='ocrx_word' id='word_1_546' title='bbox 2624 3850 2829 3906; x_wconf 78' lang='lat' dir='ltr'><strong>referre</strong></span> <span class='ocrx_word' id='word_1_547' title='bbox 2865 3853 3204 3914; x_wconf 87' lang='lat' dir='ltr'><strong>mandamus,</strong></span> <span class='ocrx_word' id='word_1_548' title='bbox 3235 3861 3293 3903; x_wconf 93' lang='lat' dir='ltr'><strong>ut</strong></span> <span class='ocrx_word' id='word_1_549' title='bbox 3323 3850 3466 3918; x_wconf 88' lang='lat' dir='ltr'><strong>quod</strong></span> 
     </span>
    </p>
   </div>
   <div class='ocr_carea' id='block_1_85' title="bbox 1898 3941 3470 4010">
    <p class='ocr_par' dir='ltr' id='par_1_85' title="bbox 1898 3941 3470 4010">
     <span class='ocr_line' id='line_1_86' title="bbox 1898 3941 3470 4010; baseline -0.004 -12"><span class='ocrx_word' id='word_1_550' title='bbox 1898 3943 2118 4007; x_wconf 82' lang='lat' dir='ltr'><strong>rectius,</strong></span> <span class='ocrx_word' id='word_1_551' title='bbox 2149 3950 2204 3996; x_wconf 90' lang='lat' dir='ltr'><strong>et</strong></span> <span class='ocrx_word' id='word_1_552' title='bbox 2251 3941 2594 4010; x_wconf 63' lang='lat' dir='ltr'><strong>prastantius</strong></span> <span class='ocrx_word' id='word_1_553' title='bbox 2641 3943 2800 3996; x_wconf 81' lang='lat' dir='ltr'><strong>fuerit</strong></span> <span class='ocrx_word' id='word_1_554' title='bbox 2840 3941 3027 4010; x_wconf 86' lang='lat' dir='ltr'><strong>judicii</strong></span> <span class='ocrx_word' id='word_1_555' title='bbox 3074 3942 3156 3996; x_wconf 91' lang='lat' dir='ltr'><strong>sui</strong></span> <span class='ocrx_word' id='word_1_556' title='bbox 3185 3941 3470 3994; x_wconf 89' lang='lat' dir='ltr'><strong>libramine</strong></span> 
     </span>
    </p>
   </div>
   <div class='ocr_carea' id='block_1_86' title="bbox 1899 4032 3469 4104">
    <p class='ocr_par' dir='ltr' id='par_1_86' title="bbox 1899 4032 3469 4104">
     <span class='ocr_line' id='line_1_87' title="bbox 1899 4032 3469 4104; baseline -0.004 -15"><span class='ocrx_word' id='word_1_557' title='bbox 1899 4033 2143 4098; x_wconf 78' lang='lat' dir='ltr'><strong>dilﬁniat,</strong></span> <span class='ocrx_word' id='word_1_558' title='bbox 2193 4033 2472 4103; x_wconf 87' lang='lat' dir='ltr'><strong>sopiatque</strong></span> <span class='ocrx_word' id='word_1_559' title='bbox 2518 4035 2823 4104; x_wconf 88' lang='lat' dir='ltr'><strong>opprimere</strong></span> <span class='ocrx_word' id='word_1_560' title='bbox 2868 4032 3199 4102; x_wconf 79' lang='lat' dir='ltr'><strong>suprafatum</strong></span> <span class='ocrx_word' id='word_1_561' title='bbox 3249 4047 3469 4086; x_wconf 88' lang='lat' dir='ltr'><strong>venera-</strong></span> 
     </span>
    </p>
   </div>
   <div class='ocr_carea' id='block_1_87' title="bbox 1900 4121 3484 4192">
    <p class='ocr_par' dir='ltr' id='par_1_87' title="bbox 1900 4121 3484 4192">
     <span class='ocr_line' id='line_1_88' title="bbox 1900 4121 3484 4192; baseline -0.003 -14"><span class='ocrx_word' id='word_1_562' title='bbox 1900 4123 2060 4178; x_wconf 90' lang='lat' dir='ltr'><strong>bilem</strong></span> <span class='ocrx_word' id='word_1_563' title='bbox 2091 4123 2287 4178; x_wconf 90' lang='lat' dir='ltr'><strong>loeum.</strong></span> <span class='ocrx_word' id='word_1_564' title='bbox 2327 4122 2472 4177; x_wconf 86' lang='lat' dir='ltr'><strong>Inter</strong></span> <span class='ocrx_word' id='word_1_565' title='bbox 2502 4123 2616 4177; x_wconf 73' lang='lat' dir='ltr'><strong>lucc</strong></span> <span class='ocrx_word' id='word_1_566' title='bbox 2657 4121 2823 4176; x_wconf 88' lang='lat' dir='ltr'><strong>Paulo</strong></span> <span class='ocrx_word' id='word_1_567' title='bbox 2860 4123 3152 4177; x_wconf 88' lang='lat' dir='ltr'><strong>venerabili</strong></span> <span class='ocrx_word' id='word_1_568' title='bbox 3193 4121 3484 4192; x_wconf 73' lang='lat' dir='ltr'><strong>episcopo,</strong></span> 
     </span>
    </p>
   </div>
   <div class='ocr_carea' id='block_1_88' title="bbox 1901 4213 3466 4283">
    <p class='ocr_par' dir='ltr' id='par_1_88' title="bbox 1901 4213 3466 4283">
     <span class='ocr_line' id='line_1_89' title="bbox 1901 4213 3466 4283; baseline -0.001 -18"><span class='ocrx_word' id='word_1_569' title='bbox 1901 4214 1991 4283; x_wconf 89' lang='lat' dir='ltr'><strong>qui</strong></span> <span class='ocrx_word' id='word_1_570' title='bbox 2055 4214 2294 4281; x_wconf 83' lang='lat' dir='ltr'><strong>ejusdem</strong></span> <span class='ocrx_word' id='word_1_571' title='bbox 2348 4214 2495 4268; x_wconf 89' lang='lat' dir='ltr'><strong>urbis</strong></span> <span class='ocrx_word' id='word_1_572' title='bbox 2547 4213 2866 4283; x_wconf 68' lang='lat' dir='ltr'><strong>placentium</strong></span> <span class='ocrx_word' id='word_1_573' title='bbox 2917 4214 3258 4283; x_wconf 55' lang='lat' dir='ltr'><strong>praesulatum</strong></span> <span class='ocrx_word' id='word_1_574' title='bbox 3310 4213 3466 4283; x_wconf 82' lang='lat' dir='ltr'><strong>gerit,</strong></span> 
     </span>
    </p>
   </div>
   <div class='ocr_carea' id='block_1_89' title="bbox 1902 4302 3472 4376">
    <p class='ocr_par' dir='ltr' id='par_1_89' title="bbox 1902 4302 3472 4376">
     <span class='ocr_line' id='line_1_90' title="bbox 1902 4302 3472 4376; baseline -0.004 -16"><span class='ocrx_word' id='word_1_575' title='bbox 1902 4306 2172 4376; x_wconf 70' lang='lat' dir='ltr'><strong>prmbente</strong></span> <span class='ocrx_word' id='word_1_576' title='bbox 2197 4321 2537 4368; x_wconf 87' lang='lat' dir='ltr'><strong>consensum,</strong></span> <span class='ocrx_word' id='word_1_577' title='bbox 2572 4313 2627 4357; x_wconf 95' lang='lat' dir='ltr'><strong>ut</strong></span> <span class='ocrx_word' id='word_1_578' title='bbox 2653 4303 2834 4358; x_wconf 90' lang='lat' dir='ltr'><strong>clerici</strong></span> <span class='ocrx_word' id='word_1_579' title='bbox 2871 4318 3236 4370; x_wconf 61' lang='lat' dir='ltr'><strong>cu,uscuuque</strong></span> <span class='ocrx_word' id='word_1_580' title='bbox 3265 4302 3472 4354; x_wconf 88' lang='lat' dir='ltr'><strong>ordinis</strong></span> 
     </span>
    </p>
   </div>
   <div class='ocr_carea' id='block_1_90' title="bbox 1903 4391 3472 4458">
    <p class='ocr_par' dir='ltr' id='par_1_90' title="bbox 1903 4391 3472 4458">
     <span class='ocr_line' id='line_1_91' title="bbox 1903 4391 3472 4458; baseline -0.006 -8"><span class='ocrx_word' id='word_1_581' title='bbox 1903 4398 1970 4450; x_wconf 90' lang='lat' dir='ltr'><strong>ad</strong></span> <span class='ocrx_word' id='word_1_582' title='bbox 1997 4405 2281 4450; x_wconf 84' lang='lat' dir='ltr'><strong>numerum</strong></span> <span class='ocrx_word' id='word_1_583' title='bbox 2308 4395 2584 4449; x_wconf 87' lang='lat' dir='ltr'><strong>duodecim</strong></span> <span class='ocrx_word' id='word_1_584' title='bbox 2619 4395 2672 4447; x_wconf 92' lang='lat' dir='ltr'><strong>in</strong></span> <span class='ocrx_word' id='word_1_585' title='bbox 2699 4396 2885 4448; x_wconf 88' lang='lat' dir='ltr'><strong>eodem</strong></span> <span class='ocrx_word' id='word_1_586' title='bbox 2917 4401 3102 4446; x_wconf 86' lang='lat' dir='ltr'><strong>sancto</strong></span> <span class='ocrx_word' id='word_1_587' title='bbox 3132 4391 3248 4443; x_wconf 86' lang='lat' dir='ltr'><strong>loco</strong></span> <span class='ocrx_word' id='word_1_588' title='bbox 3273 4391 3472 4458; x_wconf 59' lang='lat' dir='ltr'><strong>iugiter</strong></span> 
     </span>
    </p>
   </div>
   <div class='ocr_carea' id='block_1_91' title="bbox 213 4451 1792 4547">
    <p class='ocr_par' dir='ltr' id='par_1_91' title="bbox 213 4451 1792 4528">
     <span class='ocr_line' id='line_1_92' title="bbox 213 4451 1792 4528; baseline 0.008 -16"><span class='ocrx_word' id='word_1_589' title='bbox 213 4451 329 4512; x_wconf 77' lang='lat' dir='ltr'><strong>line</strong></span> <span class='ocrx_word' id='word_1_590' title='bbox 355 4453 668 4512; x_wconf 79' lang='lat' dir='ltr'><strong>Ravennam</strong></span> <span class='ocrx_word' id='word_1_591' title='bbox 715 4459 931 4515; x_wconf 89' lang='lat' dir='ltr'><strong>brevior</strong></span> <span class='ocrx_word' id='word_1_592' title='bbox 971 4463 1075 4528; x_wconf 88' lang='lat' dir='ltr'><strong>via,</strong></span> <span class='ocrx_word' id='word_1_593' title='bbox 1105 4464 1170 4518; x_wconf 89' lang='lat' dir='ltr'><strong>de</strong></span> <span class='ocrx_word' id='word_1_594' title='bbox 1196 4465 1378 4521; x_wconf 87' lang='lat' dir='ltr'><strong>labore</strong></span> <span class='ocrx_word' id='word_1_595' title='bbox 1401 4467 1608 4524; x_wconf 90' lang='lat' dir='ltr'><strong>itineris</strong></span> <span class='ocrx_word' id='word_1_596' title='bbox 1633 4485 1792 4525; x_wconf 76' lang='lat' dir='ltr'><strong>excu-</strong></span> 
     </span>
    </p>
   </div>
   <div class='ocr_carea' id='block_1_92' title="bbox 1894 4451 3472 4547">
    <p class='ocr_par' dir='ltr' id='par_1_92' title="bbox 1903 4483 3472 4547">
     <span class='ocr_line' id='line_1_93' title="bbox 1903 4483 3472 4547; baseline -0.006 -5"><span class='ocrx_word' id='word_1_597' title='bbox 1903 4487 2229 4547; x_wconf 86' lang='lat' dir='ltr'><strong>deserviaut,</strong></span> <span class='ocrx_word' id='word_1_598' title='bbox 2264 4485 2551 4538; x_wconf 89' lang='lat' dir='ltr'><strong>missarum</strong></span> <span class='ocrx_word' id='word_1_599' title='bbox 2579 4483 2836 4538; x_wconf 86' lang='lat' dir='ltr'><strong>solemnia</strong></span> <span class='ocrx_word' id='word_1_600' title='bbox 2866 4483 3226 4542; x_wconf 88' lang='lat' dir='ltr'><strong>celebrantes,</strong></span> <span class='ocrx_word' id='word_1_601' title='bbox 3256 4487 3472 4533; x_wconf 87' lang='lat' dir='ltr'><strong>servato</strong></span> 
     </span>
    </p>
   </div>
   <div class='ocr_carea' id='block_1_93' title="bbox 215 4546 1793 4622">
    <p class='ocr_par' dir='ltr' id='par_1_93' title="bbox 215 4546 1793 4622">
     <span class='ocr_line' id='line_1_94' title="bbox 215 4546 1793 4622; baseline 0.012 -24"><span class='ocrx_word' id='word_1_602' title='bbox 215 4546 484 4600; x_wconf 80' lang='lat' dir='ltr'><strong>sationem</strong></span> <span class='ocrx_word' id='word_1_603' title='bbox 538 4548 734 4604; x_wconf 85' lang='lat' dir='ltr'><strong>habere</strong></span> <span class='ocrx_word' id='word_1_604' title='bbox 773 4567 875 4605; x_wconf 90' lang='lat' dir='ltr'><strong>non</strong></span> <span class='ocrx_word' id='word_1_605' title='bbox 928 4563 1198 4622; x_wconf 90' lang='lat' dir='ltr'><strong>poterunt.</strong></span> <span class='ocrx_word' id='word_1_606' title='bbox 1231 4555 1365 4610; x_wconf 88' lang='lat' dir='ltr'><strong>Data</strong></span> <span class='ocrx_word' id='word_1_607' title='bbox 1392 4573 1485 4611; x_wconf 79' lang='lat' dir='ltr'><strong>xrv</strong></span> <span class='ocrx_word' id='word_1_608' title='bbox 1527 4557 1793 4617; x_wconf 78' lang='lat' dir='ltr'><strong>Kalendas</strong></span> 
     </span>
    </p>
   </div>
   <div class='ocr_carea' id='block_1_94' title="bbox 213 4629 1042 4704">
    <p class='ocr_par' dir='ltr' id='par_1_94' title="bbox 213 4629 1042 4704">
     <span class='ocr_line' id='line_1_95' title="bbox 213 4629 1042 4704; baseline 0.007 -15"><span class='ocrx_word' id='word_1_609' title='bbox 213 4629 471 4704; x_wconf 77' lang='lat' dir='ltr'><strong>Augusti,</strong></span> <span class='ocrx_word' id='word_1_610' title='bbox 500 4636 791 4694; x_wconf 91' lang='lat' dir='ltr'><strong>indictione</strong></span> <span class='ocrx_word' id='word_1_611' title='bbox 812 4641 1042 4696; x_wconf 88' lang='lat' dir='ltr'><strong>decima.</strong></span> 
     </span>
    </p>
   </div>
   <div class='ocr_carea' id='block_1_95' title="bbox 871 4750 1160 4807">
    <p class='ocr_par' dir='ltr' id='par_1_95' title="bbox 871 4750 1160 4807">
     <span class='ocr_line' id='line_1_96' title="bbox 871 4750 1160 4807; baseline 0.01 -3"><span class='ocrx_word' id='word_1_612' title='bbox 871 4750 1133 4807; x_wconf 78' lang='lat' dir='ltr'><strong>LXXXIX</strong></span> <span class='ocrx_word' id='word_1_613' title='bbox 1144 4791 1160 4806; x_wconf 92' lang='lat'><strong>.</strong></span> 
     </span>
    </p>
   </div>
   <div class='ocr_carea' id='block_1_96' title="bbox 212 4841 1797 4905">
    <p class='ocr_par' dir='ltr' id='par_1_96' title="bbox 212 4841 1797 4905">
     <span class='ocr_line' id='line_1_97' title="bbox 212 4841 1797 4905; baseline 0.014 -22"><span class='ocrx_word' id='word_1_614' title='bbox 212 4841 562 4887; x_wconf 69' lang='grc' dir='ltr'>ηινιιεειυι</span> <span class='ocrx_word' id='word_1_615' title='bbox 603 4849 939 4893; x_wconf 68' lang='lat' dir='ltr'><strong>IONASTBBIO</strong></span> <span class='ocrx_word' id='word_1_616' title='bbox 979 4854 1046 4894; x_wconf 75' lang='grc' dir='ltr'>ιτ</span> <span class='ocrx_word' id='word_1_617' title='bbox 1093 4855 1427 4899; x_wconf 73' lang='lat' dir='ltr'><strong>XENODOCIIO</strong></span> <span class='ocrx_word' id='word_1_618' title='bbox 1469 4861 1797 4905; x_wconf 66' lang='grc' dir='ltr'>Ριιοειιτιιιο</span> 
     </span>
    </p>
   </div>
   <div class='ocr_carea' id='block_1_97' title="bbox 852 4922 1171 4964">
    <p class='ocr_par' dir='ltr' id='par_1_97' title="bbox 852 4922 1171 4964">
     <span class='ocr_line' id='line_1_98' title="bbox 852 4922 1171 4964; baseline -0.006 0"><span class='ocrx_word' id='word_1_619' title='bbox 852 4922 1108 4964; x_wconf 64' lang='grc' dir='ltr'><strong>εοκοεδδυ</strong></span> <span class='ocrx_word' id='word_1_620' title='bbox 1116 4926 1148 4963; x_wconf 80' lang='grc' dir='ltr'><strong>Ι</strong></span> <span class='ocrx_word' id='word_1_621' title='bbox 1157 4948 1171 4962; x_wconf 86' lang='grc'><strong>.</strong></span> 
     </span>
    </p>
   </div>
   <div class='ocr_carea' id='block_1_98' title="bbox 811 5001 1192 5070">
    <p class='ocr_par' dir='ltr' id='par_1_98' title="bbox 811 5001 1192 5070">
     <span class='ocr_line' id='line_1_99' title="bbox 811 5001 1192 5070; baseline 0 -18"><span class='ocrx_word' id='word_1_622' title='bbox 811 5001 999 5065; x_wconf 87' lang='lat' dir='ltr'><strong>(Anno</strong></span> <span class='ocrx_word' id='word_1_623' title='bbox 1031 5001 1192 5070; x_wconf 86' lang='lat'><strong>877.)</strong></span> 
     </span>
    </p>
   </div>
   <div class='ocr_carea' id='block_1_99' title="bbox 216 5077 1795 5170">
    <p class='ocr_par' dir='ltr' id='par_1_99' title="bbox 216 5077 1795 5170">
     <span class='ocr_line' id='line_1_100' title="bbox 216 5077 1795 5170; baseline 0.013 -40"><span class='ocrx_word' id='word_1_624' title='bbox 216 5077 400 5150; x_wconf 72' lang='lat' dir='ltr'><strong>[Apud</strong></span> <span class='ocrx_word' id='word_1_625' title='bbox 431 5080 635 5152; x_wconf 83' lang='lat' dir='ltr'><strong>Campi.</strong></span> <span class='ocrx_word' id='word_1_626' title='bbox 666 5086 788 5141; x_wconf 66' lang='grc' dir='ltr'><strong>ἄθλι’</strong></span> <span class='ocrx_word' id='word_1_627' title='bbox 820 5087 959 5142; x_wconf 78' lang='lat' dir='ltr'><strong>Hist.</strong></span> <span class='ocrx_word' id='word_1_628' title='bbox 995 5090 1121 5142; x_wconf 68' lang='lat' dir='ltr'><strong>ccci.</strong></span> <span class='ocrx_word' id='word_1_629' title='bbox 1149 5092 1205 5143; x_wconf 87' lang='lat' dir='ltr'><strong>di</strong></span> <span class='ocrx_word' id='word_1_630' title='bbox 1236 5088 1515 5160; x_wconf 75' lang='lat' dir='ltr'><strong>Pioccnza,</strong></span> <span class='ocrx_word' id='word_1_631' title='bbox 1558 5111 1611 5166; x_wconf 90' lang='lat' dir='ltr'><strong>p.</strong></span> <span class='ocrx_word' id='word_1_632' title='bbox 1643 5096 1795 5170; x_wconf 61' lang='lat'><strong>‘63.]</strong></span> 
     </span>
    </p>
   </div>
   <div class='ocr_carea' id='block_1_100' title="bbox 291 5189 1794 5270">
    <p class='ocr_par' dir='ltr' id='par_1_100' title="bbox 291 5189 1794 5270">
     <span class='ocr_line' id='line_1_101' title="bbox 291 5189 1794 5270; baseline 0.013 -27"><span class='ocrx_word' id='word_1_633' title='bbox 291 5189 524 5246; x_wconf 70' lang='lat' dir='ltr'><strong>Jmsscs</strong></span> <span class='ocrx_word' id='word_1_634' title='bbox 558 5197 860 5267; x_wconf 89' lang='lat' dir='ltr'><strong>episcopus,</strong></span> <span class='ocrx_word' id='word_1_635' title='bbox 891 5214 1081 5254; x_wconf 85' lang='lat' dir='ltr'><strong>servus</strong></span> <span class='ocrx_word' id='word_1_636' title='bbox 1123 5217 1399 5258; x_wconf 86' lang='lat' dir='ltr'><strong>servorum</strong></span> <span class='ocrx_word' id='word_1_637' title='bbox 1436 5206 1552 5270; x_wconf 91' lang='lat' dir='ltr'><strong>Dei,</strong></span> <span class='ocrx_word' id='word_1_638' title='bbox 1596 5208 1794 5262; x_wconf 72' lang='lat' dir='ltr'><strong>Ascli.-</strong></span> 
     </span>
    </p>
   </div>
   <div class='ocr_carea' id='block_1_101' title="bbox 213 5282 1797 5367">
    <p class='ocr_par' dir='ltr' id='par_1_101' title="bbox 213 5282 1797 5367">
     <span class='ocr_line' id='line_1_102' title="bbox 213 5282 1797 5367; baseline 0.014 -35"><span class='ocrx_word' id='word_1_639' title='bbox 213 5294 407 5336; x_wconf 59' lang='lat' dir='ltr'><strong>esse;</strong></span> <span class='ocrx_word' id='word_1_640' title='bbox 433 5282 640 5339; x_wconf 70' lang='lat' dir='ltr'><strong>dilecta:</strong></span> <span class='ocrx_word' id='word_1_641' title='bbox 679 5289 798 5342; x_wconf 69' lang='lat' dir='ltr'><strong>lilia:</strong></span> <span class='ocrx_word' id='word_1_642' title='bbox 829 5289 1186 5356; x_wconf 85' lang='lat' dir='ltr'><strong>im,eratricis</strong></span> <span class='ocrx_word' id='word_1_643' title='bbox 1220 5295 1492 5363; x_wconf 65' lang='lat' dir='ltr'><strong>Augustae,</strong></span> <span class='ocrx_word' id='word_1_644' title='bbox 1535 5307 1589 5351; x_wconf 93' lang='lat' dir='ltr'><strong>et</strong></span> <span class='ocrx_word' id='word_1_645' title='bbox 1617 5313 1712 5367; x_wconf 91' lang='lat' dir='ltr'><strong>per</strong></span> <span class='ocrx_word' id='word_1_646' title='bbox 1746 5310 1797 5354; x_wconf 91' lang='lat' dir='ltr'><strong>te</strong></span> 
     </span>
    </p>
   </div>
   <div class='ocr_carea' id='block_1_102' title="bbox 215 5376 1796 5443">
    <p class='ocr_par' dir='ltr' id='par_1_102' title="bbox 215 5376 1796 5443">
     <span class='ocr_line' id='line_1_103' title="bbox 215 5376 1796 5443; baseline 0.011 -20"><span class='ocrx_word' id='word_1_647' title='bbox 215 5379 316 5424; x_wconf 86' lang='lat' dir='ltr'><strong>tuo</strong></span> <span class='ocrx_word' id='word_1_648' title='bbox 365 5376 659 5430; x_wconf 78' lang='lat' dir='ltr'><strong>venerabili</strong></span> <span class='ocrx_word' id='word_1_649' title='bbox 706 5382 1033 5436; x_wconf 88' lang='lat' dir='ltr'><strong>monasterio</strong></span> <span class='ocrx_word' id='word_1_650' title='bbox 1079 5381 1365 5438; x_wconf 75' lang='lat' dir='ltr'><strong>Placentia:</strong></span> <span class='ocrx_word' id='word_1_651' title='bbox 1416 5387 1626 5440; x_wconf 89' lang='lat' dir='ltr'><strong>uoviter</strong></span> <span class='ocrx_word' id='word_1_652' title='bbox 1668 5404 1796 5443; x_wconf 85' lang='lat' dir='ltr'><strong>cou-</strong></span> 
     </span>
    </p>
   </div>
   <div class='ocr_carea' id='block_1_103' title="bbox 211 5465 882 5536">
    <p class='ocr_par' dir='ltr' id='par_1_103' title="bbox 211 5465 882 5536">
     <span class='ocr_line' id='line_1_104' title="bbox 211 5465 882 5536; baseline 0.009 -20"><span class='ocrx_word' id='word_1_653' title='bbox 211 5469 434 5516; x_wconf 71' lang='lat' dir='ltr'><strong>structo</strong></span> <span class='ocrx_word' id='word_1_654' title='bbox 461 5465 512 5517; x_wconf 93' lang='lat' dir='ltr'><strong>in</strong></span> <span class='ocrx_word' id='word_1_655' title='bbox 545 5477 882 5536; x_wconf 87' lang='lat' dir='ltr'><strong>perpetuum.</strong></span> 
     </span>
    </p>
   </div>
   <div class='ocr_carea' id='block_1_104' title="bbox 202 5549 1794 5632">
    <p class='ocr_par' dir='ltr' id='par_1_104' title="bbox 202 5549 1794 5632">
     <span class='ocr_line' id='line_1_105' title="bbox 202 5549 1794 5632; baseline 0.008 -26"><span class='ocrx_word' id='word_1_656' title='bbox 202 5601 206 5606; x_wconf 92' lang='lat'><strong>.</strong></span> <span class='ocrx_word' id='word_1_657' title='bbox 291 5549 556 5610; x_wconf 87' lang='lat' dir='ltr'><strong>Omnibus</strong></span> <span class='ocrx_word' id='word_1_658' title='bbox 595 5559 810 5625; x_wconf 87' lang='lat' dir='ltr'><strong>quidem</strong></span> <span class='ocrx_word' id='word_1_659' title='bbox 844 5559 986 5628; x_wconf 85' lang='lat' dir='ltr'><strong>justa</strong></span> <span class='ocrx_word' id='word_1_660' title='bbox 1019 5563 1322 5630; x_wconf 88' lang='lat' dir='ltr'><strong>petentibus</strong></span> <span class='ocrx_word' id='word_1_661' title='bbox 1362 5564 1654 5632; x_wconf 87' lang='lat' dir='ltr'><strong>apostolica</strong></span> <span class='ocrx_word' id='word_1_662' title='bbox 1685 5564 1794 5618; x_wconf 86' lang='lat' dir='ltr'><strong>sol-</strong></span> 
     </span>
    </p>
   </div>
   <div class='ocr_carea' id='block_1_105' title="bbox 1900 4571 3469 4643">
    <p class='ocr_par' dir='ltr' id='par_1_105' title="bbox 1900 4571 3469 4643">
     <span class='ocr_line' id='line_1_106' title="bbox 1900 4571 3469 4643; baseline -0.004 -14"><span class='ocrx_word' id='word_1_663' title='bbox 1900 4577 2162 4630; x_wconf 78' lang='lat' dir='ltr'><strong>duutaxat</strong></span> <span class='ocrx_word' id='word_1_664' title='bbox 2195 4576 2248 4628; x_wconf 93' lang='lat' dir='ltr'><strong>in</strong></span> <span class='ocrx_word' id='word_1_665' title='bbox 2275 4590 2368 4629; x_wconf 88' lang='lat' dir='ltr'><strong>eos</strong></span> <span class='ocrx_word' id='word_1_666' title='bbox 2407 4573 2643 4643; x_wconf 86' lang='lat' dir='ltr'><strong>episcopi</strong></span> <span class='ocrx_word' id='word_1_667' title='bbox 2687 4573 2887 4642; x_wconf 87' lang='lat' dir='ltr'><strong>proprii</strong></span> <span class='ocrx_word' id='word_1_668' title='bbox 2938 4571 3168 4641; x_wconf 80' lang='lat' dir='ltr'><strong>regulari</strong></span> <span class='ocrx_word' id='word_1_669' title='bbox 3201 4579 3469 4639; x_wconf 83' lang='lat' dir='ltr'><strong>respectu,</strong></span> 
     </span>
    </p>
   </div>
   <div class='ocr_carea' id='block_1_106' title="bbox 1897 4663 3472 4736">
    <p class='ocr_par' dir='ltr' id='par_1_106' title="bbox 1897 4663 3472 4736">
     <span class='ocr_line' id='line_1_107' title="bbox 1897 4663 3472 4736; baseline -0.006 -14"><span class='ocrx_word' id='word_1_670' title='bbox 1897 4669 2182 4723; x_wconf 85' lang='lat' dir='ltr'><strong>vocatione</strong></span> <span class='ocrx_word' id='word_1_671' title='bbox 2207 4667 2415 4722; x_wconf 84' lang='lat' dir='ltr'><strong>scilicet</strong></span> <span class='ocrx_word' id='word_1_672' title='bbox 2441 4667 2700 4736; x_wconf 81' lang='lat' dir='ltr'><strong>synodica</strong></span> <span class='ocrx_word' id='word_1_673' title='bbox 2741 4675 2797 4718; x_wconf 88' lang='lat' dir='ltr'><strong>et</strong></span> <span class='ocrx_word' id='word_1_674' title='bbox 2822 4663 3161 4718; x_wconf 86' lang='lat' dir='ltr'><strong>ordinatione</strong></span> <span class='ocrx_word' id='word_1_675' title='bbox 3187 4677 3472 4717; x_wconf 85' lang='lat' dir='ltr'><strong>consecra-</strong></span> 
     </span>
    </p>
   </div>
   <div class='ocr_carea' id='block_1_107' title="bbox 1899 4750 3471 4821">
    <p class='ocr_par' dir='ltr' id='par_1_107' title="bbox 1899 4750 3471 4821">
     <span class='ocr_line' id='line_1_108' title="bbox 1899 4750 3471 4821; baseline -0.006 -9"><span class='ocrx_word' id='word_1_676' title='bbox 1899 4757 2083 4821; x_wconf 90' lang='lat' dir='ltr'><strong>tionis,</strong></span> <span class='ocrx_word' id='word_1_677' title='bbox 2112 4758 2184 4810; x_wconf 85' lang='lat' dir='ltr'><strong>ita</strong></span> <span class='ocrx_word' id='word_1_678' title='bbox 2214 4767 2414 4819; x_wconf 89' lang='lat' dir='ltr'><strong>tamen,</strong></span> <span class='ocrx_word' id='word_1_679' title='bbox 2444 4764 2501 4807; x_wconf 93' lang='lat' dir='ltr'><strong>ut</strong></span> <span class='ocrx_word' id='word_1_680' title='bbox 2531 4755 2584 4806; x_wconf 93' lang='lat' dir='ltr'><strong>in</strong></span> <span class='ocrx_word' id='word_1_681' title='bbox 2609 4754 2754 4807; x_wconf 92' lang='lat' dir='ltr'><strong>dicto</strong></span> <span class='ocrx_word' id='word_1_682' title='bbox 2780 4752 3028 4806; x_wconf 73' lang='lat' dir='ltr'><strong>cmuobio</strong></span> <span class='ocrx_word' id='word_1_683' title='bbox 3057 4761 3110 4805; x_wconf 86' lang='lat' dir='ltr'><strong>et</strong></span> <span class='ocrx_word' id='word_1_684' title='bbox 3137 4750 3471 4805; x_wconf 75' lang='lat' dir='ltr'><strong>xenodochio</strong></span> 
     </span>
    </p>
   </div>
   <div class='ocr_carea' id='block_1_108' title="bbox 1897 4843 3473 4916">
    <p class='ocr_par' dir='ltr' id='par_1_108' title="bbox 1897 4843 3473 4916">
     <span class='ocr_line' id='line_1_109' title="bbox 1897 4843 3473 4916; baseline -0.006 -15"><span class='ocrx_word' id='word_1_685' title='bbox 1897 4849 2166 4916; x_wconf 89' lang='lat' dir='ltr'><strong>rebusque</strong></span> <span class='ocrx_word' id='word_1_686' title='bbox 2218 4847 2452 4915; x_wconf 89' lang='lat' dir='ltr'><strong>ipsorum</strong></span> <span class='ocrx_word' id='word_1_687' title='bbox 2508 4843 2710 4897; x_wconf 85' lang='lat' dir='ltr'><strong>nullum</strong></span> <span class='ocrx_word' id='word_1_688' title='bbox 2761 4857 2820 4898; x_wconf 88' lang='lat' dir='ltr'><strong>se</strong></span> <span class='ocrx_word' id='word_1_689' title='bbox 2879 4843 3088 4897; x_wconf 89' lang='lat' dir='ltr'><strong>noverit</strong></span> <span class='ocrx_word' id='word_1_690' title='bbox 3132 4857 3161 4895; x_wconf 88' lang='lat' dir='ltr'><strong>a</strong></span> <span class='ocrx_word' id='word_1_691' title='bbox 3210 4843 3368 4895; x_wconf 90' lang='lat' dir='ltr'><strong>modo</strong></span> <span class='ocrx_word' id='word_1_692' title='bbox 3415 4847 3473 4893; x_wconf 90' lang='lat' dir='ltr'><strong>et</strong></span> 
     </span>
    </p>
   </div>
   <div class='ocr_carea' id='block_1_109' title="bbox 1898 4930 3469 5004">
    <p class='ocr_par' dir='ltr' id='par_1_109' title="bbox 1898 4930 3469 5004">
     <span class='ocr_line' id='line_1_110' title="bbox 1898 4930 3469 5004; baseline -0.005 -14"><span class='ocrx_word' id='word_1_693' title='bbox 1898 4938 2150 5004; x_wconf 91' lang='lat' dir='ltr'><strong>deinceps</strong></span> <span class='ocrx_word' id='word_1_694' title='bbox 2203 4935 2293 5003; x_wconf 86' lang='lat' dir='ltr'><strong>jus</strong></span> <span class='ocrx_word' id='word_1_695' title='bbox 2337 4936 2617 5004; x_wconf 87' lang='lat' dir='ltr'><strong>potestatis</strong></span> <span class='ocrx_word' id='word_1_696' title='bbox 2673 4934 2912 4997; x_wconf 89' lang='lat' dir='ltr'><strong>habere;</strong></span> <span class='ocrx_word' id='word_1_697' title='bbox 2971 4949 3143 5000; x_wconf 92' lang='lat' dir='ltr'><strong>neque</strong></span> <span class='ocrx_word' id='word_1_698' title='bbox 3189 4933 3350 4985; x_wconf 88' lang='lat' dir='ltr'><strong>etiam</strong></span> <span class='ocrx_word' id='word_1_699' title='bbox 3401 4930 3469 4982; x_wconf 88' lang='lat' dir='ltr'><strong>ad</strong></span> 
     </span>
    </p>
   </div>
   <div class='ocr_carea' id='block_1_110' title="bbox 1901 5020 3469 5094">
    <p class='ocr_par' dir='ltr' id='par_1_110' title="bbox 1901 5020 3469 5094">
     <span class='ocr_line' id='line_1_111' title="bbox 1901 5020 3469 5094; baseline -0.006 -14"><span class='ocrx_word' id='word_1_700' title='bbox 1901 5029 2096 5081; x_wconf 87' lang='lat' dir='ltr'><strong>missas</strong></span> <span class='ocrx_word' id='word_1_701' title='bbox 2143 5026 2494 5080; x_wconf 86' lang='lat' dir='ltr'><strong>celebrandas</strong></span> <span class='ocrx_word' id='word_1_702' title='bbox 2541 5027 2694 5094; x_wconf 82' lang='lat' dir='ltr'><strong>juxta</strong></span> <span class='ocrx_word' id='word_1_703' title='bbox 2754 5023 2974 5078; x_wconf 87' lang='lat' dir='ltr'><strong>Patrum</strong></span> <span class='ocrx_word' id='word_1_704' title='bbox 3045 5024 3310 5084; x_wconf 85' lang='lat' dir='ltr'><strong>instituta,</strong></span> <span class='ocrx_word' id='word_1_705' title='bbox 3370 5020 3469 5071; x_wconf 71' lang='lat' dir='ltr'><strong>nisi</strong></span> 
     </span>
    </p>
   </div>
   <div class='ocr_carea' id='block_1_111' title="bbox 1903 5111 3474 5178">
    <p class='ocr_par' dir='ltr' id='par_1_111' title="bbox 1903 5111 3474 5178">
     <span class='ocr_line' id='line_1_112' title="bbox 1903 5111 3474 5178; baseline -0.006 -9"><span class='ocrx_word' id='word_1_706' title='bbox 1903 5116 2179 5178; x_wconf 87' lang='lat' dir='ltr'><strong>invitatus,</strong></span> <span class='ocrx_word' id='word_1_707' title='bbox 2210 5115 2478 5169; x_wconf 86' lang='lat' dir='ltr'><strong>adveniat.</strong></span> <span class='ocrx_word' id='word_1_708' title='bbox 2515 5115 2765 5167; x_wconf 88' lang='lat' dir='ltr'><strong>Decimus</strong></span> <span class='ocrx_word' id='word_1_709' title='bbox 2811 5129 2938 5168; x_wconf 89' lang='lat' dir='ltr'><strong>vero</strong></span> <span class='ocrx_word' id='word_1_710' title='bbox 2959 5111 3099 5178; x_wconf 86' lang='lat' dir='ltr'><strong>juris</strong></span> <span class='ocrx_word' id='word_1_711' title='bbox 3126 5119 3310 5170; x_wconf 82' lang='lat' dir='ltr'><strong>vestri,</strong></span> <span class='ocrx_word' id='word_1_712' title='bbox 3339 5125 3474 5176; x_wconf 68' lang='lat' dir='ltr'><strong>qlias</strong></span> 
     </span>
    </p>
   </div>
   <div class='ocr_carea' id='block_1_112' title="bbox 1901 5203 3474 5274">
    <p class='ocr_par' dir='ltr' id='par_1_112' title="bbox 1901 5203 3474 5274">
     <span class='ocr_line' id='line_1_113' title="bbox 1901 5203 3474 5274; baseline -0.004 -17"><span class='ocrx_word' id='word_1_713' title='bbox 1901 5214 2121 5274; x_wconf 90' lang='lat' dir='ltr'><strong>propter</strong></span> <span class='ocrx_word' id='word_1_714' title='bbox 2151 5206 2242 5258; x_wconf 90' lang='lat' dir='ltr'><strong>Dei</strong></span> <span class='ocrx_word' id='word_1_715' title='bbox 2274 5221 2514 5259; x_wconf 87' lang='lat' dir='ltr'><strong>amorem</strong></span> <span class='ocrx_word' id='word_1_716' title='bbox 2560 5216 2966 5272; x_wconf 78' lang='lat' dir='ltr'><strong>vestrorumque</strong></span> <span class='ocrx_word' id='word_1_717' title='bbox 2994 5203 3254 5255; x_wconf 89' lang='lat' dir='ltr'><strong>bonorum</strong></span> <span class='ocrx_word' id='word_1_718' title='bbox 3290 5216 3474 5252; x_wconf 69' lang='lat' dir='ltr'><strong>recor-</strong></span> 
     </span>
    </p>
   </div>
   <div class='ocr_carea' id='block_1_113' title="bbox 1902 5289 3473 5361">
    <p class='ocr_par' dir='ltr' id='par_1_113' title="bbox 1902 5289 3473 5361">
     <span class='ocr_line' id='line_1_114' title="bbox 1902 5289 3473 5361; baseline -0.006 -14"><span class='ocrx_word' id='word_1_719' title='bbox 1902 5294 2167 5347; x_wconf 89' lang='lat' dir='ltr'><strong>dationem</strong></span> <span class='ocrx_word' id='word_1_720' title='bbox 2199 5293 2386 5346; x_wconf 89' lang='lat' dir='ltr'><strong>devote</strong></span> <span class='ocrx_word' id='word_1_721' title='bbox 2416 5301 2576 5361; x_wconf 87' lang='lat' dir='ltr'><strong>atque</strong></span> <span class='ocrx_word' id='word_1_722' title='bbox 2600 5293 2827 5346; x_wconf 88' lang='lat' dir='ltr'><strong>libenter</strong></span> <span class='ocrx_word' id='word_1_723' title='bbox 2851 5291 2964 5358; x_wconf 86' lang='lat' dir='ltr'><strong>jam</strong></span> <span class='ocrx_word' id='word_1_724' title='bbox 2993 5291 3167 5342; x_wconf 82' lang='lat' dir='ltr'><strong>dictus</strong></span> <span class='ocrx_word' id='word_1_725' title='bbox 3187 5289 3473 5356; x_wconf 68' lang='lat' dir='ltr'><strong>cpiscopus</strong></span> 
     </span>
    </p>
   </div>
   <div class='ocr_carea' id='block_1_114' title="bbox 1899 5377 3470 5451">
    <p class='ocr_par' dir='ltr' id='par_1_114' title="bbox 1899 5377 3470 5451">
     <span class='ocr_line' id='line_1_115' title="bbox 1899 5377 3470 5451; baseline -0.006 -16"><span class='ocrx_word' id='word_1_726' title='bbox 1899 5391 2248 5451; x_wconf 74' lang='lat' dir='ltr'><strong>suprataxato</strong></span> <span class='ocrx_word' id='word_1_727' title='bbox 2285 5381 2574 5434; x_wconf 81' lang='lat' dir='ltr'><strong>venerabili</strong></span> <span class='ocrx_word' id='word_1_728' title='bbox 2625 5380 2739 5434; x_wconf 84' lang='lat' dir='ltr'><strong>loco</strong></span> <span class='ocrx_word' id='word_1_729' title='bbox 2771 5380 2992 5448; x_wconf 86' lang='lat' dir='ltr'><strong>largitus</strong></span> <span class='ocrx_word' id='word_1_730' title='bbox 3015 5387 3097 5430; x_wconf 89' lang='lat' dir='ltr'><strong>est</strong></span> <span class='ocrx_word' id='word_1_731' title='bbox 3146 5377 3386 5429; x_wconf 78' lang='lat' dir='ltr'><strong>volumus</strong></span> <span class='ocrx_word' id='word_1_732' title='bbox 3419 5392 3470 5426; x_wconf 77' lang='grc' dir='ltr'><strong>ιιι</strong></span> 
     </span>
    </p>
   </div>
   <div class='ocr_carea' id='block_1_115' title="bbox 1903 5469 3470 5540">
    <p class='ocr_par' dir='ltr' id='par_1_115' title="bbox 1903 5469 3470 5540">
     <span class='ocr_line' id='line_1_116' title="bbox 1903 5469 3470 5540; baseline -0.006 -14"><span class='ocrx_word' id='word_1_733' title='bbox 1903 5472 2106 5540; x_wconf 71' lang='lat' dir='ltr'><strong>absque</strong></span> <span class='ocrx_word' id='word_1_734' title='bbox 2122 5471 2505 5540; x_wconf 83' lang='lat' dir='ltr'><strong>t&#39;el&#39;ragratione</strong></span> <span class='ocrx_word' id='word_1_735' title='bbox 2523 5479 2629 5522; x_wconf 88' lang='lat' dir='ltr'><strong>tam</strong></span> <span class='ocrx_word' id='word_1_736' title='bbox 2653 5469 2820 5537; x_wconf 86' lang='lat' dir='ltr'><strong>ipsius</strong></span> <span class='ocrx_word' id='word_1_737' title='bbox 2842 5484 2999 5536; x_wconf 83' lang='lat' dir='ltr'><strong>quam</strong></span> <span class='ocrx_word' id='word_1_738' title='bbox 3021 5477 3075 5521; x_wconf 88' lang='lat' dir='ltr'><strong>et</strong></span> <span class='ocrx_word' id='word_1_739' title='bbox 3097 5481 3470 5529; x_wconf 78' lang='lat' dir='ltr'><strong>succeSsorum</strong></span> 
     </span>
    </p>
   </div>
   <div class='ocr_carea' id='block_1_116' title="bbox 1902 5558 3469 5631">
    <p class='ocr_par' dir='ltr' id='par_1_116' title="bbox 1902 5558 3469 5631">
     <span class='ocr_line' id='line_1_117' title="bbox 1902 5558 3469 5631; baseline -0.006 -15"><span class='ocrx_word' id='word_1_740' title='bbox 1902 5562 2039 5631; x_wconf 89' lang='lat' dir='ltr'><strong>ejus,</strong></span> <span class='ocrx_word' id='word_1_741' title='bbox 2071 5563 2215 5616; x_wconf 90' lang='lat' dir='ltr'><strong>velut</strong></span> <span class='ocrx_word' id='word_1_742' title='bbox 2260 5563 2372 5629; x_wconf 84' lang='lat' dir='ltr'><strong>ipsa</strong></span> <span class='ocrx_word' id='word_1_743' title='bbox 2415 5560 2688 5614; x_wconf 88' lang='lat' dir='ltr'><strong>instituisti</strong></span> <span class='ocrx_word' id='word_1_744' title='bbox 2720 5574 2875 5614; x_wconf 86' lang='lat' dir='ltr'><strong>sacro</strong></span> <span class='ocrx_word' id='word_1_745' title='bbox 2903 5558 3237 5620; x_wconf 79' lang='lat' dir='ltr'><strong>xenodocbio</strong></span> <span class='ocrx_word' id='word_1_746' title='bbox 3275 5571 3469 5625; x_wconf 87' lang='lat' dir='ltr'><strong>perpe-</strong></span> 
     </span>
    </p>
   </div>
   <div class='ocr_carea' id='block_1_117' title="bbox 295 5662 3469 5743">
    <p class='ocr_par' dir='ltr' id='par_1_117' title="bbox 295 5662 3469 5743">
     <span class='ocr_line' id='line_1_118' title="bbox 295 5662 3469 5743; baseline 0.002 -28"><span class='ocrx_word' id='word_1_747' title='bbox 295 5675 325 5708; x_wconf 80' lang='grc' dir='ltr'><strong>ιι</strong></span> <span class='ocrx_word' id='word_1_748' title='bbox 368 5662 550 5735; x_wconf 82' lang='lat' dir='ltr'><strong>Forte,</strong></span> <span class='ocrx_word' id='word_1_749' title='bbox 581 5665 814 5724; x_wconf 75' lang='lat' dir='ltr'><strong>Joannes</strong></span> <span class='ocrx_word' id='word_1_750' title='bbox 848 5668 892 5724; x_wconf 85' lang='lat' dir='ltr'><strong><em>U</em></strong></span> <span class='ocrx_word' id='word_1_751' title='bbox 901 5687 983 5726; x_wconf 82' lang='lat' dir='ltr'><strong>rso</strong></span> <span class='ocrx_word' id='word_1_752' title='bbox 1025 5670 1354 5728; x_wconf 72' lang='lat' dir='ltr'><strong>Venetiarum</strong></span> <span class='ocrx_word' id='word_1_753' title='bbox 1381 5675 1524 5741; x_wconf 79' lang='lat' dir='ltr'><strong>duri,</strong></span> <span class='ocrx_word' id='word_1_754' title='bbox 1557 5683 1614 5728; x_wconf 89' lang='lat' dir='ltr'><strong>ut</strong></span> <span class='ocrx_word' id='word_1_755' title='bbox 1639 5674 1906 5742; x_wconf 77' lang='lat' dir='ltr'><strong>signiﬁcat</strong></span> <span class='ocrx_word' id='word_1_756' title='bbox 1948 5689 2048 5728; x_wconf 78' lang='lat' dir='ltr'><strong>vox</strong></span> <span class='ocrx_word' id='word_1_757' title='bbox 2105 5673 2191 5727; x_wconf 84' lang='lat' dir='ltr'><strong>illa</strong></span> <span class='ocrx_word' id='word_1_758' title='bbox 2221 5672 2440 5743; x_wconf 82' lang='lat' dir='ltr'><strong>g&#39;orium</strong></span> <span class='ocrx_word' id='word_1_759' title='bbox 2477 5682 2642 5736; x_wconf 84' lang='lat' dir='ltr'><strong>tuam,</strong></span> <span class='ocrx_word' id='word_1_760' title='bbox 2666 5685 2829 5740; x_wconf 89' lang='lat' dir='ltr'><strong>quam</strong></span> <span class='ocrx_word' id='word_1_761' title='bbox 2850 5680 2926 5726; x_wconf 90' lang='lat' dir='ltr'><strong>et.</strong></span> <span class='ocrx_word' id='word_1_762' title='bbox 2947 5671 3000 5724; x_wconf 90' lang='lat' dir='ltr'><strong>in</strong></span> <span class='ocrx_word' id='word_1_763' title='bbox 3027 5669 3271 5740; x_wconf 81' lang='lat' dir='ltr'><strong>epistola.</strong></span> <span class='ocrx_word' id='word_1_764' title='bbox 3299 5669 3469 5723; x_wconf 72' lang='lat' dir='ltr'><strong>limo.</strong></span> 
     </span>
    </p>
   </div>
  </div>
