2021 3151
271 154 325 185 739

931 142 1076 172 JOANNIS
1096 142 1195 170 ΡΜ)Αέ
1215 141 1271 172 VIII

1858 145 1910 173 πο

271 215 381 246 maliter
390 209 672 243 habeanturJnsuper
682 206 826 235 statuimus
839 204 962 236 vobis,et
972 207 1065 230 aucto-
1080 203 1105 233 Δ
1119 204 1173 227 tem
1189 205 1217 228 et
1234 200 1268 227 ad
1277 199 1437 246 profectum
1457 199 1568 246 honoris
1585 204 1688 228 sanctae
1705 205 1759 229 tua:
1777 203 1911 236 pertinere

272 261 356 290 ritate
377 257 522 293 apostolica
548 254 709 284 stabilimus,
733 257 763 278 ut
783 250 859 285 iuxta
883 249 955 282 quod
978 246 1064 275 nostri

272 312 453 343 pneeessores
464 302 521 330 suis
534 301 582 328 tibi
598 298 746 334 privilegiis
763 296 930 324 concessisse
943 301 970 322 et
985 295 1061 321 robo-

274 338 350 379 rasse
372 349 507 378 videmur,
532 345 658 372 universa
682 351 742 377 qua:
756 342 820 368 olim
834 341 903 368 diva:
928 338 1065 366 memoria;

237 414 238 418 η
273 395 427 423 Ludovicus
449 392 636 420 serenissimns
654 390 801 424 imperator
824 391 851 414 et
875 387 917 412 vir
943 389 1005 412 tuus
1018 392 1066 418 per

274 448 351 468 suam
372 438 583 466 muniﬁcentiam
599 434 784 470 augustalibus
799 432 918 467 apicibus
935 431 982 457 tibi
1001 431 1065 456 dum

276 487 425 517 adviveret,
441 484 589 512 contulisse
606 482 745 516 probatur.
762 487 809 506 seu
825 478 907 506 etiam
923 481 950 504 et
961 484 992 503 ea
1007 482 1066 510 quia

275 532 333 566 ipsa
345 535 405 565 post
415 530 523 556 modtttn
536 526 719 563 imperialibus
731 523 926 558 largitionibus,
934 522 975 549 vel
984 522 1065 548 etiam

275 565 439 610 quibuslibet
458 573 541 606 justis
566 569 798 605 acquisitionibus,
826 567 1007 602 emptionibus
1024 565 1067 593 vel

275 618 534 648 commutationibus
547 618 572 644 in
589 616 723 651 proprios,
739 616 796 641 sive
808 614 863 647 jam
879 614 944 640 dicti
973 620 1067 638 mona-

276 664 351 692 sterii
364 664 399 690 tui
412 671 476 690 usus
486 661 635 696 acquisisti,
649 668 695 687 seu
711 660 736 686 in
753 663 889 693 posterum
904 656 1067 691 acquisitura

276 717 321 742 es;
338 708 472 743 simulque
487 712 514 735 et
535 714 567 733 ea
584 713 643 740 quae
665 705 698 731 ad
713 704 927 745 supplementum
948 702 1068 735 ejusdem

275 755 374 781 sacrati
390 753 453 784 loci,
471 757 499 779 et
523 756 576 778 tam
601 757 692 785 regum
709 756 789 783 quam
806 747 918 774 aliorum
941 753 1069 780 quorum-

276 799 343 826 libet
365 798 483 826 ﬁdelium
507 798 650 824 donatione
670 794 712 821 vel
734 792 905 823 liberalitate,
929 797 1011 821 nunc,
1027 789 1069 816 vel

276 844 392 882 posthac
414 843 504 870 addita
521 842 602 869 fuisse
618 839 830 874 comprobantur
844 846 851 864 :
867 837 961 864 eodem
977 841 1069 862 tenore

276 894 304 917 et
330 889 425 916 ordine
448 896 502 922 quo
527 887 574 914 tibi
592 886 634 913 vel
658 890 702 912 tuo
728 883 923 918 pra-nominato
946 881 1069 908 ρωποι)ἰο

278 934 456 964 advenerunt.
481 932 583 959 illibata
600 935 628 958 et
655 928 783 956 inviolata
806 932 886 961 atque
910 927 1070 953 inconcussa

275 983 455 1013 permaneant
476 981 504 1004 et
527 976 673 1004 secundum
696 978 748 1000 tua:
768 971 946 1000 ordinationis
970 974 1071 998 statuta

275 1024 433 1058 persistant.
447 1023 480 1050 Et
491 1023 512 1049 si
526 1022 597 1056 quis,
610 1021 682 1056 quod
694 1028 747 1047 non
759 1024 893 1053 optamus,
906 1021 1000 1044 contra
1013 1016 1071 1043 luce

276 1073 376 1097 statuta
404 1069 430 1095 in
459 1069 504 1095 Dei
531 1066 725 1101 omnipotentis
749 1064 840 1091 oblata
868 1064 911 1089 vel
940 1069 1070 1089 concessa

276 1114 417 1141 servitium
442 1120 524 1147 agere
554 1112 710 1143 tentaverit,
739 1110 780 1137 vel
809 1109 946 1144 quippiam
973 1108 1070 1134 horum

277 1157 426 1192 infringere
442 1157 590 1184 temerario
614 1163 680 1183 austt
701 1154 826 1186 voluerit,
850 1153 1071 1181 excommunica-

275 1202 343 1230 tioni
358 1202 509 1229 submissus
529 1201 604 1228 omni
624 1199 809 1227 ecclesiastico
821 1197 957 1225 consortio
969 1200 1071 1229 careat,

276 1252 305 1276 et
317 1248 369 1275 nisi
383 1255 412 1275 se
427 1247 556 1275 continuo
571 1254 586 1273 a
607 1245 653 1273 tali
669 1245 787 1280 nequitia
809 1244 936 1278 corrigat,
959 1247 987 1270 et
1005 1242 1072 1269 resi-

276 1293 374 1329 piscat,
390 1293 477 1320 sancti
503 1291 575 1319 Petri
598 1291 737 1325 nostrique
762 1289 926 1324 apostolatus
951 1287 1071 1315 auctori-

278 1343 333 1365 tate
356 1337 536 1364 anathematis
558 1336 665 1363 vinculo
688 1335 833 1362 innodatus
856 1341 918 1360 reus
932 1333 958 1360 in
981 1332 1072 1360 {alitro

274 1383 376 1418 judicio
390 1387 558 1418 permaneat,
573 1386 601 1409 et
621 1389 671 1416 pro
684 1387 796 1408 excessu
814 1387 869 1407 sua:
883 1384 964 1406 tanta:
986 1383 1071 1405 trans-

277 1428 424 1463 gressionis
450 1435 510 1455 cum
527 1427 595 1454 Juda
611 1427 741 1454 traditore
760 1425 916 1456 infrunitns,
933 1429 1014 1459 atque
1029 1431 1071 1451 re-

276 1473 355 1500 bellis
370 1472 457 1500 sancti
471 1472 582 1507 spiritus
594 1472 739 1502 sententia,
754 1471 800 1505 qui
814 1478 922 1504 semper
937 1470 1027 1497 ﬁctum
1043 1473 1071 1496 et

277 1519 434 1548 mendacem
455 1517 559 1552 ell'ugit,
580 1517 684 1544 noverit
699 1524 727 1543 se
749 1516 903 1543 habiturum
919 1515 1068 1550 portionem

277 1564 304 1592 in
316 1564 437 1597 gehenna
449 1564 518 1598 ignis
530 1563 633 1590 aeterni.
647 1562 784 1597 Scriptum
794 1569 843 1597 per
851 1569 958 1588 manum
972 1560 1069 1587 Leonis

276 1609 377 1636 notarii
410 1608 565 1643 regionarii,
597 1612 625 1635 et
652 1607 787 1635 scriniarii
814 1610 915 1633 sanctae
943 1606 1070 1632 Romana

277 1653 453 1684 Ecclesiann
465 1660 556 1680 mense
570 1653 701 1687 Augusto,
716 1651 861 1679 indictione
872 1650 985 1678 decima.
1000 1651 1072 1677 Bene

277 1698 374 1726 valete.
382 1698 509 1725 Kalendis
520 1698 631 1732 Augusti
644 1705 692 1732 per
702 1704 810 1723 manum
820 1696 932 1723 Joannis
942 1695 1071 1730 episcopi,

278 1743 356 1771 missi
379 1748 407 1771 et
430 1743 595 1778 apocrisiarii
612 1747 713 1771 sanch
739 1742 810 1769 sedis
834 1741 997 1776 apostolicae.
1022 1742 1072 1768 im—

277 1794 390 1827 perante
417 1790 516 1817 domno
543 1793 635 1816 nostro
665 1788 777 1821 Carolo,
808 1795 824 1815 a
853 1787 908 1815 Deo
931 1791 1072 1819 coronato,

278 1841 377 1869 magno
391 1835 554 1869 imperatore
569 1834 699 1866 secundo,
716 1838 743 1860 et
755 1837 817 1868 post
830 1832 1001 1860 consulatum
1015 1831 1074 1866 ejus

279 1886 351 1908 anno
366 1880 493 1908 seCundo.
509 1879 657 1907 indictione
670 1887 698 1905 χ.

650 1924 705 1952 XC.

489 1978 523 1997 AD
535 1977 692 1998 TICINENSEI
708 1978 866 1998 ειηςεοιδυν.

589 2016 679 2049 (Anno
694 2015 767 2049 877.)
806 2032 812 2037 ι

280 2059 522 2095 Δτεηίερίιιοραιὶα
535 2060 649 2094 insignia
668 2059 766 2085 utenda
785 2059 900 2086 concedit
916 2068 973 2095 rum
991 2060 1075 2093 facul-

316 2094 381 2121 tate
398 2094 508 2121 vocandi
534 2095 568 2122 ad
596 2102 681 2129 suam
711 2095 841 2128 synodum
869 2094 1075 2129 archiepiscopo:

316 2129 538 2156 Rovennotemem
552 2133 576 2156 et
590 2127 822 2155 Mediolauemem.

316 2184 433 2213 Joassss
446 2184 598 2220 episcopus,
612 2192 706 2212 servus
719 2192 858 2212 servorum
872 2184 930 2216 Dei,
947 2193 1073 2213 revcrcn-
1087 2205 1113 2234 Β

280 2231 393 2261 dissimo
420 2230 514 2259 losum
530 2230 559 2257 S.
574 2230 725 2258 Ticinensis
741 2230 878 2262 Ecclesia,
895 2235 959 2263 etc.,
973 2231 1000 2258 in
1011 2239 1073 2265 per-

280 2281 402 2314 petuum.

318 2320 446 2355 Superos:
470 2321 651 2349 miserationis
679 2321 713 2348 ad
739 2321 791 2349 hoc
819 2321 957 2356 regiminis
980 2330 1074 2350 cttram

281 2366 466 2399 suscepimus,
488 2371 516 2393 et
540 2366 695 2400 apostolicae
714 2367 894 2394 miserationis
917 2367 1075 2394 sollicitudi-

281 2419 344 2441 nem
354 2411 484 2445 gerimus,
497 2416 527 2438 ιιι
536 2412 606 2447 juste
616 2412 784 2447 precantium
797 2412 866 2439 votis
878 2412 969 2439 libenti
983 2413 1075 2442 animo

281 2458 441 2489 habeamus,
460 2461 487 2483 et
502 2457 644 2484 libramine
658 2458 794 2493 aequitatis
805 2458 910 2485 cunctis
922 2458 947 2484 in
962 2465 1067 2485 necessr

281 2503 387 2531 tatibus
404 2502 501 2538 positis
523 2503 666 2529 subvenire
687 2503 842 2530 debeamus.
869 2502 937 2530 Nam
965 2510 1077 2531 summm

281 2548 354 2577 Sedis
361 2552 486 2583 gerentes
496 2547 696 2579 auctoritatem,
708 2547 741 2574 de
753 2547 948 2575 venerabilium
957 2546 1077 2574 locorum

281 2593 445 2625 stabilitate,
462 2596 593 2627 quantum
608 2599 639 2618 ex
660 2591 752 2619 divino
765 2591 898 2625 adiutorio
912 2592 1077 2627 possibilitas

281 2637 371 2671 datur,
382 2642 507 2673 satagere
517 2637 662 2669 debemus;
677 2637 727 2664 hoc
738 2644 854 2671 namque
866 2638 957 2665 studio
968 2642 995 2664 et
1005 2637 1074 2664 divi-

280 2690 316 2714 na
330 2683 451 2718 placatur
466 2682 608 2709 clementia
618 2702 626 2715 ,
643 2686 670 2709 et
687 2682 745 2709 laus
760 2686 842 2716 atqtte
858 2681 960 2709 utilitas
975 2681 1077 2709 Christi

279 2726 407 2758 Ecclesia:
427 2733 598 2763 procuratur.
619 2727 703 2763 igitur
720 2727 874 2763 postulante
894 2736 909 2754 a
931 2727 1009 2754 nobis
1032 2731 1077 2754 tua

280 2774 443 2805 reverentia,
456 2779 586 2808 quantum
597 2781 628 2800 ea
644 2781 704 2808 qua:
717 2773 751 2801 ad
768 2773 926 2801 stabilitatis
935 2771 1077 2807 integrita-

318 2836 333 2853 '|
348 2830 437 2861 Meus
454 2835 604 2867 corruptus.

1115 249 1262 271 noscuntur
1276 244 1413 276 Ecclesiae,
1435 244 1478 271 cui
1492 251 1527 272 ex
1545 245 1636 272 divina
1653 245 1779 280 largitate
1797 254 1912 281 praeesse

1115 288 1291 323 dignosceris,
1306 288 1480 316 enucleanter
1492 289 1624 323 perﬁcere
1642 290 1818 322 studeamus.
1839 291 1913 319 indi-

1115 333 1171 360 nati
1190 333 1315 368 precibus
1331 333 1385 360 tuis
1413 340 1461 370 per
1478 333 1530 360 hoc
1549 338 1672 361 nostrum
1691 334 1852 369 apostolica:
1866 343 1913 363 an-

1116 379 1252 406 ctoritatis
1275 379 1445 414 privilegium
1469 379 1661 406 conﬁrmamus
1676 381 1723 407 tibi
1746 384 1913 409 successori-

1116 422 1220 457 busque
1240 423 1293 449 tuis
1309 425 1398 449 omnia
1415 423 1553 458 privilegia
1573 428 1629 450 tam
1648 432 1792 452 sacrorum
1808 426 1913 460 pontiﬁ-

1116 473 1177 493 cum
1192 474 1273 501 quam
1292 467 1471 501 gloriosorum
1487 468 1670 502 Augustorum
1690 475 1843 503 praecepta,
1859 478 1912 503 qua:

1117 519 1167 545 pro
1180 511 1282 539 honore
1301 517 1402 539 sanctae
1421 517 1472 539 tuze
1488 512 1626 543 Ecclesiae,
1640 517 1668 539 et
1685 521 1778 540 rerum
1795 516 1912 541 omnium

1117 557 1256 584 mobilium
1283 562 1311 584 et
1338 558 1516 585 immobilium
1538 557 1687 585 stabilitate
1712 559 1813 585 collata
1837 564 1911 592 sunt;

1117 609 1168 628 nec
1179 609 1231 628 non
1243 608 1271 629 et
1280 602 1425 637 apostolica
1441 610 1554 629 censura
1569 604 1712 631 statuimus
1725 609 1754 630 ut
1765 606 1912 631 secundum

1118 654 1209 673 sacros
1230 654 1361 679 canones,
1386 646 1488 682 Spiritu
1515 648 1562 675 Dei
1590 649 1729 681 conditos,
1753 649 1849 676 clerici
1875 650 1912 676 vel

1119 693 1349 724 sanctimoniales,
1365 697 1412 720 aut
1427 693 1513 720 vidua;
1530 694 1581 721 sub
1597 698 1641 721 tua
1661 699 1769 729 tuaeque
1790 695 1913 724 Ecclesia

1119 745 1183 764 cura
1203 742 1230 764 et
1250 738 1433 764 sollicitudine
1450 742 1523 765 stare
1544 738 1675 771 debeant,
1698 740 1845 774 nullusque
1864 745 1912 767 tan

1120 782 1190 809 sacri
1210 782 1313 809 ordinis
1331 783 1459 817 praeditus
1479 784 1581 810 honore
1600 791 1682 818 quam
1701 785 1786 812 etiam
1804 785 1912 812 saecula-

1121 828 1190 854 rium
1216 827 1341 853 minister
1367 827 1544 862 dignitatum,
1569 836 1731 864 quocunque
1760 830 1844 857 modo
1871 838 1914 857 eos

1082 870 1108 901 Β
1120 880 1220 907 easque
1235 872 1267 898 ad
1281 872 1415 907 publicum
1431 874 1590 907 pertrahere
1600 873 1743 908 judicium,
1759 880 1806 901 aut
1821 876 1857 902 ob
1867 876 1912 903 hoc

1121 917 1277 944 resillorutn
1287 917 1447 951 illarumque
1458 918 1483 944 in
1495 918 1612 945 bannnm
1622 926 1724 953 ponere
1736 924 1912 953 praesumant;

1121 963 1167 990 sed
1179 970 1257 997 asque
1267 963 1369 998 judicio
1384 963 1548 999 specialique
1558 965 1701 998 praesentia
1717 969 1763 991 tua
1780 972 1914 993 successu

1121 1016 1235 1044 rumque
1250 1013 1358 1036 tuorum
1372 1009 1406 1035 de
1421 1009 1625 1043 quibuscumque
1639 1010 1732 1037 causis
1748 1010 1792 1037 vel
1807 1011 1913 1048 negotiis

1121 1062 1181 1089 qum
1195 1054 1342 1082 secundum
1363 1054 1493 1089 temporis
1511 1054 1670 1088 qualitatem
1687 1055 1856 1086 acciderint,
1871 1056 1910 1090 ju-

1122 1099 1222 1126 stitiam
1246 1098 1432 1132 iudiciumque
1464 1097 1573 1124 faciant.
1604 1097 1750 1125 Sancimus
1781 1100 1864 1126 etiam
1888 1106 1913 1126 ut

1122 1143 1286 1173 monasteria
1301 1151 1361 1179 quae
1373 1143 1444 1169 intra
1461 1147 1513 1169 tua:
1528 1142 1652 1170 ditecesis
1669 1144 1739 1170 lines
1755 1146 1912 1174 consistam.

1122 1190 1171 1216 sub
1185 1194 1231 1216 tuo
1248 1193 1276 1215 et
1289 1196 1383 1215 eortun
1397 1188 1443 1222 qui
1457 1188 1506 1217 tibi
1521 1189 1701 1216 successerint
1710 1189 1776 1224 jure
1789 1190 1913 1217 canonico

1121 1238 1298 1269 permaneant
1309 1234 1334 1260 in
1348 1238 1506 1268 perpetuum
1524 1234 1659 1267 videlicet,
1673 1239 1700 1261 et
1712 1236 1914 1263 consecratione

1122 1281 1251 1308 abbatum
1268 1280 1310 1306 vet
1328 1279 1543 1311 abbatissarum,
1563 1285 1592 1307 et
1611 1280 1638 1306 in
1656 1288 1752 1307 eormn
1772 1289 1915 1316 earumque

1122 1326 1264 1353 criminum
1289 1324 1470 1357 discussione;
1492 1325 1528 1351 ita
1547 1332 1612 1352 sane
1632 1329 1662 1351 ut
1685 1325 1754 1352 nulli
1775 1325 1805 1352 in
1822 1326 1915 1353 eisdem

1121 1370 1320 1400 venerabilibus
1333 1370 1414 1401 locis,
1428 1370 1535 1404 quoties
1549 1374 1731 1404 opportunum
1751 1370 1850 1401 fuerit.
1865 1370 1916 1398 sine

1123 1419 1167 1442 tua
1183 1421 1346 1448 tuorumque
1361 1421 1550 1441 successorum
1568 1415 1738 1449 providentia
1759 1420 1846 1450 atque
1857 1422 1916 1442 eon-

1121 1467 1201 1486 sensu
1220 1459 1267 1485 ﬁat
1283 1458 1393 1490 electio,
1420 1459 1492 1485 sicut
1508 1459 1637 1485 canonica
1652 1459 1731 1493 jubet
1755 1460 1916 1490 auctoritas.

1123 1506 1198 1533 salvo
1217 1505 1322 1532 scilicet
1338 1506 1364 1531 in
1380 1505 1506 1532 omnibus
1524 1505 1597 1532 sedis
1611 1505 1768 1539 apostolica;
1782 1505 1917 1540 privilegia

1124 1551 1248 1585 speciali;
1264 1551 1413 1584 harumque
1430 1555 1522 1577 tenore
1536 1551 1725 1585 pnectpientes
1738 1555 1769 1576 ut
1780 1555 1917 1577 monaste-

1123 1597 1192 1623 rium
1211 1596 1240 1623 S.
1262 1595 1372 1627 Donati,
1389 1595 1529 1624 fundatum
1550 1602 1564 1621 a
1588 1594 1758 1629 Luitprando
1778 1595 1917 1633 episeopo.

1123 1643 1265 1669 decessore
1284 1647 1343 1672 ttto,
1370 1642 1396 1668 in
1423 1641 1482 1668 loco
1501 1641 1546 1675 qui
1571 1641 1670 1668 dicitur
1694 1640 1841 1676 Seogialo,
1859 1648 1917 1668 cum

1123 1687 1249 1714 omnibus
1268 1687 1348 1714 rebus
1363 1686 1507 1714 mobilibus
1522 1690 1548 1713 et
1569 1687 1752 1713 innnnbilibns
1772 1688 1919 1713 secundum

1124 1732 1278 1762 testamenti
1294 1732 1334 1759 sui
1350 1732 1448 1759 seriem
1465 1731 1584 1762 collatis,
1600 1737 1626 1757 t‘l.
1640 1732 1709 1758 aliud
1725 1733 1921 1758 inmiasterium

1125 1777 1155 1805 S.
1171 1777 1262 1804 Maria:
1276 1777 1393 1812 positum
1409 1777 1435 1803 in
1450 1776 1568 1806 Cariata,
1586 1785 1645 1810 (μιιυ
1657 1777 1707 1809 juri
1727 1777 1855 1803 Ecclesim
1869 1782 1921 1802 tua:

1124 1823 1218 1858 procul
1231 1822 1313 1849 dubio
1322 1827 1351 1849 et
1361 1822 1496 1857 pertinere
1510 1823 1645 1851 videntur,
1655 1828 1680 1847 te
1695 1829 1921 1855 successoresque

1125 1874 1186 1896 tuos
1213 1867 1352 1904 perpetuis
1384 1868 1551 1902 temporibus
1580 1868 1795 1901 jlll‘lSlllL’llOIICIII
1831 1872 1921 1894 tenere

1126 1916 1280 1949 habereque
1296 1915 1479 1942 decentitnus.
1501 1918 1528 1940 et
1545 1914 1667 1948 quamvis
1687 1914 1713 1940 in
1735 1914 1833 1939 alienis
1847 1920 1920 1948 paro-

1126 1960 1195 1989 chiis
1215 1960 1378 1990 consistant,
1404 1959 1550 1992 apostolica
1568 1959 1694 1992 jullcntus
1714 1959 1880 1985 auctoritate
1896 1959 1919 1984 in

1126 2004 1250 2031 omnibus
1264 2011 1324 2038 qua:
1338 2004 1484 2038 ibiagenda
1497 2005 1536 2030 vel
1548 2004 1697 2030 ordinanda
1706 2009 1797 2035 erunt,
1813 2004 1918 2031 liberam

1125 2049 1184 2077 sine
1198 2048 1310 2083 alicujus
1320 2049 1534 2076 contradictione
1547 2049 1647 2076 habeas
1665 2053 1850 2083 potestatem;
1865 2056 1920 2085 ple-

1126 2096 1251 2130 sbyteros
1276 2102 1340 2122 vero
1351 2100 1379 2121 et
1405 2095 1554 2122 monachos
1581 2095 1773 2130 prtedictonim
1803 2096 1918 2123 omnium

1126 2141 1311 2169 ctenobiorum
1324 2141 1358 2168 ad
1373 2145 1447 2170 tuum
1461 2141 1632 2172 canonicum,
1647 2146 1727 2175 prout
1742 2141 1918 2168 ecclesiastica

1127 2187 1275 2214 necessitas
1290 2186 1422 2221 exegerit,
1442 2186 1500 2214 sine
1508 2184 1621 2219 alicujus
1638 2187 1855 2213 contradictione
1871 2191 1920 2213 suo

1126 2234 1226 2261 tuimus
1244 2233 1337 2261 venire
1356 2233 1510 2260 concilium.
1532 2232 1608 2265 Quod
1627 2232 1649 2259 si
1670 2232 1761 2267 aliqua
1777 2232 1805 2258 in
1826 2233 1920 2260 eisdem

1127 2279 1300 2308 mottasteriis
1316 2283 1462 2313 pmccepta,
1474 2284 1534 2311 qua:
1553 2277 1692 2304 canonicis
1702 2277 1729 2303 in
1744 2277 1837 2311 aliquo
1849 2284 1920 2312 regu-

1125 2324 1159 2353 lis
1166 2324 1277 2353 obviare
1287 2324 1424 2354 videntur,
1441 2322 1542 2348 fuerint
1553 2326 1669 2359 reperta,
1683 2321 1772 2358 major
1783 2322 1835 2349 hoc
1847 2328 1921 2348 cano-

1126 2370 1186 2398 nice
1198 2369 1298 2398 factum
1306 2374 1318 2387 α
1328 2367 1362 2394 ab
1370 2367 1421 2396 illis
1429 2367 1529 2397 habere
1539 2366 1729 2392 auctoritatem
1743 2366 1919 2392 decernimus.

1129 2415 1167 2443 Ita
1186 2414 1267 2441 etiam
1281 2413 1315 2440 de
1328 2411 1492 2440 cmmeteriis
1505 2418 1565 2445 qua:
1583 2411 1655 2437 intra
1675 2410 1717 2437 vel
1736 2415 1817 2437 extra
1830 2410 1920 2437 civita-

1130 2464 1184 2485 tein
1201 2458 1372 2487 Ticinensem
1387 2456 1555 2486 consistunt,
1568 2455 1741 2492 praecipimus
1756 2460 1786 2481 ut
1805 2455 1855 2481 sub
1874 2459 1921 2481 tua

1131 2503 1258 2532 Ecclesia:
1272 2511 1337 2530 cura
1352 2508 1379 2530 et
1393 2506 1526 2537 potestate
1539 2501 1680 2531 antistitis,
1697 2502 1802 2535 absque
1813 2499 1920 2533 alicujus

1129 2549 1314 2578 controversia
1325 2552 1511 2584 permaneant.
1527 2546 1670 2575 Sancimus
1680 2546 1764 2572 etiam
1777 2545 1919 2580 apostolica

1130 2595 1290 2623 auctoritate
1303 2594 1442 2629 largiendo
1455 2593 1502 2623 tibi
1518 2593 1626 2626 tuisque
1641 2591 1848 2618 successoribus
1860 2596 1917 2617 cru-

1130 2648 1187 2668 cem
1204 2640 1305 2671 habcre
1315 2646 1476 2674 quocunque
1491 2637 1611 2665 volueris
1631 2636 1712 2667 ferre,
1728 2636 1842 2670 pallium
1855 2641 1917 2670 quo-

1129 2693 1182 2720 qtte
1203 2685 1327 2713 similiter
1346 2684 1536 2714 concedimus,
1562 2690 1612 2709 nec
1625 2689 1677 2708 non
1706 2681 1798 2708 album
1825 2686 1919 2716 equum

1129 2736 1285 2766 coopertum
1301 2731 1424 2765 equitare
1440 2730 1466 2756 in
1484 2729 1565 2755 ratnis
1580 2727 1750 2762 palmarum,
1765 2731 1793 2753 et
1808 2724 1918 2753 secunda

1130 2777 1198 2806 feria
1225 2781 1285 2814 post
1309 2775 1425 2804 Pascha.
1451 2774 1595 2803 Sancimus
1621 2772 1704 2800 etiam
1727 2775 1757 2798 ut
1777 2769 1919 2798 secundum
