3984 5430
111 273 220 345 'itt

1382 281 1738 348 EPISTOL‘E
1780 289 1869 344 ET
1909 287 2250 347 πεπυ.

3293 295 3414 354 7‘8

113 399 436 456 tenorem'
465 400 688 472 capituli
750 399 977 466 decimi,
1035 401 1176 471 quod
1221 401 1468 473 synodali
1519 403 1738 456 decreto
1765 406 1813 466 Α
1843 402 2038 456 Leonis
2083 399 2352 456 scriniarii
2399 399 2460 457 8.
2515 401 2582 455 li.
2625 402 2687 456 Ε.
2736 403 2791 457 in
2839 407 3028 458 mense
3064 403 3422 474 Septembris.

111 488 426 545 Ravennae
457 492 752 547 statuimus
770 505 866 560 per
881 491 1227 546 indictionem
1245 492 1533 556 decimam,
1561 491 1738 546 nullus

113 592 383 647 unquam
406 619 424 644 ,
471 579 733 648 cujusque
770 579 1048 650 dignitatis
1088 590 1182 634 aut
1221 582 1505 652 potentiae,
1543 581 1734 645 homo,

112 667 283 735 quasi
335 669 454 721 sub
497 670 720 722 obtentu
768 669 1174 738 hospitalitatis,
1219 671 1271 723 in
1314 680 1405 724 tuo
1443 672 1740 742 venerabili

113 757 451 826 episcopio,
495 767 586 811 aut
625 759 680 812 in
726 758 976 813 domibus
1016 762 1356 814 sacerdotum
1400 770 1644 824 tuorum,
1686 769 1740 814 et

113 847 382 900 omnium
430 847 766 903 clericorum
810 849 927 902 sine
963 858 1051 902 tua
1103 859 1422 916 tuorumque
1457 865 1736 903 successo-

116 951 243 989 rum
269 935 576 991 voluntate
598 938 869 1006 applicare
895 949 1202 1006 praesumat.
1233 938 1326 993 His
1348 939 1421 992 ita
1449 940 1740 1010 prmlibatis

114 1026 499 1082 decernimus
533 1036 592 1081 ut
635 1029 679 1082 si
720 1029 954 1082 humana
993 1029 1416 1083 contradictione
1459 1039 1560 1083 tua:
1596 1031 1741 1084 sedis

113 1116 443 1186 episcopus
468 1133 538 1171 ex
565 1119 668 1173 hoc
688 1119 885 1172 mundo
907 1119 1240 1188 migraverit,
1264 1118 1329 1172 de
1352 1119 1570 1188 proprio
1595 1119 1740 1174 clero

114 1222 288 1277 quem
327 1207 601 1261 idoneum
639 1222 751 1276 pra:
785 1209 995 1260 cieteris
1031 1208 1209 1262 clerus
1245 1218 1300 1261 et
1331 1208 1554 1276 populus
1586 1223 1738 1276 repe-

113 1297 295 1360 rerit,
338 1305 682 1364 potestatem
722 1297 919 1350 habeat
959 1298 1254 1350 secundum
1285 1306 1481 1350 statuta
1519 1312 1736 1350 venera-

113 1387 314 1442 bilium
347 1387 622 1449 Patrum,
659 1397 714 1442 et
753 1389 1004 1442 Romanae
1041 1389 1185 1442 sedis
1218 1388 1552 1451 antistitum,
1593 1387 1738 1441 nulla

109 1475 354 1530 seculari
389 1477 811 1531 contradicente
838 1479 1114 1546 potentia,
1144 1476 1377 1545 eligendi
1403 1477 1734 1546 episcopum.

114 1566 276 1632 Quod
317 1567 371 1621 si
411 1566 650 1622 fortasse
684 1567 736 1622 in
767 1567 954 1622 eadem
985 1568 1173 1637 plebe,
1208 1568 1349 1636 quod
1379 1567 1598 1620 minime
1622 1581 1740 1620 cre-

113 1659 321 1720 dimus,
355 1668 539 1713 tanta:
573 1659 716 1713 sedis
746 1660 954 1713 honore
994 1660 1186 1728 dignus
1214 1669 1462 1727 repertus
1489 1674 1596 1713 non
1625 1659 1739 1713 fue-

1841 488 1986 544 Bene
2017 489 2212 542 valete.
2251 488 2445 542 Datum
2479 498 2564 544 est
2598 490 2701 544 hoc
2738 506 2879 545 nono
2908 490 3025 547 Kal.
3063 491 3419 564 Septembris,

1839 593 1938 647 per
1970 593 2188 632 manum
2227 577 2422 632 Leonis
2445 579 2683 650 episcopi
2727 581 2874 636 missi
2913 590 2972 637 et
2997 583 3336 653 apocrisiarii
3360 583 3420 640 S.

1841 667 1986 722 sedis
2023 667 2348 736 apostolicm,
2381 668 2677 737 imperante
2711 670 2908 726 domno
2941 671 3131 726 Carolo
3161 683 3423 728 coronato

1841 772 2035 826 magno
2070 758 2412 825 imperatore.
2476 759 2543 812 Et
2577 767 2633 812 ut
2667 761 2868 814 certius
2892 775 3147 830 appareat
3185 764 3284 817 hoc
3319 781 3422 817 no-

1840 859 2010 903 strum
2037 849 2453 920 privilegium,et
2479 849 2853 905 inconcussum
2885 857 3422 926 permaneat,sigillo

1841 949 2026 991 nostro
2047 937 2306 1004 jussimus
2338 937 2600 1006 insigniri.
2643 939 2796 993 Anno
2834 954 2892 992 tt.
2927 940 3051 994 Post
3082 943 3420 1000 consulatum

1841 1024 1957 1092 ejus
1979 1040 2120 1078 anno
2148 1041 2209 1087 ll,
2240 1025 2426 1078 indict.
2452 1041 2528 1078 XI.

1910 1116 2198 1170 Zacharias
2219 1116 2436 1170 humilis
2459 1116 2742 1184 episcopus
2761 1127 2963 1172 sauctze
2985 1118 3238 1175 Ecclesiae
3261 1122 3412 1177 Ana-

1840 1206 2075 1276 gniensis
2103 1207 2152 1259 in
2187 1208 2286 1260 hoc
2313 1207 2594 1276 privilegio
2617 1211 2864 1262 consensi
2896 1219 2950 1263 et
2981 1212 3191 1279 scripsi.

1908 1294 2100 1348 Petrus
2144 1296 2429 1363 episcolius
2478 1294 3034 1363 Forosemproniensis
3078 1300 3330 1354 Ecclesiae
3358 1301 3412 1356 in

1840 1384 1943 1438 hoc
1966 1383 2246 1452 privilegio
2277 1385 2524 1438 consensi
2559 1393 2612 1436 et
2641 1387 2853 1454 scripsi.

1909 1471 2228 1528 Laurentius
2255 1474 2472 1527 humilis
2499 1476 2783 1543 episcopus
2813 1475 3117 1546 Campania:
3161 1479 3414 1535 Ecclesiae

1840 1565 2084 1617 consensi
2114 1573 2168 1617 et
2194 1565 2406 1632 scripsi.

1908 1655 2020 1709 Leo
2067 1655 2285 1709 humilis
2330 1655 2648 1710 scriniarius
2687 1665 2741 1709 et
2781 1657 3023 1711 notarius
3072 1657 3130 1712 S.
3176 1659 3242 1712 Β.
3275 1660 3334 1714 Ε.
3363 1667 3422 1715 et

115 1747 210 1810 rit,
255 1755 401 1801 tunc
446 1747 497 1801 si
526 1746 660 1800 alter
699 1747 764 1801 de
799 1748 970 1801 altera
997 1747 1237 1802 Ecclesia
1269 1747 1527 1802 canonice
1561 1749 1736 1817 provi-
1768 1739 1812 1798 Β
1841 1759 1960 1798 cum
1977 1744 2219 1811 jussione
2246 1746 2676 1798 reverendissiini
2702 1747 2764 1800 D.
2787 1745 3008 1799 Joannis
3032 1762 3178 1817 papa:
3201 1749 3414 1816 scripsi,

115 1834 336 1890 dendus
365 1843 490 1900 est,
513 1850 782 1891 consensu
815 1846 993 1891 tamen
1021 1845 1075 1890 et
1112 1835 1391 1891 voluntate
1427 1838 1596 1906 ipsius
1618 1836 1731 1904 ple-

116 1923 202 1978 bis
239 1925 484 1979 nonnisi
522 1934 679 1980 antea
715 1925 916 1981 electus
947 1927 1224 1980 ordinetur
1261 1927 1524 1980 antistes.
1556 1927 1732 1996 Atque

118 2014 172 2069 in
199 2014 292 2069 his
321 2017 590 2084 partibus
617 2017 755 2070 mala
789 2017 1121 2086 molestaque
1147 2018 1534 2073 consuetudine
1560 2035 1590 2072 a
1612 2019 1734 2087 qui-

120 2104 365 2162 busdam
411 2121 605 2161 sacras
640 2106 786 2176 leges
819 2108 1190 2176 ignorantibus
1224 2108 1487 2163 clericalis
1525 2110 1732 2164 ordinis

119 2193 268 2250 viros
291 2194 408 2248 sub
434 2193 568 2265 jugo
593 2196 870 2250 servitutis
895 2205 1017 2264 post
1048 2198 1512 2252 consecrationem
1535 2199 1728 2264 teneri,

121 2281 482 2353 famulosque
521 2284 655 2339 velle
681 2285 872 2339 .vocari
911 2287 1232 2348 audivimus,
1263 2288 1405 2355 quod
1429 2287 1534 2341 dici
1575 2287 1729 2343 nefas

124 2382 228 2429 est.
258 2375 540 2431 Volumus
569 2384 733 2444 atque
759 2389 1014 2445 expresse
1038 2375 1289 2444 jubemus
1319 2387 1374 2432 ut
1402 2377 1540 2432 sicut
1566 2378 1612 2432 is
1637 2379 1726 2445 qui

124 2461 329 2518 nullius
360 2479 609 2533 unquam
636 2464 961 2518 conditionis
983 2464 1120 2529 fuit,
1151 2466 1223 2518 ita
1246 2464 1410 2519 etiam
1439 2474 1494 2519 et
1524 2464 1612 2519 ille
1641 2466 1726 2519 cui

125 2551 192 2604 ad
212 2552 319 2606 hoc
349 2553 594 2607 oﬂicium
620 2553 1019 2625 suscipiendum
1045 2570 1252 2608 morum
1277 2553 1511 2624 dignitas
1535 2552 1724 2608 suifra-

126 2643 361 2710 gaverit,
415 2642 620 2698 nullius
660 2643 760 2696 viri
823 2644 1036 2698 vinculo
1083 2645 1424 2712 postmodum
1480 2653 1728 2699 teneatur

125 2732 410 2786 astrictus.
445 2731 584 2798 Quia
611 2734 848 2788 humana
874 2734 990 2804 lege
1009 2749 1115 2788 non
1144 2735 1300 2789 debet
1323 2737 1538 2795 aretari,
1565 2752 1723 2804 quem

122 2819 307 2876 divina
366 2821 551 2891 gratia
601 2823 668 2875 ad
721 2831 924 2876 tantam
973 2823 1111 2876 sacri
1165 2822 1372 2876 ordinis
1409 2823 1722 2893 dignitatem

118 2910 434 2976 provehere
482 2911 685 2980 dignita
711 2919 814 2966 est.
849 2911 1198 2979 Prmcipimus
1233 2911 1398 2964 etiam
1431 2922 1488 2965 ut
1518 2913 1568 2966 in
1609 2928 1726 2966 om-

119 2999 278 3054 nibus
323 3001 632 3056 mobilibus
680 3010 736 3057 et
772 3001 1170 3066 immobilibus,
1217 3001 1482 3068 rebusque
1521 3010 1724 3055 sancta:

1836 1844 1891 1888 et
1915 1834 2036 1888 aliis
2063 1834 2420 1887 roborandam
2465 1834 2682 1900 protuli,
2713 1844 2763 1886 et
2798 1843 2881 1886 est
2924 1835 3212 1900 sigillatum
3243 1836 3418 1906 sigillo

1832 1925 2082 1994 plumbeo
2103 1941 2294 1995 magno
2318 1927 2603 1995 impresso,
2629 1927 2862 1980 habente
2884 1927 3167 1997 imaginem
3192 1930 3422 1983 sanctis-

1834 2015 1954 2068 simi
1992 2015 2121 2067 olim
2161 2030 2314 2083 papa:
2352 2013 2597 2078 Joannis,
2644 2031 2768 2068 cum
2816 2016 3015 2070 litteris
3057 2017 3419 2088 inlrascriptis

1833 2103 2120 2168 similibus,
2150 2103 2406 2158 videlicet
2435 2121 2448 2155 :
2478 2101 2712 2158 Joannes
2740 2117 2900 2171 papa.

2082 2321 2152 2362 AD
2191 2319 2514 2360 LAIBERTUI
2550 2319 2848 2360 GLORIOSUI
2891 2319 3150 2358 εοιιτειι.

2444 2399 2628 2468 (Anno
2656 2398 2806 2466 877.)

1832 2489 2110 2558 Signiﬁcat
2165 2487 2849 2558 Romanorimt_procerum
2896 2487 3098 2558 obsides
3140 2487 3259 2541 dari
3309 2503 3416 2542 non

1899 2557 2087 2627 posse;
2114 2570 2283 2611 monet
2325 2573 2386 2610 ne
2426 2558 2494 2609 ad
2537 2557 2733 2610 Urbem
2763 2557 2952 2619 veniat,
3009 2557 3132 2625 quia
3159 2558 3268 2625 ipse
3294 2573 3414 2613 cum

1898 2628 2133 2697 excipere
2163 2644 2265 2680 non
2287 2636 2470 2693 porcst.

1899 2713 2133 2769 Joannes
2165 2715 2448 2782 episcopus
2488 2711 2782 2767 LMtBEliTO
2835 2711 3070 2780 glorioso
3096 2713 3304 2766 comiti.

1903 2806 2284 2860 Rcmeantibus
2308 2805 2484 2866 nobis,
2513 2805 2622 2857 Deo
2651 2805 2914 2872 praeduro,
2940 2801 3187 2865 Romam,
3217 2816 3413 2856 convo-

1828 2896 2069 2950 cavimus
2095 2903 2258 2948 totam
2289 2891 2583 2945 Ecclesiam
2603 2931 2617 2952 ,
2637 2901 2692 2943 et
2722 2889 2848 2950 illud
2881 2891 3021 2958 quod
3045 2889 3200 2942 nobis
3229 2888 3294 2942 de
3316 2889 3413 2942 ob-

1829 2983 2034 3038 sidibus
2062 2980 2428 3036 Romanorum
2479 2975 2764 3048 procerum
2821 2977 3013 3030 dandis
3042 2977 3308 3042 eilixeras,
3358 2977 3411 3031 in

118 3097 223 3144 ιυω
295 3092 574 3148 Ecclesia,
638 3092 1067 3165 pertinentibus,
1131 3065 1439 3147 ιωωίηίιηίε
1509 3079 1797 3161 quoquec
1829 3080 2094 3125 conventu
2146 3069 2382 3140 Iidelium
2431 3076 2635 3121 sanctae
2663 3066 2757 3120 Dei
2806 3065 3063 3120 Ecclesia:
3104 3067 3414 3122 necessario

119 3175 410 3245 utriusque
455 3191 652 3240 sexus,
687 3185 798 3230 tam
828 3175 1013 3231 liberis
1051 3191 1212 3244 quam
1236 3177 1435 3240 servis,
1469 3178 1666 3230 nullam
1691 3192 1722 3228 a

121 3279 400 3334 quoquam
447 3265 889 3320 contrarietatem
954 3272 1047 3318 aut
1085 3265 1306 3319 fortiaui
1365 3265 1566 3319 nullam
1605 3267 1724 3319 vio-

122 3351 347 3409 lentiam
383 3365 487 3408 aut
515 3355 847 3408 invasionem
882 3354 1086 3422 absque
1115 3353 1270 3424 legali
1297 3353 1504 3408 calculo
1533 3355 1724 3425 aliqui-

123 3441 224 3498 bus
263 3445 415 3498 iieri.
458 3444 853 3498 Conlirmamus
893 3443 1056 3497 etiam
1097 3453 1297 3498 sancta!
1334 3443 1584 3497 Ecclesia:
1619 3455 1724 3498 ture

126 3535 534 3590 Xenodochium
575 3533 854 3587 fundatum
894 3533 1035 3586 intra
1074 3532 1410 3586 Ticinensem
1444 3533 1721 3586 civitatem

119 3622 275 3690 juxta
313 3625 606 3679 ecclesiam
647 3624 705 3678 S.
748 3623 928 3678 Maria:
960 3640 1080 3694 quae
1121 3625 1317 3679 dicitur
1357 3624 1548 3690 Minor,
1581 3627 1724 3694 quod

121 3714 274 3771 ﬁlius
319 3725 510 3769 noster
551 3715 801 3770 dominus
839 3713 1064 3769 Carolus
1107 3716 1401 3785 imperator
1446 3715 1724 3785 Augustus

120 3803 304 3856 eidem
345 3801 640 3869 Ecclesiae,
681 3818 712 3856 a
753 3818 859 3875 qua
905 3804 1101 3874 injuste
1139 3805 1474 3859 subtractum
1515 3807 1722 3892 fuerat,

123 3890 381 3962 legaliter
407 3907 508 3960 per
537 3895 790 3962 prmcepti
832 3892 915 3946 sui
950 3895 1202 3963 paginam
1243 3895 1529 3950 restituere
1565 3890 1726 3949 cura;

127 3981 247 4048 vit,
276 3989 341 4034 ut
370 3979 475 4035 sibi
501 3981 628 4051 jure
656 3997 721 4036 ac
758 3982 962 4038 ditione
993 3991 1082 4036 tua
1107 3992 1426 4052 tuorumque
1446 3999 1724 4040 successo-

131 4084 248 4125 rum
287 4071 411 4126 sine
448 4071 624 4141 aliqua
666 4071 1029 4142 refragatione
1057 4072 1442 4140 perpetualiter
1470 4081 1720 4138 maneat;

135 4161 530 4219 immunitatem
560 4163 722 4217 etiam
751 4163 921 4233 ipsius
955 4162 1197 4216 ecclesiae
1226 4164 1522 4218 secundum
1551 4165 1723 4232 impe-

137 4251 286 4306 rialia
323 4263 596 4324 praecepta
628 4253 934 4313 statuimus,
975 4262 1029 4306 et
1062 4253 1162 4307 hoc
1199 4262 1385 4307 nostro
1421 4253 1720 4324 apostolico

139 4340 414 4412 privilegio
435 4341 809 4397 inconcussam
832 4339 1185 4410 stabilemque
1206 4341 1711 4408 manercjubemus.

1829 3160 2154 3214 contulimus
2181 3177 2194 3212 :
2225 3157 2338 3212 sed.
2369 3158 2507 3211 heu!
2538 3156 2666 3226 quid
2691 3155 2905 3209 dicam?
2943 3170 3063 3208 eum
3096 3165 3301 3210 tantum
3332 3166 3414 3211 to-

1828 3260 1935 3302 tam
1952 3249 2196 3301 eamdem
2224 3235 2522 3300 Ecclesiam
2554 3253 2741 3298 contra
2771 3259 2868 3298 nos
2895 3243 3321 3312 incitaverimus,
3345 3261 3412 3301 ac

1825 3341 1870 3395 si
1900 3355 1998 3410 pro
2025 3338 2179 3393 melle
2202 3354 2322 3393 eam
2353 3336 2476 3390 felle
2502 3345 2716 3405 potasse
2757 3336 3084 3388 videremur.
3138 3336 3411 3394 Romano-

1827 3447 1946 3485 rum
1997 3429 2134 3484 lilios
2172 3429 2272 3484 sub
2298 3428 2402 3482 isto
2427 3427 2564 3482 cmlo
2604 3441 2709 3479 non
2753 3425 2951 3495 legitur
2986 3423 3152 3481 fuisse
3190 3428 3408 3483 obsides

1825 3524 1997 3584 datos,
2027 3531 2229 3591 quanto
2258 3521 2436 3575 minus
2491 3520 2712 3572 istorum
2739 3516 2829 3585 qui
2879 3515 3192 3571 fidelitatem
3237 3532 3408 3588 augu-

1825 3614 2015 3669 stalem
2056 3622 2110 3666 et
2147 3621 2327 3666 mente
2357 3609 2664 3664 custodiunt
2704 3616 2759 3661 et
2802 3621 2987 3674 opere,
3017 3605 3127 3660 Deo
3164 3606 3408 3676 juvante,

1824 3703 2148 3775 perficiunt?
2175 3701 2452 3770 Prmcipue
2478 3715 2602 3755 cum
2653 3713 2752 3754 nos
2779 3698 3100 3752 miseremur
3132 3695 3199 3768 [ί.
3256 3697 3410 3750 dubi-

1828 3793 2024 3866 temus]
2045 3795 2087 3848 si
2113 3795 2216 3848 hoc
2241 3809 2308 3846 ex
2333 3791 2595 3862 auguslali
2619 3788 2771 3858 jussu
2796 3790 3210 3859 processerit,et
3233 3789 3406 3860 ipsum

1825 3885 2203 3952 imperatorem
2228 3896 2334 3934 non
2361 3879 2645 3932 credamus
2674 3894 2828 3933 suum
2854 3893 2950 3932 nos
2972 3877 3107 3931 velle
3134 3887 3404 3931 secretum

1825 3972 2065 4026 latuisse.
2097 3969 2227 4024 Tale
2249 3970 2445 4039 quippe
2469 3968 2752 4022 consilium
2783 3983 2887 4020 non
2919 3968 3055 4021 alius
3106 3966 3404 4028 adinvenit,

1824 4060 1930 4115 nisi
1987 4059 2074 4114 ille
2128 4059 2217 4127 qui
2256 4060 2396 4112 hanc
2442 4066 2643 4110 terram
2694 4056 3020 4110 conturbare
3069 4053 3310 4118 molitur,
3350 4063 3408 4107 et

1824 4145 2091 4201 ineffabile
2133 4147 2384 4200 damnum
2452 4143 2649 4214 populo
2698 4141 2792 4198 Dei
2849 4157 3114 4213 generare
3169 4142 3408 4197 versutis

1823 4237 2107 4291 fraudibus
2160 4237 2530 4299 machinatur;
2567 4235 2658 4304 qui
2687 4250 2875 4304 pacem
2917 4243 2970 4288 et
2997 4235 3233 4303 quietem
3280 4235 3405 4290 odio

1823 4326 2007 4389 habet,
2063 4334 2117 4378 et
2168 4324 2595 4379 dissensionibus
2641 4323 2826 4390 utique
2859 4323 3076 4391 gaudet.
3141 4321 3405 4388 Quamvis

141 4426 195 4483 Si
229 4433 350 4501 quis
387 4441 565 4486 autem
596 4430 884 4486 temerario
916 4447 1048 4484 ausu
1089 4441 1275 4485 contra
1316 4431 1475 4499 hujus
1515 4442 1714 4485 nostra:

1839 4428 1980 4470 mtea
2007 4415 2234 4469 Romani
2265 4415 2422 4468 ovilis
2462 4420 2679 4467 senatus
2711 4422 2937 4468 mortem
2990 4412 3212 4480 eligant,
3241 4427 3404 4480 quam

141 4522 435 4588 apostolica:
464 4521 840 4594 praeceptionis
871 4520 1066 4574 seriem
1104 4521 1192 4590 pie
1217 4536 1246 4572 a
1280 4520 1434 4574 nobis
1471 4531 1525 4574 et
1551 4535 1712 4574 cano-

142 4610 254 4666 nice
305 4615 696 4684 promulgatam
741 4611 924 4664 venire
978 4625 1245 4680 agereque
1295 4611 1612 4673 tentaverit,
1659 4619 1715 4664 et

141 4703 310 4756 omnia
340 4720 459 4773 qua:
485 4704 733 4773 superius
758 4710 959 4755 statuta
991 4711 1137 4766 sunt,
1181 4711 1285 4754 tum
1313 4712 1512 4756 sanctte
1543 4701 1715 4754 cccle.

146 4789 232 4844 size
274 4791 378 4848 line
418 4802 575 4848 tenus
619 4807 728 4846 non
772 4791 1174 4854 observaverit,
1219 4789 1355 4844 sciat
1403 4806 1462 4846 se
1511 4789 1714 4843 domini

147 4883 305 4935 nostri
358 4883 727 4954 apostolorum
819 4882 1078 4952 principis
1143 4881 1288 4938 Petri
1354 4881 1719 4938 anatbeniatis

128 4971 346 5050 ‘vinculo
377 4975 712 5035 inuodatum,
743 4985 798 5026 et
835 4988 956 5026 cum
985 4975 1198 5026 diabolo
1219 4981 1273 5026 et
1301 4972 1416 5042 ejus
1442 4971 1720 5028 atrocissi-

127 5057 242 5113 ‘mis
267 5065 492 5134 pompis,
531 5072 692 5131 atque
731 5076 854 5116 cum
892 5059 1028 5114 Juda
1069 5063 1326 5117 traditore
1361 5061 1580 5119 Domini
1623 5061 1715 5115 Dei

153 5149 508 5207 etSalvatoris
548 5150 718 5204 nostri
765 5149 893 5204 Jesu
939 5149 1168 5215 Christi,
1218 5160 1419 5208 mterno
1462 5149 1715 5204 incendio

148 5243 602 5304 concremandum;
631 5248 684 5292 et
716 5240 808 5308 qui
847 5254 944 5308 pro
970 5239 1159 5294 intuitu
1199 5249 1407 5306 custos,
1450 5237 1709 5294 obediens

1821 4509 1963 4563 hanc
2010 4507 2308 4560 inauditam
2354 4513 2408 4557 et
2439 4503 2733 4574 pessimam
2782 4517 2892 4555 rem
2941 4500 3058 4554 fieri
3085 4513 3407 4570 quocunque

1822 4597 1980 4652 modo
2007 4593 2368 4650 consentiant.
2406 4593 2766 4660 Quapropter,
2797 4591 2922 4660 quia
2950 4589 3172 4645 omnino
3201 4599 3282 4644 est
3306 4591 3408 4645 itit-

1821 4687 2092 4758 possibile,
2124 4693 2178 4736 et
2201 4684 2307 4736 tale
2338 4683 2463 4752 quid
2485 4680 2662 4734 omnis
2688 4681 2917 4751 inclytus
2945 4678 3172 4731 audiens
3204 4679 3256 4734 in
3292 4695 3406 4733 ma-

1823 4780 2022 4833 ximam
2049 4773 2410 4842 suspicionem
2433 4769 2699 4842 prorupit,
2736 4781 2896 4839 atque
2933 4765 3256 4836 simpliciter
3299 4780 3406 4822 non

1822 4867 1991 4922 fuisse
2014 4865 2214 4918 dictum
2249 4865 2424 4920 modis
2446 4859 2699 4916 omnibus
2725 4859 3016 4915 aestimavit
3043 4875 3055 4908 :
3090 4857 3411 4908 mandamus

1822 4956 2095 5015 dilectioni
2127 4964 2250 5017 tum,
2292 4971 2457 5029 quam
2481 4953 2761 5006 absentem
2785 4953 2923 5008 sicut
2948 4953 3277 5022 pne-sentem
3305 4959 3415 4995 ain.

1818 5031 2128 5118 plectimur,
2175 5053 2235 5098 ut
2264 5047 2372 5104 huc
2417 5041 2567 5099 nullo
2591 5044 2753 5099 modo
2807 5037 3072 5109 fatigeris,
3101 5031 3227 5096 qnia
3260 5030 3418 5084 modo

1819 5151 1872 5194 te
1904 5135 2206 5190 nullatenus
2230 5143 2480 5213 recipere
2509 5147 2816 5202 possumus,
2849 5147 2947 5186 nec
2978 5129 3182 5213 meum
3213 5119 3419 5189 “mlum

1817 5244 1963 5287 nunc
2008 5227 2277 5296 agendum
2310 5211 2427 5290 fore
2457 5237 2682 5282 necesse
2728 5233 3002 5294 putamus.
3031 5211 3167 5266 Cum
3218 5219 3419 5272 autem,

151 5334 294 5396 Itque
319 5333 632 5386 observator
669 5298 827 5397 hujus
847 5298 1044 5383 nostrae
1071 5328 1354 5385 salutifera:
1384 5325 1709 5400 praeceptio-
1812 5322 1929 5376 Deo
1953 5315 2197 5384 iuvantia,
2231 5324 2302 5377 ad
2330 5331 2499 5378 unam
2524 5317 2870 5368 concordiam
2893 5316 2946 5363 ει
2992 5310 3156 5400 “nam
3185 5298 3426 5400 quielem

151 5413 196 5430 -ο
351 5423 360 5430 ι
455 5423 463 5430 ι
532 5420 545 5430 ι
689 5417 718 5430 ιο
763 5418 792 5430 .I
875 5419 885 5430 ι
1064 5419 1073 5430 ο
1233 5427 1241 5430 -
1364 5422 1375 5430 ι
1453 5415 1490 5430 ,ο
1615 5422 1626 5430 ι
1666 5416 1678 5428 ο

1877 5407 2118 5430 ο-..-Ι.ΙΖ,..-.
2155 5422 2248 5430 ηις..,
2426 5403 2572 5426 1⁸-..ῗο
2631 5412 2674 5424 -a
2703 5404 2732 5424 I‘,

2725 5405 2804 5422 ’.σί
2844 5399 3099 5422 θηηηηιιιυι
3164 5400 3289 5420 illum
3315 5395 3428 5418 Ιηη,
