4042 6302
575 287 680 345 ’145

576 493 861 547 utilitatem
879 494 1147 562 pertinere
1159 492 1590 562 cognoverimus,
1615 499 1790 544 tecum
1813 498 1868 544 et
1888 498 2146 553 tractare,

577 590 631 638 et
656 593 838 651 utpote
856 599 974 637 cum
1004 591 1163 637 tantm
1187 582 1482 652 prudentia:
1507 583 1621 635 viro
1647 596 1906 652 peragere
1927 595 2146 634 summa

577 672 864 726 dilectione
894 673 1223 726 curabimus.
1273 672 1443 726 Antea
1495 682 1674 726 autem
1711 672 1858 726 nullo
1908 672 2067 728 modo
2096 681 2147 727 te

579 762 762 815 venire
787 771 1017 830 oportet,
1047 763 1173 830 quia
1225 761 1372 816 nullo
1401 761 1559 816 modo
1589 771 1660 827 te,
1700 762 1842 816 sicut
1888 762 2144 825 diximus,

576 851 833 918 recipere,
863 851 932 904 ﬁli
961 853 1290 912 eharissime,
1331 867 1634 919 possumus.
1663 853 1795 906 Data
1846 867 1920 906 sn
1952 851 2148 906 Kalen-

575 938 674 992 das
707 938 1046 1007 Novembris,
1089 942 1381 996 indictione
1411 956 1484 994 ιι.

1283 1037 1437 1093 XCII.

845 1131 913 1170 AD
949 1131 1196 1170 WIDONEI
1231 1129 1520 1170 EPISCOPUI
1560 1129 1866 1169 INIVENSEI.

1190 1207 1365 1276 (Anno
1388 1207 1534 1273 877.)

578 1296 803 1352 Causam
832 1296 1110 1350 Leontardi
1161 1298 1461 1365 cujusdam,
1507 1297 1598 1364 qui
1638 1295 1976 1349 homicidium
2029 1309 2148 1365 cum

648 1370 766 1420 aliis
795 1368 1138 1426 commiserat,
1171 1364 1484 1434 eidelegut;
1529 1367 1789 1428 hortatur,
1822 1374 1877 1416 ut
1899 1364 2145 1432 quoniam

646 1437 1006 1506 gravissimum
1063 1434 1142 1488 illi
1193 1447 1344 1506 antea
1397 1435 1746 1503 pmnitentiain
1787 1434 2147 1496 constituerat,

649 1504 804 1558 modo
834 1505 1069 1557 leviorem
1097 1504 1400 1557 constituat.

646 1596 864 1651 Wtoom
889 1595 1140 1664 episc0po
1169 1595 1424 1649 lnivensi.

644 1684 978 1739 Leontardus
1008 1684 1224 1752 quidam
1269 1692 1373 1736 tua:
1411 1683 1701 1736 diaeceseos
1731 1681 1910 1742 homo,
1941 1680 2146 1750 singul-

577 1773 721 1828 tibus
766 1781 819 1826 et
858 1772 1056 1841 gemitu
1106 1771 1264 1825 tritus
1301 1781 1541 1826 sanctam
1577 1772 1756 1824 sedem
1803 1770 2147 1840 apostolicam
2181 1757 2226 1815 Β

577 1871 634 1916 et
677 1871 915 1915 nostram
961 1860 1315 1914 humilitatem
1366 1859 1516 1924 adiit,
1564 1859 1804 1914 referens
1863 1875 1922 1913 se
1974 1861 2152 1929 primo

578 1952 792 2020 quidem
824 1949 1094 2004 homicidii
1144 1949 1397 2004 incidisse
1427 1961 1656 2014 reatum,
1704 1957 1760 2003 et
1790 1965 1819 2002 a
1859 1949 2148 2003 sanctitate

577 2049 668 2092 tua
696 2038 1067 2108 paenitentiam
1092 2037 1386 2107 accepisse,
1414 2052 1574 2105 quam
1597 2049 1650 2090 et
1671 2037 1969 2107 peregerit;
1999 2044 2055 2090 et
2084 2051 2146 2090 ea

578 2138 817 2198 peracta,
857 2128 1256 2182 miserationem
1279 2137 1336 2181 et
1355 2127 1847 2181 reconciliationem
1877 2126 2142 2181 ecclesia-

576 2221 770 2278 sticam
801 2217 1108 2285 tuojmlieio
1138 2219 1514 2287 promeruerit.
1559 2216 1690 2271 Post
1716 2232 1842 2270 vero
1871 2231 1990 2270 cum
2033 2215 2154 2269 aliis

580 2309 696 2365 suis
719 2307 1031 2362 concivihus
1052 2307 1310 2376 quosdam
1337 2307 1614 2376 praedones
1643 2304 1848 2373 publica
1875 2303 2154 2357 sanctione

572 2395 756 2465 jussus
777 2397 847 2450 sit
873 2396 1101 2465 insequi,
1127 2404 1185 2448 ut
1209 2395 1252 2448 si
1275 2409 1369 2449 eos
1418 2407 1610 2462 capere
1638 2395 1952 2461 potuissent,
1981 2390 2155 2445 modis

576 2487 825 2543 omnibus
849 2487 1158 2541 interimere
1181 2502 1285 2542 non
1307 2486 1668 2539 admitterent.
1685 2483 1884 2538 Contra
1905 2497 2040 2550 quos
2053 2482 2156 2538 iste

577 2592 700 2633 cum
721 2575 840 2630 aliis
858 2576 1229 2645 proﬁciscens,
1251 2575 1444 2628 asserit
1466 2575 1606 2643 quod
1633 2589 1738 2626 uno
1756 2588 1820 2624 ex
1845 2571 1950 2625 illis
1974 2581 2154 2641 capto,

575 2667 764 2722 oculos
793 2667 1264 2735 comprehensores
1284 2664 1399 2733 ejus
1420 2665 1682 2726 eruerint,
1708 2679 1770 2717 ac
1795 2680 1890 2732 per
1913 2666 2014 2718 hoc
2041 2665 2155 2733 ipse

578 2756 762 2825 βιωόο
801 2754 1063 2810 nefandus
1107 2757 1269 2808 vitam
1322 2754 1537 2807 ﬁnierit.
1591 2753 1703 2807 Hoc
1755 2753 1936 2822 itaque
1988 2751 2150 2816 facto,

578 2843 1208 2916 przefatusleontardns
1252 2843 1624 2912 pteuitentiam
1673 2851 2041 2911 suscepturus,
2085 2841 2154 2895 ad

580 2945 727 2991 tuam
790 2935 1130 3005 praesentiam
1199 2935 1440 2995 veniens,
1491 2931 1854 3000 hujuscemodi
1910 2930 2045 2984 dixit
2096 2945 2154 2985 se

579 3028 744 3084 fuisse
797 3039 886 3082 tuo
957 3025 1161 3093 judicio
1228 3024 1570 3094 judicatum:
1607 3035 1847 3079 sanctam
1904 3025 2154 3078 videlicet

1841 281 2126 342 JOANNIS
2161 281 2365 340 ΡΑΡΕ
2403 282 2513 340 VIII
2553 318 2558 322 —

576 409 742 456 tatem
780 408 930 455 tuam
958 399 1297 469 recipiemus.
1341 407 1397 453 et
1439 413 1502 454 ea
1542 412 1664 468 quze
1710 397 1778 452 ad
1809 411 2149 452 communem
2177 398 2229 464 Α

3727 287 3830 356 πμ

2959 394 3136 453 XCIII.

2614 489 2682 530 ΔΙ)
2721 491 3140 532 ωιιοιιοιιικκυιι
3182 491 3356 533 ιιεῦιιι
3393 489 3442 531 ⁸.

2851 555 3028 619 (Annio
3071 557 3221 622 877.)

2248 629 2397 684 Dolet
2441 631 2504 682 de
2543 629 2721 706 (ἔαριιί
2760 631 3090 706 nuper-uteris
3119 635 3265 706 obitu
3292 680 3315 706 ,ν
3339 635 3584 688 hortatur
3608 646 3662 688 ut
3711 654 3826 706 pro-

2318 717 2478 752 missa
2499 716 2592 767 pro
2624 699 2874 772 Romana:
2901 701 3150 772 Ecclesia
3175 705 3429 771 dignitate
3465 707 3680 772 impleat
3711 699 3733 756 ἓ
3759 708 3826 759 le—

2319 780 2467 838 gatos
2489 785 2543 821 se
2567 770 2849 841 missurum
2865 771 3144 836 pollicetur
3175 787 3192 822 :
3235 770 3349 839 ejus
3371 770 3613 841 precibus
3639 773 3827 827 Theot-

2319 854 2464 910 muro
2486 838 2871 910 archiepiscopo
2891 841 3107 910 pallium
3129 838 3318 910 mittit;
3343 838 3495 910 quem
3524 846 3824 910 apostolicae

2320 908 2457 959 sedis
2489 907 2702 978 reditus,
2733 924 2861 969 quos
2903 917 3038 976 apud
3064 907 3372 978 Bujouriaui
3399 907 3578 975 habet,
3605 911 3820 965 Romam

2320 975 2593 1027 annuatim
2615 975 2963 1030 transmittere
2977 975 3149 1045 jubet;

2318 1063 2743 1121 CABOLOIANNO.

2319 1154 2576 1223 Apicibus
2622 1155 2818 1224 igitur,
2862 1156 3095 1226 gloriose
3144 1157 3242 1223 ﬁli,
3272 1168 3468 1214 vestra:-
3516 1161 3824 1217 dilectionis

2249 1246 2514 1312 susceptis
2543 1260 2665 1299 cum
2711 1255 2861 1316 parte
2893 1249 3286 1316 gratulationis,
3317 1263 3496 1304 vestra
3543 1252 3825 1306 incolumi-

2251 1344 2360 1390 tate
2405 1338 2883 1408 prosperitatisque
2927 1354 3222 1406 successu;
3255 1341 3433 1395 Caroli
3483 1343 3824 1410 imperatoris

2249 1436 2422 1482 morte
2473 1429 2692 1492 audita,
2737 1430 2903 1485 nimio
2955 1431 3190 1486 tristitiae
3239 1430 3415 1487 fateor
3476 1447 3718 1488 maerore
3762 1447 3825 1488 ex

2250 1515 2416 1569 latere
2438 1531 2622 1570 sumus
2647 1517 2814 1570 attriti
2847 1518 2938 1572 sed
2966 1519 3147 1573 subito
3177 1523 3374 1574 undam
3403 1521 3599 1574 mentis
3627 1531 3822 1574 nostra:

2250 1606 2575 1674 cogitatione
2601 1607 2668 1661 ad
2695 1608 2935 1661 divinum
2959 1607 3223 1676 judicium
3256 1611 3603 1680 aliquatenus
3631 1611 3823 1666 sustol-

2251 1697 2444 1761 lentes,
2471 1698 2524 1752 in
2560 1698 2687 1752 illud
2716 1700 2957 1769 Apostoli
3004 1699 3362 1769 obstupefacti
3408 1703 3658 1770 cogimur
3699 1717 3822 1757 voce

2251 1803 2569 1858 erumpere,
2607 1791 2848 1844 dicentes
2886 1807 2901 1843 :
2944 1788 2988 1844 0
3018 1791 3339 1860 profundum
3381 1791 3687 1844 divitiarum
3734 1808 3820 1846 sa-

2250 1879 2458 1947 pientiw
2482 1887 2530 1932 et
2550 1878 2780 1932 scientia:
2807 1877 2943 1931 Dei!
2969 1895 3125 1949 quam
3148 1879 3511 1932 mscrutabilia
3534 1889 3662 1932 sunt
3677 1880 3820 1947 judi-

2249 1968 2333 2020 cia
2363 1967 2497 2036 ejus,
2524 1978 2570 2020 et
2593 1967 2970 2036 tnvestigabiles
2992 1969 3089 2022 vita
3127 1969 3281 2038 ejus!
3309 1968 3438 2035 Quis
3461 1970 3599 2022 enim
3630 1986 3814 2039 cogno—

2250 2062 2317 2116 vit
2341 2078 2550 2115 sensum
2589 2053 2845 2114 Domini?
2884 2071 2974 2115 aut
2995 2063 3111 2131 quis
3150 2062 3484 2116 consiliarius
3511 2063 3634 2130 ejus
3682 2062 3820 2129 fuit!

2253 2149 2422 2220 (Rom.
2472 2149 2574 2218 ιι.)
2601 2149 2754 2216 Quod
2803 2151 3006 2205 idcirco
3056 2151 3285 2205 dicimus
3327 2161 3595 2220 quatenus
3643 2151 3815 2206 sedula

2251 2241 2430 2296 cordis
2461 2243 2739 2296 meditatio
2775 2242 3020 2296 humanae
3067 2241 3379 2311 fragilitatis
3421 2243 3476 2296 in
3521 2243 3631 2296 hoc
3687 2242 3812 2296 mari

2253 2344 2445 2399 magno
2470 2345 2687 2383 cursum
2732 2331 2852 2383 vitae
2879 2331 3143 2384 instabilis
3187 2330 3383 2384 intueri
3430 2348 3534 2384 non
3583 2331 3808 2390 desinat,

2253 2429 2416 2486 atque
2462 2420 2528 2472 ad
2574 2435 2637 2473 ea
2673 2421 2866 2490 gaudia
2915 2435 3034 2490 qua:
3082 2430 3208 2474 sunt
3257 2419 3361 2473 ﬁxa
3405 2430 3460 2473 et
3506 2418 3812 2482 immobilia,

2255 2518 2441 2564 nostra
2471 2511 2636 2575 actio,
2667 2512 2840 2580 gratia
2874 2510 3076 2566 Christi
3107 2513 3260 2574 duce,
3293 2511 3543 2565 anhelare
3570 2520 3813 2566 contenta

2254 2598 2410 2653 bonis
2456 2602 2711 2669 operibus
2763 2617 3038 2669 nunquam
3087 2602 3328 2655 desistat.
3368 2603 3438 2655 De
3480 2615 3647 2656 causa
3696 2615 3815 2658 ne

2254 2689 2418 2742 vestri
2444 2691 2510 2742 ad
2545 2705 2642 2743 nos
2666 2691 2948 2751 adventus,
2975 2701 3261 2759 vestraque
3283 2691 3672 2745 sublimissima
3703 2705 3816 2761 pro-

2255 2776 2531 2840 missione,
2562 2776 2818 2831 Romanae
2860 2778 3109 2833 Ecclesia
3156 2795 3316 2849 supra
3345 2796 3530 2834 omnes
3562 2783 3658 2849 qui
3707 2782 3811 2835 fue-

2257 2874 2384 2918 runt
2413 2875 2540 2919 ante
2585 2881 2701 2930 vos,
2728 2867 2964 2932 ejusdem
2997 2869 3342 2930 exultatione,
3369 2884 3488 2922 cum
3524 2869 3629 2924 hoc
3660 2886 3811 2939 opere

2254 2952 2682 3022 cornpleueritis,
2711 2954 2884 3008 aderit
2913 2954 3002 3008 ille
3047 2956 3210 3009 vestri
3258 2957 3570 3019 retributor,
3605 2959 3697 3028 qui
3729 2973 3817 3027 per

2256 3041 2679 3095 controversiam
2730 3042 3025 3108 juramenti
3075 3043 3406 3100 conﬁrmans
3447 3047 3694 3101 modulos
3721 3049 3809 3100 bu-

577 3119 1008 3173 coutmuuiouem
1061 3116 1164 3170 nisi
1195 3117 1262 3169 ad
1308 3115 1511 3171 exitum
1553 3115 1677 3168 vita:
1733 3131 1836 3168 non
1865 3125 2150 3184 perceptu-

2257 3145 2426 3184 mante
2451 3130 2754 3192 locutionis.
2781 3133 2857 3186 ait
2887 3149 2901 3185 :
2942 3131 3066 3187 Vivo
3096 3151 3212 3204 ego,
3236 3135 3361 3190 dicit
3397 3137 3672 3202 Dominus,
3692 3140 3808 3208 quia

576 3219 730 3267 rum;
763 3219 954 3258 carnes
975 3214 1030 3257 et
1051 3205 1254 3268 vinum,
1285 3205 1524 3272 exceptis
1548 3204 1734 3257 diebus
1784 3203 2072 3257 Dominicis
2099 3212 2154 3258 et

577 3303 887 3348 sanctorum
907 3294 1304 3352 festivitatibus.
1323 3307 1425 3346 non
1445 3303 1802 3362 sumpturum;
1823 3309 2030 3346 comam
2047 3309 2149 3346 non

577 3397 855 3449 rasurum,
901 3398 1120 3437 uxorem
1167 3398 1271 3436 non
1294 3392 1660 3451 accepturum;
1705 3399 1824 3436 eum
1844 3381 2152 3436 hominibus

578 3488 685 3528 non
708 3482 1149 3527 conversaturum
1173 3490 1187 3533 ;
1213 3473 1264 3525 in
1296 3472 1476 3526 cinere
1501 3481 1558 3526 et
1582 3473 1757 3526 cilicio
1779 3473 2104 3541 gemiturum
2131 3488 2147 3536 ;

577 3563 748 3618 servis
794 3563 1056 3631 rebusque
1086 3563 1198 3616 suis
1231 3577 1337 3616 non
1389 3562 1826 3626 dominaturum;
1883 3565 2148 3616 seniorem

575 3653 896 3708 beneﬁcium
947 3667 1050 3706 non
1099 3651 1437 3716 habiturum,
1488 3662 1541 3704 et
1587 3651 1706 3705 aliis
1748 3653 1832 3706 his
1887 3650 2150 3705 similibus

577 3745 716 3798 forte
745 3744 984 3797 fruendis
1017 3759 1119 3795 non
1145 3742 1453 3796 fruiturum.
1480 3742 1609 3808 Quae
1646 3742 1824 3795 omnia
1852 3743 2146 3805 audientes,

575 3846 632 3892 et
655 3838 843 3892 intimo
872 3838 1034 3891 corde
1057 3847 1365 3906 pensantes,
1383 3838 1684 3891 invenimus
1714 3837 1914 3906 aliquid
1937 3838 2150 3906 gravius

575 3937 630 3983 te
672 3944 830 3998 quam
867 3928 1122 3996 expediit,
1167 3930 1213 3983 si
1265 3930 1338 3983 ita
1384 3938 1488 3992 est,
1539 3928 1828 3996 iudicasse.
1881 3928 2048 3995 Hujus
2072 3930 2146 3982 rei

576 4018 749 4083 gratia
784 4030 944 4069 omne
994 4015 1152 4082 hujus
1175 4016 1434 4082 judicium
1486 4016 1579 4068 tibi
1624 4017 1962 4078 dimittimus,
1991 4026 2046 4070 et
2092 4025 2150 4069 ut

577 4117 757 4158 nostra
782 4119 942 4170 super
967 4105 1067 4156 hoc
1091 4107 1205 4157 vice
1226 4103 1292 4157 ad
1318 4105 1581 4157 mitiorem
1611 4105 1661 4157 in
1687 4121 1749 4157 eo
1775 4104 2149 4174 proferandam

575 4194 898 4248 sententiam
928 4190 1248 4261 perfruaris,
1275 4193 1447 4246 modis
1481 4193 1731 4246 omnibus
1755 4195 2106 4248 exhortamur
2133 4210 2147 4249 :

576 4293 840 4354 quatenus
868 4298 964 4351 pro
987 4297 1170 4336 amore
1193 4283 1558 4352 apostolorum
1594 4293 1647 4337 et
1678 4295 1880 4348 nostro,
1909 4295 1964 4338 et
2012 4286 2153 4338 labo-

577 4390 688 4428 rem
736 4372 965 4436 itineris,
1013 4382 1070 4426 et
1125 4372 1521 4444 lacrymabilem
1564 4375 1803 4444 praedicti
1839 4376 2026 4430 latoris
2063 4377 2147 4430 in-

577 4467 895 4527 tentionem,
945 4463 1030 4518 vel
1081 4465 1410 4533 paenitentiae
1467 4467 1879 4521 amaritudinem
1929 4469 2148 4521 omnino

575 4555 944 4615 considerans,
968 4553 1153 4608 mitius
1182 4569 1303 4610 cum
1327 4571 1392 4610 eo
1440 4570 1599 4624 agere
1626 4572 1728 4610 non
1757 4557 2049 4620 detrectes,
2096 4567 2150 4612 et

573 4658 639 4696 eo
659 4645 798 4712 quod
831 4646 894 4697 ad
923 4655 1137 4698 sanctos
1169 4646 1440 4715 apostolos
1466 4645 1592 4700 fecit
1617 4647 1926 4713 confugium
1985 4649 2035 4700 iu
2065 4649 2148 4702 his

573 4749 696 4803 qua:
723 4735 1056 4801 oportuerit,
1088 4749 1154 4788 ne
1175 4734 1340 4801 forte,
1363 4737 1418 4790 in
1450 4738 1880 4806 desperationem
1915 4737 2144 4800 labatur,

574 4823 816 4878 misereri
853 4823 995 4876 illius
1048 4839 1323 4894 nunquam
1370 4827 1622 4890 omittas;
1690 4829 1814 4894 quia
1869 4828 2144 4892 Dominus,

572 4913 710 4968 sicut
737 4927 832 4980 per
877 4915 1191 4979 prophetam
1230 4914 1483 4982 loquitur,
1540 4917 1962 4971 misericordiam
2013 4918 2144 4983 vult,

572 5011 628 5057 et
683 5017 787 5056 non
839 5001 1164 5055 sacrificium
1217 5000 1364 5068 (Ose.
1417 5005 1513 5070 vi).
1569 5004 1799 5074 Ideoque
1844 5021 2145 5072 monemus,

573 5107 823 5162 rogamus
875 5102 935 5144 ut
969 5091 1398 5145 misericordiam
1448 5094 1497 5146 ei
1530 5094 1826 5162 impendas,
1883 5105 2148 5164 quatenus

570 5184 637 5237 de
691 5183 1026 5252 impensione
1077 5182 1462 5237 misericordia:
1511 5186 1817 5250 audientes,
1870 5187 2145 5243 sanctitati

571 5283 678 5327 tua:
728 5273 1072 5328 multimodas
1093 5275 1295 5344 gratias
1323 5273 1640 5330 referamus.
1663 5276 1926 5347 Optamus
1951 5280 2150 5333 sancti-

569 5372 736 5417 tatem
767 5371 912 5416 tuam
957 5364 1008 5418 in
1038 5364 1255 5420 Christo
1298 5366 1435 5420 bene
1480 5365 1677 5422 valere.
1726 5370 1858 5424 Data
1907 5386 1968 5425 tu
2025 5369 2143 5424 Kal.

570 5449 908 5516 Novembris,
951 5453 1240 5509 indictione
1275 5469 1351 5508 x1.

640 5561 1103 5643 {Carolomannns
1117 5564 1214 5620 fuit
1230 5566 1483 5643 Ludovici
1499 5569 1804 5643 Germanus
1819 5574 1961 5643 regis
1984 5574 2145 5638 ﬁlius,

571 5644 635 5707 ac
657 5629 906 5687 Ludovici
923 5633 1000 5687 Pii
1023 5635 1364 5704 imperatoris
1383 5653 1570 5709 nepos,
1591 5641 1655 5696 ad
1674 5658 1833 5712 quem
1848 5629 2049 5714 aliquot
2067 5629 2147 5698 in;

2253 3222 2606 3290 gloriﬁcantes
2647 3239 2728 3275 me
2755 3223 3058 3291 gloriﬁcabo
3081 3224 3130 3293 il
3178 3225 3304 3296 Reg.
3332 3229 3414 3296 ιι).
3446 3228 3579 3281 Dum
3606 3244 3638 3281 a
3662 3229 3814 3282 collo-

2253 3311 2402 3380 quio,
2433 3321 2490 3365 ut
2519 3313 2720 3377 dicitis,
2753 3314 2980 3368 fratrum
3011 3327 3309 3372 vestrorum
3337 3317 3543 3372 fueritis
3591 3321 3811 3381 reversi,

2253 3401 2454 3469 legatos
2483 3416 2550 3455 ex
2571 3401 2739 3458 latere
2761 3415 2946 3460 nostro
2969 3407 3034 3459 ad
3058 3421 3151 3461 vos
3172 3408 3483 3463 solemuiter
3505 3412 3811 3480 dirigemus,

2253 3505 2485 3560 cumque
2510 3494 2700 3563 pagina
2740 3495 3113 3563 capitulariter
3139 3501 3443 3553 continente
3469 3516 3523 3555 ea
3550 3517 3676 3569 qua:
3718 3517 3815 3557 vos

2254 3583 2414 3636 matri
2440 3593 2630 3638 vestra:
2653 3586 2909 3640 Romana:
2936 3588 3194 3644 Ecclesia:
3220 3601 3488 3661 vestroque
3515 3595 3812 3661 protectori

2251 3672 2412 3725 beato
2438 3673 2598 3729 Petro
2611 3676 2851 3744 apostolo
2875 3680 3260 3747 perpetualiter
3278 3683 3480 3738 debetis
3499 3686 3809 3740 conoedere.

2253 3761 2456 3829 Quibus
2483 3768 2743 3834 peractis,
2779 3770 2992 3824 demum
3021 3787 3208 3827 rursus
3244 3776 3609 3832 ordinabiliter
3637 3789 3690 3832 et
3722 3780 3812 3835 ho-

2252 3852 2477 3918 noriﬁce
2535 3856 2828 3920 mittemus,
2859 3859 2950 3927 qui
2999 3874 3099 3914 vos
3128 3876 3251 3915 cum
3287 3872 3395 3917 tota
3443 3864 3710 3930 dementia,
3733 3877 3810 3921 ιιιε

2249 3951 2376 4008 pote
2401 3952 2606 3996 tantum
2642 3960 2819 4014 regem
2853 3948 2919 4000 ad
2953 3947 3137 4003 limina
3187 3953 3547 4020 apostolorum
3591 3955 3808 4012 ductare

2251 4033 2524 4096 studeant,
2557 4049 2769 4102 unaque
2803 4039 3188 4094 convenientes
3215 4043 3281 4094 de
3321 4052 3466 4096 statu
3511 4046 3805 4112 reipublicae

2253 4122 2522 4190 totiusque
2573 4122 2868 4180 Christiani
2923 4129 3102 4195 populi
3163 4129 3457 4187 salvatioue
3526 4135 3808 4189 salubriter

2253 4222 2524 4274 tractare,
2560 4214 2668 4269 Deo
2718 4218 3055 4287 opitulante,
3103 4235 3166 4274 ac
3215 4224 3465 4278 ordinare
3520 4226 3808 4280 valeamus.

2251 4303 2395 4356 Inter
2412 4319 2550 4372 quae,
2570 4321 2769 4372 qtncso,
2797 4307 2866 4360 lili
2889 4309 3457 4380 charissime.qunqne
3472 4311 3623 4383 (edit.
3647 4315 3806 4374 Rom.

2252 4392 2535 4465 quotqu0t]
2552 4395 2793 4449 infideles
2806 4408 3017 4452 nostros
3033 4409 3334 4469 ucstra'que
3352 4403 3473 4456 vita!
3490 4405 3812 4466 insidiantes,

2251 4486 2630 4550 quoquomodo
2655 4486 2736 4538 vel
2775 4489 3169 4555 Significatione
3202 4493 3446 4560 poteritis
3471 4509 3808 4562 cognoscere,

2254 4572 2453 4625 nullum
2485 4575 2625 4641 apud
2674 4592 2769 4630 vos
2801 4588 3114 4649 vestrosque
3144 4582 3330 4637 ﬁdeles
3373 4584 3580 4638 Valeant
3613 4587 3810 4655 aliqua-

2251 4669 2409 4715 tenus
2461 4663 2634 4717 locum
2695 4667 2776 4718 vel
2828 4669 3031 4722 aditum
3097 4671 3378 4736 invenire,
3430 4689 3495 4728 ne
3546 4675 3809 4728 immunda

2249 4763 2434 4802 eorum
2481 4756 2762 4820 praesentia
2819 4756 2996 4828 aliqua
3049 4762 3304 4816 consortii
3359 4762 3561 4817 macula
3617 4764 3809 4834 regium

2250 4838 2462 4893 culmen
2511 4845 2798 4914 contagiet.
2859 4846 3082 4900 Pallium
3139 4864 3301 4915 vero,
3336 4863 3509 4906 vestra
3557 4855 3812 4922 petitione

2254 4925 2494 4980 inclinati
2521 4969 2535 4991 ,
2575 4929 2900 4984 'I‘beotmaro
2949 4937 3356 5006 archiepiscopo
3405 4941 3808 4994 consuetudina-

2253 5016 2375 5068 liter
2429 5018 2765 5087 dirigentes,
2800 5032 3052 5090 optamus
3103 5036 3160 5078 ut
3206 5029 3307 5082 hoc
3351 5031 3542 5083 decore
3597 5031 3812 5083 interius

2256 5103 2452 5171 fulgeat
2483 5107 2534 5160 in
2570 5110 2741 5162 oculis
2769 5111 2963 5164 interni
3007 5114 3224 5180 judicis,
3259 5133 3366 5187 quo
3408 5120 3536 5172 nitet
3573 5121 3811 5172 exterius

2255 5193 2504 5250 humanis
2550 5199 2854 5262 obtutibus,
2887 5203 3119 5271 cuique,
3159 5221 3359 5275 quaeso,
3389 5209 3708 5262 committite
3752 5225 3808 5260 ea

2255 5301 2375 5354 qua:
2398 5289 2537 5355 apud
2562 5288 2873 5357 Begoariam
2905 5293 3091 5349 beatus
3121 5295 3312 5350 Petrus
3335 5300 3602 5366 apostolus
3634 5302 3807 5362 habet,

2253 5377 2327 5429 uti
2359 5379 2514 5431 nobis
2544 5381 2848 5434 anunaliter
2896 5384 3100 5438 reditus
3132 5387 3248 5449 ejus
3285 5387 3506 5441 Romam
3543 5389 3809 5442 transmit-

2251 5474 2347 5519 tat.
2382 5465 2520 5521 Data
2551 5485 2735 5524 mense
2766 5469 3078 5539 Novembri,
3113 5476 3404 5531 indictione
3436 5492 3520 5531 xv.

2355 5578 2663 5654 scribuntur
2683 5581 2957 5654 epistolae,
2971 5592 3026 5638 et
3048 5585 3241 5654 dequo
3263 5587 3441 5644 Adoin
3459 5589 3559 5643 ﬁne
3587 5586 3807 5643 Chroni-

2250 5645 2343 5700 lib.
2368 5662 2428 5716 tt,
2453 5647 2653 5704 Chron.
2671 5645 2881 5718 eorum,
2899 5645 3200 5721 Aimoinns,
3227 5655 3318 5711 lib.
3334 5674 3388 5723 v,
3413 5673 3458 5713 c.
3477 5657 3565 5720 28,
3585 5658 3802 5726 Regulo.
