4042 6302
191 314 318 372 745

913 426 1097 482 XCIV.

299 536 372 575 AD
417 534 784 576 ἰἮΕΟΤὶίΑιῖῐἉῐ
822 533 1277 575 ΔΚΟΠΙΕΡΞΒΟΟΡΠΜ
1315 533 1712 574 ΠΙΥΑΝΝΕΝΞΕΜ.

830 611 1010 680 (Anno
1049 610 1203 678 877.)

200 703 455 760 Pallium
491 704 537 757 ei
561 703 796 756 concedit
820 719 837 756 :
861 707 1077 756 mandat
1113 714 1164 755 ut
1191 703 1386 755 reditus
1410 719 1538 772 quos
1567 700 1808 754 Romana

280 775 528 828 Ecclesia
558 773 701 843 apud
739 773 1061 843 Bagoarmm
1084 774 1258 837 habet,
1287 773 1512 826 Romam
1538 773 1734 825 mittat.

282 865 630 920 Tusc-ramo
658 863 1073 933 archiepiscopo
1095 860 1414 916 Juvanensi.

278 955 496 1011 idcirco
552 963 699 1009 tuam
751 951 1156 1008 fraternitatem
1206 962 1354 1009 tanto
1415 952 1564 1022 pallii
1613 952 1808 1007 decore

199 1047 521 1103 studuimus
549 1046 835 1111 decorare,
874 1054 952 1111 ut,
979 1044 1198 1101 Christo
1223 1045 1545 1114 opitulante,
1574 1054 1630 1100 et
1679 1052 1808 1098 ante

201 1139 305 1193 Dei
335 1138 522 1194 oculos
546 1137 704 1193 bonis
734 1149 790 1193 et
807 1138 1015 1193 sanctis
1039 1137 1250 1193 actibus
1274 1137 1496 1208 polleas,
1521 1146 1579 1194 et
1597 1145 1802 1193 sancta

196 1229 470 1284 Romana
507 1229 785 1295 Ecclesia,
820 1245 851 1284 a
881 1245 988 1300 qua
1018 1239 1179 1300 potus
1206 1230 1458 1301 praclari
1501 1229 1682 1301 poculi
1714 1245 1808 1285 su-

173 1320 332 1386 .mis,
360 1321 589 1376 devotus
617 1335 834 1392 semper
865 1320 1040 1376 fidelis
1067 1322 1294 1388 existas,
1323 1321 1442 1390 ejus
1472 1322 1527 1376 in
1559 1321 1804 1376 futurum

195 1410 433 1467 effectus
461 1413 757 1484 particeps,
787 1411 943 1481 cujus
967 1413 1147 1468 locata
1193 1414 1582 1484 perpetualiter
1611 1415 1806 1470 funda-

199 1503 412 1558 mentis
441 1503 712 1567 consistit,
745 1513 802 1558 et
841 1503 985 1573 apud
1012 1502 1472 1559 Carolomannum
1503 1520 1686 1576 regem
1716 1505 1802 1560 di-

198 1594 410 1651 lectum
447 1597 618 1650 filium
648 1604 899 1651 nostrum
927 1597 1278 1665 quotidianus
1321 1597 1658 1652 interventor
1703 1613 1805 1668 pro

198 1689 451 1745 Romana
491 1689 734 1746 Ecclesia
787 1689 1068 1745 hortamur
1102 1691 1323 1745 existas.
1383 1691 1531 1746 Inter
1581 1693 1697 1746 hac
1737 1707 1840 1759 ea,

1414 305 1770 368 EPISTOLE
1816 309 1903 366 ET
1943 307 2288 367 DECRETA.

1835 430 1883 486 Α
1915 425 2073 480 domo
2124 426 2336 480 Domini
2384 434 2440 482 et
2493 427 2610 482 zelo
2643 427 2789 482 illius
2839 442 3100 486 accensus
3128 471 3142 496 ,
3189 443 3294 486 non
3329 431 3507 489 solum

3399 315 3504 373 746

1915 517 2051 586 regi,
2080 517 2174 570 sed
2199 517 2524 573 omnibusin
2549 534 2611 574 ea
2635 534 2891 589 perverse
2917 521 3119 590 aliquid
3140 537 3300 593 agere
3324 523 3508 578 volen-

1915 609 2087 670 tibus,
2122 612 2632 666 strenue'resistcre
2677 627 2781 667 non
2824 615 3214 682 pralermittas
3238 656 3251 678 ,
3286 615 3506 671 honori—

1912 698 2084 751 licans
2127 697 2488 753 ministerium
2541 711 2731 765 tuum,
2763 702 3005 770 quandiu
3073 703 3255 758 divina
3305 704 3507 760 sineris

1907 788 2189 842 voluntate
2215 806 2427 846 summo
2471 793 2779 848 sacerdotio
2803 793 2975 864 fungi,
3001 794 3372 866 populumque
3400 795 3506 851 Do-

1913 880 2045 934 mini
2075 882 2170 936 tibi
2213 884 2563 938 commissum
2596 895 2800 940 sanctae
2850 886 3115 942 doctrina
3161 887 3360 956 pabulo
3407 903 3504 957 pa-

1912 988 2086 1038 scere,
2119 976 2430 1032 sacerdotes
2475 977 2684 1032 scilicet
2708 986 2762 1031 et
2810 977 3215 1035 ecclesiasticos
3259 980 3414 1036 viros
3439 997 3507 1039 ac

1911 1065 2169 1130 feminas,
2198 1083 2438 1124 necnon
2489 1069 2682 1125 viduas
2727 1079 2783 1125 et
2833 1071 3306 1140 sanctimoniales,
3345 1074 3503 1144 juxta

1907 1157 2154 1213 ordinem
2182 1173 2337 1213 suum
2365 1175 2461 1229 pro
2484 1161 2692 1216 viribus
2720 1176 2909 1230 regere
2935 1164 3206 1235 tuerique,
3231 1175 3290 1221 ut
3315 1177 3510 1237 pastor

1910 1249 2137 1305 idoneus
2187 1266 2370 1306 coram
2427 1253 2658 1308 Domino
2701 1269 2969 1324 appareas
3016 1264 3270 1328 prompta
3320 1269 3505 1316 mente

1908 1358 2216 1412 procures:
2259 1345 2515 1412 quamam
2569 1359 2668 1399 nos
2701 1346 3008 1415 apostolicae
3058 1347 3206 1404 sedis
3255 1350 3505 1420 apicibus

1909 1435 2203 1490 admonere
2247 1435 2638 1505 cxhortarique
2667 1439 2976 1494 curavimus
2998 1454 3183 1510 regem
3231 1452 3500 1509 vestrum,

1907 1534 1968 1578 ut
1997 1524 2094 1579 tibi
2118 1539 2218 1594 pro
2247 1523 2374 1581 Jesu
2406 1525 2611 1582 Christi
2639 1527 2854 1584 Domini
2886 1531 3058 1596 nostri
3089 1547 3276 1587 amore
3299 1534 3352 1587 in
3380 1549 3504 1590 om-

1907 1613 2067 1668 nibus
2087 1629 2207 1683 qua
2230 1623 2432 1670 sancta
2453 1615 2712 1672 Ecclesia
2737 1618 2834 1673 tibi
2864 1621 3170 1676 commissa
3196 1623 3346 1678 utilia
3378 1634 3503 1680 sunt

1907 1705 2165 1760 obediens
2195 1713 2252 1761 et
2277 1705 2494 1775 adjutor
2518 1709 2767 1775 devotus,
2797 1710 2939 1766 sicut
2968 1722 3347 1771 antecessores
3368 1731 3500 1772 suos

196 1796 327 1852 (Ῑυίε
355 1783 546 1837 δθίιῑυδ
571 1779 768 1836 Petrus
797 1781 1074 1870 θροειοιυε
1099 1781 1240 1851 ἴφυα
1271 1780 1645 1851 Βθὶοίινίοτυηι
1701 1792 1804 1838 le!“
1832 1795 1880 1854 B
1907 1793 2182 1864 piissimos
2211 1810 2369 1867 reges
2408 1795 2730 1867 Anglorum,
2765 1808 3024 1856 narrante
3050 1802 3304 1870 historia,
3334 1802 3504 1860 fuisse

197 1885 323 1923 ram
356 1870 484 1941 jure
510 1868 862 1940 proprietatis
894 1872 1154 1942 possidet,
1188 1881 1292 1928 tua
1319 1873 1604 1928 industria
1635 1889 1798 1945 saga—

197 1961 469 2030 citatique
493 1964 908 2029 committimus,
941 1974 1212 2034 quatenus
1241 1966 1436 2021 amodo
1463 1974 1519 2021 et
1545 1966 1800 2036 deinceps

198 2067 418 2108 annuos
447 2068 638 2108 eorum
673 2054 880 2110 reditus
910 2053 1138 2110 Romam
1179 2056 1297 2112 sine
1325 2071 1480 2112 mora
1516 2058 1800 2114 transmit-

197 2154 306 2203 tas.
342 2147 479 2203 Data
502 2162 691 2204 mense
721 2146 1037 2214 Novembri,
1074 2149 1372 2207 indictione
1399 2166 1478 2206 χι.

918 2260 1082 2317 XCV.

371 2368 443 2410 AD
479 2369 766 2411 EDEREDUI
803 2369 1265 2412 ARCHIEPISCOPUK
1301 2369 1613 2414 ANGLORUI.

811 2448 995 2518 (Anno
1030 2447 1184 2520 8779

197 2535 416 2612 Laudat
462 2540 578 2612 ejus
596 2541 750 2612 pium
796 2556 921 2611 erga
958 2541 1133 2595 sedem
1164 2541 1510 2612 apostolicam
1539 2544 1794 2610 animant,

267 2610 416 2664 dolet
446 2611 510 2665 de
532 2611 766 2684 adversis
787 2628 806 2665 :
837 2610 1010 2665 monet
1034 2621 1091 2665 ut
1114 2610 1210 2682 pro
1239 2612 1478 2668 Ecclesia
1507 2614 1717 2684 fortiter
1742 2632 1800 2670 se

267 2692 457 2750 gerat;
476 2682 700 2736 ostendit
723 2698 912 2736 uxores
940 2698 1046 2736 non
1058 2699 1169 2736 esse
1187 2682 1526 2739 dimittendas
1542 2703 1562 2750 ;
1588 2687 1797 2739 nuntiat

269 2768 330 2805 se
359 2752 430 2805 ad
457 2769 627 2827 regem
655 2753 1223 2827 scripsisse,_ut_debito
1252 2770 1371 2827 eum
1398 2755 1594 2827 Itonore
1623 2772 1798 2825 prose-
1829 2817 1846 2827 ε

268 2833 498 2893 quatur;
528 2823 738 2878 demum
763 2822 883 2895 ejus
913 2822 1167 2879 Ecclesia:
1187 2823 1465 2895 privilegia
1491 2822 1791 2895 conﬁrmat.

272 2936 751 2994 Reverendissimo
805 2947 860 2994 et
919 2939 1264 2994 sanctissimo
1301 2937 1565 2994 confratri
1610 2947 1797 2997 nostro

198 3030 461 3086 Euganeo
484 3030 893 3101 archiepiscopo
926 3031 1104 3102 gentis
1127 3029 1450 3101 Anglorum.

274 3121 488 3179 Vestris
519 3122 735 3178 relectis
776 3122 1040 3194 apicibus,
1067 3129 1271 3192 quanta
1294 3136 1442 3176 vera
1491 3121 1798 3179 dilectionis
1824 3159 1870 3223 Ο

196 3225 254 3271 et
282 3215 620 3272 sinceritatis
667 3215 834 3281 tides,
866 3230 973 3285 qua
1019 3214 1298 3271 Christum
1331 3213 1502 3269 Deum
1549 3224 1794 3270 vestrum

197 3309 618 3378 proximumque
668 3307 927 3378 diligitis,
956 3305 1013 3361 in
1063 3306 1219 3362 vobis
1275 3306 1540 3369 consistat
1597 3313 1652 3361 et
1704 3307 1794 3376 pia

199 3400 489 3456 devotione
517 3400 664 3454 circa
691 3399 877 3456 sedem
903 3398 1258 3468 apostolicam
1289 3396 1521 3464 ferveat,
1559 3397 1798 3454 evidenti

199 3492 468 3548 duntaxat
497 3489 774 3547 intellectu
796 3490 1191 3562 perspicimus;
1218 3505 1342 3544 cum
1367 3504 1522 3545 more
1549 3498 1798 3546 anteces-

198 3600 389 3643 sorum
432 3593 762 3650 vestrorum,
791 3594 847 3639 et
877 3599 1070 3640 causas
1100 3590 1295 3639 vestra
1323 3582 1582 3639 Ecclesia
1610 3598 1797 3640 neces-

197 3678 377 3735 sarias
409 3685 597 3734 nostro
625 3676 958 3748 prasulatui,
985 3675 1140 3745 quasi
1173 3691 1272 3731 suo
1320 3675 1530 3731 doctori
1565 3675 1792 3742 referre,

196 3777 255 3826 et
279 3785 312 3824 a
341 3770 472 3826 sede
515 3768 807 3840 apostolica
836 3782 1001 3839 super
1028 3767 1352 3838 quibusdam
1377 3769 1659 3839 suis-quas
1701 3783 1797 3839 pa-

199 3863 338 3915 titur
380 3859 798 3916 adversitatibus
842 3857 1170 3924 consultum,
1203 3866 1260 3913 et
1288 3859 1631 3914 auctoritatis
1677 3873 1797 3912 mu—

198 3951 386 4008 nimen
416 3952 662 4022 accipere
691 3949 995 4020 quasistis;
1037 3950 1093 4005 in
1123 3966 1230 4021 qua
1281 3949 1420 4006 Deus
1449 3950 1795 4021 omnipotens

198 4043 376 4100 totius
416 4043 673 4100 Ecclesia
718 4043 899 4115 posuit
929 4043 1363 4099 fundamentum.
1413 4043 1480 4098 Et
1507 4043 1636 4114 quia
1660 4043 1795 4097 dura

198 4135 452 4207 quadam
481 4136 536 4190 in
565 4137 850 4206 prasentis
876 4134 1058 4191 saeculi
1095 4135 1226 4202 vita,
1255 4150 1376 4206 qua
1412 4149 1539 4190 vere
1566 4135 1796 4190 tentatio

197 4237 286 4288 est
317 4244 484 4299 super
513 4239 734 4295 terram,
761 4229 925 4301 positi
955 4229 1200 4300 quotidie
1226 4229 1527 4296 sustinetis,
1553 4243 1686 4284 non,
1706 4244 1795 4285 so-

197 4320 313 4376 lum
364 4318 556 4375 ﬂemus
583 4329 791 4386 nostra,
814 4334 937 4389 qua
971 4319 1224 4374 similiter
1250 4319 1512 4390 patimur,
1545 4319 1642 4376 sed
1670 4335 1797 4377 con-

200 4411 450 4467 dolemus
500 4419 556 4465 et
597 4411 788 4477 vobis,
821 4410 951 4466 talia
975 4451 991 4478 ,
1023 4412 1160 4479 proh
1205 4409 1388 4466 dolor!
1442 4411 1792 4480 patientibus,

197 4505 464 4574 quoniam
490 4503 638 4558 omni
658 4501 769 4571 iam
802 4503 1003 4559 mundo
1035 4503 1091 4558 in
1119 4502 1356 4573 maligno
1383 4503 1581 4574 posito,
1613 4504 1798 4561 multis
1825 4537 1879 4598 Β

198 4597 408 4666 ubique
432 4596 759 4652 adversariis
785 4597 1051 4652 adversus
1076 4593 1281 4650 Christi
1305 4594 1538 4650 famulos
1565 4595 1801 4650 existen-

201 4687 373 4750 tibus,
398 4697 605 4756 quanto
649 4685 907 4756 majores,
939 4695 994 4742 et
1039 4701 1204 4756 supra
1235 4686 1458 4742 modum
1496 4685 1804 4742 crebriores

203 4779 537 4836 teutationes
567 4780 810 4848 quotidie
854 4779 1231 4834 imminuerint
1278 4779 1425 4834 circa
1475 4792 1575 4834 nos
1603 4818 1619 4844 ,
1651 4787 1803 4834 tanto

199 4872 412 4928 Christi
436 4871 560 4927 freti
578 4873 768 4928 solatio
798 4873 1128 4928 valentiores
1147 4886 1269 4927 esse
1291 4872 1589 4935 debemus;
1616 4878 1803 4926 nostra

201 4979 366 5020 sacra
396 4975 652 5020 narrante
672 4965 813 5020 serie
845 4983 858 5019 :
890 4962 1086 5019 Beatus
1113 4965 1193 5018 vir
1213 4964 1303 5035 qui
1325 4964 1513 5033 suffert
1554 4964 1802 5018 tentatio-

203 5074 350 5122 nem,
376 5059 624 5127 quoniam
665 5074 782 5111 cum
811 5057 1058 5128 probatus
1090 5056 1269 5125 fuerit,
1300 5057 1517 5127 accipiet
1554 5071 1804 5110 coronam

199 5150 351 5214 vita,
390 5165 553 5219 quam
593 5150 833 5219 promisit
875 5149 1018 5203 Deus
1065 5147 1404 5219 diligentibus
1447 5164 1543 5214 se;
1596 5150 1804 5219 ipseque

200 5240 355 5297 Deus
383 5241 682 5296 benedictus
707 5243 762 5296 in
796 5240 1014 5306 sacula,
1037 5240 1128 5312 qui
1159 5255 1264 5294 non
1303 5240 1533 5310 patietur
1559 5255 1652 5294 nos
1695 5247 1805 5293 ten-

200 5335 317 5392 tari
346 5351 507 5404 supra
539 5334 593 5390 id
635 5334 774 5406 quod
810 5348 1092 5405 possumus
1139 5331 1284 5404 (Jac.
1316 5331 1380 5402 ι),
1414 5332 1629 5388 dicente
1657 5332 1804 5400 Apo-

203 5428 386 5486 stolo:
413 5427 504 5482 sed
531 5428 689 5498 faciet
716 5443 836 5481 cum
871 5425 1159 5480 tentatione
1184 5433 1513 5495 proventum,
1537 5433 1594 5477 ut
1642 5422 1807 5494 possi-

202 5537 329 5574 mus
360 5520 618 5574 sustinere
658 5517 707 5590 (Ι
765 5517 888 5572 Cor.
936 5516 1014 5590 χ).
1050 5515 1158 5571 Nos
1191 5526 1372 5570 tamen
1406 5531 1504 5584 pro
1555 5515 1808 5571 instantis

207 5613 476 5682 temporis
505 5612 832 5668 necessitate
883 5611 1169 5668 hortamur
1195 5623 1250 5667 et
1283 5627 1568 5668 monemus
1615 5611 1809 5665 fratcr-

206 5704 444 5762 nitatem
474 5715 714 5761 vestram
749 5713 828 5769 ut,
857 5705 1004 5759 omni
1030 5704 1212 5760 saculi
1247 5705 1440 5759 timore
1481 5703 1808 5774 postposito,

207 5799 360 5854 sicut
401 5797 628 5851 idoneus
667 5796 762 5851 Dei
808 5795 1056 5850 minister
1086 5810 1329 5868 opponas
1361 5804 1413 5851 te
1445 5809 1661 5852 murum
1713 5807 1812 5864 pro

461 5883 740 5954 ΡΑΤιιοιοζ
777 5890 1061 5955 CXXVI.

1901 1886 2212 1952 recolimus,
2247 1888 2484 1944 existere
2512 1905 2619 1945 non
2645 1892 3068 1960 praetermittat;
3100 1895 3145 1949 si
3173 1902 3230 1949 et
3271 1909 3501 1965 regnum

1901 1978 2002 2033 sibi
2037 1979 2413 2050 temporaliter
2440 1996 2760 2038 concessum
2789 1985 3025 2039 voluerit
3069 1986 3309 2042 retinere
3347 2001 3505 2043 secu-

1899 2083 2044 2135 rum,
2076 2078 2132 2126 et
2165 2070 2332 2125 vitam
2382 2073 2728 2141 postmodum
2772 2075 2924 2146 regni
2956 2076 3242 2147 percipere
3301 2079 3502 2149 sempi-

1900 2161 2062 2215 terni.
2108 2161 2205 2217 His
2237 2171 2420 2218 autcm
2449 2179 2588 2234 quos
2619 2164 2821 2220 asseris
2854 2150 3052 2222 uxore's
3081 2168 3331 2238 proprias
3372 2185 3503 2224 con-

1899 2263 1984 2310 tra
2005 2265 2335 2326 praeeptum
2358 2257 2573 2313 Domini
2598 2257 2928 2328 relinquere,
2951 2259 3302 2330 praecipimus
3322 2275 3502 2331 neque

1898 2348 2076 2403 virum
2102 2351 2167 2405 ab
2197 2364 2365 2407 uxore
2391 2364 2569 2420 neque
2588 2365 2815 2405 uxorem
2844 2366 2875 2405 a
2895 2351 3037 2417 viro,
3065 2352 3171 2408 nisi
3195 2367 3363 2409 causa
3386 2353 3502 2409 for-

1899 2441 2195 2499 nicationis
2227 2441 2511 2499 discedere
2560 2460 2576 2497 :
2623 2443 2769 2512 quod
2803 2441 2850 2498 si
2891 2443 2962 2498 ob
3011 2442 3114 2500 hoc
3161 2443 3498 2512 discesserit,

1900 2547 2127 2588 manere
2154 2533 2444 2604 innuptum
2489 2532 2577 2589 vel
2608 2533 2916 2603 innuptam,
2947 2544 3042 2589 aut
3066 2535 3169 2590 sibi
3191 2545 3380 2592 mutuo
3408 2552 3499 2592 re-

1900 2629 2228 2694 conciliari,
2267 2629 2528 2698 quoniam
2590 2628 2806 2684 dicente
2847 2627 3082 2686 Domino
3115 2646 3129 2683 :
3167 2631 3308 2702 quod
3357 2630 3502 2686 Deus

1901 2720 2197 2791 conjunxit,
2231 2720 2386 2774 homo
2428 2734 2533 2773 non
2581 2726 2786 2788 separet
2823 2716 3041 2790 (Matth.
3084 2719 3234 2790 nx);
3285 2727 3342 2774 et
3374 2721 3496 2776 ideo

1900 2824 2027 2866 cum
2047 2810 2284 2880 priorem
2309 2808 2552 2880 legitimo
2579 2807 2681 2863 sibi
2708 2807 3057 2863 matrimonio
3080 2809 3329 2880 junctam
3351 2811 3495 2880 quis-

1899 2917 2063 2972 quam
2095 2901 2347 2956 deserere
2393 2907 2632 2970 nequeat
2674 2899 2823 2970 uulla
2871 2900 3085 2956 ratione
3134 2899 3210 2955 illi
3257 2917 3487 2972 prorsus

1900 2993 2224 3048 conceditur
2249 2992 2434 3058 aliam,
2451 2993 2669 3047 vivente
2697 2993 3257 3062 priore,conducere;
3282 2995 3428 3065 quod
3453 2997 3499 3052 si

1901 3087 2112 3154 fecerit,
2145 3097 2201 3143 et
2229 3104 2335 3144 non
2364 3088 2654 3143 emendare
2679 3087 2778 3142 sub
2805 3086 3178 3145 satisfactione
3202 3089 3500 3157 studuerit,

1901 3183 1970 3237 ab
1996 3181 2252 3237 Ecclesia
2277 3180 2554 3235 consortio
2581 3187 2801 3233 maneat
2831 3189 3137 3250 separatus.
3179 3179 3290 3235 Sed
3318 3195 3497 3251 neque

1899 3274 1966 3328 de
1997 3272 2217 3342 propria
2246 3271 2572 3342 cognatione
2604 3270 2902 3324 secundum
2945 3271 3118 3325 sancti
3148 3273 3503 3340 praeessoris

1899 3365 2072 3420 nostri
2103 3363 2349 3435 Gregorii
2378 3361 2622 3418 doctoris
2648 3360 2827 3433 gentis
2855 3369 3054 3418 vestra
3079 3363 3356 3419 deeretale
3388 3373 3504 3421 sta-

1900 3468 2076 3517 tutum
2108 3459 2225 3532 (lib.
2256 3474 2392 3524 χχιι,
2424 3459 2575 3529 epist.
2627 3456 2719 3529 51)
2751 3457 3007 3528 cuiquam
3038 3458 3236 3514 dueere
3278 3458 3503 3530 permit-

1901 3562 2006 3609 tas.
2040 3551 2149 3607 Nos
2180 3566 2418 3621 namque
2455 3551 2599 3606 sedis
2625 3558 2731 3605 tua
2770 3549 3138 3622 privilegium,
3173 3564 3338 3620 quam
3383 3550 3504 3605 vice

1899 3643 2047 3700 beati
2103 3643 2393 3714 Augustini
2420 3658 2451 3697 a
2483 3651 2676 3697 sancto
2721 3639 2988 3710 Gregorio
3038 3655 3138 3712 pro
3201 3641 3500 3696 multorum

1899 3735 2076 3791 salute
2117 3741 2172 3789 et
2210 3733 2572 3789 conversione
2623 3731 2750 3787 illuc
2792 3732 2985 3788 directi
3030 3733 3195 3804 regis,
3228 3733 3496 3796 illibatum

1899 3827 1997 3882 tibi
2023 3825 2274 3881 volumus
2301 3825 2494 3895 procul
2524 3823 2688 3880 dubio
2722 3837 3075 3889 conservare,
3109 3831 3165 3879 et
3191 3832 3253 3878 ut
3289 3824 3358 3880 ab
3381 3839 3502 3881 om-

1899 3919 2062 3974 nibus
2088 3917 2389 3984 ordinibus,
2421 3926 2533 3973 tam
2581 3916 2971 3973 ecclesiasticis
3018 3933 3182 3987 quam
3222 3917 3501 3973 saculari-

1897 4013 2002 4069 bus
2024 4053 2040 4080 ,
2071 4012 2410 4069 custodiatur
2463 4013 2519 4068 in
2567 4018 2894 4082 perpetuum
2920 4051 2935 4078 ,
2964 4012 3264 4067 secundum
3323 4011 3498 4082 ipsius

1899 4107 2073 4164 sancti
2120 4106 2469 4177 praeessoris
2494 4107 2667 4162 nostri
2694 4104 2940 4176 Gregorii
2991 4104 3150 4176 [forte
3191 4105 3334 4159 deest
3384 4113 3497 4160 sta-

1899 4214 2096 4273 tutum,
2122 4215 2215 4261 aut
2240 4206 2365 4274 quid
2394 4203 2586 4277 simile]
2609 4204 2764 4276 cujus
2781 4203 3072 4272 sapientia
3100 4203 3284 4258 radius
3307 4202 3496 4258 Eccle-

1900 4297 2039 4354 siam
2069 4296 2273 4354 Christi
2313 4312 2412 4367 per
2441 4296 2632 4352 orbem
2665 4294 2916 4350 diffusam
2946 4294 3196 4361 irradiat,
3225 4292 3502 4350 sancimus

1901 4397 2064 4458 atque
2084 4387 2449 4458 pracipimus.
2492 4386 2562 4440 Et
2582 4385 2846 4456 quidquid
2872 4383 3086 4438 adversi
3118 4399 3148 4437 a
3171 4398 3500 4453 quocunque

1902 4477 2125 4535 homine
2168 4478 2234 4532 de
2263 4485 2420 4546 parte
2451 4484 2541 4530 tua
2568 4475 2726 4530 nobis
2754 4473 2922 4528 fuerit
2964 4472 3220 4537 relatum,
3251 4481 3379 4528 ante
3409 4487 3503 4528 ve-

1907 4583 2026 4624 ram
2057 4566 2427 4638 cognitionem
2471 4563 2786 4619 nullatenus
2815 4563 3089 4618 credimus
3114 4578 3128 4628 ;
3157 4561 3289 4631 quin
3318 4562 3503 4632 potius

1909 4661 2074 4716 etiam
2105 4674 2288 4730 regem
2315 4669 2556 4712 vestrum
2588 4654 2971 4711 admonuimus
2995 4695 3010 4721 ,
3042 4662 3103 4708 ut
3146 4653 3366 4727 dignum
3399 4657 3502 4713 ho-

1909 4766 2099 4806 norem
2129 4750 2225 4805 tibi
2276 4764 2378 4820 pro
2406 4763 2596 4804 amore
2624 4747 2751 4803 Jesu
2802 4745 3007 4802 Christi
3063 4746 3279 4802 Domini
3329 4751 3504 4808 nostri

1910 4841 2208 4914 impendat,
2237 4850 2294 4897 et
2319 4841 2501 4897 omnia
2529 4838 2798 4910 privilegii
2845 4838 2924 4893 tui
2942 4837 3068 4908 jura
3097 4847 3356 4910 perpetua
3383 4850 3502 4897 sta-
3573 4871 3579 4892 ρ

1908 4933 2120 4990 bilitate
2163 4943 2219 4988 et
2249 4947 2579 4989 conservare
2611 4947 2675 4987 ac
2703 4931 3028 4986 indiminuta
3057 4932 3332 4988 custodire
3375 4950 3503 5004 pro-
3568 4917 3584 4994 if

1912 5037 2088 5092 curet,
2115 5028 2159 5083 si
2187 5027 2416 5098 gratiam
2448 5035 2504 5082 et
2522 5025 2958 5083 benedictionem
2993 5023 3136 5079 sedis
3166 5025 3499 5097 apostolica,

1912 5121 2055 5176 sicut
2101 5128 2475 5176 antecessores
2503 5117 2622 5188 ejus
2660 5119 2800 5173 bene
2849 5112 3098 5171 faciendo
3144 5113 3346 5173 habere
3387 5134 3504 5175 me-

1911 5220 2178 5279 ruerunt,
2210 5212 2332 5300 pari
2376 5213 2537 5270 modo
2578 5211 2814 5288 voluerit
2841 5209 2948 5266 iste
2993 5207 3216 5263 habere.
3268 5209 3405 5267 Data
3444 5224 3502 5268 ut

1913 5321 2096 5374 supra.

2616 5442 2797 5498 XCVI.

2057 5574 2127 5611 AD
2167 5571 2510 5613 ATHANASIUH
2545 5571 2842 5614 EPISCOPUM
2881 5566 3317 5613 NEAPOLITANUI.

2529 5671 2708 5741 (Anno
2746 5670 2898 5741 877)

1921 5788 2261 5846 Commendat
2283 5785 2448 5842 zelum
2472 5786 2594 5855 ﬁdei
2620 5802 2774 5858 quem
2797 5786 3094 5842 ostenderat
3118 5784 3367 5839 adversus
3391 5781 3510 5837 Ser-

3033 5878 3110 5941 ‘2’:-
