  <div class='ocr_page' id='page_1' title='image "/cluster/home/n/w/nwhite01/storage/ocr_20150623/126/hvd.32044015471675/380.png"; bbox 0 0 4042 6302; ppageno 0'>
   <div class='ocr_carea' id='block_1_1' title="bbox 226 277 345 351">
    <p class='ocr_par' dir='ltr' id='par_1_1' title="bbox 226 277 345 351">
     <span class='ocr_line' id='line_1_1' title="bbox 226 277 345 351; baseline 0 -14"><span class='ocrx_word' id='word_1_1' title='bbox 226 277 345 351; x_wconf 75' lang='lat' dir='ltr'><strong>ua</strong></span> 
     </span>
    </p>
   </div>
   <div class='ocr_carea' id='block_1_2' title="bbox 1436 272 2306 337">
    <p class='ocr_par' dir='ltr' id='par_1_2' title="bbox 1436 272 2306 337">
     <span class='ocr_line' id='line_1_2' title="bbox 1436 272 2306 337; baseline -0.002 0"><span class='ocrx_word' id='word_1_2' title='bbox 1436 275 1799 337; x_wconf 62' lang='lat' dir='ltr'><strong>EPISTULA?)</strong></span> <span class='ocrx_word' id='word_1_3' title='bbox 1838 272 1926 329; x_wconf 81' lang='lat' dir='ltr'><strong>ET</strong></span> <span class='ocrx_word' id='word_1_4' title='bbox 1964 273 2306 335; x_wconf 78' lang='lat' dir='ltr'><strong>DECRETA.</strong></span> 
     </span>
    </p>
   </div>
   <div class='ocr_carea' id='block_1_3' title="bbox 3415 284 3531 359">
    <p class='ocr_par' dir='ltr' id='par_1_3' title="bbox 3415 284 3531 359">
     <span class='ocr_line' id='line_1_3' title="bbox 3415 284 3531 359; baseline 0.034 -18"><span class='ocrx_word' id='word_1_5' title='bbox 3415 284 3531 359; x_wconf 46' lang='lat'><strong>750,</strong></span> 
     </span>
    </p>
   </div>
   <div class='ocr_carea' id='block_1_4' title="bbox 229 360 3521 472">
    <p class='ocr_par' dir='ltr' id='par_1_4' title="bbox 229 360 3521 472">
     <span class='ocr_line' id='line_1_4' title="bbox 229 360 3521 472; baseline -0.001 -18"><span class='ocrx_word' id='word_1_6' title='bbox 229 382 390 454; x_wconf 77' lang='lat' dir='ltr'><strong>nium</strong></span> <span class='ocrx_word' id='word_1_7' title='bbox 433 401 614 452; x_wconf 87' lang='lat' dir='ltr'><strong>mater</strong></span> <span class='ocrx_word' id='word_1_8' title='bbox 654 392 926 463; x_wconf 82' lang='lat' dir='ltr'><strong>ﬁdelium,</strong></span> <span class='ocrx_word' id='word_1_9' title='bbox 967 394 1151 468; x_wconf 80' lang='lat' dir='ltr'><strong>quiete</strong></span> <span class='ocrx_word' id='word_1_10' title='bbox 1194 410 1257 452; x_wconf 88' lang='lat' dir='ltr'><strong>ac</strong></span> <span class='ocrx_word' id='word_1_11' title='bbox 1304 393 1571 452; x_wconf 88' lang='lat' dir='ltr'><strong>securiter</strong></span> <span class='ocrx_word' id='word_1_12' title='bbox 1607 380 1829 448; x_wconf 80' lang='lat' dir='ltr'><strong>manere</strong></span> <span class='ocrx_word' id='word_1_13' title='bbox 1858 372 1902 451; x_wconf 80' lang='grc' dir='ltr'><strong>Ᾰ</strong></span> <span class='ocrx_word' id='word_1_14' title='bbox 1934 360 2061 446; x_wconf 55' lang='lat' dir='ltr'><strong>latis</strong></span> <span class='ocrx_word' id='word_1_15' title='bbox 2109 402 2394 465; x_wconf 86' lang='lat' dir='ltr'><strong>astruunt,</strong></span> <span class='ocrx_word' id='word_1_16' title='bbox 2444 395 2573 469; x_wconf 82' lang='lat' dir='ltr'><strong>quia</strong></span> <span class='ocrx_word' id='word_1_17' title='bbox 2631 397 2917 472; x_wconf 85' lang='lat' dir='ltr'><strong>utriusque</strong></span> <span class='ocrx_word' id='word_1_18' title='bbox 2978 399 3234 469; x_wconf 83' lang='lat' dir='ltr'><strong>abbates,</strong></span> <span class='ocrx_word' id='word_1_19' title='bbox 3281 401 3521 463; x_wconf 64' lang='lat' dir='ltr'><strong>Joannes</strong></span> 
     </span>
    </p>
   </div>
   <div class='ocr_carea' id='block_1_5' title="bbox 229 483 1827 566">
    <p class='ocr_par' dir='ltr' id='par_1_5' title="bbox 229 483 1827 566">
     <span class='ocr_line' id='line_1_5' title="bbox 229 483 1827 566; baseline -0.004 -22"><span class='ocrx_word' id='word_1_20' title='bbox 229 487 395 566; x_wconf 78' lang='lat' dir='ltr'><strong>nobis</strong></span> <span class='ocrx_word' id='word_1_21' title='bbox 442 484 671 543; x_wconf 88' lang='lat' dir='ltr'><strong>minime</strong></span> <span class='ocrx_word' id='word_1_22' title='bbox 709 484 853 541; x_wconf 84' lang='lat' dir='ltr'><strong>licet.</strong></span> <span class='ocrx_word' id='word_1_23' title='bbox 903 484 1027 542; x_wconf 87' lang='lat' dir='ltr'><strong>Ideo</strong></span> <span class='ocrx_word' id='word_1_24' title='bbox 1066 485 1355 542; x_wconf 87' lang='lat' dir='ltr'><strong>Franciam</strong></span> <span class='ocrx_word' id='word_1_25' title='bbox 1383 499 1482 556; x_wconf 87' lang='lat' dir='ltr'><strong>per</strong></span> <span class='ocrx_word' id='word_1_26' title='bbox 1520 485 1625 541; x_wconf 91' lang='lat' dir='ltr'><strong>iter</strong></span> <span class='ocrx_word' id='word_1_27' title='bbox 1667 483 1827 538; x_wconf 83' lang='lat' dir='ltr'><strong>mari-</strong></span> 
     </span>
    </p>
   </div>
   <div class='ocr_carea' id='block_1_6' title="bbox 225 573 1827 651">
    <p class='ocr_par' dir='ltr' id='par_1_6' title="bbox 225 573 1827 651">
     <span class='ocr_line' id='line_1_6' title="bbox 225 573 1827 651; baseline -0.004 -15"><span class='ocrx_word' id='word_1_28' title='bbox 225 573 362 637; x_wconf 69' lang='lat' dir='ltr'><strong>num</strong></span> <span class='ocrx_word' id='word_1_29' title='bbox 397 577 691 651; x_wconf 82' lang='lat' dir='ltr'><strong>proficisci,</strong></span> <span class='ocrx_word' id='word_1_30' title='bbox 723 577 1129 649; x_wconf 80' lang='lat' dir='ltr'><strong>gloriosumque</strong></span> <span class='ocrx_word' id='word_1_31' title='bbox 1154 576 1611 633; x_wconf 86' lang='lat' dir='ltr'><strong>Carolomannum</strong></span> <span class='ocrx_word' id='word_1_32' title='bbox 1646 590 1827 646; x_wconf 81' lang='lat' dir='ltr'><strong>regem</strong></span> 
     </span>
    </p>
   </div>
   <div class='ocr_carea' id='block_1_7' title="bbox 227 665 1828 740">
    <p class='ocr_par' dir='ltr' id='par_1_7' title="bbox 227 665 1828 740">
     <span class='ocr_line' id='line_1_7' title="bbox 227 665 1828 740; baseline -0.005 -12"><span class='ocrx_word' id='word_1_33' title='bbox 227 668 426 738; x_wconf 55' lang='lat' dir='ltr'><strong>adire;</strong></span> <span class='ocrx_word' id='word_1_34' title='bbox 447 678 609 740; x_wconf 89' lang='lat' dir='ltr'><strong>atque</strong></span> <span class='ocrx_word' id='word_1_35' title='bbox 646 677 887 740; x_wconf 88' lang='lat' dir='ltr'><strong>optatam</strong></span> <span class='ocrx_word' id='word_1_36' title='bbox 920 667 1064 723; x_wconf 91' lang='lat' dir='ltr'><strong>illius</strong></span> <span class='ocrx_word' id='word_1_37' title='bbox 1097 667 1452 739; x_wconf 88' lang='lat' dir='ltr'><strong>contemplari</strong></span> <span class='ocrx_word' id='word_1_38' title='bbox 1480 665 1828 737; x_wconf 65' lang='lat' dir='ltr'><strong>praesentiam</strong></span> 
     </span>
    </p>
   </div>
   <div class='ocr_carea' id='block_1_8' title="bbox 228 758 1832 836">
    <p class='ocr_par' dir='ltr' id='par_1_8' title="bbox 228 758 1832 836">
     <span class='ocr_line' id='line_1_8' title="bbox 228 758 1832 836; baseline -0.006 -14"><span class='ocrx_word' id='word_1_39' title='bbox 228 764 522 836; x_wconf 85' lang='lat' dir='ltr'><strong>cupimus,</strong></span> <span class='ocrx_word' id='word_1_40' title='bbox 564 777 666 834; x_wconf 92' lang='lat' dir='ltr'><strong>pro</strong></span> <span class='ocrx_word' id='word_1_41' title='bbox 714 761 889 817; x_wconf 87' lang='lat' dir='ltr'><strong>salute</strong></span> <span class='ocrx_word' id='word_1_42' title='bbox 942 759 1150 815; x_wconf 86' lang='lat' dir='ltr'><strong>scilicet</strong></span> <span class='ocrx_word' id='word_1_43' title='bbox 1201 774 1263 815; x_wconf 89' lang='lat' dir='ltr'><strong>ac</strong></span> <span class='ocrx_word' id='word_1_44' title='bbox 1315 758 1629 815; x_wconf 76' lang='lat' dir='ltr'><strong>defensione</strong></span> <span class='ocrx_word' id='word_1_45' title='bbox 1672 764 1832 814; x_wconf 81' lang='lat' dir='ltr'><strong>teme</strong></span> 
     </span>
    </p>
   </div>
   <div class='ocr_carea' id='block_1_9' title="bbox 227 848 1831 921">
    <p class='ocr_par' dir='ltr' id='par_1_9' title="bbox 227 848 1831 921">
     <span class='ocr_line' id='line_1_9' title="bbox 227 848 1831 921; baseline -0.004 -9"><span class='ocrx_word' id='word_1_46' title='bbox 227 857 411 913; x_wconf 87' lang='lat' dir='ltr'><strong>sancti</strong></span> <span class='ocrx_word' id='word_1_47' title='bbox 467 855 650 921; x_wconf 81' lang='lat' dir='ltr'><strong>Petri,</strong></span> <span class='ocrx_word' id='word_1_48' title='bbox 701 861 759 908; x_wconf 91' lang='lat' dir='ltr'><strong>ct</strong></span> <span class='ocrx_word' id='word_1_49' title='bbox 822 852 992 907; x_wconf 89' lang='lat' dir='ltr'><strong>totius</strong></span> <span class='ocrx_word' id='word_1_50' title='bbox 1038 850 1465 907; x_wconf 82' lang='lat' dir='ltr'><strong>Christianitatis</strong></span> <span class='ocrx_word' id='word_1_51' title='bbox 1513 848 1831 921; x_wconf 78' lang='lat' dir='ltr'><strong>suppliciter</strong></span> 
     </span>
    </p>
   </div>
   <div class='ocr_carea' id='block_1_10' title="bbox 228 941 1831 1019">
    <p class='ocr_par' dir='ltr' id='par_1_10' title="bbox 228 941 1831 1019">
     <span class='ocr_line' id='line_1_10' title="bbox 228 941 1831 1019; baseline -0.005 -15"><span class='ocrx_word' id='word_1_52' title='bbox 228 949 597 1019; x_wconf 80' lang='lat' dir='ltr'><strong>deprecantes</strong></span> <span class='ocrx_word' id='word_1_53' title='bbox 625 960 639 999; x_wconf 90' lang='lat'><strong>:</strong></span> <span class='ocrx_word' id='word_1_54' title='bbox 669 954 940 1015; x_wconf 82' lang='lat' dir='ltr'><strong>quatenus</strong></span> <span class='ocrx_word' id='word_1_55' title='bbox 976 942 1071 998; x_wconf 81' lang='lat' dir='ltr'><strong>Dei</strong></span> <span class='ocrx_word' id='word_1_56' title='bbox 1119 942 1506 1012; x_wconf 85' lang='lat' dir='ltr'><strong>omnipotentis</strong></span> <span class='ocrx_word' id='word_1_57' title='bbox 1531 941 1744 1005; x_wconf 84' lang='lat' dir='ltr'><strong>solatio,</strong></span> <span class='ocrx_word' id='word_1_58' title='bbox 1774 948 1831 996; x_wconf 88' lang='lat' dir='ltr'><strong>et</strong></span> 
     </span>
    </p>
   </div>
   <div class='ocr_carea' id='block_1_11' title="bbox 230 1034 1829 1114">
    <p class='ocr_par' dir='ltr' id='par_1_11' title="bbox 230 1034 1829 1114">
     <span class='ocr_line' id='line_1_11' title="bbox 230 1034 1829 1114; baseline -0.004 -16"><span class='ocrx_word' id='word_1_59' title='bbox 230 1043 387 1114; x_wconf 80' lang='lat' dir='ltr'><strong>regia</strong></span> <span class='ocrx_word' id='word_1_60' title='bbox 423 1041 626 1096; x_wconf 85' lang='lat' dir='ltr'><strong>virtute</strong></span> <span class='ocrx_word' id='word_1_61' title='bbox 671 1039 863 1105; x_wconf 87' lang='lat' dir='ltr'><strong>nobis,</strong></span> <span class='ocrx_word' id='word_1_62' title='bbox 907 1046 1070 1110; x_wconf 88' lang='lat' dir='ltr'><strong>prout</strong></span> <span class='ocrx_word' id='word_1_63' title='bbox 1114 1044 1479 1108; x_wconf 88' lang='lat' dir='ltr'><strong>opportunum</strong></span> <span class='ocrx_word' id='word_1_64' title='bbox 1521 1043 1636 1101; x_wconf 90' lang='lat' dir='ltr'><strong>est,</strong></span> <span class='ocrx_word' id='word_1_65' title='bbox 1669 1034 1829 1092; x_wconf 87' lang='lat' dir='ltr'><strong>solati</strong></span> 
     </span>
    </p>
   </div>
   <div class='ocr_carea' id='block_1_12' title="bbox 227 1131 1833 1206">
    <p class='ocr_par' dir='ltr' id='par_1_12' title="bbox 227 1131 1833 1206">
     <span class='ocr_line' id='line_1_12' title="bbox 227 1131 1833 1206; baseline -0.004 -15"><span class='ocrx_word' id='word_1_66' title='bbox 227 1144 363 1191; x_wconf 81' lang='lat' dir='ltr'><strong>ante</strong></span> <span class='ocrx_word' id='word_1_67' title='bbox 403 1135 675 1206; x_wconf 86' lang='lat' dir='ltr'><strong>possimus</strong></span> <span class='ocrx_word' id='word_1_68' title='bbox 709 1131 917 1188; x_wconf 83' lang='lat' dir='ltr'><strong>salubri</strong></span> <span class='ocrx_word' id='word_1_69' title='bbox 963 1144 1332 1202; x_wconf 87' lang='lat' dir='ltr'><strong>prosperoque</strong></span> <span class='ocrx_word' id='word_1_70' title='bbox 1356 1142 1610 1185; x_wconf 86' lang='lat' dir='ltr'><strong>successu</strong></span> <span class='ocrx_word' id='word_1_71' title='bbox 1641 1141 1833 1199; x_wconf 78' lang='lat' dir='ltr'><strong>regere</strong></span> 
     </span>
    </p>
   </div>
   <div class='ocr_carea' id='block_1_13' title="bbox 230 1226 1830 1301">
    <p class='ocr_par' dir='ltr' id='par_1_13' title="bbox 230 1226 1830 1301">
     <span class='ocr_line' id='line_1_13' title="bbox 230 1226 1830 1301; baseline -0.001 -16"><span class='ocrx_word' id='word_1_72' title='bbox 230 1236 405 1301; x_wconf 82' lang='lat' dir='ltr'><strong>atque</strong></span> <span class='ocrx_word' id='word_1_73' title='bbox 428 1230 566 1286; x_wconf 90' lang='lat' dir='ltr'><strong>tueri</strong></span> <span class='ocrx_word' id='word_1_74' title='bbox 597 1228 958 1294; x_wconf 84' lang='lat' dir='ltr'><strong>territorium,</strong></span> <span class='ocrx_word' id='word_1_75' title='bbox 983 1236 1037 1283; x_wconf 92' lang='lat' dir='ltr'><strong>et</strong></span> <span class='ocrx_word' id='word_1_76' title='bbox 1057 1227 1313 1300; x_wconf 89' lang='lat' dir='ltr'><strong>populum</strong></span> <span class='ocrx_word' id='word_1_77' title='bbox 1345 1226 1558 1282; x_wconf 86' lang='lat' dir='ltr'><strong>Domini</strong></span> <span class='ocrx_word' id='word_1_78' title='bbox 1590 1227 1830 1296; x_wconf 91' lang='lat' dir='ltr'><strong>pretioso</strong></span> 
     </span>
    </p>
   </div>
   <div class='ocr_carea' id='block_1_14' title="bbox 226 1320 1829 1392">
    <p class='ocr_par' dir='ltr' id='par_1_14' title="bbox 226 1320 1829 1392">
     <span class='ocr_line' id='line_1_14' title="bbox 226 1320 1829 1392; baseline -0.004 -12"><span class='ocrx_word' id='word_1_79' title='bbox 226 1338 433 1380; x_wconf 86' lang='lat' dir='ltr'><strong>cruore</strong></span> <span class='ocrx_word' id='word_1_80' title='bbox 453 1323 811 1392; x_wconf 90' lang='lat' dir='ltr'><strong>redemptum,</strong></span> <span class='ocrx_word' id='word_1_81' title='bbox 840 1335 907 1375; x_wconf 90' lang='lat' dir='ltr'><strong>ne</strong></span> <span class='ocrx_word' id='word_1_82' title='bbox 934 1336 1033 1392; x_wconf 89' lang='lat' dir='ltr'><strong>pro</strong></span> <span class='ocrx_word' id='word_1_83' title='bbox 1055 1320 1237 1391; x_wconf 90' lang='lat' dir='ltr'><strong>aliquo</strong></span> <span class='ocrx_word' id='word_1_84' title='bbox 1256 1335 1445 1376; x_wconf 89' lang='lat' dir='ltr'><strong>eorum</strong></span> <span class='ocrx_word' id='word_1_85' title='bbox 1466 1333 1564 1390; x_wconf 92' lang='lat' dir='ltr'><strong>per</strong></span> <span class='ocrx_word' id='word_1_86' title='bbox 1585 1328 1829 1376; x_wconf 85' lang='lat' dir='ltr'><strong>nostram</strong></span> 
     </span>
    </p>
   </div>
   <div class='ocr_carea' id='block_1_15' title="bbox 228 1412 1831 1485">
    <p class='ocr_par' dir='ltr' id='par_1_15' title="bbox 228 1412 1831 1485">
     <span class='ocr_line' id='line_1_15' title="bbox 228 1412 1831 1485; baseline -0.004 -11"><span class='ocrx_word' id='word_1_87' title='bbox 228 1418 503 1474; x_wconf 78' lang='lat' dir='ltr'><strong>desidiam</strong></span> <span class='ocrx_word' id='word_1_88' title='bbox 530 1415 615 1471; x_wconf 85' lang='lat' dir='ltr'><strong>vel</strong></span> <span class='ocrx_word' id='word_1_89' title='bbox 651 1415 913 1470; x_wconf 85' lang='lat' dir='ltr'><strong>incuriam</strong></span> <span class='ocrx_word' id='word_1_90' title='bbox 951 1421 1231 1485; x_wconf 87' lang='lat' dir='ltr'><strong>pereunte,</strong></span> <span class='ocrx_word' id='word_1_91' title='bbox 1268 1413 1567 1468; x_wconf 90' lang='lat' dir='ltr'><strong>districtam</strong></span> <span class='ocrx_word' id='word_1_92' title='bbox 1598 1412 1831 1468; x_wconf 89' lang='lat' dir='ltr'><strong>Domino</strong></span> 
     </span>
    </p>
   </div>
   <div class='ocr_carea' id='block_1_16' title="bbox 227 1504 1829 1585">
    <p class='ocr_par' dir='ltr' id='par_1_16' title="bbox 227 1504 1829 1585">
     <span class='ocr_line' id='line_1_16' title="bbox 227 1504 1829 1585; baseline -0.005 -18"><span class='ocrx_word' id='word_1_93' title='bbox 227 1527 498 1585; x_wconf 76' lang='lat' dir='ltr'><strong>cogamur</strong></span> <span class='ocrx_word' id='word_1_94' title='bbox 546 1510 773 1566; x_wconf 85' lang='lat' dir='ltr'><strong>reddere</strong></span> <span class='ocrx_word' id='word_1_95' title='bbox 818 1508 1108 1563; x_wconf 78' lang='lat' dir='ltr'><strong>rationem.</strong></span> <span class='ocrx_word' id='word_1_96' title='bbox 1156 1506 1281 1562; x_wconf 89' lang='lat' dir='ltr'><strong>Ideo</strong></span> <span class='ocrx_word' id='word_1_97' title='bbox 1327 1520 1611 1561; x_wconf 90' lang='lat' dir='ltr'><strong>monemus</strong></span> <span class='ocrx_word' id='word_1_98' title='bbox 1649 1512 1704 1559; x_wconf 89' lang='lat' dir='ltr'><strong>et</strong></span> <span class='ocrx_word' id='word_1_99' title='bbox 1742 1504 1829 1560; x_wconf 90' lang='lat' dir='ltr'><strong>bis</strong></span> 
     </span>
    </p>
   </div>
   <div class='ocr_carea' id='block_1_17' title="bbox 227 1597 1829 1673">
    <p class='ocr_par' dir='ltr' id='par_1_17' title="bbox 227 1597 1829 1673">
     <span class='ocr_line' id='line_1_17' title="bbox 227 1597 1829 1673; baseline -0.005 -14"><span class='ocrx_word' id='word_1_100' title='bbox 227 1603 411 1659; x_wconf 83' lang='lat' dir='ltr'><strong>nostri</strong></span> <span class='ocrx_word' id='word_1_101' title='bbox 442 1600 780 1673; x_wconf 83' lang='lat' dir='ltr'><strong>apostolatus</strong></span> <span class='ocrx_word' id='word_1_102' title='bbox 833 1599 1029 1654; x_wconf 86' lang='lat' dir='ltr'><strong>litteris</strong></span> <span class='ocrx_word' id='word_1_103' title='bbox 1072 1597 1416 1654; x_wconf 87' lang='lat' dir='ltr'><strong>dilectionem</strong></span> <span class='ocrx_word' id='word_1_104' title='bbox 1461 1605 1695 1653; x_wconf 85' lang='lat' dir='ltr'><strong>vestram</strong></span> <span class='ocrx_word' id='word_1_105' title='bbox 1738 1597 1829 1667; x_wconf 90' lang='lat' dir='ltr'><strong>pio</strong></span> 
     </span>
    </p>
   </div>
   <div class='ocr_carea' id='block_1_18' title="bbox 230 1689 1828 1752">
    <p class='ocr_par' dir='ltr' id='par_1_18' title="bbox 230 1689 1828 1752">
     <span class='ocr_line' id='line_1_18' title="bbox 230 1689 1828 1752; baseline -0.004 -1"><span class='ocrx_word' id='word_1_106' title='bbox 230 1696 436 1752; x_wconf 79' lang='lat' dir='ltr'><strong>intuitu</strong></span> <span class='ocrx_word' id='word_1_107' title='bbox 475 1693 830 1750; x_wconf 76' lang='lat' dir='ltr'><strong>exhortamur</strong></span> <span class='ocrx_word' id='word_1_108' title='bbox 874 1701 935 1747; x_wconf 88' lang='lat' dir='ltr'><strong>ut</strong></span> <span class='ocrx_word' id='word_1_109' title='bbox 983 1691 1138 1747; x_wconf 87' lang='lat' dir='ltr'><strong>nobis</strong></span> <span class='ocrx_word' id='word_1_110' title='bbox 1181 1691 1502 1747; x_wconf 85' lang='lat' dir='ltr'><strong>abeuntibus</strong></span> <span class='ocrx_word' id='word_1_111' title='bbox 1538 1689 1828 1745; x_wconf 86' lang='lat' dir='ltr'><strong>Franciam</strong></span> 
     </span>
    </p>
   </div>
   <div class='ocr_carea' id='block_1_19' title="bbox 1933 478 3525 572">
    <p class='ocr_par' dir='ltr' id='par_1_19' title="bbox 1933 478 3525 572">
     <span class='ocr_line' id='line_1_19' title="bbox 1933 478 3525 572; baseline 0.011 -34"><span class='ocrx_word' id='word_1_112' title='bbox 1933 478 2185 542; x_wconf 81' lang='lat' dir='ltr'><strong>videlicet</strong></span> <span class='ocrx_word' id='word_1_113' title='bbox 2212 502 2277 543; x_wconf 88' lang='lat' dir='ltr'><strong>ac</strong></span> <span class='ocrx_word' id='word_1_114' title='bbox 2310 488 2651 557; x_wconf 81' lang='lat' dir='ltr'><strong>Anastasius,</strong></span> <span class='ocrx_word' id='word_1_115' title='bbox 2684 506 2822 562; x_wconf 89' lang='lat' dir='ltr'><strong>quos</strong></span> <span class='ocrx_word' id='word_1_116' title='bbox 2863 492 2988 550; x_wconf 89' lang='lat' dir='ltr'><strong>illuc</strong></span> <span class='ocrx_word' id='word_1_117' title='bbox 3029 508 3097 551; x_wconf 83' lang='lat' dir='ltr'><strong>ex</strong></span> <span class='ocrx_word' id='word_1_118' title='bbox 3143 504 3327 553; x_wconf 88' lang='lat' dir='ltr'><strong>nostra</strong></span> <span class='ocrx_word' id='word_1_119' title='bbox 3365 494 3525 572; x_wconf 78' lang='lat' dir='ltr'><strong>parte</strong></span> 
     </span>
    </p>
   </div>
   <div class='ocr_carea' id='block_1_20' title="bbox 1933 577 3557 649">
    <p class='ocr_par' dir='ltr' id='par_1_20' title="bbox 1933 577 3557 649">
     <span class='ocr_line' id='line_1_20' title="bbox 1933 577 3557 649; baseline 0.01 -17"><span class='ocrx_word' id='word_1_120' title='bbox 1933 577 2253 649; x_wconf 85' lang='lat' dir='ltr'><strong>direximus,</strong></span> <span class='ocrx_word' id='word_1_121' title='bbox 2281 597 2390 638; x_wconf 90' lang='lat' dir='ltr'><strong>non</strong></span> <span class='ocrx_word' id='word_1_122' title='bbox 2425 583 2477 638; x_wconf 91' lang='lat' dir='ltr'><strong>in</strong></span> <span class='ocrx_word' id='word_1_123' title='bbox 2510 584 2699 641; x_wconf 85' lang='lat' dir='ltr'><strong>decem</strong></span> <span class='ocrx_word' id='word_1_124' title='bbox 2731 585 2959 641; x_wconf 89' lang='lat' dir='ltr'><strong>millium</strong></span> <span class='ocrx_word' id='word_1_125' title='bbox 2989 596 3198 644; x_wconf 89' lang='lat' dir='ltr'><strong>tantum</strong></span> <span class='ocrx_word' id='word_1_126' title='bbox 3228 605 3521 648; x_wconf 81' lang='lat' dir='ltr'><strong>mancuso—</strong></span> <span class='ocrx_word' id='word_1_127' title='bbox 3556 612 3557 615; x_wconf 45' lang='grc' dir='ltr'><strong>η</strong></span> 
     </span>
    </p>
   </div>
   <div class='ocr_carea' id='block_1_21' title="bbox 1933 672 3519 751">
    <p class='ocr_par' dir='ltr' id='par_1_21' title="bbox 1933 672 3519 751">
     <span class='ocr_line' id='line_1_21' title="bbox 1933 672 3519 751; baseline 0.009 -27"><span class='ocrx_word' id='word_1_128' title='bbox 1933 682 2080 738; x_wconf 92' lang='lat' dir='ltr'><strong>rum,</strong></span> <span class='ocrx_word' id='word_1_129' title='bbox 2103 672 2199 728; x_wconf 83' lang='lat' dir='ltr'><strong>sed</strong></span> <span class='ocrx_word' id='word_1_130' title='bbox 2226 674 2279 729; x_wconf 92' lang='lat' dir='ltr'><strong>in</strong></span> <span class='ocrx_word' id='word_1_131' title='bbox 2313 675 2593 731; x_wconf 89' lang='lat' dir='ltr'><strong>duodecim</strong></span> <span class='ocrx_word' id='word_1_132' title='bbox 2625 676 2852 733; x_wconf 89' lang='lat' dir='ltr'><strong>millium</strong></span> <span class='ocrx_word' id='word_1_133' title='bbox 2884 678 3161 748; x_wconf 89' lang='lat' dir='ltr'><strong>plaitasse,</strong></span> <span class='ocrx_word' id='word_1_134' title='bbox 3184 681 3326 751; x_wconf 88' lang='lat' dir='ltr'><strong>quod</strong></span> <span class='ocrx_word' id='word_1_135' title='bbox 3353 682 3519 739; x_wconf 89' lang='lat' dir='ltr'><strong>iidem</strong></span> 
     </span>
    </p>
   </div>
   <div class='ocr_carea' id='block_1_22' title="bbox 1934 760 3524 845">
    <p class='ocr_par' dir='ltr' id='par_1_22' title="bbox 1934 760 3524 845">
     <span class='ocr_line' id='line_1_22' title="bbox 1934 760 3524 845; baseline 0.01 -29"><span class='ocrx_word' id='word_1_136' title='bbox 1934 760 2161 820; x_wconf 88' lang='lat' dir='ltr'><strong>abhates</strong></span> <span class='ocrx_word' id='word_1_137' title='bbox 2189 779 2374 821; x_wconf 90' lang='lat' dir='ltr'><strong>coram</strong></span> <span class='ocrx_word' id='word_1_138' title='bbox 2405 770 2588 823; x_wconf 84' lang='lat' dir='ltr'><strong>nostra</strong></span> <span class='ocrx_word' id='word_1_139' title='bbox 2615 769 2903 840; x_wconf 69' lang='lat' dir='ltr'><strong>praesentia</strong></span> <span class='ocrx_word' id='word_1_140' title='bbox 2934 786 3042 827; x_wconf 91' lang='lat' dir='ltr'><strong>non</strong></span> <span class='ocrx_word' id='word_1_141' title='bbox 3069 787 3129 828; x_wconf 90' lang='lat' dir='ltr'><strong>se</strong></span> <span class='ocrx_word' id='word_1_142' title='bbox 3155 770 3355 830; x_wconf 82' lang='lat' dir='ltr'><strong>fecisse</strong></span> <span class='ocrx_word' id='word_1_143' title='bbox 3372 772 3524 845; x_wconf 86' lang='lat' dir='ltr'><strong>jure-</strong></span> 
     </span>
    </p>
   </div>
   <div class='ocr_carea' id='block_1_23' title="bbox 1928 853 3528 932">
    <p class='ocr_par' dir='ltr' id='par_1_23' title="bbox 1928 853 3528 932">
     <span class='ocr_line' id='line_1_23' title="bbox 1928 853 3528 932; baseline 0.008 -24"><span class='ocrx_word' id='word_1_144' title='bbox 1928 853 2163 926; x_wconf 81' lang='lat' dir='ltr'><strong>jurando</strong></span> <span class='ocrx_word' id='word_1_145' title='bbox 2204 855 2477 912; x_wconf 87' lang='lat' dir='ltr'><strong>refellunt.</strong></span> <span class='ocrx_word' id='word_1_146' title='bbox 2511 856 2745 931; x_wconf 86' lang='lat' dir='ltr'><strong>Ideoque</strong></span> <span class='ocrx_word' id='word_1_147' title='bbox 2775 867 2957 917; x_wconf 88' lang='lat' dir='ltr'><strong>vestra</strong></span> <span class='ocrx_word' id='word_1_148' title='bbox 3001 876 3098 917; x_wconf 90' lang='lat' dir='ltr'><strong>eos</strong></span> <span class='ocrx_word' id='word_1_149' title='bbox 3141 861 3430 932; x_wconf 84' lang='lat' dir='ltr'><strong>prudentia</strong></span> <span class='ocrx_word' id='word_1_150' title='bbox 3469 873 3528 921; x_wconf 84' lang='lat' dir='ltr'><strong>et</strong></span> 
     </span>
    </p>
   </div>
   <div class='ocr_carea' id='block_1_24' title="bbox 1932 943 3639 1022">
    <p class='ocr_par' dir='ltr' id='par_1_24' title="bbox 1932 943 3639 1022">
     <span class='ocr_line' id='line_1_24' title="bbox 1932 943 3639 1022; baseline 0.008 -23"><span class='ocrx_word' id='word_1_151' title='bbox 1932 943 2001 1000; x_wconf 87' lang='lat' dir='ltr'><strong>ah</strong></span> <span class='ocrx_word' id='word_1_152' title='bbox 2041 944 2146 1000; x_wconf 89' lang='lat' dir='ltr'><strong>hac</strong></span> <span class='ocrx_word' id='word_1_153' title='bbox 2188 945 2387 1016; x_wconf 88' lang='lat' dir='ltr'><strong>injusta</strong></span> <span class='ocrx_word' id='word_1_154' title='bbox 2439 948 2699 1018; x_wconf 86' lang='lat' dir='ltr'><strong>petitione</strong></span> <span class='ocrx_word' id='word_1_155' title='bbox 2748 959 3075 1022; x_wconf 87' lang='lat' dir='ltr'><strong>compescat,</strong></span> <span class='ocrx_word' id='word_1_156' title='bbox 3110 961 3165 1009; x_wconf 91' lang='lat' dir='ltr'><strong>et</strong></span> <span class='ocrx_word' id='word_1_157' title='bbox 3202 952 3256 1008; x_wconf 91' lang='lat' dir='ltr'><strong>in</strong></span> <span class='ocrx_word' id='word_1_158' title='bbox 3298 954 3527 1012; x_wconf 84' lang='lat' dir='ltr'><strong>servitio</strong></span> <span class='ocrx_word' id='word_1_159' title='bbox 3628 945 3639 955; x_wconf 81' lang='grc'><strong>’</strong></span> 
     </span>
    </p>
   </div>
   <div class='ocr_carea' id='block_1_25' title="bbox 1932 1034 3523 1115">
    <p class='ocr_par' dir='ltr' id='par_1_25' title="bbox 1932 1034 3523 1115">
     <span class='ocr_line' id='line_1_25' title="bbox 1932 1034 3523 1115; baseline 0.006 -22"><span class='ocrx_word' id='word_1_160' title='bbox 1932 1034 2135 1093; x_wconf 83' lang='lat' dir='ltr'><strong>salubri</strong></span> <span class='ocrx_word' id='word_1_161' title='bbox 2182 1038 2605 1095; x_wconf 86' lang='lat' dir='ltr'><strong>commonitione</strong></span> <span class='ocrx_word' id='word_1_162' title='bbox 2653 1040 2968 1111; x_wconf 81' lang='lat' dir='ltr'><strong>confirmet,</strong></span> <span class='ocrx_word' id='word_1_163' title='bbox 3020 1054 3289 1115; x_wconf 89' lang='lat' dir='ltr'><strong>quatenus</strong></span> <span class='ocrx_word' id='word_1_164' title='bbox 3334 1054 3523 1103; x_wconf 92' lang='lat' dir='ltr'><strong>nostra</strong></span> 
     </span>
    </p>
   </div>
   <div class='ocr_carea' id='block_1_26' title="bbox 1931 1128 3525 1207">
    <p class='ocr_par' dir='ltr' id='par_1_26' title="bbox 1931 1128 3525 1207">
     <span class='ocr_line' id='line_1_26' title="bbox 1931 1128 3525 1207; baseline 0.01 -25"><span class='ocrx_word' id='word_1_165' title='bbox 1931 1128 2309 1185; x_wconf 87' lang='lat' dir='ltr'><strong>benedictione</strong></span> <span class='ocrx_word' id='word_1_166' title='bbox 2362 1132 2550 1198; x_wconf 86' lang='lat' dir='ltr'><strong>potiti,</strong></span> <span class='ocrx_word' id='word_1_167' title='bbox 2596 1134 2777 1189; x_wconf 89' lang='lat' dir='ltr'><strong>animo</strong></span> <span class='ocrx_word' id='word_1_168' title='bbox 2817 1144 2874 1191; x_wconf 93' lang='lat' dir='ltr'><strong>et</strong></span> <span class='ocrx_word' id='word_1_169' title='bbox 2918 1150 3148 1207; x_wconf 89' lang='lat' dir='ltr'><strong>corpore</strong></span> <span class='ocrx_word' id='word_1_170' title='bbox 3187 1153 3258 1195; x_wconf 80' lang='lat' dir='ltr'><strong>ex</strong></span> <span class='ocrx_word' id='word_1_171' title='bbox 3304 1137 3525 1197; x_wconf 79' lang='lat' dir='ltr'><strong>Christo</strong></span> 
     </span>
    </p>
   </div>
   <div class='ocr_carea' id='block_1_27' title="bbox 1931 1219 3065 1301">
    <p class='ocr_par' dir='ltr' id='par_1_27' title="bbox 1931 1219 3065 1301">
     <span class='ocr_line' id='line_1_27' title="bbox 1931 1219 3065 1301; baseline 0.005 -22"><span class='ocrx_word' id='word_1_172' title='bbox 1931 1219 2164 1279; x_wconf 85' lang='lat' dir='ltr'><strong>Domino</strong></span> <span class='ocrx_word' id='word_1_173' title='bbox 2189 1223 2322 1280; x_wconf 89' lang='lat' dir='ltr'><strong>salvi</strong></span> <span class='ocrx_word' id='word_1_174' title='bbox 2351 1226 2606 1281; x_wconf 82' lang='lat' dir='ltr'><strong>existant.</strong></span> <span class='ocrx_word' id='word_1_175' title='bbox 2641 1226 2773 1283; x_wconf 89' lang='lat' dir='ltr'><strong>Data</strong></span> <span class='ocrx_word' id='word_1_176' title='bbox 2798 1236 2855 1282; x_wconf 86' lang='lat' dir='ltr'><strong>ut</strong></span> <span class='ocrx_word' id='word_1_177' title='bbox 2883 1245 3065 1301; x_wconf 81' lang='lat' dir='ltr'><strong>supra.</strong></span> 
     </span>
    </p>
   </div>
   <div class='ocr_carea' id='block_1_28' title="bbox 2700 1340 2760 1397">
    <p class='ocr_par' dir='ltr' id='par_1_28' title="bbox 2700 1340 2760 1397">
     <span class='ocr_line' id='line_1_28' title="bbox 2700 1340 2760 1397; baseline 0 0"><span class='ocrx_word' id='word_1_178' title='bbox 2700 1340 2760 1397; x_wconf 92' lang='lat' dir='ltr'><strong>C.</strong></span> 
     </span>
    </p>
   </div>
   <div class='ocr_carea' id='block_1_29' title="bbox 2112 1448 3338 1498">
    <p class='ocr_par' dir='ltr' id='par_1_29' title="bbox 2112 1448 3338 1498">
     <span class='ocr_line' id='line_1_29' title="bbox 2112 1448 3338 1498; baseline 0.008 -10"><span class='ocrx_word' id='word_1_179' title='bbox 2112 1449 2180 1489; x_wconf 84' lang='grc' dir='ltr'><strong>ΔΙ)</strong></span> <span class='ocrx_word' id='word_1_180' title='bbox 2216 1448 2543 1491; x_wconf 65' lang='grc' dir='ltr'><strong>αυλιηιιιυιι</strong></span> <span class='ocrx_word' id='word_1_181' title='bbox 2582 1451 2868 1493; x_wconf 72' lang='grc' dir='ltr'><strong>ΡΙΠΝΟΙΡΕΙΙ</strong></span> <span class='ocrx_word' id='word_1_182' title='bbox 2906 1452 3338 1498; x_wconf 65' lang='grc' dir='ltr'><strong>ελιειιΝιτΑισυι.</strong></span> 
     </span>
    </p>
   </div>
   <div class='ocr_carea' id='block_1_30' title="bbox 2530 1525 2913 1600">
    <p class='ocr_par' dir='ltr' id='par_1_30' title="bbox 2530 1525 2913 1600">
     <span class='ocr_line' id='line_1_30' title="bbox 2530 1525 2913 1600; baseline 0.005 -20"><span class='ocrx_word' id='word_1_183' title='bbox 2530 1525 2709 1599; x_wconf 81' lang='lat' dir='ltr'><strong>(Anno</strong></span> <span class='ocrx_word' id='word_1_184' title='bbox 2763 1527 2913 1600; x_wconf 88' lang='lat'><strong>877.)</strong></span> 
     </span>
    </p>
   </div>
   <div class='ocr_carea' id='block_1_31' title="bbox 1932 1608 3541 1699">
    <p class='ocr_par' dir='ltr' id='par_1_31' title="bbox 1932 1608 3541 1699">
     <span class='ocr_line' id='line_1_31' title="bbox 1932 1608 3541 1699; baseline 0.009 -32"><span class='ocrx_word' id='word_1_185' title='bbox 1932 1608 2197 1699; x_wconf 75' lang='lat' dir='ltr'><strong>Hortatur</strong></span> <span class='ocrx_word' id='word_1_186' title='bbox 2224 1624 2281 1669; x_wconf 79' lang='lat' dir='ltr'><strong>ut</strong></span> <span class='ocrx_word' id='word_1_187' title='bbox 2392 1633 2491 1699; x_wconf 76' lang='lat' dir='ltr'><strong>sua</strong></span> <span class='ocrx_word' id='word_1_188' title='bbox 2520 1618 2819 1699; x_wconf 70' lang='lat' dir='ltr'><strong>integritate</strong></span> <span class='ocrx_word' id='word_1_189' title='bbox 2847 1632 3169 1699; x_wconf 74' lang='lat' dir='ltr'><strong>perseveret,</strong></span> <span class='ocrx_word' id='word_1_190' title='bbox 3215 1633 3266 1681; x_wconf 83' lang='lat' dir='ltr'><strong>et</strong></span> <span class='ocrx_word' id='word_1_191' title='bbox 3293 1616 3541 1699; x_wconf 8' lang='lat' dir='ltr'><strong>Amalﬁ—q</strong></span> 
     </span>
    </p>
   </div>
   <div class='ocr_carea' id='block_1_32' title="bbox 2001 1688 3528 1768">
    <p class='ocr_par' dir='ltr' id='par_1_32' title="bbox 2001 1688 3528 1768">
     <span class='ocr_line' id='line_1_32' title="bbox 2001 1688 3528 1768; baseline 0.011 -29"><span class='ocrx_word' id='word_1_192' title='bbox 2001 1692 2154 1768; x_wconf 74' lang='lat' dir='ltr'><strong>Ianos</strong></span> <span class='ocrx_word' id='word_1_193' title='bbox 2176 1688 2459 1768; x_wconf 53' lang='lat' dir='ltr'><strong>corripiat,</strong></span> <span class='ocrx_word' id='word_1_194' title='bbox 2471 1688 2620 1768; x_wconf 64' lang='lat' dir='ltr'><strong>quod</strong></span> <span class='ocrx_word' id='word_1_195' title='bbox 2634 1688 2896 1744; x_wconf 75' lang='lat' dir='ltr'><strong>auxilium</strong></span> <span class='ocrx_word' id='word_1_196' title='bbox 2927 1693 3111 1750; x_wconf 77' lang='lat' dir='ltr'><strong>navale</strong></span> <span class='ocrx_word' id='word_1_197' title='bbox 3136 1688 3240 1751; x_wconf 74' lang='lat' dir='ltr'><strong>non</strong></span> <span class='ocrx_word' id='word_1_198' title='bbox 3266 1688 3528 1768; x_wconf 69' lang='lat' dir='ltr'><strong>miserint,</strong></span> 
     </span>
    </p>
   </div>
   <div class='ocr_carea' id='block_1_33' title="bbox 228 1757 1837 1858">
    <p class='ocr_par' dir='ltr' id='par_1_33' title="bbox 228 1779 1832 1858">
     <span class='ocr_line' id='line_1_33' title="bbox 228 1779 1832 1858; baseline -0.005 -17"><span class='ocrx_word' id='word_1_199' title='bbox 228 1794 337 1858; x_wconf 84' lang='lat' dir='ltr'><strong>pro</strong></span> <span class='ocrx_word' id='word_1_200' title='bbox 362 1783 677 1840; x_wconf 79' lang='lat' dir='ltr'><strong>defensione</strong></span> <span class='ocrx_word' id='word_1_201' title='bbox 698 1790 896 1838; x_wconf 77' lang='lat' dir='ltr'><strong>sanctae</strong></span> <span class='ocrx_word' id='word_1_202' title='bbox 910 1782 1002 1836; x_wconf 89' lang='lat' dir='ltr'><strong>Dei</strong></span> <span class='ocrx_word' id='word_1_203' title='bbox 1030 1780 1285 1835; x_wconf 73' lang='lat' dir='ltr'><strong>Ecclesiae</strong></span> <span class='ocrx_word' id='word_1_204' title='bbox 1303 1789 1355 1835; x_wconf 88' lang='lat' dir='ltr'><strong>et</strong></span> <span class='ocrx_word' id='word_1_205' title='bbox 1384 1779 1693 1850; x_wconf 59' lang='lat' dir='ltr'><strong>reipublicae</strong></span> <span class='ocrx_word' id='word_1_206' title='bbox 1716 1787 1832 1834; x_wconf 91' lang='lat' dir='ltr'><strong>sta-</strong></span> 
     </span>
    </p>
   </div>
   <div class='ocr_carea' id='block_1_34' title="bbox 1945 1757 3017 1858">
    <p class='ocr_par' dir='ltr' id='par_1_34' title="bbox 2004 1757 3017 1818">
     <span class='ocr_line' id='line_1_34' title="bbox 2004 1757 3017 1818; baseline 0.006 -7"><span class='ocrx_word' id='word_1_207' title='bbox 2004 1764 2053 1811; x_wconf 85' lang='lat' dir='ltr'><strong>et</strong></span> <span class='ocrx_word' id='word_1_208' title='bbox 2076 1757 2242 1811; x_wconf 87' lang='lat' dir='ltr'><strong>nimia</strong></span> <span class='ocrx_word' id='word_1_209' title='bbox 2278 1757 2568 1813; x_wconf 80' lang='lat' dir='ltr'><strong>calliditate</strong></span> <span class='ocrx_word' id='word_1_210' title='bbox 2602 1760 2659 1813; x_wconf 86' lang='lat' dir='ltr'><strong>in</strong></span> <span class='ocrx_word' id='word_1_211' title='bbox 2688 1777 2743 1813; x_wconf 85' lang='lat' dir='ltr'><strong>se</strong></span> <span class='ocrx_word' id='word_1_212' title='bbox 2775 1770 3017 1818; x_wconf 80' lang='lat' dir='ltr'><strong>utuntur.</strong></span> 
     </span>
    </p>
   </div>
   <div class='ocr_carea' id='block_1_35' title="bbox 231 1870 1831 1934">
    <p class='ocr_par' dir='ltr' id='par_1_35' title="bbox 231 1870 1831 1934">
     <span class='ocr_line' id='line_1_35' title="bbox 231 1870 1831 1934; baseline -0.005 0"><span class='ocrx_word' id='word_1_213' title='bbox 231 1870 447 1934; x_wconf 79' lang='lat' dir='ltr'><strong>hilitate</strong></span> <span class='ocrx_word' id='word_1_214' title='bbox 476 1874 678 1930; x_wconf 90' lang='lat' dir='ltr'><strong>nullam</strong></span> <span class='ocrx_word' id='word_1_215' title='bbox 710 1874 1151 1930; x_wconf 87' lang='lat' dir='ltr'><strong>contrarietatem</strong></span> <span class='ocrx_word' id='word_1_216' title='bbox 1179 1872 1265 1926; x_wconf 86' lang='lat' dir='ltr'><strong>vel</strong></span> <span class='ocrx_word' id='word_1_217' title='bbox 1304 1872 1644 1927; x_wconf 86' lang='lat' dir='ltr'><strong>inimicitiam</strong></span> <span class='ocrx_word' id='word_1_218' title='bbox 1670 1886 1831 1927; x_wconf 84' lang='lat' dir='ltr'><strong>exer-</strong></span> 
     </span>
    </p>
   </div>
   <div class='ocr_carea' id='block_1_36' title="bbox 231 1966 1830 2037">
    <p class='ocr_par' dir='ltr' id='par_1_36' title="bbox 231 1966 1830 2037">
     <span class='ocr_line' id='line_1_36' title="bbox 231 1966 1830 2037; baseline -0.006 -9"><span class='ocrx_word' id='word_1_219' title='bbox 231 1969 411 2028; x_wconf 75' lang='lat' dir='ltr'><strong>ceatis</strong></span> <span class='ocrx_word' id='word_1_220' title='bbox 432 1970 488 2025; x_wconf 93' lang='lat' dir='ltr'><strong>in</strong></span> <span class='ocrx_word' id='word_1_221' title='bbox 512 1978 629 2025; x_wconf 89' lang='lat' dir='ltr'><strong>toto</strong></span> <span class='ocrx_word' id='word_1_222' title='bbox 655 1967 931 2024; x_wconf 89' lang='lat' dir='ltr'><strong>territorio</strong></span> <span class='ocrx_word' id='word_1_223' title='bbox 952 1966 1214 2037; x_wconf 86' lang='lat' dir='ltr'><strong>principis</strong></span> <span class='ocrx_word' id='word_1_224' title='bbox 1238 1966 1628 2034; x_wconf 86' lang='lat' dir='ltr'><strong>apostolorum,</strong></span> <span class='ocrx_word' id='word_1_225' title='bbox 1654 1980 1830 2034; x_wconf 87' lang='lat' dir='ltr'><strong>neque</strong></span> 
     </span>
    </p>
   </div>
   <div class='ocr_carea' id='block_1_37' title="bbox 233 2052 1828 2132">
    <p class='ocr_par' dir='ltr' id='par_1_37' title="bbox 233 2052 1828 2132">
     <span class='ocr_line' id='line_1_37' title="bbox 233 2052 1828 2132; baseline -0.006 -13"><span class='ocrx_word' id='word_1_226' title='bbox 233 2064 391 2119; x_wconf 86' lang='lat' dir='ltr'><strong>urbis</strong></span> <span class='ocrx_word' id='word_1_227' title='bbox 418 2052 623 2128; x_wconf 69' lang='lat' dir='ltr'><strong>Romae,</strong></span> <span class='ocrx_word' id='word_1_228' title='bbox 651 2076 773 2132; x_wconf 64' lang='lat' dir='ltr'><strong>qua:</strong></span> <span class='ocrx_word' id='word_1_229' title='bbox 811 2069 892 2115; x_wconf 86' lang='lat' dir='ltr'><strong>est</strong></span> <span class='ocrx_word' id='word_1_230' title='bbox 939 2059 1132 2115; x_wconf 82' lang='lat' dir='ltr'><strong>civitas</strong></span> <span class='ocrx_word' id='word_1_231' title='bbox 1181 2056 1534 2113; x_wconf 88' lang='lat' dir='ltr'><strong>sacerdotalis</strong></span> <span class='ocrx_word' id='word_1_232' title='bbox 1570 2066 1625 2112; x_wconf 89' lang='lat' dir='ltr'><strong>et</strong></span> <span class='ocrx_word' id='word_1_233' title='bbox 1658 2058 1828 2129; x_wconf 83' lang='lat' dir='ltr'><strong>regia,</strong></span> 
     </span>
    </p>
   </div>
   <div class='ocr_carea' id='block_1_38' title="bbox 231 2149 1832 2229">
    <p class='ocr_par' dir='ltr' id='par_1_38' title="bbox 231 2149 1832 2229">
     <span class='ocr_line' id='line_1_38' title="bbox 231 2149 1832 2229; baseline -0.004 -19"><span class='ocrx_word' id='word_1_234' title='bbox 231 2171 337 2229; x_wconf 88' lang='lat' dir='ltr'><strong>per</strong></span> <span class='ocrx_word' id='word_1_235' title='bbox 362 2166 576 2210; x_wconf 85' lang='lat' dir='ltr'><strong>sacram</strong></span> <span class='ocrx_word' id='word_1_236' title='bbox 614 2152 758 2208; x_wconf 84' lang='lat' dir='ltr'><strong>beati</strong></span> <span class='ocrx_word' id='word_1_237' title='bbox 789 2149 936 2205; x_wconf 87' lang='lat' dir='ltr'><strong>Petri</strong></span> <span class='ocrx_word' id='word_1_238' title='bbox 980 2149 1182 2213; x_wconf 87' lang='lat' dir='ltr'><strong>sedem,</strong></span> <span class='ocrx_word' id='word_1_239' title='bbox 1217 2149 1429 2219; x_wconf 89' lang='lat' dir='ltr'><strong>aliquas</strong></span> <span class='ocrx_word' id='word_1_240' title='bbox 1472 2149 1832 2205; x_wconf 85' lang='lat' dir='ltr'><strong>adversitates</strong></span> 
     </span>
    </p>
   </div>
   <div class='ocr_carea' id='block_1_39' title="bbox 233 2241 1832 2317">
    <p class='ocr_par' dir='ltr' id='par_1_39' title="bbox 233 2241 1832 2317">
     <span class='ocr_line' id='line_1_39' title="bbox 233 2241 1832 2317; baseline -0.004 -12"><span class='ocrx_word' id='word_1_241' title='bbox 233 2250 323 2305; x_wconf 78' lang='lat' dir='ltr'><strong>vel</strong></span> <span class='ocrx_word' id='word_1_242' title='bbox 376 2245 602 2303; x_wconf 84' lang='lat' dir='ltr'><strong>insidias</strong></span> <span class='ocrx_word' id='word_1_243' title='bbox 653 2245 992 2317; x_wconf 71' lang='lat' dir='ltr'><strong>praeparetis,</strong></span> <span class='ocrx_word' id='word_1_244' title='bbox 1038 2257 1213 2314; x_wconf 88' lang='lat' dir='ltr'><strong>neque</strong></span> <span class='ocrx_word' id='word_1_245' title='bbox 1265 2243 1499 2308; x_wconf 85' lang='lat' dir='ltr'><strong>faciatis,</strong></span> <span class='ocrx_word' id='word_1_246' title='bbox 1545 2241 1832 2313; x_wconf 73' lang='lat' dir='ltr'><strong>face-reque</strong></span> 
     </span>
    </p>
   </div>
   <div class='ocr_carea' id='block_1_40' title="bbox 234 2335 1833 2407">
    <p class='ocr_par' dir='ltr' id='par_1_40' title="bbox 234 2335 1833 2407">
     <span class='ocr_line' id='line_1_40' title="bbox 234 2335 1833 2407; baseline -0.008 -5"><span class='ocrx_word' id='word_1_247' title='bbox 234 2343 548 2401; x_wconf 81' lang='lat' dir='ltr'><strong>volentibus</strong></span> <span class='ocrx_word' id='word_1_248' title='bbox 577 2341 685 2396; x_wconf 91' lang='lat' dir='ltr'><strong>ullo</strong></span> <span class='ocrx_word' id='word_1_249' title='bbox 713 2341 873 2395; x_wconf 87' lang='lat' dir='ltr'><strong>modo</strong></span> <span class='ocrx_word' id='word_1_250' title='bbox 916 2337 1290 2395; x_wconf 88' lang='lat' dir='ltr'><strong>consentiatis.</strong></span> <span class='ocrx_word' id='word_1_251' title='bbox 1321 2335 1457 2404; x_wconf 84' lang='lat' dir='ltr'><strong>Quia</strong></span> <span class='ocrx_word' id='word_1_252' title='bbox 1506 2337 1568 2391; x_wconf 89' lang='lat' dir='ltr'><strong>si.</strong></span> <span class='ocrx_word' id='word_1_253' title='bbox 1595 2351 1695 2407; x_wconf 88' lang='lat' dir='ltr'><strong>per</strong></span> <span class='ocrx_word' id='word_1_254' title='bbox 1737 2350 1833 2391; x_wconf 86' lang='lat' dir='ltr'><strong>vos</strong></span> 
     </span>
    </p>
   </div>
   <div class='ocr_carea' id='block_1_41' title="bbox 237 2427 1833 2505">
    <p class='ocr_par' dir='ltr' id='par_1_41' title="bbox 237 2427 1833 2505">
     <span class='ocr_line' id='line_1_41' title="bbox 237 2427 1833 2505; baseline -0.006 -13"><span class='ocrx_word' id='word_1_255' title='bbox 237 2446 335 2492; x_wconf 89' lang='lat' dir='ltr'><strong>aut</strong></span> <span class='ocrx_word' id='word_1_256' title='bbox 362 2450 458 2505; x_wconf 90' lang='lat' dir='ltr'><strong>per</strong></span> <span class='ocrx_word' id='word_1_257' title='bbox 485 2434 640 2489; x_wconf 83' lang='lat' dir='ltr'><strong>vobis</strong></span> <span class='ocrx_word' id='word_1_258' title='bbox 680 2433 953 2502; x_wconf 86' lang='lat' dir='ltr'><strong>subjectos</strong></span> <span class='ocrx_word' id='word_1_259' title='bbox 988 2430 1238 2486; x_wconf 82' lang='lat' dir='ltr'><strong>homines</strong></span> <span class='ocrx_word' id='word_1_260' title='bbox 1272 2430 1461 2485; x_wconf 89' lang='lat' dir='ltr'><strong>eadem</strong></span> <span class='ocrx_word' id='word_1_261' title='bbox 1495 2429 1627 2483; x_wconf 88' lang='lat' dir='ltr'><strong>urbs</strong></span> <span class='ocrx_word' id='word_1_262' title='bbox 1658 2427 1833 2482; x_wconf 81' lang='lat' dir='ltr'><strong>Roma</strong></span> 
     </span>
    </p>
   </div>
   <div class='ocr_carea' id='block_1_42' title="bbox 235 2518 1831 2598">
    <p class='ocr_par' dir='ltr' id='par_1_42' title="bbox 235 2518 1831 2598">
     <span class='ocr_line' id='line_1_42' title="bbox 235 2518 1831 2598; baseline -0.006 -17"><span class='ocrx_word' id='word_1_263' title='bbox 235 2527 707 2598; x_wconf 88' lang='lat' dir='ltr'><strong>perturbationem</strong></span> <span class='ocrx_word' id='word_1_264' title='bbox 756 2522 992 2593; x_wconf 85' lang='lat' dir='ltr'><strong>aliquam</strong></span> <span class='ocrx_word' id='word_1_265' title='bbox 1043 2520 1128 2576; x_wconf 91' lang='lat' dir='ltr'><strong>vel</strong></span> <span class='ocrx_word' id='word_1_266' title='bbox 1180 2519 1683 2576; x_wconf 86' lang='lat' dir='ltr'><strong>dehonestatiouem</strong></span> <span class='ocrx_word' id='word_1_267' title='bbox 1730 2518 1831 2572; x_wconf 84' lang='lat' dir='ltr'><strong>ha-</strong></span> 
     </span>
    </p>
   </div>
   <div class='ocr_carea' id='block_1_43' title="bbox 236 2610 1834 2683">
    <p class='ocr_par' dir='ltr' id='par_1_43' title="bbox 236 2610 1834 2683">
     <span class='ocr_line' id='line_1_43' title="bbox 236 2610 1834 2683; baseline -0.006 -10"><span class='ocrx_word' id='word_1_268' title='bbox 236 2617 443 2682; x_wconf 85' lang='lat' dir='ltr'><strong>buerit,</strong></span> <span class='ocrx_word' id='word_1_269' title='bbox 473 2615 557 2670; x_wconf 89' lang='lat' dir='ltr'><strong>vel</strong></span> <span class='ocrx_word' id='word_1_270' title='bbox 603 2615 830 2669; x_wconf 85' lang='lat' dir='ltr'><strong>adversa</strong></span> <span class='ocrx_word' id='word_1_271' title='bbox 875 2612 1129 2683; x_wconf 81' lang='lat' dir='ltr'><strong>quaelibet</strong></span> <span class='ocrx_word' id='word_1_272' title='bbox 1173 2610 1509 2673; x_wconf 84' lang='lat' dir='ltr'><strong>sustinuerit,</strong></span> <span class='ocrx_word' id='word_1_273' title='bbox 1553 2624 1651 2678; x_wconf 91' lang='lat' dir='ltr'><strong>pro</strong></span> <span class='ocrx_word' id='word_1_274' title='bbox 1681 2618 1834 2664; x_wconf 90' lang='lat' dir='ltr'><strong>certo</strong></span> 
     </span>
    </p>
   </div>
   <div class='ocr_carea' id='block_1_44' title="bbox 234 2700 1836 2778">
    <p class='ocr_par' dir='ltr' id='par_1_44' title="bbox 234 2700 1836 2778">
     <span class='ocr_line' id='line_1_44' title="bbox 234 2700 1836 2778; baseline -0.007 -13"><span class='ocrx_word' id='word_1_275' title='bbox 234 2710 436 2766; x_wconf 87' lang='lat' dir='ltr'><strong>scitote</strong></span> <span class='ocrx_word' id='word_1_276' title='bbox 485 2707 609 2778; x_wconf 87' lang='lat' dir='ltr'><strong>quia</strong></span> <span class='ocrx_word' id='word_1_277' title='bbox 660 2705 940 2761; x_wconf 85' lang='lat' dir='ltr'><strong>canonicis</strong></span> <span class='ocrx_word' id='word_1_278' title='bbox 973 2717 1073 2759; x_wconf 90' lang='lat' dir='ltr'><strong>vos</strong></span> <span class='ocrx_word' id='word_1_279' title='bbox 1108 2701 1541 2772; x_wconf 89' lang='lat' dir='ltr'><strong>correptionibus</strong></span> <span class='ocrx_word' id='word_1_280' title='bbox 1588 2716 1710 2754; x_wconf 88' lang='lat' dir='ltr'><strong>cum</strong></span> <span class='ocrx_word' id='word_1_281' title='bbox 1759 2700 1836 2753; x_wconf 82' lang='lat' dir='ltr'><strong>vi-</strong></span> 
     </span>
    </p>
   </div>
   <div class='ocr_carea' id='block_1_45' title="bbox 235 2790 1836 2868">
    <p class='ocr_par' dir='ltr' id='par_1_45' title="bbox 235 2790 1836 2868">
     <span class='ocr_line' id='line_1_45' title="bbox 235 2790 1836 2868; baseline -0.009 -10"><span class='ocrx_word' id='word_1_282' title='bbox 235 2800 399 2859; x_wconf 83' lang='lat' dir='ltr'><strong>ctrici</strong></span> <span class='ocrx_word' id='word_1_283' title='bbox 444 2799 619 2854; x_wconf 83' lang='lat' dir='ltr'><strong>sancti</strong></span> <span class='ocrx_word' id='word_1_284' title='bbox 652 2796 888 2868; x_wconf 84' lang='lat' dir='ltr'><strong>Spiritus</strong></span> <span class='ocrx_word' id='word_1_285' title='bbox 925 2795 1252 2849; x_wconf 82' lang='lat' dir='ltr'><strong>auctoritate</strong></span> <span class='ocrx_word' id='word_1_286' title='bbox 1290 2791 1617 2848; x_wconf 82' lang='lat' dir='ltr'><strong>omnimodis</strong></span> <span class='ocrx_word' id='word_1_287' title='bbox 1655 2790 1836 2845; x_wconf 88' lang='lat' dir='ltr'><strong>redar-</strong></span> 
     </span>
    </p>
   </div>
   <div class='ocr_carea' id='block_1_46' title="bbox 238 2878 1835 2965">
    <p class='ocr_par' dir='ltr' id='par_1_46' title="bbox 238 2878 1835 2965">
     <span class='ocr_line' id='line_1_46' title="bbox 238 2878 1835 2965; baseline -0.004 -21"><span class='ocrx_word' id='word_1_288' title='bbox 238 2908 490 2965; x_wconf 74' lang='lat' dir='ltr'><strong>gucmus,</strong></span> <span class='ocrx_word' id='word_1_289' title='bbox 526 2899 578 2946; x_wconf 87' lang='lat' dir='ltr'><strong>et</strong></span> <span class='ocrx_word' id='word_1_290' title='bbox 609 2878 676 2943; x_wconf 73' lang='lat' dir='ltr'><strong>ab</strong></span> <span class='ocrx_word' id='word_1_291' title='bbox 709 2888 1018 2959; x_wconf 59' lang='lat' dir='ltr'><strong>apostolica:</strong></span> <span class='ocrx_word' id='word_1_292' title='bbox 1045 2885 1190 2942; x_wconf 77' lang='lat' dir='ltr'><strong>sedis</strong></span> <span class='ocrx_word' id='word_1_293' title='bbox 1216 2883 1599 2940; x_wconf 90' lang='lat' dir='ltr'><strong>communione</strong></span> <span class='ocrx_word' id='word_1_294' title='bbox 1637 2881 1835 2938; x_wconf 90' lang='lat' dir='ltr'><strong>merito</strong></span> 
     </span>
    </p>
   </div>
   <div class='ocr_carea' id='block_1_47' title="bbox 236 2981 1104 3055">
    <p class='ocr_par' dir='ltr' id='par_1_47' title="bbox 236 2981 1104 3055">
     <span class='ocr_line' id='line_1_47' title="bbox 236 2981 1104 3055; baseline -0.009 -14"><span class='ocrx_word' id='word_1_295' title='bbox 236 2984 636 3055; x_wconf 79' lang='lat' dir='ltr'><strong>separabimus.</strong></span> <span class='ocrx_word' id='word_1_296' title='bbox 670 2981 804 3034; x_wconf 83' lang='lat' dir='ltr'><strong>Data</strong></span> <span class='ocrx_word' id='word_1_297' title='bbox 840 2988 893 3033; x_wconf 85' lang='lat' dir='ltr'><strong>ut</strong></span> <span class='ocrx_word' id='word_1_298' title='bbox 922 2996 1104 3050; x_wconf 83' lang='lat' dir='ltr'><strong>supra.</strong></span> 
     </span>
    </p>
   </div>
   <div class='ocr_carea' id='block_1_48' title="bbox 946 3072 1132 3130">
    <p class='ocr_par' dir='ltr' id='par_1_48' title="bbox 946 3072 1132 3130">
     <span class='ocr_line' id='line_1_48' title="bbox 946 3072 1132 3130; baseline 0 0"><span class='ocrx_word' id='word_1_299' title='bbox 946 3072 1132 3130; x_wconf 75' lang='lat' dir='ltr'><strong>XCIX.</strong></span> 
     </span>
    </p>
   </div>
   <div class='ocr_carea' id='block_1_49' title="bbox 493 3178 1580 3227">
    <p class='ocr_par' dir='ltr' id='par_1_49' title="bbox 493 3178 1580 3227">
     <span class='ocr_line' id='line_1_49' title="bbox 493 3178 1580 3227; baseline -0.007 -1"><span class='ocrx_word' id='word_1_300' title='bbox 493 3188 559 3227; x_wconf 79' lang='lat' dir='ltr'><strong>AD</strong></span> <span class='ocrx_word' id='word_1_301' title='bbox 599 3185 913 3226; x_wconf 69' lang='lat' dir='ltr'><strong>LANDL’LFUM</strong></span> <span class='ocrx_word' id='word_1_302' title='bbox 953 3180 1243 3223; x_wconf 56' lang='lat' dir='ltr'><strong>EPISCOPUSI</strong></span> <span class='ocrx_word' id='word_1_303' title='bbox 1278 3178 1580 3221; x_wconf 69' lang='lat' dir='ltr'><strong>CAPUANUM.</strong></span> 
     </span>
    </p>
   </div>
   <div class='ocr_carea' id='block_1_50' title="bbox 848 3258 1212 3331">
    <p class='ocr_par' dir='ltr' id='par_1_50' title="bbox 848 3258 1212 3331">
     <span class='ocr_line' id='line_1_50' title="bbox 848 3258 1212 3331; baseline -0.008 -18"><span class='ocrx_word' id='word_1_304' title='bbox 848 3260 1026 3331; x_wconf 80' lang='lat' dir='ltr'><strong>(Anno</strong></span> <span class='ocrx_word' id='word_1_305' title='bbox 1064 3258 1212 3328; x_wconf 87' lang='lat'><strong>877.)</strong></span> 
     </span>
    </p>
   </div>
   <div class='ocr_carea' id='block_1_51' title="bbox 240 3344 1849 3417">
    <p class='ocr_par' dir='ltr' id='par_1_51' title="bbox 240 3344 1849 3417">
     <span class='ocr_line' id='line_1_51' title="bbox 240 3344 1849 3417; baseline -0.011 -1"><span class='ocrx_word' id='word_1_306' title='bbox 240 3352 422 3416; x_wconf 68' lang='lat' dir='ltr'><strong>Monet</strong></span> <span class='ocrx_word' id='word_1_307' title='bbox 451 3365 509 3410; x_wconf 81' lang='lat' dir='ltr'><strong>ut</strong></span> <span class='ocrx_word' id='word_1_308' title='bbox 537 3354 827 3410; x_wconf 78' lang='lat' dir='ltr'><strong>consentiat</strong></span> <span class='ocrx_word' id='word_1_309' title='bbox 871 3368 988 3405; x_wconf 84' lang='lat' dir='ltr'><strong>cum</strong></span> <span class='ocrx_word' id='word_1_310' title='bbox 1027 3349 1317 3405; x_wconf 71' lang='lat' dir='ltr'><strong>Athanasio</strong></span> <span class='ocrx_word' id='word_1_311' title='bbox 1360 3349 1599 3417; x_wconf 83' lang='lat' dir='ltr'><strong>episcopo</strong></span> <span class='ocrx_word' id='word_1_312' title='bbox 1628 3344 1849 3417; x_wconf 78' lang='lat' dir='ltr'><strong>Neapo-&#39;</strong></span> 
     </span>
    </p>
   </div>
   <div class='ocr_carea' id='block_1_52' title="bbox 314 3420 1843 3489">
    <p class='ocr_par' dir='ltr' id='par_1_52' title="bbox 314 3420 1843 3489">
     <span class='ocr_line' id='line_1_52' title="bbox 314 3420 1843 3489; baseline -0.008 -7"><span class='ocrx_word' id='word_1_313' title='bbox 314 3431 482 3482; x_wconf 76' lang='lat' dir='ltr'><strong>litano</strong></span> <span class='ocrx_word' id='word_1_314' title='bbox 497 3427 566 3481; x_wconf 81' lang='lat' dir='ltr'><strong>ad</strong></span> <span class='ocrx_word' id='word_1_315' title='bbox 584 3425 833 3478; x_wconf 69' lang='lat' dir='ltr'><strong>Ecclesia:</strong></span> <span class='ocrx_word' id='word_1_316' title='bbox 847 3422 1102 3476; x_wconf 65' lang='lat' dir='ltr'><strong>Romana:</strong></span> <span class='ocrx_word' id='word_1_317' title='bbox 1116 3420 1467 3489; x_wconf 78' lang='lat' dir='ltr'><strong>defensionem</strong></span> <span class='ocrx_word' id='word_1_318' title='bbox 1484 3427 1562 3471; x_wconf 85' lang='lat' dir='ltr'><strong>:et</strong></span> <span class='ocrx_word' id='word_1_319' title='bbox 1576 3430 1720 3471; x_wconf 86' lang='lat' dir='ltr'><strong>curet</strong></span> <span class='ocrx_word' id='word_1_320' title='bbox 1744 3434 1843 3485; x_wconf 75' lang='lat' dir='ltr'><strong>pa-</strong></span> 
     </span>
    </p>
   </div>
   <div class='ocr_carea' id='block_1_53' title="bbox 314 3489 1765 3563">
    <p class='ocr_par' dir='ltr' id='par_1_53' title="bbox 314 3489 1765 3563">
     <span class='ocr_line' id='line_1_53' title="bbox 314 3489 1765 3563; baseline -0.01 -8"><span class='ocrx_word' id='word_1_321' title='bbox 314 3512 455 3555; x_wconf 80' lang='lat' dir='ltr'><strong>ctum</strong></span> <span class='ocrx_word' id='word_1_322' title='bbox 479 3515 599 3553; x_wconf 79' lang='lat' dir='ltr'><strong>cum</strong></span> <span class='ocrx_word' id='word_1_323' title='bbox 620 3495 953 3562; x_wconf 80' lang='lat' dir='ltr'><strong>Amalﬁtanis</strong></span> <span class='ocrx_word' id='word_1_324' title='bbox 976 3493 1201 3563; x_wconf 77' lang='lat' dir='ltr'><strong>factum,</strong></span> <span class='ocrx_word' id='word_1_325' title='bbox 1225 3492 1288 3545; x_wconf 76' lang='lat' dir='ltr'><strong>ab</strong></span> <span class='ocrx_word' id='word_1_326' title='bbox 1316 3491 1441 3562; x_wconf 79' lang='lat' dir='ltr'><strong>ipsis</strong></span> <span class='ocrx_word' id='word_1_327' title='bbox 1480 3489 1765 3544; x_wconf 79' lang='lat' dir='ltr'><strong>observari.</strong></span> 
     </span>
    </p>
   </div>
   <div class='ocr_carea' id='block_1_54' title="bbox 313 3601 1841 3673">
    <p class='ocr_par' dir='ltr' id='par_1_54' title="bbox 313 3601 1841 3673">
     <span class='ocr_line' id='line_1_54' title="bbox 313 3601 1841 3673; baseline -0.006 -7"><span class='ocrx_word' id='word_1_328' title='bbox 313 3608 792 3666; x_wconf 80' lang='lat' dir='ltr'><strong>Reverendissimo</strong></span> <span class='ocrx_word' id='word_1_329' title='bbox 820 3616 875 3663; x_wconf 93' lang='lat' dir='ltr'><strong>et</strong></span> <span class='ocrx_word' id='word_1_330' title='bbox 903 3604 1249 3661; x_wconf 86' lang='lat' dir='ltr'><strong>sanctissimo</strong></span> <span class='ocrx_word' id='word_1_331' title='bbox 1270 3602 1561 3658; x_wconf 73' lang='lat' dir='ltr'><strong>LANDULFO</strong></span> <span class='ocrx_word' id='word_1_332' title='bbox 1585 3601 1841 3673; x_wconf 89' lang='lat' dir='ltr'><strong>episcopo</strong></span> 
     </span>
    </p>
   </div>
   <div class='ocr_carea' id='block_1_55' title="bbox 238 3703 523 3775">
    <p class='ocr_par' dir='ltr' id='par_1_55' title="bbox 238 3703 523 3775">
     <span class='ocr_line' id='line_1_55' title="bbox 238 3703 523 3775; baseline -0.018 -15"><span class='ocrx_word' id='word_1_333' title='bbox 238 3703 523 3775; x_wconf 80' lang='lat' dir='ltr'><strong>Capuano.</strong></span> 
     </span>
    </p>
   </div>
   <div class='ocr_carea' id='block_1_56' title="bbox 318 3783 1845 3865">
    <p class='ocr_par' dir='ltr' id='par_1_56' title="bbox 318 3783 1845 3865">
     <span class='ocr_line' id='line_1_56' title="bbox 318 3783 1845 3865; baseline -0.007 -15"><span class='ocrx_word' id='word_1_334' title='bbox 318 3793 537 3865; x_wconf 78' lang='lat' dir='ltr'><strong>Quanto</strong></span> <span class='ocrx_word' id='word_1_335' title='bbox 570 3792 751 3849; x_wconf 87' lang='lat' dir='ltr'><strong>studio</strong></span> <span class='ocrx_word' id='word_1_336' title='bbox 778 3798 870 3847; x_wconf 85' lang='lat' dir='ltr'><strong>tua</strong></span> <span class='ocrx_word' id='word_1_337' title='bbox 900 3787 1120 3846; x_wconf 86' lang='lat' dir='ltr'><strong>dilectio</strong></span> <span class='ocrx_word' id='word_1_338' title='bbox 1148 3794 1351 3858; x_wconf 84' lang='lat' dir='ltr'><strong>tuaque</strong></span> <span class='ocrx_word' id='word_1_339' title='bbox 1385 3786 1620 3859; x_wconf 75' lang='lat' dir='ltr'><strong>benigna</strong></span> <span class='ocrx_word' id='word_1_340' title='bbox 1648 3783 1845 3841; x_wconf 86' lang='lat' dir='ltr'><strong>frater-</strong></span> 
     </span>
    </p>
   </div>
   <div class='ocr_carea' id='block_1_57' title="bbox 210 3876 1845 3959">
    <p class='ocr_par' dir='ltr' id='par_1_57' title="bbox 210 3876 1845 3959">
     <span class='ocr_line' id='line_1_57' title="bbox 210 3876 1845 3959; baseline -0.007 -14"><span class='ocrx_word' id='word_1_341' title='bbox 210 3934 213 3935; x_wconf 43' lang='grc' dir='ltr'><em>ν</em></span> <span class='ocrx_word' id='word_1_342' title='bbox 243 3890 397 3945; x_wconf 84' lang='lat' dir='ltr'><strong>nitas</strong></span> <span class='ocrx_word' id='word_1_343' title='bbox 419 3901 552 3959; x_wconf 76' lang='lat' dir='ltr'><strong>erga</strong></span> <span class='ocrx_word' id='word_1_344' title='bbox 580 3884 952 3941; x_wconf 84' lang='lat' dir='ltr'><strong>defensionem</strong></span> <span class='ocrx_word' id='word_1_345' title='bbox 981 3896 1048 3938; x_wconf 88' lang='lat' dir='ltr'><strong>ac</strong></span> <span class='ocrx_word' id='word_1_346' title='bbox 1071 3879 1451 3936; x_wconf 85' lang='lat' dir='ltr'><strong>liberationem</strong></span> <span class='ocrx_word' id='word_1_347' title='bbox 1494 3876 1845 3948; x_wconf 81' lang='lat' dir='ltr'><strong>obsequium—</strong></span> 
     </span>
    </p>
   </div>
   <div class='ocr_carea' id='block_1_58' title="bbox 249 3969 1845 4054">
    <p class='ocr_par' dir='ltr' id='par_1_58' title="bbox 249 3969 1845 4054">
     <span class='ocr_line' id='line_1_58' title="bbox 249 3969 1845 4054; baseline -0.006 -19"><span class='ocrx_word' id='word_1_348' title='bbox 249 3997 359 4054; x_wconf 84' lang='lat' dir='ltr'><strong>que</strong></span> <span class='ocrx_word' id='word_1_349' title='bbox 382 3987 584 4036; x_wconf 66' lang='lat' dir='ltr'><strong>sancta:</strong></span> <span class='ocrx_word' id='word_1_350' title='bbox 609 3977 868 4033; x_wconf 71' lang='lat' dir='ltr'><strong>Romanae</strong></span> <span class='ocrx_word' id='word_1_351' title='bbox 884 3974 1162 4039; x_wconf 75' lang='lat' dir='ltr'><strong>Ecclesiae,</strong></span> <span class='ocrx_word' id='word_1_352' title='bbox 1186 3972 1300 4039; x_wconf 90' lang='lat' dir='ltr'><strong>cui,</strong></span> <span class='ocrx_word' id='word_1_353' title='bbox 1328 3971 1441 4029; x_wconf 88' lang='lat' dir='ltr'><strong>Deo</strong></span> <span class='ocrx_word' id='word_1_354' title='bbox 1461 3980 1702 4039; x_wconf 85' lang='lat' dir='ltr'><strong>auctore,</strong></span> <span class='ocrx_word' id='word_1_355' title='bbox 1726 3969 1845 4027; x_wconf 85' lang='lat' dir='ltr'><strong>cul-</strong></span> 
     </span>
    </p>
   </div>
   <div class='ocr_carea' id='block_1_59' title="bbox 245 4055 1846 4144">
    <p class='ocr_par' dir='ltr' id='par_1_59' title="bbox 245 4055 1846 4144">
     <span class='ocr_line' id='line_1_59' title="bbox 245 4055 1846 4144; baseline -0.007 -13"><span class='ocrx_word' id='word_1_356' title='bbox 245 4075 398 4131; x_wconf 87' lang='lat' dir='ltr'><strong>mine</strong></span> <span class='ocrx_word' id='word_1_357' title='bbox 419 4055 791 4144; x_wconf 73' lang='lat' dir='ltr'><strong>praasidemus,</strong></span> <span class='ocrx_word' id='word_1_358' title='bbox 810 4060 1157 4132; x_wconf 84' lang='lat' dir='ltr'><strong>laboraverit,</strong></span> <span class='ocrx_word' id='word_1_359' title='bbox 1178 4065 1413 4136; x_wconf 89' lang='lat' dir='ltr'><strong>totisque</strong></span> <span class='ocrx_word' id='word_1_360' title='bbox 1435 4064 1647 4120; x_wconf 88' lang='lat' dir='ltr'><strong>nisibus</strong></span> <span class='ocrx_word' id='word_1_361' title='bbox 1665 4063 1846 4121; x_wconf 84' lang='lat' dir='ltr'><strong>cordis</strong></span> 
     </span>
    </p>
   </div>
   <div class='ocr_carea' id='block_1_60' title="bbox 246 4156 1857 4240">
    <p class='ocr_par' dir='ltr' id='par_1_60' title="bbox 246 4156 1857 4240">
     <span class='ocr_line' id='line_1_60' title="bbox 246 4156 1857 4240; baseline -0.008 -15"><span class='ocrx_word' id='word_1_362' title='bbox 246 4168 305 4225; x_wconf 87' lang='lat' dir='ltr'><strong>in</strong></span> <span class='ocrx_word' id='word_1_363' title='bbox 320 4176 477 4240; x_wconf 89' lang='lat' dir='ltr'><strong>parte</strong></span> <span class='ocrx_word' id='word_1_364' title='bbox 490 4165 660 4224; x_wconf 89' lang='lat' dir='ltr'><strong>nostri</strong></span> <span class='ocrx_word' id='word_1_365' title='bbox 674 4163 853 4236; x_wconf 88' lang='lat' dir='ltr'><strong>operis</strong></span> <span class='ocrx_word' id='word_1_366' title='bbox 868 4161 1230 4224; x_wconf 88' lang='lat' dir='ltr'><strong>desudaverit,</strong></span> <span class='ocrx_word' id='word_1_367' title='bbox 1245 4157 1427 4216; x_wconf 85' lang='lat' dir='ltr'><strong>sedula</strong></span> <span class='ocrx_word' id='word_1_368' title='bbox 1443 4156 1857 4214; x_wconf 77' lang='lat' dir='ltr'><strong>reminiscimur</strong></span> 
     </span>
    </p>
   </div>
   <div class='ocr_carea' id='block_1_61' title="bbox 248 4251 1848 4336">
    <p class='ocr_par' dir='ltr' id='par_1_61' title="bbox 248 4251 1848 4336">
     <span class='ocr_line' id='line_1_61' title="bbox 248 4251 1848 4336; baseline -0.007 -18"><span class='ocrx_word' id='word_1_369' title='bbox 248 4260 439 4336; x_wconf 86' lang='lat' dir='ltr'><strong>procul</strong></span> <span class='ocrx_word' id='word_1_370' title='bbox 474 4259 638 4315; x_wconf 86' lang='lat' dir='ltr'><strong>dubio</strong></span> <span class='ocrx_word' id='word_1_371' title='bbox 665 4256 1060 4320; x_wconf 74' lang='lat' dir='ltr'><strong>recordatione,</strong></span> <span class='ocrx_word' id='word_1_372' title='bbox 1098 4263 1299 4326; x_wconf 87' lang='lat' dir='ltr'><strong>tuaque</strong></span> <span class='ocrx_word' id='word_1_373' title='bbox 1325 4253 1396 4309; x_wconf 89' lang='lat' dir='ltr'><strong>ob</strong></span> <span class='ocrx_word' id='word_1_374' title='bbox 1426 4253 1529 4309; x_wconf 89' lang='lat' dir='ltr'><strong>hoc</strong></span> <span class='ocrx_word' id='word_1_375' title='bbox 1557 4251 1848 4307; x_wconf 89' lang='lat' dir='ltr'><strong>retributio</strong></span> 
     </span>
    </p>
   </div>
   <div class='ocr_carea' id='block_1_62' title="bbox 252 4345 1848 4426">
    <p class='ocr_par' dir='ltr' id='par_1_62' title="bbox 252 4345 1848 4426">
     <span class='ocr_line' id='line_1_62' title="bbox 252 4345 1848 4426; baseline -0.009 -12"><span class='ocrx_word' id='word_1_376' title='bbox 252 4368 365 4414; x_wconf 83' lang='lat' dir='ltr'><strong>tam</strong></span> <span class='ocrx_word' id='word_1_377' title='bbox 388 4354 528 4426; x_wconf 86' lang='lat' dir='ltr'><strong>apud</strong></span> <span class='ocrx_word' id='word_1_378' title='bbox 546 4354 712 4409; x_wconf 86' lang='lat' dir='ltr'><strong>Deum</strong></span> <span class='ocrx_word' id='word_1_379' title='bbox 736 4367 899 4423; x_wconf 88' lang='lat' dir='ltr'><strong>quam</strong></span> <span class='ocrx_word' id='word_1_380' title='bbox 919 4351 1058 4420; x_wconf 85' lang='lat' dir='ltr'><strong>apud</strong></span> <span class='ocrx_word' id='word_1_381' title='bbox 1083 4363 1181 4403; x_wconf 90' lang='lat' dir='ltr'><strong>nos</strong></span> <span class='ocrx_word' id='word_1_382' title='bbox 1200 4349 1305 4404; x_wconf 90' lang='lat' dir='ltr'><strong>erit</strong></span> <span class='ocrx_word' id='word_1_383' title='bbox 1330 4347 1381 4403; x_wconf 89' lang='lat' dir='ltr'><strong>in</strong></span> <span class='ocrx_word' id='word_1_384' title='bbox 1414 4355 1665 4417; x_wconf 83' lang='lat' dir='ltr'><strong>promptu</strong></span> <span class='ocrx_word' id='word_1_385' title='bbox 1688 4345 1848 4401; x_wconf 86' lang='lat' dir='ltr'><strong>indu-</strong></span> 
     </span>
    </p>
   </div>
   <div class='ocr_carea' id='block_1_63' title="bbox 249 4438 1843 4518">
    <p class='ocr_par' dir='ltr' id='par_1_63' title="bbox 249 4438 1843 4518">
     <span class='ocr_line' id='line_1_63' title="bbox 249 4438 1843 4518; baseline -0.007 -13"><span class='ocrx_word' id='word_1_386' title='bbox 249 4451 491 4505; x_wconf 84' lang='lat' dir='ltr'><strong>bitanter</strong></span> <span class='ocrx_word' id='word_1_387' title='bbox 510 4455 716 4518; x_wconf 88' lang='lat' dir='ltr'><strong>parata.</strong></span> <span class='ocrx_word' id='word_1_388' title='bbox 735 4445 1095 4514; x_wconf 81' lang='lat' dir='ltr'><strong>Quapropter,</strong></span> <span class='ocrx_word' id='word_1_389' title='bbox 1120 4441 1247 4511; x_wconf 88' lang='lat' dir='ltr'><strong>quia</strong></span> <span class='ocrx_word' id='word_1_390' title='bbox 1261 4450 1313 4496; x_wconf 91' lang='lat' dir='ltr'><strong>te</strong></span> <span class='ocrx_word' id='word_1_391' title='bbox 1332 4439 1489 4496; x_wconf 89' lang='lat' dir='ltr'><strong>valde</strong></span> <span class='ocrx_word' id='word_1_392' title='bbox 1510 4440 1763 4495; x_wconf 89' lang='lat' dir='ltr'><strong>idoneum</strong></span> <span class='ocrx_word' id='word_1_393' title='bbox 1788 4438 1843 4494; x_wconf 89' lang='lat' dir='ltr'><strong>in</strong></span> 
     </span>
    </p>
   </div>
   <div class='ocr_carea' id='block_1_64' title="bbox 2000 1846 3143 1927">
    <p class='ocr_par' dir='ltr' id='par_1_64' title="bbox 2000 1846 3143 1927">
     <span class='ocr_line' id='line_1_64' title="bbox 2000 1846 3143 1927; baseline 0.01 -28"><span class='ocrx_word' id='word_1_394' title='bbox 2000 1846 2390 1903; x_wconf 84' lang='lat' dir='ltr'><strong>Amantissimo</strong></span> <span class='ocrx_word' id='word_1_395' title='bbox 2429 1847 2540 1905; x_wconf 76' lang='lat' dir='ltr'><strong>filio</strong></span> <span class='ocrx_word' id='word_1_396' title='bbox 2562 1848 2861 1909; x_wconf 73' lang='lat' dir='ltr'><strong>GUAll-‘Eklo</strong></span> <span class='ocrx_word' id='word_1_397' title='bbox 2888 1852 3143 1927; x_wconf 90' lang='lat' dir='ltr'><strong>principi.</strong></span> 
     </span>
    </p>
   </div>
   <div class='ocr_carea' id='block_1_65' title="bbox 2003 1937 3525 2025">
    <p class='ocr_par' dir='ltr' id='par_1_65' title="bbox 2003 1937 3525 2025">
     <span class='ocr_line' id='line_1_65' title="bbox 2003 1937 3525 2025; baseline 0.012 -33"><span class='ocrx_word' id='word_1_398' title='bbox 2003 1937 2357 1996; x_wconf 86' lang='lat' dir='ltr'><strong>Devotionem</strong></span> <span class='ocrx_word' id='word_1_399' title='bbox 2384 1941 2553 2011; x_wconf 77' lang='lat' dir='ltr'><strong>igitur</strong></span> <span class='ocrx_word' id='word_1_400' title='bbox 2575 1944 2744 2000; x_wconf 87' lang='lat' dir='ltr'><strong>animi</strong></span> <span class='ocrx_word' id='word_1_401' title='bbox 2768 1947 2845 2001; x_wconf 91' lang='lat' dir='ltr'><strong>tui</strong></span> <span class='ocrx_word' id='word_1_402' title='bbox 2865 1963 2937 2003; x_wconf 78' lang='lat' dir='ltr'><strong>ex</strong></span> <span class='ocrx_word' id='word_1_403' title='bbox 2972 1950 3062 2006; x_wconf 89' lang='lat' dir='ltr'><strong>die</strong></span> <span class='ocrx_word' id='word_1_404' title='bbox 3087 1965 3192 2022; x_wconf 90' lang='lat' dir='ltr'><strong>qua</strong></span> <span class='ocrx_word' id='word_1_405' title='bbox 3219 1959 3275 2009; x_wconf 90' lang='lat' dir='ltr'><strong>te</strong></span> <span class='ocrx_word' id='word_1_406' title='bbox 3295 1955 3525 2025; x_wconf 78' lang='lat' dir='ltr'><strong>cognovi</strong></span> 
     </span>
    </p>
   </div>
   <div class='ocr_carea' id='block_1_66' title="bbox 1930 2033 3526 2113">
    <p class='ocr_par' dir='ltr' id='par_1_66' title="bbox 1930 2033 3526 2113">
     <span class='ocr_line' id='line_1_66' title="bbox 1930 2033 3526 2113; baseline 0.011 -27"><span class='ocrx_word' id='word_1_407' title='bbox 1930 2033 2124 2103; x_wconf 89' lang='lat' dir='ltr'><strong>paucis</strong></span> <span class='ocrx_word' id='word_1_408' title='bbox 2173 2035 2356 2090; x_wconf 87' lang='lat' dir='ltr'><strong>verbis</strong></span> <span class='ocrx_word' id='word_1_409' title='bbox 2407 2036 2684 2105; x_wconf 78' lang='lat' dir='ltr'><strong>explicare</strong></span> <span class='ocrx_word' id='word_1_410' title='bbox 2714 2054 2822 2095; x_wconf 93' lang='lat' dir='ltr'><strong>non</strong></span> <span class='ocrx_word' id='word_1_411' title='bbox 2871 2044 3132 2113; x_wconf 88' lang='lat' dir='ltr'><strong>possum?</strong></span> <span class='ocrx_word' id='word_1_412' title='bbox 3178 2040 3296 2102; x_wconf 80' lang='lat' dir='ltr'><strong>Hoc</strong></span> <span class='ocrx_word' id='word_1_413' title='bbox 3347 2055 3526 2104; x_wconf 85' lang='lat' dir='ltr'><strong>tamen</strong></span> 
     </span>
    </p>
   </div>
   <div class='ocr_carea' id='block_1_67' title="bbox 1933 2128 3529 2208">
    <p class='ocr_par' dir='ltr' id='par_1_67' title="bbox 1933 2128 3529 2208">
     <span class='ocr_line' id='line_1_67' title="bbox 1933 2128 3529 2208; baseline 0.012 -29"><span class='ocrx_word' id='word_1_414' title='bbox 1933 2128 2205 2182; x_wconf 86' lang='lat' dir='ltr'><strong>veraciter</strong></span> <span class='ocrx_word' id='word_1_415' title='bbox 2234 2129 2439 2184; x_wconf 90' lang='lat' dir='ltr'><strong>scimus</strong></span> <span class='ocrx_word' id='word_1_416' title='bbox 2479 2133 2610 2199; x_wconf 85' lang='lat' dir='ltr'><strong>quia</strong></span> <span class='ocrx_word' id='word_1_417' title='bbox 2661 2131 2808 2204; x_wconf 84' lang='lat' dir='ltr'><strong>[edit.</strong></span> <span class='ocrx_word' id='word_1_418' title='bbox 2850 2134 3027 2202; x_wconf 72' lang='lat' dir='ltr'><strong>Rom,</strong></span> <span class='ocrx_word' id='word_1_419' title='bbox 3060 2140 3199 2208; x_wconf 88' lang='lat' dir='ltr'><strong>apud</strong></span> <span class='ocrx_word' id='word_1_420' title='bbox 3251 2138 3422 2196; x_wconf 89' lang='lat' dir='ltr'><strong>Deum</strong></span> <span class='ocrx_word' id='word_1_421' title='bbox 3472 2150 3529 2197; x_wconf 92' lang='lat' dir='ltr'><strong>et</strong></span> 
     </span>
    </p>
   </div>
   <div class='ocr_carea' id='block_1_68' title="bbox 1933 2218 3528 2290">
    <p class='ocr_par' dir='ltr' id='par_1_68' title="bbox 1933 2218 3528 2290">
     <span class='ocr_line' id='line_1_68' title="bbox 1933 2218 3528 2290; baseline 0.011 -20"><span class='ocrx_word' id='word_1_422' title='bbox 1933 2218 2098 2287; x_wconf 89' lang='lat' dir='ltr'><strong>apud,</strong></span> <span class='ocrx_word' id='word_1_423' title='bbox 2129 2218 2263 2290; x_wconf 91' lang='lat' dir='ltr'><strong>etc.]</strong></span> <span class='ocrx_word' id='word_1_424' title='bbox 2310 2222 2452 2290; x_wconf 88' lang='lat' dir='ltr'><strong>apud</strong></span> <span class='ocrx_word' id='word_1_425' title='bbox 2484 2237 2582 2276; x_wconf 91' lang='lat' dir='ltr'><strong>nos</strong></span> <span class='ocrx_word' id='word_1_426' title='bbox 2621 2223 2714 2279; x_wconf 92' lang='lat' dir='ltr'><strong>tibi</strong></span> <span class='ocrx_word' id='word_1_427' title='bbox 2764 2228 2945 2281; x_wconf 89' lang='lat' dir='ltr'><strong>omnia</strong></span> <span class='ocrx_word' id='word_1_428' title='bbox 2995 2228 3140 2283; x_wconf 86' lang='lat' dir='ltr'><strong>salva</strong></span> <span class='ocrx_word' id='word_1_429' title='bbox 3175 2241 3528 2288; x_wconf 86' lang='lat' dir='ltr'><strong>reservantur</strong></span> 
     </span>
    </p>
   </div>
   <div class='ocr_carea' id='block_1_69' title="bbox 1936 2315 3555 2389">
    <p class='ocr_par' dir='ltr' id='par_1_69' title="bbox 1936 2315 3555 2389">
     <span class='ocr_line' id='line_1_69' title="bbox 1936 2315 3555 2389; baseline 0.01 -24"><span class='ocrx_word' id='word_1_430' title='bbox 1936 2317 2181 2380; x_wconf 90' lang='lat' dir='ltr'><strong>tempore</strong></span> <span class='ocrx_word' id='word_1_431' title='bbox 2228 2322 2553 2383; x_wconf 88' lang='lat' dir='ltr'><strong>opportuno.</strong></span> <span class='ocrx_word' id='word_1_432' title='bbox 2589 2315 2799 2373; x_wconf 86' lang='lat' dir='ltr'><strong>Idcirco</strong></span> <span class='ocrx_word' id='word_1_433' title='bbox 2828 2331 3112 2377; x_wconf 90' lang='lat' dir='ltr'><strong>monentes</strong></span> <span class='ocrx_word' id='word_1_434' title='bbox 3160 2324 3447 2380; x_wconf 86' lang='lat' dir='ltr'><strong>hortamur</strong></span> <span class='ocrx_word' id='word_1_435' title='bbox 3471 2338 3555 2389; x_wconf 64' lang='lat' dir='ltr'><strong>et,</strong></span> 
     </span>
    </p>
   </div>
   <div class='ocr_carea' id='block_1_70' title="bbox 1935 2406 3527 2485">
    <p class='ocr_par' dir='ltr' id='par_1_70' title="bbox 1935 2406 3527 2485">
     <span class='ocr_line' id='line_1_70' title="bbox 1935 2406 3527 2485; baseline 0.011 -27"><span class='ocrx_word' id='word_1_436' title='bbox 1935 2406 2174 2475; x_wconf 81' lang='lat' dir='ltr'><strong>rogando</strong></span> <span class='ocrx_word' id='word_1_437' title='bbox 2198 2407 2454 2477; x_wconf 89' lang='lat' dir='ltr'><strong>jubemus</strong></span> <span class='ocrx_word' id='word_1_438' title='bbox 2483 2409 2560 2463; x_wconf 92' lang='lat' dir='ltr'><strong>uti</strong></span> <span class='ocrx_word' id='word_1_439' title='bbox 2591 2410 2645 2465; x_wconf 92' lang='lat' dir='ltr'><strong>in</strong></span> <span class='ocrx_word' id='word_1_440' title='bbox 2673 2410 2844 2467; x_wconf 89' lang='lat' dir='ltr'><strong>semel</strong></span> <span class='ocrx_word' id='word_1_441' title='bbox 2869 2406 2956 2467; x_wconf 85' lang='lat' dir='ltr'><strong>tua</strong></span> <span class='ocrx_word' id='word_1_442' title='bbox 2996 2424 3251 2485; x_wconf 86' lang='lat' dir='ltr'><strong>percepta</strong></span> <span class='ocrx_word' id='word_1_443' title='bbox 3282 2419 3527 2476; x_wconf 80' lang='lat' dir='ltr'><strong>bonitate</strong></span> 
     </span>
    </p>
   </div>
   <div class='ocr_carea' id='block_1_71' title="bbox 1933 2497 3525 2573">
    <p class='ocr_par' dir='ltr' id='par_1_71' title="bbox 1933 2497 3525 2573">
     <span class='ocr_line' id='line_1_71' title="bbox 1933 2497 3525 2573; baseline 0.011 -24"><span class='ocrx_word' id='word_1_444' title='bbox 1933 2510 2272 2566; x_wconf 84' lang='lat' dir='ltr'><strong>perseveres.</strong></span> <span class='ocrx_word' id='word_1_445' title='bbox 2303 2497 2571 2566; x_wconf 75' lang='lat' dir='ltr'><strong>Quo&#39;niam</strong></span> <span class='ocrx_word' id='word_1_446' title='bbox 2600 2504 2861 2573; x_wconf 86' lang='lat' dir='ltr'><strong>scriptum</strong></span> <span class='ocrx_word' id='word_1_447' title='bbox 2898 2513 3012 2561; x_wconf 89' lang='lat' dir='ltr'><strong>est:</strong></span> <span class='ocrx_word' id='word_1_448' title='bbox 3050 2505 3174 2563; x_wconf 87' lang='lat' dir='ltr'><strong>Non</strong></span> <span class='ocrx_word' id='word_1_449' title='bbox 3204 2510 3382 2565; x_wconf 84' lang='lat' dir='ltr'><strong>tardat</strong></span> <span class='ocrx_word' id='word_1_450' title='bbox 3411 2511 3525 2567; x_wconf 87' lang='lat' dir='ltr'><strong>Do-</strong></span> 
     </span>
    </p>
   </div>
   <div class='ocr_carea' id='block_1_72' title="bbox 1934 2587 3529 2673">
    <p class='ocr_par' dir='ltr' id='par_1_72' title="bbox 1934 2587 3529 2673">
     <span class='ocr_line' id='line_1_72' title="bbox 1934 2587 3529 2673; baseline 0.011 -32"><span class='ocrx_word' id='word_1_451' title='bbox 1934 2587 2109 2643; x_wconf 80' lang='lat' dir='ltr'><strong>minus</strong></span> <span class='ocrx_word' id='word_1_452' title='bbox 2138 2592 2453 2659; x_wconf 78' lang='lat' dir='ltr'><strong>promissttm</strong></span> <span class='ocrx_word' id='word_1_453' title='bbox 2484 2608 2659 2659; x_wconf 80' lang='lat' dir='ltr'><strong>suum,</strong></span> <span class='ocrx_word' id='word_1_454' title='bbox 2695 2595 2861 2651; x_wconf 84' lang='lat' dir='ltr'><strong>donec</strong></span> <span class='ocrx_word' id='word_1_455' title='bbox 2896 2597 3252 2668; x_wconf 78' lang='lat' dir='ltr'><strong>adimpleatnr</strong></span> <span class='ocrx_word' id='word_1_456' title='bbox 3275 2604 3416 2673; x_wconf 64' lang='lat' dir='ltr'><strong>quod</strong></span> <span class='ocrx_word' id='word_1_457' title='bbox 3454 2602 3529 2659; x_wconf 86' lang='lat' dir='ltr'><strong>lo-</strong></span> 
     </span>
    </p>
   </div>
   <div class='ocr_carea' id='block_1_73' title="bbox 1936 2680 3528 2762">
    <p class='ocr_par' dir='ltr' id='par_1_73' title="bbox 1936 2680 3528 2762">
     <span class='ocr_line' id='line_1_73' title="bbox 1936 2680 3528 2762; baseline 0.012 -30"><span class='ocrx_word' id='word_1_458' title='bbox 1936 2688 2088 2733; x_wconf 84' lang='lat' dir='ltr'><strong>culus</strong></span> <span class='ocrx_word' id='word_1_459' title='bbox 2121 2690 2194 2734; x_wconf 79' lang='lat' dir='ltr'><strong>est</strong></span> <span class='ocrx_word' id='word_1_460' title='bbox 2222 2680 2321 2751; x_wconf 91' lang='lat' dir='ltr'><strong>(II</strong></span> <span class='ocrx_word' id='word_1_461' title='bbox 2350 2680 2498 2738; x_wconf 85' lang='lat' dir='ltr'><strong>Petr.</strong></span> <span class='ocrx_word' id='word_1_462' title='bbox 2525 2684 2638 2752; x_wconf 86' lang='lat' dir='ltr'><strong>tn);</strong></span> <span class='ocrx_word' id='word_1_463' title='bbox 2682 2695 2736 2741; x_wconf 92' lang='lat' dir='ltr'><strong>et</strong></span> <span class='ocrx_word' id='word_1_464' title='bbox 2780 2687 2902 2741; x_wconf 87' lang='lat' dir='ltr'><strong>ideo</strong></span> <span class='ocrx_word' id='word_1_465' title='bbox 2932 2703 3092 2745; x_wconf 86' lang='lat' dir='ltr'><strong>nosse</strong></span> <span class='ocrx_word' id='word_1_466' title='bbox 3118 2690 3344 2762; x_wconf 79' lang='lat' dir='ltr'><strong>gloriam</strong></span> <span class='ocrx_word' id='word_1_467' title='bbox 3377 2702 3528 2751; x_wconf 82' lang='lat' dir='ltr'><strong>tuam</strong></span> 
     </span>
    </p>
   </div>
   <div class='ocr_carea' id='block_1_74' title="bbox 1937 2775 3549 2847">
    <p class='ocr_par' dir='ltr' id='par_1_74' title="bbox 1937 2775 3549 2847">
     <span class='ocr_line' id='line_1_74' title="bbox 1937 2775 3549 2847; baseline 0.01 -19"><span class='ocrx_word' id='word_1_468' title='bbox 1937 2775 2185 2844; x_wconf 88' lang='lat' dir='ltr'><strong>cupimus</strong></span> <span class='ocrx_word' id='word_1_469' title='bbox 2214 2775 2339 2845; x_wconf 88' lang='lat' dir='ltr'><strong>quia</strong></span> <span class='ocrx_word' id='word_1_470' title='bbox 2369 2791 2435 2832; x_wconf 80' lang='lat' dir='ltr'><strong>ex</strong></span> <span class='ocrx_word' id='word_1_471' title='bbox 2475 2790 2628 2847; x_wconf 89' lang='lat' dir='ltr'><strong>parte</strong></span> <span class='ocrx_word' id='word_1_472' title='bbox 2659 2780 3107 2837; x_wconf 84' lang='lat' dir='ltr'><strong>Amallitanorum</strong></span> <span class='ocrx_word' id='word_1_473' title='bbox 3139 2786 3345 2841; x_wconf 90' lang='lat' dir='ltr'><strong>nullum</strong></span> <span class='ocrx_word' id='word_1_474' title='bbox 3373 2776 3549 2844; x_wconf 21' lang='lat' dir='ltr'><strong>nobis.</strong></span> 
     </span>
    </p>
   </div>
   <div class='ocr_carea' id='block_1_75' title="bbox 1931 2862 3531 2948">
    <p class='ocr_par' dir='ltr' id='par_1_75' title="bbox 1931 2862 3531 2948">
     <span class='ocr_line' id='line_1_75' title="bbox 1931 2862 3531 2948; baseline 0.009 -29"><span class='ocrx_word' id='word_1_475' title='bbox 1931 2862 2086 2933; x_wconf 80' lang='lat' dir='ltr'><strong>juxta</strong></span> <span class='ocrx_word' id='word_1_476' title='bbox 2110 2867 2419 2922; x_wconf 86' lang='lat' dir='ltr'><strong>condictum</strong></span> <span class='ocrx_word' id='word_1_477' title='bbox 2450 2867 2709 2937; x_wconf 74' lang='lat' dir='ltr'><strong>placitura</strong></span> <span class='ocrx_word' id='word_1_478' title='bbox 2738 2873 3060 2928; x_wconf 85' lang='lat' dir='ltr'><strong>studuerunt</strong></span> <span class='ocrx_word' id='word_1_479' title='bbox 3100 2876 3343 2945; x_wconf 69' lang='lat' dir='ltr'><strong>prmbere</strong></span> <span class='ocrx_word' id='word_1_480' title='bbox 3379 2877 3531 2948; x_wconf 81' lang='lat' dir='ltr'><strong>adju-</strong></span> 
     </span>
    </p>
   </div>
   <div class='ocr_carea' id='block_1_76' title="bbox 1938 2959 3532 3037">
    <p class='ocr_par' dir='ltr' id='par_1_76' title="bbox 1938 2959 3532 3037">
     <span class='ocr_line' id='line_1_76' title="bbox 1938 2959 3532 3037; baseline 0.008 -24"><span class='ocrx_word' id='word_1_481' title='bbox 1938 2959 2141 3015; x_wconf 90' lang='lat' dir='ltr'><strong>torium</strong></span> <span class='ocrx_word' id='word_1_482' title='bbox 2170 2959 2350 3014; x_wconf 87' lang='lat' dir='ltr'><strong>navali</strong></span> <span class='ocrx_word' id='word_1_483' title='bbox 2378 2962 2674 3016; x_wconf 86' lang='lat' dir='ltr'><strong>certamine</strong></span> <span class='ocrx_word' id='word_1_484' title='bbox 2704 2978 2732 3016; x_wconf 82' lang='lat' dir='ltr'><strong>a</strong></span> <span class='ocrx_word' id='word_1_485' title='bbox 2777 2963 3027 3037; x_wconf 81' lang='lat' dir='ltr'><strong>&#39;l‘rajecto</strong></span> <span class='ocrx_word' id='word_1_486' title='bbox 3076 2983 3248 3037; x_wconf 90' lang='lat' dir='ltr'><strong>usque</strong></span> <span class='ocrx_word' id='word_1_487' title='bbox 3274 2968 3532 3025; x_wconf 87' lang='lat' dir='ltr'><strong>Centum-</strong></span> 
     </span>
    </p>
   </div>
   <div class='ocr_carea' id='block_1_77' title="bbox 1939 3036 3530 3121">
    <p class='ocr_par' dir='ltr' id='par_1_77' title="bbox 1939 3036 3530 3121">
     <span class='ocr_line' id='line_1_77' title="bbox 1939 3036 3530 3121; baseline 0.007 -16"><span class='ocrx_word' id='word_1_488' title='bbox 1939 3050 2124 3106; x_wconf 82' lang='lat' dir='ltr'><strong>cellas.</strong></span> <span class='ocrx_word' id='word_1_489' title='bbox 2156 3050 2381 3121; x_wconf 85' lang='lat' dir='ltr'><strong>lnsnper</strong></span> <span class='ocrx_word' id='word_1_490' title='bbox 2422 3052 2654 3121; x_wconf 87' lang='lat' dir='ltr'><strong>quadam</strong></span> <span class='ocrx_word' id='word_1_491' title='bbox 2689 3036 2987 3111; x_wconf 65' lang='lat' dir='ltr'><strong>calliditate</strong></span> <span class='ocrx_word' id='word_1_492' title='bbox 3030 3036 3285 3115; x_wconf 71' lang='lat' dir='ltr'><strong>asserunt</strong></span> <span class='ocrx_word' id='word_1_493' title='bbox 3318 3076 3425 3116; x_wconf 89' lang='lat' dir='ltr'><strong>non</strong></span> <span class='ocrx_word' id='word_1_494' title='bbox 3476 3062 3530 3116; x_wconf 90' lang='lat' dir='ltr'><strong>in</strong></span> 
     </span>
    </p>
   </div>
   <div class='ocr_carea' id='block_1_78' title="bbox 1863 3127 3531 3215">
    <p class='ocr_par' dir='ltr' id='par_1_78' title="bbox 1863 3127 3531 3215">
     <span class='ocr_line' id='line_1_78' title="bbox 1863 3127 3531 3215; baseline 0.005 -17"><span class='ocrx_word' id='word_1_495' title='bbox 1863 3127 1910 3190; x_wconf 69' lang='grc' dir='ltr'>Ο</span> <span class='ocrx_word' id='word_1_496' title='bbox 1943 3143 2131 3199; x_wconf 87' lang='lat' dir='ltr'><strong>decem</strong></span> <span class='ocrx_word' id='word_1_497' title='bbox 2177 3144 2403 3198; x_wconf 80' lang='lat' dir='ltr'><strong>millium</strong></span> <span class='ocrx_word' id='word_1_498' title='bbox 2463 3153 2675 3201; x_wconf 90' lang='lat' dir='ltr'><strong>tantum</strong></span> <span class='ocrx_word' id='word_1_499' title='bbox 2729 3163 3111 3204; x_wconf 88' lang='lat' dir='ltr'><strong>mancusorum</strong></span> <span class='ocrx_word' id='word_1_500' title='bbox 3144 3192 3158 3215; x_wconf 90' lang='lat'><strong>,</strong></span> <span class='ocrx_word' id='word_1_501' title='bbox 3223 3152 3317 3207; x_wconf 86' lang='lat' dir='ltr'><strong>sed</strong></span> <span class='ocrx_word' id='word_1_502' title='bbox 3369 3160 3426 3207; x_wconf 86' lang='lat' dir='ltr'><strong>et</strong></span> <span class='ocrx_word' id='word_1_503' title='bbox 3480 3153 3531 3207; x_wconf 89' lang='lat' dir='ltr'><strong>in</strong></span> 
     </span>
    </p>
   </div>
   <div class='ocr_carea' id='block_1_79' title="bbox 1941 3234 3529 3311">
    <p class='ocr_par' dir='ltr' id='par_1_79' title="bbox 1941 3234 3529 3311">
     <span class='ocr_line' id='line_1_79' title="bbox 1941 3234 3529 3311; baseline 0.006 -23"><span class='ocrx_word' id='word_1_504' title='bbox 1941 3234 2223 3289; x_wconf 87' lang='lat' dir='ltr'><strong>duodecim</strong></span> <span class='ocrx_word' id='word_1_505' title='bbox 2282 3235 2511 3291; x_wconf 89' lang='lat' dir='ltr'><strong>millium</strong></span> <span class='ocrx_word' id='word_1_506' title='bbox 2565 3234 2732 3292; x_wconf 87' lang='lat' dir='ltr'><strong>fuisse</strong></span> <span class='ocrx_word' id='word_1_507' title='bbox 2781 3253 3021 3294; x_wconf 88' lang='lat' dir='ltr'><strong>nostram</strong></span> <span class='ocrx_word' id='word_1_508' title='bbox 3069 3242 3529 3311; x_wconf 85' lang='lat' dir='ltr'><strong>promissionem:</strong></span> 
     </span>
    </p>
   </div>
   <div class='ocr_carea' id='block_1_80' title="bbox 1941 3326 3535 3404">
    <p class='ocr_par' dir='ltr' id='par_1_80' title="bbox 1941 3326 3535 3404">
     <span class='ocr_line' id='line_1_80' title="bbox 1941 3326 3535 3404; baseline 0.005 -22"><span class='ocrx_word' id='word_1_509' title='bbox 1941 3327 2086 3399; x_wconf 90' lang='lat' dir='ltr'><strong>quod</strong></span> <span class='ocrx_word' id='word_1_510' title='bbox 2109 3341 2295 3382; x_wconf 84' lang='lat' dir='ltr'><strong>verum</strong></span> <span class='ocrx_word' id='word_1_511' title='bbox 2324 3326 2472 3383; x_wconf 91' lang='lat' dir='ltr'><strong>nullo</strong></span> <span class='ocrx_word' id='word_1_512' title='bbox 2504 3328 2664 3385; x_wconf 91' lang='lat' dir='ltr'><strong>modo</strong></span> <span class='ocrx_word' id='word_1_513' title='bbox 2690 3338 2927 3395; x_wconf 85' lang='lat' dir='ltr'><strong>constat,</strong></span> <span class='ocrx_word' id='word_1_514' title='bbox 2953 3345 3076 3385; x_wconf 89' lang='lat' dir='ltr'><strong>cum</strong></span> <span class='ocrx_word' id='word_1_515' title='bbox 3108 3341 3162 3388; x_wconf 84' lang='lat' dir='ltr'><strong>et</strong></span> <span class='ocrx_word' id='word_1_516' title='bbox 3182 3334 3282 3404; x_wconf 89' lang='lat' dir='ltr'><strong>ipsi</strong></span> <span class='ocrx_word' id='word_1_517' title='bbox 3308 3335 3535 3390; x_wconf 88' lang='lat' dir='ltr'><strong>abbates</strong></span> 
     </span>
    </p>
   </div>
   <div class='ocr_carea' id='block_1_81' title="bbox 1942 3420 3533 3494">
    <p class='ocr_par' dir='ltr' id='par_1_81' title="bbox 1942 3420 3533 3494">
     <span class='ocr_line' id='line_1_81' title="bbox 1942 3420 3533 3494; baseline 0.001 -19"><span class='ocrx_word' id='word_1_518' title='bbox 1942 3436 2081 3492; x_wconf 88' lang='lat' dir='ltr'><strong>quos</strong></span> <span class='ocrx_word' id='word_1_519' title='bbox 2134 3420 2260 3477; x_wconf 87' lang='lat' dir='ltr'><strong>illuc</strong></span> <span class='ocrx_word' id='word_1_520' title='bbox 2290 3436 2388 3492; x_wconf 89' lang='lat' dir='ltr'><strong>pro</strong></span> <span class='ocrx_word' id='word_1_521' title='bbox 2437 3431 2620 3478; x_wconf 83' lang='lat' dir='ltr'><strong>nostra</strong></span> <span class='ocrx_word' id='word_1_522' title='bbox 2654 3430 2808 3492; x_wconf 88' lang='lat' dir='ltr'><strong>parte</strong></span> <span class='ocrx_word' id='word_1_523' title='bbox 2847 3422 3146 3477; x_wconf 84' lang='lat' dir='ltr'><strong>direximus</strong></span> <span class='ocrx_word' id='word_1_524' title='bbox 3171 3423 3533 3494; x_wconf 86' lang='lat' dir='ltr'><strong>jurejurando</strong></span> 
     </span>
    </p>
   </div>
   <div class='ocr_carea' id='block_1_82' title="bbox 1942 3510 3535 3585">
    <p class='ocr_par' dir='ltr' id='par_1_82' title="bbox 1942 3510 3535 3585">
     <span class='ocr_line' id='line_1_82' title="bbox 1942 3510 3535 3585; baseline 0.003 -18"><span class='ocrx_word' id='word_1_525' title='bbox 1942 3528 2052 3568; x_wconf 93' lang='lat' dir='ltr'><strong>non</strong></span> <span class='ocrx_word' id='word_1_526' title='bbox 2083 3516 2142 3569; x_wconf 86' lang='lat' dir='ltr'><strong>se</strong></span> <span class='ocrx_word' id='word_1_527' title='bbox 2164 3512 2365 3569; x_wconf 84' lang='lat' dir='ltr'><strong>dixisse</strong></span> <span class='ocrx_word' id='word_1_528' title='bbox 2404 3510 2699 3569; x_wconf 79' lang='lat' dir='ltr'><strong>fateantur.</strong></span> <span class='ocrx_word' id='word_1_529' title='bbox 2721 3513 2799 3570; x_wconf 73' lang='lat' dir='ltr'><strong>De</strong></span> <span class='ocrx_word' id='word_1_530' title='bbox 2842 3516 2927 3570; x_wconf 92' lang='lat' dir='ltr'><strong>bis</strong></span> <span class='ocrx_word' id='word_1_531' title='bbox 2964 3529 3093 3570; x_wconf 86' lang='lat' dir='ltr'><strong>vero</strong></span> <span class='ocrx_word' id='word_1_532' title='bbox 3120 3512 3352 3585; x_wconf 84' lang='lat' dir='ltr'><strong>aliisque</strong></span> <span class='ocrx_word' id='word_1_533' title='bbox 3381 3518 3535 3573; x_wconf 89' lang='lat' dir='ltr'><strong>siml-</strong></span> 
     </span>
    </p>
   </div>
   <div class='ocr_carea' id='block_1_83' title="bbox 1944 3596 3536 3681">
    <p class='ocr_par' dir='ltr' id='par_1_83' title="bbox 1944 3596 3536 3681">
     <span class='ocr_line' id='line_1_83' title="bbox 1944 3596 3536 3681; baseline 0.004 -22"><span class='ocrx_word' id='word_1_534' title='bbox 1944 3604 2108 3670; x_wconf 86' lang='lat' dir='ltr'><strong>libus,</strong></span> <span class='ocrx_word' id='word_1_535' title='bbox 2135 3596 2399 3676; x_wconf 82' lang='lat' dir='ltr'><strong>quantum</strong></span> <span class='ocrx_word' id='word_1_536' title='bbox 2427 3607 2481 3661; x_wconf 93' lang='lat' dir='ltr'><strong>in</strong></span> <span class='ocrx_word' id='word_1_537' title='bbox 2513 3608 2670 3663; x_wconf 89' lang='lat' dir='ltr'><strong>nobis</strong></span> <span class='ocrx_word' id='word_1_538' title='bbox 2700 3616 2812 3671; x_wconf 90' lang='lat' dir='ltr'><strong>est,</strong></span> <span class='ocrx_word' id='word_1_539' title='bbox 2837 3608 2934 3680; x_wconf 76' lang='lat' dir='ltr'><strong>per</strong></span> <span class='ocrx_word' id='word_1_540' title='bbox 2973 3604 3201 3681; x_wconf 68' lang='lat' dir='ltr'><strong>gloriam</strong></span> <span class='ocrx_word' id='word_1_541' title='bbox 3243 3615 3348 3662; x_wconf 65' lang='lat' dir='ltr'><strong>tuae</strong></span> <span class='ocrx_word' id='word_1_542' title='bbox 3375 3609 3536 3666; x_wconf 83' lang='lat' dir='ltr'><strong>nobl-</strong></span> 
     </span>
    </p>
   </div>
   <div class='ocr_carea' id='block_1_84' title="bbox 1942 3696 3537 3773">
    <p class='ocr_par' dir='ltr' id='par_1_84' title="bbox 1942 3696 3537 3773">
     <span class='ocr_line' id='line_1_84' title="bbox 1942 3696 3537 3773; baseline 0.004 -21"><span class='ocrx_word' id='word_1_543' title='bbox 1942 3696 2116 3755; x_wconf 83' lang='lat' dir='ltr'><strong>litatis</strong></span> <span class='ocrx_word' id='word_1_544' title='bbox 2168 3698 2572 3770; x_wconf 89' lang='lat' dir='ltr'><strong>correptionem</strong></span> <span class='ocrx_word' id='word_1_545' title='bbox 2630 3714 2958 3771; x_wconf 90' lang='lat' dir='ltr'><strong>omnemque</strong></span> <span class='ocrx_word' id='word_1_546' title='bbox 3027 3712 3314 3773; x_wconf 88' lang='lat' dir='ltr'><strong>speramus</strong></span> <span class='ocrx_word' id='word_1_547' title='bbox 3367 3697 3537 3759; x_wconf 82' lang='lat' dir='ltr'><strong>studii</strong></span> 
     </span>
    </p>
   </div>
   <div class='ocr_carea' id='block_1_85' title="bbox 1943 3789 3532 3876">
    <p class='ocr_par' dir='ltr' id='par_1_85' title="bbox 1943 3789 3532 3876">
     <span class='ocr_line' id='line_1_85' title="bbox 1943 3789 3532 3876; baseline 0.003 -29"><span class='ocrx_word' id='word_1_548' title='bbox 1943 3790 2415 3876; x_wconf 82' lang='lat' dir='ltr'><strong>emendationem;</strong></span> <span class='ocrx_word' id='word_1_549' title='bbox 2446 3791 2614 3861; x_wconf 87' lang='lat' dir='ltr'><strong>quod,</strong></span> <span class='ocrx_word' id='word_1_550' title='bbox 2641 3794 2846 3862; x_wconf 59' lang='lat' dir='ltr'><strong>quaeso,</strong></span> <span class='ocrx_word' id='word_1_551' title='bbox 2871 3789 3052 3851; x_wconf 82' lang='lat' dir='ltr'><strong>facere</strong></span> <span class='ocrx_word' id='word_1_552' title='bbox 3078 3796 3292 3852; x_wconf 85' lang='lat' dir='ltr'><strong>mature</strong></span> <span class='ocrx_word' id='word_1_553' title='bbox 3319 3792 3532 3852; x_wconf 83' lang='lat' dir='ltr'><strong>accele-</strong></span> 
     </span>
    </p>
   </div>
   <div class='ocr_carea' id='block_1_86' title="bbox 1946 3878 2845 3954">
    <p class='ocr_par' dir='ltr' id='par_1_86' title="bbox 1946 3878 2845 3954">
     <span class='ocr_line' id='line_1_86' title="bbox 1946 3878 2845 3954; baseline 0 -17"><span class='ocrx_word' id='word_1_554' title='bbox 1946 3894 2055 3937; x_wconf 89' lang='lat' dir='ltr'><strong>res.</strong></span> <span class='ocrx_word' id='word_1_555' title='bbox 2087 3878 2371 3952; x_wconf 89' lang='lat' dir='ltr'><strong>Optamus.</strong></span> <span class='ocrx_word' id='word_1_556' title='bbox 2404 3880 2542 3939; x_wconf 88' lang='lat' dir='ltr'><strong>Data</strong></span> <span class='ocrx_word' id='word_1_557' title='bbox 2572 3892 2632 3937; x_wconf 82' lang='lat' dir='ltr'><strong>ut</strong></span> <span class='ocrx_word' id='word_1_558' title='bbox 2661 3898 2845 3954; x_wconf 77' lang='lat' dir='ltr'><strong>supra.</strong></span> 
     </span>
    </p>
   </div>
   <div class='ocr_carea' id='block_1_87' title="bbox 2705 3993 2792 4050">
    <p class='ocr_par' dir='ltr' id='par_1_87' title="bbox 2705 3993 2792 4050">
     <span class='ocr_line' id='line_1_87' title="bbox 2705 3993 2792 4050; baseline -0.023 1"><span class='ocrx_word' id='word_1_559' title='bbox 2705 3993 2792 4050; x_wconf 83' lang='lat' dir='ltr'><strong>CI.</strong></span> 
     </span>
    </p>
   </div>
   <div class='ocr_carea' id='block_1_88' title="bbox 2219 4098 3259 4143">
    <p class='ocr_par' dir='ltr' id='par_1_88' title="bbox 2219 4098 3259 4143">
     <span class='ocr_line' id='line_1_88' title="bbox 2219 4098 3259 4143; baseline 0.002 -4"><span class='ocrx_word' id='word_1_560' title='bbox 2219 4100 2287 4139; x_wconf 73' lang='lat' dir='ltr'><strong>AD</strong></span> <span class='ocrx_word' id='word_1_561' title='bbox 2324 4098 2781 4141; x_wconf 70' lang='lat' dir='ltr'><strong>ARCHIEPISCOPUI</strong></span> <span class='ocrx_word' id='word_1_562' title='bbox 2819 4099 3259 4143; x_wconf 68' lang='lat' dir='ltr'><strong>EBREDUNENSEI.</strong></span> 
     </span>
    </p>
   </div>
   <div class='ocr_carea' id='block_1_89' title="bbox 2565 4176 2929 4250">
    <p class='ocr_par' dir='ltr' id='par_1_89' title="bbox 2565 4176 2929 4250">
     <span class='ocr_line' id='line_1_89' title="bbox 2565 4176 2929 4250; baseline 0 -19"><span class='ocrx_word' id='word_1_563' title='bbox 2565 4176 2744 4245; x_wconf 80' lang='lat' dir='ltr'><strong>(Anno</strong></span> <span class='ocrx_word' id='word_1_564' title='bbox 2779 4177 2929 4250; x_wconf 86' lang='grc'>877.)</span> 
     </span>
    </p>
   </div>
   <div class='ocr_carea' id='block_1_90' title="bbox 1952 4268 3538 4347">
    <p class='ocr_par' dir='ltr' id='par_1_90' title="bbox 1952 4268 3538 4347">
     <span class='ocr_line' id='line_1_90' title="bbox 1952 4268 3538 4347; baseline 0.005 -24"><span class='ocrx_word' id='word_1_565' title='bbox 1952 4268 2300 4347; x_wconf 60' lang='lat' dir='ltr'><strong>Reme/tendit</strong></span> <span class='ocrx_word' id='word_1_566' title='bbox 2331 4269 2471 4347; x_wconf 78' lang='lat' dir='ltr'><strong>quod</strong></span> <span class='ocrx_word' id='word_1_567' title='bbox 2494 4269 2658 4347; x_wconf 76' lang='lat' dir='ltr'><strong>alium</strong></span> <span class='ocrx_word' id='word_1_568' title='bbox 2683 4269 3216 4347; x_wconf 62' lang='lat' dir='ltr'><strong>episcopumprietgr</strong></span> <span class='ocrx_word' id='word_1_569' title='bbox 3239 4289 3358 4347; x_wconf 80' lang='lat' dir='ltr'><strong>eum</strong></span> <span class='ocrx_word' id='word_1_570' title='bbox 3384 4291 3538 4347; x_wconf 83' lang='lat' dir='ltr'><strong>quem</strong></span> 
     </span>
    </p>
   </div>
   <div class='ocr_carea' id='block_1_91' title="bbox 2017 4338 3537 4410">
    <p class='ocr_par' dir='ltr' id='par_1_91' title="bbox 2017 4338 3537 4410">
     <span class='ocr_line' id='line_1_91' title="bbox 2017 4338 3537 4410; baseline 0.005 -16"><span class='ocrx_word' id='word_1_571' title='bbox 2017 4338 2186 4395; x_wconf 81' lang='lat' dir='ltr'><strong>clerus</strong></span> <span class='ocrx_word' id='word_1_572' title='bbox 2207 4350 2254 4401; x_wconf 81' lang='lat' dir='ltr'><strong>ct</strong></span> <span class='ocrx_word' id='word_1_573' title='bbox 2277 4338 2502 4410; x_wconf 82' lang='lat' dir='ltr'><strong>populus</strong></span> <span class='ocrx_word' id='word_1_574' title='bbox 2523 4338 2770 4410; x_wconf 87' lang='lat' dir='ltr'><strong>elegerat,</strong></span> <span class='ocrx_word' id='word_1_575' title='bbox 2786 4341 2841 4394; x_wconf 85' lang='lat' dir='ltr'><strong>in</strong></span> <span class='ocrx_word' id='word_1_576' title='bbox 2858 4338 3128 4397; x_wconf 79' lang='lat' dir='ltr'><strong>Venciensi</strong></span> <span class='ocrx_word' id='word_1_577' title='bbox 3141 4343 3382 4400; x_wconf 82' lang='lat' dir='ltr'><strong>Ecclesia</strong></span> <span class='ocrx_word' id='word_1_578' title='bbox 3396 4338 3537 4401; x_wconf 61' lang='lat' dir='ltr'><strong>&#39;cou-</strong></span> 
     </span>
    </p>
   </div>
   <div class='ocr_carea' id='block_1_92' title="bbox 2019 4411 3534 4483">
    <p class='ocr_par' dir='ltr' id='par_1_92' title="bbox 2019 4411 3534 4483">
     <span class='ocr_line' id='line_1_92' title="bbox 2019 4411 3534 4483; baseline 0.003 -18"><span class='ocrx_word' id='word_1_579' title='bbox 2019 4413 2338 4476; x_wconf 71' lang='lat' dir='ltr'><strong>sacraverit&#39;:</strong></span> <span class='ocrx_word' id='word_1_580' title='bbox 2358 4411 2594 4480; x_wconf 73' lang='lat' dir='ltr'><strong>praecipit</strong></span> <span class='ocrx_word' id='word_1_581' title='bbox 2621 4419 2675 4463; x_wconf 86' lang='lat' dir='ltr'><strong>ut</strong></span> <span class='ocrx_word' id='word_1_582' title='bbox 2701 4426 2815 4463; x_wconf 86' lang='lat' dir='ltr'><strong>cum</strong></span> <span class='ocrx_word' id='word_1_583' title='bbox 2846 4420 3065 4483; x_wconf 85' lang='lat' dir='ltr'><strong>utroque</strong></span> <span class='ocrx_word' id='word_1_584' title='bbox 3104 4412 3320 4471; x_wconf 86' lang='lat' dir='ltr'><strong>Romam</strong></span> <span class='ocrx_word' id='word_1_585' title='bbox 3344 4418 3534 4469; x_wconf 67' lang='lat' dir='ltr'><strong>veniat.</strong></span> 
     </span>
    </p>
   </div>
   <div class='ocr_carea' id='block_1_93' title="bbox 254 4499 3544 4607">
    <p class='ocr_par' dir='ltr' id='par_1_93' title="bbox 254 4499 3544 4607">
     <span class='ocr_line' id='line_1_93' title="bbox 254 4499 3544 4607; baseline 0.001 -10"><span class='ocrx_word' id='word_1_586' title='bbox 254 4542 424 4597; x_wconf 87' lang='lat' dir='ltr'><strong>tantis</strong></span> <span class='ocrx_word' id='word_1_587' title='bbox 448 4499 710 4595; x_wconf 57' lang='lat' dir='ltr'><strong>habemus</strong></span> <span class='ocrx_word' id='word_1_588' title='bbox 737 4545 1039 4607; x_wconf 78' lang='lat' dir='ltr'><strong>expertum,</strong></span> <span class='ocrx_word' id='word_1_589' title='bbox 1069 4546 1353 4587; x_wconf 90' lang='lat' dir='ltr'><strong>monemus</strong></span> <span class='ocrx_word' id='word_1_590' title='bbox 1377 4539 1537 4601; x_wconf 73' lang='lat' dir='ltr'><strong>atque</strong></span> <span class='ocrx_word' id='word_1_591' title='bbox 1562 4530 1847 4585; x_wconf 89' lang='lat' dir='ltr'><strong>hortamur</strong></span> <span class='ocrx_word' id='word_1_592' title='bbox 1872 4499 1925 4560; x_wconf 76' lang='lat' dir='ltr'><strong>D</strong></span> <span class='ocrx_word' id='word_1_593' title='bbox 2021 4523 2499 4581; x_wconf 70' lang='lat' dir='ltr'><strong>ReverendiSSimo</strong></span> <span class='ocrx_word' id='word_1_594' title='bbox 2545 4530 2600 4579; x_wconf 76' lang='grc' dir='ltr'><strong>θι</strong></span> <span class='ocrx_word' id='word_1_595' title='bbox 2643 4522 2991 4579; x_wconf 52' lang='lat' dir='ltr'><strong>(“inmissum</strong></span> <span class='ocrx_word' id='word_1_596' title='bbox 3034 4524 3320 4584; x_wconf 63' lang='grc' dir='ltr'><strong>Ακωεκτο</strong></span> <span class='ocrx_word' id='word_1_597' title='bbox 3361 4531 3544 4587; x_wconf 58' lang='lat' dir='ltr'><strong>“&quot;Chi‘</strong></span> 
     </span>
    </p>
   </div>
   <div class='ocr_carea' id='block_1_94' title="bbox 253 4622 1845 4696">
    <p class='ocr_par' dir='ltr' id='par_1_94' title="bbox 253 4622 1845 4696">
     <span class='ocr_line' id='line_1_94' title="bbox 253 4622 1845 4696; baseline -0.008 -6"><span class='ocrx_word' id='word_1_598' title='bbox 253 4649 377 4690; x_wconf 87' lang='lat' dir='ltr'><strong>esse</strong></span> <span class='ocrx_word' id='word_1_599' title='bbox 396 4622 709 4687; x_wconf 86' lang='lat' dir='ltr'><strong>unanimem</strong></span> <span class='ocrx_word' id='word_1_600' title='bbox 736 4644 859 4683; x_wconf 90' lang='lat' dir='ltr'><strong>cum</strong></span> <span class='ocrx_word' id='word_1_601' title='bbox 888 4625 1189 4681; x_wconf 85' lang='lat' dir='ltr'><strong>Athanasio</strong></span> <span class='ocrx_word' id='word_1_602' title='bbox 1212 4623 1566 4693; x_wconf 86' lang='lat' dir='ltr'><strong>Neapolitano</strong></span> <span class='ocrx_word' id='word_1_603' title='bbox 1590 4624 1845 4696; x_wconf 90' lang='lat' dir='ltr'><strong>episcopo</strong></span> 
     </span>
    </p>
   </div>
   <div class='ocr_carea' id='block_1_95' title="bbox 252 4715 1844 4794">
    <p class='ocr_par' dir='ltr' id='par_1_95' title="bbox 252 4715 1844 4794">
     <span class='ocr_line' id='line_1_95' title="bbox 252 4715 1844 4794; baseline -0.008 -11"><span class='ocrx_word' id='word_1_604' title='bbox 252 4728 309 4783; x_wconf 91' lang='lat' dir='ltr'><strong>in</strong></span> <span class='ocrx_word' id='word_1_605' title='bbox 338 4739 502 4781; x_wconf 89' lang='lat' dir='ltr'><strong>causa</strong></span> <span class='ocrx_word' id='word_1_606' title='bbox 528 4721 778 4794; x_wconf 77' lang='lat' dir='ltr'><strong>praesenti</strong></span> <span class='ocrx_word' id='word_1_607' title='bbox 809 4719 1069 4774; x_wconf 67' lang='lat' dir='ltr'><strong>Romanis</strong></span> <span class='ocrx_word' id='word_1_608' title='bbox 1096 4716 1373 4780; x_wconf 67' lang='lat' dir='ltr'><strong>Eeclesim,</strong></span> <span class='ocrx_word' id='word_1_609' title='bbox 1398 4716 1654 4785; x_wconf 89' lang='lat' dir='ltr'><strong>quoniam</strong></span> <span class='ocrx_word' id='word_1_610' title='bbox 1687 4715 1844 4786; x_wconf 85' lang='lat' dir='ltr'><strong>liqui-</strong></span> 
     </span>
    </p>
   </div>
   <div class='ocr_carea' id='block_1_96' title="bbox 253 4808 1846 4891">
    <p class='ocr_par' dir='ltr' id='par_1_96' title="bbox 253 4808 1846 4891">
     <span class='ocr_line' id='line_1_96' title="bbox 253 4808 1846 4891; baseline -0.008 -15"><span class='ocrx_word' id='word_1_611' title='bbox 253 4819 385 4877; x_wconf 89' lang='lat' dir='ltr'><strong>dum</strong></span> <span class='ocrx_word' id='word_1_612' title='bbox 432 4816 583 4891; x_wconf 80' lang='lat' dir='ltr'><strong>[edit.</strong></span> <span class='ocrx_word' id='word_1_613' title='bbox 645 4815 824 4877; x_wconf 85' lang='lat' dir='ltr'><strong>Rom.,</strong></span> <span class='ocrx_word' id='word_1_614' title='bbox 868 4813 1132 4882; x_wconf 86' lang='lat' dir='ltr'><strong>liquidum</strong></span> <span class='ocrx_word' id='word_1_615' title='bbox 1174 4819 1230 4867; x_wconf 89' lang='lat' dir='ltr'><strong>et</strong></span> <span class='ocrx_word' id='word_1_616' title='bbox 1272 4808 1557 4881; x_wconf 90' lang='lat' dir='ltr'><strong>scriptum]</strong></span> <span class='ocrx_word' id='word_1_617' title='bbox 1597 4810 1650 4864; x_wconf 92' lang='lat' dir='ltr'><strong>in</strong></span> <span class='ocrx_word' id='word_1_618' title='bbox 1691 4808 1846 4864; x_wconf 89' lang='lat' dir='ltr'><strong>Salo-</strong></span> 
     </span>
    </p>
   </div>
   <div class='ocr_carea' id='block_1_97' title="bbox 254 4900 1846 4972">
    <p class='ocr_par' dir='ltr' id='par_1_97' title="bbox 254 4900 1846 4972">
     <span class='ocr_line' id='line_1_97' title="bbox 254 4900 1846 4972; baseline -0.008 -3"><span class='ocrx_word' id='word_1_619' title='bbox 254 4924 420 4969; x_wconf 85' lang='lat' dir='ltr'><strong>mone</strong></span> <span class='ocrx_word' id='word_1_620' title='bbox 482 4907 769 4963; x_wconf 87' lang='lat' dir='ltr'><strong>didicimus</strong></span> <span class='ocrx_word' id='word_1_621' title='bbox 820 4923 833 4959; x_wconf 91' lang='lat'><strong>:</strong></span> <span class='ocrx_word' id='word_1_622' title='bbox 886 4901 1183 4971; x_wconf 71' lang='lat' dir='ltr'><strong>Funicalus</strong></span> <span class='ocrx_word' id='word_1_623' title='bbox 1234 4900 1424 4972; x_wconf 70' lang='lat' dir='ltr'><strong>triplex</strong></span> <span class='ocrx_word' id='word_1_624' title='bbox 1457 4900 1692 4969; x_wconf 76' lang='lat' dir='ltr'><strong>difﬁcilis</strong></span> <span class='ocrx_word' id='word_1_625' title='bbox 1746 4901 1846 4956; x_wconf 89' lang='lat' dir='ltr'><strong>erit</strong></span> 
     </span>
    </p>
   </div>
   <div class='ocr_carea' id='block_1_98' title="bbox 257 4992 1849 5079">
    <p class='ocr_par' dir='ltr' id='par_1_98' title="bbox 257 4992 1849 5079">
     <span class='ocr_line' id='line_1_98' title="bbox 257 4992 1849 5079; baseline -0.007 -19"><span class='ocrx_word' id='word_1_626' title='bbox 257 5001 453 5079; x_wconf 76' lang='lat' dir='ltr'><strong>(Eccli.</strong></span> <span class='ocrx_word' id='word_1_627' title='bbox 484 4998 586 5072; x_wconf 85' lang='lat' dir='ltr'><strong>tv),</strong></span> <span class='ocrx_word' id='word_1_628' title='bbox 620 4998 904 5067; x_wconf 85' lang='lat' dir='ltr'><strong>eidemque</strong></span> <span class='ocrx_word' id='word_1_629' title='bbox 935 5002 1121 5051; x_wconf 88' lang='lat' dir='ltr'><strong>nostro</strong></span> <span class='ocrx_word' id='word_1_630' title='bbox 1146 4994 1447 5049; x_wconf 79' lang='lat' dir='ltr'><strong>hortatuet</strong></span> <span class='ocrx_word' id='word_1_631' title='bbox 1474 4992 1849 5049; x_wconf 87' lang='lat' dir='ltr'><strong>admonitione</strong></span> 
     </span>
    </p>
   </div>
   <div class='ocr_carea' id='block_1_99' title="bbox 257 5086 1848 5159">
    <p class='ocr_par' dir='ltr' id='par_1_99' title="bbox 257 5086 1848 5159">
     <span class='ocr_line' id='line_1_99' title="bbox 257 5086 1848 5159; baseline -0.006 -5"><span class='ocrx_word' id='word_1_632' title='bbox 257 5099 316 5154; x_wconf 88' lang='lat' dir='ltr'><strong>in</strong></span> <span class='ocrx_word' id='word_1_633' title='bbox 359 5094 613 5152; x_wconf 89' lang='lat' dir='ltr'><strong>omnibus</strong></span> <span class='ocrx_word' id='word_1_634' title='bbox 646 5091 922 5147; x_wconf 83' lang='lat' dir='ltr'><strong>fraternus</strong></span> <span class='ocrx_word' id='word_1_635' title='bbox 965 5087 1256 5144; x_wconf 80' lang='lat' dir='ltr'><strong>auxiliator</strong></span> <span class='ocrx_word' id='word_1_636' title='bbox 1287 5086 1523 5143; x_wconf 85' lang='lat' dir='ltr'><strong>existere</strong></span> <span class='ocrx_word' id='word_1_637' title='bbox 1568 5103 1848 5159; x_wconf 88' lang='lat' dir='ltr'><strong>nunquam</strong></span> 
     </span>
    </p>
   </div>
   <div class='ocr_carea' id='block_1_100' title="bbox 258 5179 1847 5255">
    <p class='ocr_par' dir='ltr' id='par_1_100' title="bbox 258 5179 1847 5255">
     <span class='ocr_line' id='line_1_100' title="bbox 258 5179 1847 5255; baseline -0.008 -6"><span class='ocrx_word' id='word_1_638' title='bbox 258 5192 513 5255; x_wconf 83' lang='lat' dir='ltr'><strong>desinas;</strong></span> <span class='ocrx_word' id='word_1_639' title='bbox 544 5187 686 5242; x_wconf 89' lang='lat' dir='ltr'><strong>inter</strong></span> <span class='ocrx_word' id='word_1_640' title='bbox 726 5186 841 5241; x_wconf 71' lang='lat' dir='ltr'><strong>haec</strong></span> <span class='ocrx_word' id='word_1_641' title='bbox 878 5193 965 5238; x_wconf 88' lang='lat' dir='ltr'><strong>tua</strong></span> <span class='ocrx_word' id='word_1_642' title='bbox 1000 5181 1229 5253; x_wconf 78' lang='lat' dir='ltr'><strong>benigna</strong></span> <span class='ocrx_word' id='word_1_643' title='bbox 1277 5179 1641 5246; x_wconf 82' lang='lat' dir='ltr'><strong>fraternitate,</strong></span> <span class='ocrx_word' id='word_1_644' title='bbox 1682 5190 1735 5237; x_wconf 88' lang='lat' dir='ltr'><strong>et</strong></span> <span class='ocrx_word' id='word_1_645' title='bbox 1763 5180 1847 5237; x_wconf 84' lang='lat' dir='ltr'><strong>dl-</strong></span> 
     </span>
    </p>
   </div>
   <div class='ocr_carea' id='block_1_101' title="bbox 257 5272 1851 5346">
    <p class='ocr_par' dir='ltr' id='par_1_101' title="bbox 257 5272 1851 5346">
     <span class='ocr_line' id='line_1_101' title="bbox 257 5272 1851 5346; baseline -0.008 -5"><span class='ocrx_word' id='word_1_646' title='bbox 257 5282 393 5341; x_wconf 75' lang='lat' dir='ltr'><strong>l&#39;ecti</strong></span> <span class='ocrx_word' id='word_1_647' title='bbox 437 5280 533 5337; x_wconf 85' lang='lat' dir='ltr'><strong>ﬁlii</strong></span> <span class='ocrx_word' id='word_1_648' title='bbox 586 5278 755 5334; x_wconf 90' lang='lat' dir='ltr'><strong>nostri</strong></span> <span class='ocrx_word' id='word_1_649' title='bbox 795 5275 1058 5333; x_wconf 84' lang='lat' dir='ltr'><strong>Guaiferii</strong></span> <span class='ocrx_word' id='word_1_650' title='bbox 1105 5272 1386 5345; x_wconf 86' lang='lat' dir='ltr'><strong>principis,</strong></span> <span class='ocrx_word' id='word_1_651' title='bbox 1432 5275 1723 5341; x_wconf 88' lang='lat' dir='ltr'><strong>mediante,</strong></span> <span class='ocrx_word' id='word_1_652' title='bbox 1758 5288 1851 5346; x_wconf 84' lang='lat' dir='ltr'><strong>pa-</strong></span> 
     </span>
    </p>
   </div>
   <div class='ocr_carea' id='block_1_102' title="bbox 1951 4616 2629 4690">
    <p class='ocr_par' dir='ltr' id='par_1_102' title="bbox 1951 4616 2629 4690">
     <span class='ocr_line' id='line_1_102' title="bbox 1951 4616 2629 4690; baseline -0.009 -14"><span class='ocrx_word' id='word_1_653' title='bbox 1951 4618 2219 4690; x_wconf 86' lang='lat' dir='ltr'><strong>episcopo</strong></span> <span class='ocrx_word' id='word_1_654' title='bbox 2234 4616 2629 4673; x_wconf 87' lang='lat' dir='ltr'><strong>Ebredunensi.</strong></span> 
     </span>
    </p>
   </div>
   <div class='ocr_carea' id='block_1_103' title="bbox 2026 4709 3544 4786">
    <p class='ocr_par' dir='ltr' id='par_1_103' title="bbox 2026 4709 3544 4786">
     <span class='ocr_line' id='line_1_103' title="bbox 2026 4709 3544 4786; baseline 0.005 -20"><span class='ocrx_word' id='word_1_655' title='bbox 2026 4710 2085 4767; x_wconf 89' lang='lat' dir='ltr'><strong>Si</strong></span> <span class='ocrx_word' id='word_1_656' title='bbox 2140 4710 2400 4766; x_wconf 87' lang='lat' dir='ltr'><strong>canonica</strong></span> <span class='ocrx_word' id='word_1_657' title='bbox 2460 4710 2518 4765; x_wconf 94' lang='lat' dir='ltr'><strong>in</strong></span> <span class='ocrx_word' id='word_1_658' title='bbox 2577 4709 2975 4769; x_wconf 87' lang='lat' dir='ltr'><strong>consecrandis</strong></span> <span class='ocrx_word' id='word_1_659' title='bbox 3018 4711 3289 4786; x_wconf 88' lang='lat' dir='ltr'><strong>episcopis</strong></span> <span class='ocrx_word' id='word_1_660' title='bbox 3341 4724 3544 4774; x_wconf 81' lang='lat' dir='ltr'><strong>statuta</strong></span> 
     </span>
    </p>
   </div>
   <div class='ocr_carea' id='block_1_104' title="bbox 1952 4800 3544 4877">
    <p class='ocr_par' dir='ltr' id='par_1_104' title="bbox 1952 4800 3544 4877">
     <span class='ocr_line' id='line_1_104' title="bbox 1952 4800 3544 4877; baseline 0.001 -16"><span class='ocrx_word' id='word_1_661' title='bbox 1952 4817 2249 4869; x_wconf 81' lang='lat' dir='ltr'><strong>servasses,</strong></span> <span class='ocrx_word' id='word_1_662' title='bbox 2278 4815 2572 4872; x_wconf 86' lang='lat' dir='ltr'><strong>nunquam,</strong></span> <span class='ocrx_word' id='word_1_663' title='bbox 2599 4800 2744 4856; x_wconf 85' lang='lat' dir='ltr'><strong>sicut</strong></span> <span class='ocrx_word' id='word_1_664' title='bbox 2773 4800 2959 4856; x_wconf 87' lang='lat' dir='ltr'><strong>auditu</strong></span> <span class='ocrx_word' id='word_1_665' title='bbox 2987 4801 3296 4869; x_wconf 90' lang='lat' dir='ltr'><strong>didicimus,</strong></span> <span class='ocrx_word' id='word_1_666' title='bbox 3323 4816 3379 4861; x_wconf 90' lang='lat' dir='ltr'><strong>et</strong></span> <span class='ocrx_word' id='word_1_667' title='bbox 3407 4823 3544 4877; x_wconf 88' lang='lat' dir='ltr'><strong>quo-</strong></span> 
     </span>
    </p>
   </div>
   <div class='ocr_carea' id='block_1_105' title="bbox 1953 4888 3611 4967">
    <p class='ocr_par' dir='ltr' id='par_1_105' title="bbox 1953 4888 3611 4967">
     <span class='ocr_line' id='line_1_105' title="bbox 1953 4888 3611 4967; baseline -0.001 -14"><span class='ocrx_word' id='word_1_668' title='bbox 1953 4898 2076 4953; x_wconf 88' lang='lat' dir='ltr'><strong>dam</strong></span> <span class='ocrx_word' id='word_1_669' title='bbox 2102 4896 2352 4960; x_wconf 89' lang='lat' dir='ltr'><strong>diacono,</strong></span> <span class='ocrx_word' id='word_1_670' title='bbox 2376 4893 2595 4949; x_wconf 91' lang='lat' dir='ltr'><strong>nomine</strong></span> <span class='ocrx_word' id='word_1_671' title='bbox 2616 4891 2904 4959; x_wconf 86' lang='lat' dir='ltr'><strong>Waldeno,</strong></span> <span class='ocrx_word' id='word_1_672' title='bbox 2930 4909 3095 4967; x_wconf 90' lang='lat' dir='ltr'><strong>super</strong></span> <span class='ocrx_word' id='word_1_673' title='bbox 3122 4904 3269 4951; x_wconf 84' lang='lat' dir='ltr'><strong>tuam</strong></span> <span class='ocrx_word' id='word_1_674' title='bbox 3298 4896 3545 4953; x_wconf 82' lang='lat' dir='ltr'><strong>dileetlo-</strong></span> <span class='ocrx_word' id='word_1_675' title='bbox 3608 4888 3611 4891; x_wconf 58' lang='grc'><em>’</em></span> 
     </span>
    </p>
   </div>
   <div class='ocr_carea' id='block_1_106' title="bbox 1958 4988 3544 5062">
    <p class='ocr_par' dir='ltr' id='par_1_106' title="bbox 1958 4988 3544 5062">
     <span class='ocr_line' id='line_1_106' title="bbox 1958 4988 3544 5062; baseline 0 -14"><span class='ocrx_word' id='word_1_676' title='bbox 1958 5007 2081 5048; x_wconf 89' lang='lat' dir='ltr'><strong>nem</strong></span> <span class='ocrx_word' id='word_1_677' title='bbox 2132 4988 2495 5053; x_wconf 87' lang='lat' dir='ltr'><strong>reclamante,</strong></span> <span class='ocrx_word' id='word_1_678' title='bbox 2546 5002 2607 5043; x_wconf 91' lang='lat' dir='ltr'><strong>se</strong></span> <span class='ocrx_word' id='word_1_679' title='bbox 2661 4988 2922 5045; x_wconf 89' lang='lat' dir='ltr'><strong>canonice</strong></span> <span class='ocrx_word' id='word_1_680' title='bbox 2968 5005 2999 5044; x_wconf 89' lang='lat' dir='ltr'><strong>a</strong></span> <span class='ocrx_word' id='word_1_681' title='bbox 3049 4990 3205 5060; x_wconf 87' lang='lat' dir='ltr'><strong>plebe</strong></span> <span class='ocrx_word' id='word_1_682' title='bbox 3248 4999 3306 5047; x_wconf 92' lang='lat' dir='ltr'><strong>et</strong></span> <span class='ocrx_word' id='word_1_683' title='bbox 3343 4991 3544 5062; x_wconf 85' lang='lat' dir='ltr'><strong>populo</strong></span> 
     </span>
    </p>
   </div>
   <div class='ocr_carea' id='block_1_107' title="bbox 1961 5081 3572 5155">
    <p class='ocr_par' dir='ltr' id='par_1_107' title="bbox 1961 5081 3572 5155">
     <span class='ocr_line' id='line_1_107' title="bbox 1961 5081 3572 5155; baseline -0.003 -12"><span class='ocrx_word' id='word_1_684' title='bbox 1961 5085 2219 5143; x_wconf 83' lang='lat' dir='ltr'><strong>Venciate</strong></span> <span class='ocrx_word' id='word_1_685' title='bbox 2254 5083 2450 5148; x_wconf 88' lang='lat' dir='ltr'><strong>electo,</strong></span> <span class='ocrx_word' id='word_1_686' title='bbox 2478 5091 2536 5137; x_wconf 89' lang='lat' dir='ltr'><strong>et</strong></span> <span class='ocrx_word' id='word_1_687' title='bbox 2570 5095 2602 5137; x_wconf 87' lang='lat' dir='ltr'><strong>a</strong></span> <span class='ocrx_word' id='word_1_688' title='bbox 2643 5089 2735 5138; x_wconf 89' lang='lat' dir='ltr'><strong>tua</strong></span> <span class='ocrx_word' id='word_1_689' title='bbox 2774 5082 3016 5155; x_wconf 76' lang='lat' dir='ltr'><strong>sagaeite</strong></span> <span class='ocrx_word' id='word_1_690' title='bbox 3049 5081 3283 5153; x_wconf 84' lang='lat' dir='ltr'><strong>abjecto,</strong></span> <span class='ocrx_word' id='word_1_691' title='bbox 3311 5083 3378 5138; x_wconf 87' lang='lat' dir='ltr'><strong>de</strong></span> <span class='ocrx_word' id='word_1_692' title='bbox 3411 5099 3572 5152; x_wconf 61' lang='grc' dir='ltr'><strong>(δοκι-η</strong></span> 
     </span>
    </p>
   </div>
   <div class='ocr_carea' id='block_1_108' title="bbox 1956 5174 3544 5246">
    <p class='ocr_par' dir='ltr' id='par_1_108' title="bbox 1956 5174 3544 5246">
     <span class='ocr_line' id='line_1_108' title="bbox 1956 5174 3544 5246; baseline -0.003 -8"><span class='ocrx_word' id='word_1_693' title='bbox 1956 5188 2170 5239; x_wconf 88' lang='lat' dir='ltr'><strong>secrato</strong></span> <span class='ocrx_word' id='word_1_694' title='bbox 2192 5176 2565 5235; x_wconf 86' lang='lat' dir='ltr'><strong>controversia</strong></span> <span class='ocrx_word' id='word_1_695' title='bbox 2588 5174 2845 5246; x_wconf 66' lang='lat' dir='ltr'><strong>quaelibet</strong></span> <span class='ocrx_word' id='word_1_696' title='bbox 2867 5183 3203 5240; x_wconf 83' lang='lat' dir='ltr'><strong>nasceretur,</strong></span> <span class='ocrx_word' id='word_1_697' title='bbox 3228 5190 3334 5246; x_wconf 92' lang='lat' dir='ltr'><strong>qua</strong></span> <span class='ocrx_word' id='word_1_698' title='bbox 3360 5187 3544 5234; x_wconf 85' lang='lat' dir='ltr'><strong>vestra</strong></span> 
     </span>
    </p>
   </div>
   <div class='ocr_carea' id='block_1_109' title="bbox 1956 5267 3543 5342">
    <p class='ocr_par' dir='ltr' id='par_1_109' title="bbox 1956 5267 3543 5342">
     <span class='ocr_line' id='line_1_109' title="bbox 1956 5267 3543 5342; baseline -0.003 -11"><span class='ocrx_word' id='word_1_699' title='bbox 1956 5274 2152 5331; x_wconf 88' lang='lat' dir='ltr'><strong>merito</strong></span> <span class='ocrx_word' id='word_1_700' title='bbox 2196 5269 2689 5342; x_wconf 87' lang='lat' dir='ltr'><strong>reprehenderetur</strong></span> <span class='ocrx_word' id='word_1_701' title='bbox 2735 5267 3069 5339; x_wconf 76' lang='lat' dir='ltr'><strong>fraternitas.</strong></span> <span class='ocrx_word' id='word_1_702' title='bbox 3100 5267 3180 5325; x_wconf 77' lang='lat' dir='ltr'><strong>.At</strong></span> <span class='ocrx_word' id='word_1_703' title='bbox 3215 5283 3379 5333; x_wconf 83' lang='lat' dir='ltr'><strong>nunc,</strong></span> <span class='ocrx_word' id='word_1_704' title='bbox 3413 5270 3543 5339; x_wconf 79' lang='lat' dir='ltr'><strong>quia</strong></span> 
     </span>
    </p>
   </div>
   <div class='ocr_carea' id='block_1_110' title="bbox 257 5358 3540 5440">
    <p class='ocr_par' dir='ltr' id='par_1_110' title="bbox 257 5358 3540 5440">
     <span class='ocr_line' id='line_1_110' title="bbox 257 5358 3540 5440; baseline -0.005 -6"><span class='ocrx_word' id='word_1_705' title='bbox 257 5380 411 5435; x_wconf 75' lang='lat' dir='ltr'><strong>etum</strong></span> <span class='ocrx_word' id='word_1_706' title='bbox 439 5376 497 5430; x_wconf 92' lang='lat' dir='ltr'><strong>in</strong></span> <span class='ocrx_word' id='word_1_707' title='bbox 525 5374 713 5430; x_wconf 88' lang='lat' dir='ltr'><strong>decem</strong></span> <span class='ocrx_word' id='word_1_708' title='bbox 764 5370 991 5425; x_wconf 89' lang='lat' dir='ltr'><strong>millium</strong></span> <span class='ocrx_word' id='word_1_709' title='bbox 1021 5382 1402 5424; x_wconf 88' lang='lat' dir='ltr'><strong>maneusorum</strong></span> <span class='ocrx_word' id='word_1_710' title='bbox 1440 5365 1536 5440; x_wconf 78' lang='grc' dir='ltr'><strong>[αι.</strong></span> <span class='ocrx_word' id='word_1_711' title='bbox 1568 5374 1867 5425; x_wconf 61' lang='grc' dir='ltr'><strong>ωεηοοιοὲ-ιι</strong></span> <span class='ocrx_word' id='word_1_712' title='bbox 1958 5374 2172 5437; x_wconf 74' lang='lat' dir='ltr'><strong>mortuo</strong></span> <span class='ocrx_word' id='word_1_713' title='bbox 2197 5362 2487 5419; x_wconf 75' lang='lat' dir='ltr'><strong>Venciensi</strong></span> <span class='ocrx_word' id='word_1_714' title='bbox 2508 5362 2783 5433; x_wconf 70' lang='lat' dir='ltr'><strong>episeopo,</strong></span> <span class='ocrx_word' id='word_1_715' title='bbox 2814 5375 2922 5419; x_wconf 81' lang='lat' dir='ltr'><strong>non</strong></span> <span class='ocrx_word' id='word_1_716' title='bbox 2958 5358 3245 5431; x_wconf 56' lang='lat' dir='ltr'><strong>praefatum</strong></span> <span class='ocrx_word' id='word_1_717' title='bbox 3282 5361 3540 5419; x_wconf 82' lang='lat' dir='ltr'><strong>sacerdo-</strong></span> 
     </span>
    </p>
   </div>
   <div class='ocr_carea' id='block_1_111' title="bbox 255 5448 3544 5542">
    <p class='ocr_par' dir='ltr' id='par_1_111' title="bbox 255 5448 3544 5542">
     <span class='ocr_line' id='line_1_111' title="bbox 255 5448 3544 5542; baseline -0.005 -16"><span class='ocrx_word' id='word_1_718' title='bbox 255 5468 411 5542; x_wconf 84' lang='lat' dir='ltr'><strong>rnm]</strong></span> <span class='ocrx_word' id='word_1_719' title='bbox 449 5482 575 5524; x_wconf 89' lang='lat' dir='ltr'><strong>cum</strong></span> <span class='ocrx_word' id='word_1_720' title='bbox 621 5448 963 5520; x_wconf 26' lang='lat' dir='ltr'><strong>Amalll‘tanis</strong></span> <span class='ocrx_word' id='word_1_721' title='bbox 1009 5470 1234 5517; x_wconf 87' lang='lat' dir='ltr'><strong>eatenus</strong></span> <span class='ocrx_word' id='word_1_722' title='bbox 1274 5459 1522 5525; x_wconf 85' lang='lat' dir='ltr'><strong>fecimus,</strong></span> <span class='ocrx_word' id='word_1_723' title='bbox 1550 5467 1612 5514; x_wconf 88' lang='lat' dir='ltr'><strong>ut</strong></span> <span class='ocrx_word' id='word_1_724' title='bbox 1649 5472 1680 5514; x_wconf 88' lang='lat' dir='ltr'><strong>a</strong></span> <span class='ocrx_word' id='word_1_725' title='bbox 1720 5461 1895 5528; x_wconf 67' lang='grc' dir='ltr'><strong>Τιπειιλ⁵</strong></span> <span class='ocrx_word' id='word_1_726' title='bbox 1961 5471 2311 5530; x_wconf 42' lang='lat' dir='ltr'><strong>tem,qnem;&#39;</strong></span> <span class='ocrx_word' id='word_1_727' title='bbox 2330 5464 2393 5510; x_wconf 90' lang='lat' dir='ltr'><strong>ut</strong></span> <span class='ocrx_word' id='word_1_728' title='bbox 2417 5455 2622 5511; x_wconf 80' lang='lat' dir='ltr'><strong>dictum</strong></span> <span class='ocrx_word' id='word_1_729' title='bbox 2663 5452 2979 5525; x_wconf 25' lang='lat' dir='ltr'><strong>est-uelem:</strong></span> <span class='ocrx_word' id='word_1_730' title='bbox 3009 5459 3065 5508; x_wconf 87' lang='lat' dir='ltr'><strong>et</strong></span> <span class='ocrx_word' id='word_1_731' title='bbox 3098 5452 3328 5523; x_wconf 84' lang='lat' dir='ltr'><strong>populus</strong></span> <span class='ocrx_word' id='word_1_732' title='bbox 3352 5452 3544 5515; x_wconf 74' lang='lat' dir='ltr'><strong>civita-</strong></span> 
     </span>
    </p>
   </div>
   <div class='ocr_carea' id='block_1_112' title="bbox 252 5546 3621 5636">
    <p class='ocr_par' dir='ltr' id='par_1_112' title="bbox 252 5546 3621 5636">
     <span class='ocr_line' id='line_1_112' title="bbox 252 5546 3621 5636; baseline -0.005 -19"><span class='ocrx_word' id='word_1_733' title='bbox 252 5564 410 5636; x_wconf 78' lang='lat' dir='ltr'><strong>j&#39;ecto</strong></span> <span class='ocrx_word' id='word_1_734' title='bbox 437 5575 609 5632; x_wconf 90' lang='lat' dir='ltr'><strong>usque</strong></span> <span class='ocrx_word' id='word_1_735' title='bbox 633 5555 1031 5616; x_wconf 84' lang='lat' dir='ltr'><strong>Centumcellas</strong></span> <span class='ocrx_word' id='word_1_736' title='bbox 1064 5554 1221 5610; x_wconf 89' lang='lat' dir='ltr'><strong>nobis</strong></span> <span class='ocrx_word' id='word_1_737' title='bbox 1263 5554 1438 5609; x_wconf 86' lang='lat' dir='ltr'><strong>navali</strong></span> <span class='ocrx_word' id='word_1_738' title='bbox 1480 5552 1665 5609; x_wconf 90' lang='lat' dir='ltr'><strong>labore</strong></span> <span class='ocrx_word' id='word_1_739' title='bbox 1704 5552 1863 5608; x_wconf 81' lang='lat' dir='ltr'><strong>inde-</strong></span> <span class='ocrx_word' id='word_1_740' title='bbox 1958 5557 2031 5612; x_wconf 86' lang='lat' dir='ltr'><strong>tis</strong></span> <span class='ocrx_word' id='word_1_741' title='bbox 2071 5554 2355 5625; x_wconf 71' lang='lat' dir='ltr'><strong>elegerat,</strong></span> <span class='ocrx_word' id='word_1_742' title='bbox 2391 5551 2602 5620; x_wconf 78' lang='lat' dir='ltr'><strong>piaeque</strong></span> <span class='ocrx_word' id='word_1_743' title='bbox 2650 5548 2929 5603; x_wconf 64' lang='lat' dir='ltr'><strong>memoriae</strong></span> <span class='ocrx_word' id='word_1_744' title='bbox 2974 5546 3203 5602; x_wconf 81' lang='lat' dir='ltr'><strong>Carolus</strong></span> <span class='ocrx_word' id='word_1_745' title='bbox 3250 5546 3544 5616; x_wconf 85' lang='lat' dir='ltr'><strong>imperator</strong></span> <span class='ocrx_word' id='word_1_746' title='bbox 3618 5580 3621 5581; x_wconf 52' lang='grc' dir='ltr'><em>ν</em></span> 
     </span>
    </p>
   </div>
   <div class='ocr_carea' id='block_1_113' title="bbox 260 5635 3546 5712">
    <p class='ocr_par' dir='ltr' id='par_1_113' title="bbox 260 5635 3546 5712">
     <span class='ocr_line' id='line_1_113' title="bbox 260 5635 3546 5712; baseline -0.006 -1"><span class='ocrx_word' id='word_1_747' title='bbox 260 5635 511 5712; x_wconf 75' lang='lat' dir='ltr'><strong>sitienter</strong></span> <span class='ocrx_word' id='word_1_748' title='bbox 544 5650 808 5707; x_wconf 81' lang='lat' dir='ltr'><strong>auxilium</strong></span> <span class='ocrx_word' id='word_1_749' title='bbox 843 5648 1069 5704; x_wconf 90' lang='lat' dir='ltr'><strong>ferrent.</strong></span> <span class='ocrx_word' id='word_1_750' title='bbox 1097 5646 1203 5703; x_wconf 89' lang='lat' dir='ltr'><strong>Sed</strong></span> <span class='ocrx_word' id='word_1_751' title='bbox 1245 5647 1507 5702; x_wconf 88' lang='lat' dir='ltr'><strong>hactenus</strong></span> <span class='ocrx_word' id='word_1_752' title='bbox 1535 5646 1590 5702; x_wconf 90' lang='lat' dir='ltr'><strong>id</strong></span> <span class='ocrx_word' id='word_1_753' title='bbox 1625 5646 1680 5701; x_wconf 92' lang='lat' dir='ltr'><strong>iu</strong></span> <span class='ocrx_word' id='word_1_754' title='bbox 1709 5644 1867 5702; x_wconf 65' lang='lat' dir='ltr'><strong>nullo»</strong></span> <span class='ocrx_word' id='word_1_755' title='bbox 1957 5662 2056 5704; x_wconf 88' lang='lat' dir='ltr'><strong>suo</strong></span> <span class='ocrx_word' id='word_1_756' title='bbox 2106 5657 2371 5702; x_wconf 89' lang='lat' dir='ltr'><strong>consensu</strong></span> <span class='ocrx_word' id='word_1_757' title='bbox 2426 5640 2775 5702; x_wconf 81' lang='lat' dir='ltr'><strong>ﬁrmaverat,</strong></span> <span class='ocrx_word' id='word_1_758' title='bbox 2835 5637 3199 5704; x_wconf 85' lang='lat' dir='ltr'><strong>consecrasti,</strong></span> <span class='ocrx_word' id='word_1_759' title='bbox 3249 5644 3304 5691; x_wconf 93' lang='lat' dir='ltr'><strong>et</strong></span> <span class='ocrx_word' id='word_1_760' title='bbox 3351 5635 3546 5695; x_wconf 83' lang='lat' dir='ltr'><strong>eodem</strong></span> 
     </span>
    </p>
   </div>
   <div class='ocr_carea' id='block_1_114' title="bbox 265 5728 3544 5815">
    <p class='ocr_par' dir='ltr' id='par_1_114' title="bbox 265 5728 3544 5815">
     <span class='ocr_line' id='line_1_114' title="bbox 265 5728 3544 5815; baseline -0.007 -10"><span class='ocrx_word' id='word_1_761' title='bbox 265 5749 787 5807; x_wconf 83' lang='lat' dir='ltr'><strong>demonstraverunt</strong></span> <span class='ocrx_word' id='word_1_762' title='bbox 828 5763 842 5801; x_wconf 85' lang='lat'><strong>:</strong></span> <span class='ocrx_word' id='word_1_763' title='bbox 890 5745 1111 5814; x_wconf 87' lang='lat' dir='ltr'><strong>insuper</strong></span> <span class='ocrx_word' id='word_1_764' title='bbox 1148 5741 1396 5813; x_wconf 74' lang='lat' dir='ltr'><strong>quaedam</strong></span> <span class='ocrx_word' id='word_1_765' title='bbox 1434 5740 1614 5797; x_wconf 87' lang='lat' dir='ltr'><strong>studio</strong></span> <span class='ocrx_word' id='word_1_766' title='bbox 1647 5740 1853 5797; x_wconf 80' lang='lat' dir='ltr'><strong>callidi-</strong></span> <span class='ocrx_word' id='word_1_767' title='bbox 1958 5738 2026 5815; x_wconf 72' lang='grc' dir='ltr'><strong>[Γ.</strong></span> <span class='ocrx_word' id='word_1_768' title='bbox 2070 5739 2164 5796; x_wconf 83' lang='lat' dir='ltr'><strong>sed</strong></span> <span class='ocrx_word' id='word_1_769' title='bbox 2210 5736 2423 5797; x_wconf 87' lang='lat' dir='ltr'><strong>eodem,</strong></span> <span class='ocrx_word' id='word_1_770' title='bbox 2472 5730 2670 5806; x_wconf 65' lang='lat' dir='ltr'><strong>Hann]</strong></span> <span class='ocrx_word' id='word_1_771' title='bbox 2729 5731 2970 5803; x_wconf 80' lang='lat' dir='ltr'><strong>Angusto</strong></span> <span class='ocrx_word' id='word_1_772' title='bbox 3018 5733 3085 5788; x_wconf 86' lang='lat' dir='ltr'><strong>de</strong></span> <span class='ocrx_word' id='word_1_773' title='bbox 3132 5728 3388 5807; x_wconf 65' lang='lat' dir='ltr'><strong>praesenti</strong></span> <span class='ocrx_word' id='word_1_774' title='bbox 3429 5728 3544 5790; x_wconf 83' lang='lat' dir='ltr'><strong>vita</strong></span> 
     </span>
    </p>
   </div>
  </div>
