4042 6302
531 352 632 408 ’151

1789 351 2068 409 JOANNIS
2100 350 2303 408 PAPtE
2343 351 2453 410 VIII

3725 359 3844 416 75$

535 470 816 524 subtracto
869 470 1094 524 alteruur
1147 484 1253 524 non
1299 467 1456 536 juxta
1503 483 1750 523 normam
1804 469 2122 524 canonicam
2149 472 2203 532 Α
2230 468 2359 522 tiam
2403 469 2668 536 feceritis,
2704 469 2895 526 scitote
2935 472 3081 542 quod
3121 474 3267 529 onrrri
3307 489 3403 529 vos
3446 477 3840 532 ecclesiastica

529 561 764 617 electum
809 578 874 615 ex
917 561 1141 615 adverso
1173 561 1498 626 venienterrr,
1535 575 1634 614 nec
1664 575 1759 630 per
1791 561 1990 616 ostium
2029 559 2124 614 sed

437 721 441 724 ι
528 653 748 708 aliunde
802 652 1194 716 irrtroeuntenr,
1237 660 1328 705 tuo
1376 661 1583 704 tantum
1638 651 1792 706 libitrr
1846 653 2126 706 ordinasse

527 747 824 805 acetrsaris.
858 747 910 800 In
943 762 1050 816 quo
1095 756 1144 801 te
1188 762 1293 801 non
1341 746 1868 802 leviter.incurrisse
1905 746 2127 802 omnino

524 839 800 900 videmus,
849 837 974 906 quia
1029 837 1243 894 dicente
1289 837 1693 907 przedecessore
1743 847 1930 892 nostro
1984 853 2122 906 papa

522 929 816 984 leestino
866 928 1036 998 (epist.
1086 930 1150 995 1,
1204 929 1455 999 episcopis
1507 927 1787 984 Viennensi
1827 938 1873 983 et
1906 928 2120 982 Narbo-

524 1021 692 1091 nensi)
723 1040 734 1076 :
768 1021 952 1076 Nullus
991 1021 1175 1076 invitis
1214 1023 1371 1076 detur
1402 1021 1689 1091 episcopus
1711 1037 1725 1085 ;
1746 1020 1897 1086 cleri,
1925 1021 2118 1089 plebis,

519 1121 574 1166 et
623 1111 830 1165 ordinis
871 1126 1199 1166 consensum
1237 1120 1291 1164 et
1327 1111 1655 1166 desiderium
1708 1113 1987 1181 requirere
2031 1114 2121 1169 de-

518 1207 707 1262 lrrristi.
748 1205 916 1276 Cujus
945 1207 1108 1261 etiam
1137 1207 1461 1262 auctoritate
1499 1205 1682 1261 clerici
1714 1207 1915 1261 habent
1947 1206 2117 1262 facul-

520 1310 692 1356 tatem
721 1300 1029 1364 resistendi,
1063 1299 1107 1353 si
1142 1314 1199 1353 se
1235 1299 1470 1353 viderint
1495 1300 1820 1370 praegravari
1852 1317 1864 1352 :
1895 1309 1952 1353 ut
1977 1316 2114 1369 quos

519 1393 619 1449 sibi
653 1392 825 1463 ingeri
863 1408 928 1446 ex
971 1401 1285 1446 transverso
1313 1392 1699 1463 cognoverint,
1731 1407 1837 1445 non
1886 1395 2115 1449 timeant

516 1483 793 1550 refutare;
831 1485 1083 1554 quorriarrr
1126 1485 1226 1538 etsi
1270 1500 1372 1538 non
1415 1483 1657 1538 debitum
1695 1486 1998 1554 praemium,
2029 1484 2114 1538 vel

514 1576 746 1632 liberrrnr
780 1577 844 1631 de
874 1592 939 1631 eo
986 1575 1077 1646 qui
1126 1591 1220 1630 eos
1269 1585 1516 1629 recturus
1561 1584 1645 1628 est
1685 1575 1882 1629 debent
1915 1574 2114 1630 habere

455 1727 458 1730 .
511 1663 813 1742 judicium;
846 1669 978 1722 Nam
1027 1676 1080 1723 et
1123 1677 1313 1722 sancto
1348 1665 1528 1722 Leone
1569 1667 1782 1722 dicente
1817 1667 1987 1738 (epist.
2019 1665 2109 1730 95,

513 1760 732 1816 Rustico
775 1757 1130 1828 Narbonensi)
1157 1777 1168 1812 :
1203 1757 1355 1812 Nulla
1399 1758 1538 1813 ratio
1571 1758 1699 1812 sinit
1731 1768 1788 1811 trt
1824 1757 1963 1811 inter
1994 1758 2108 1826 epi-

2229 564 2606 620 cornrrrurrione
2658 573 2820 636 atque
2864 583 2893 620 a
2945 582 3171 639 corpore
3211 579 3265 622 et
3308 571 3570 639 sanguine
3605 571 3842 627 Domini

2229 656 2400 710 nostri
2422 659 2681 713 canonice
2709 660 3103 730 separabirnus,
3128 662 3272 716 sicut
3296 662 3605 719 invasorem
3635 677 3838 720 rerum

2225 749 2742 806 ecclesiasticarum.
2774 751 2908 807 Data
2939 763 2995 808 ut
3026 770 3206 823 supra.

2999 864 3084 918 Ill.

2955 864 3084 920 Clll.

2649 970 2716 1008 Αι)
2754 969 3079 1012 ιιεηιιιιειιτυιι
3119 971 3378 1013 comma.

2837 1049 3015 1117 (Anno
3051 1047 3199 1123 878.)
3264 1055 3270 1066 '

2221 1139 2396 1213 Monet
2434 1139 2755 1213 nefRomam
2794 1157 2907 1195 eam
2945 1141 3008 1196 ob
3039 1159 3255 1196 causam
3295 1145 3484 1210 veniat,
3514 1155 3574 1199 ut
3605 1159 3834 1213 aposto-

2290 1210 2406 1265 lica:
2432 1212 2571 1265 sedis
2605 1213 2838 1266 hostibus
2862 1213 3124 1266 auxilium
3157 1214 3326 1281 ferat;
3351 1217 3488 1284 quod
3522 1216 3572 1270 si
3614 1210 3736 1271 alia
3765 1221 3831 1274 de

2291 1299 2450 1356 causa
2477 1285 2687 1356 venerit,
2711 1284 3006 1356 [tortari/ica
3052 1301 3260 1356 secum
3313 1299 3652 1355 excepturum
3698 1307 3831 1356 pro—

2292 1354 2445 1424 mittit
2478 1366 2495 1402 :
2517 1353 2670 1419 plura
2702 1353 2886 1424 legatis
2912 1353 3158 1423 iniungit,
3183 1356 3371 1424 quibus
3393 1353 3550 1424 [idem
3574 1353 3830 1414 adhiberi

2280 1423 2463 1492 jubet;
2497 1424 2828 1476 Adetbertum
2855 1422 3107 1478 Romana:
3135 1422 3604 1482 Ecclesiw'ltostem
3629 1447 3691 1483 se
3719 1447 3828 1486 non

2286 1511 2436 1562 posse
2461 1495 2533 1546 ait
2568 1495 2620 1547 in
2650 1496 3072 1547 communionem
3105 1497 3350 1564 recipere.

2289 1585 2498 1640 Dilecto
2527 1585 2635 1638 lilio
2664 1585 2958 1639 LAllBERTO
2979 1586 3216 1656 glorioso
3239 1587 3444 1640 comiti.

2289 1675 2600 1731 Dilectionis
2641 1685 2696 1730 et
2744 1677 2996 1731 amicitia:
3045 1689 3241 1732 vestra:
3281 1693 3518 1735 amorem
3574 1697 3640 1737 ac
3708 1685 3824 1739 sin-

2218 1769 2502 1822 ceritatem
2581 1769 2736 1836 quasi
2814 1768 3085 1838 quoddam
3155 1769 3455 1824 insolubilis
3523 1772 3823 1830 charitatis

513 1868 708 1923 SCOPOS
736 1851 1061 1915 Ilabcmmll‘r
1087 1852 1176 1920 Ψιῖ
1209 1865 1310 1904 "CC
1341 1867 1369 1904 3
1399 1850 1612 1906 CIC-"i035
1642 1861 1772 1906 Slllll
1804 1851 1984 1915 electi.
2018 1865 2118 1906 nec
2149 1838 2192 1899 Β
2219 1861 2415 1931 pignus
2471 1868 2716 1914 tenentes
2737 1897 2751 1924 ,
2800 1869 2951 1914 tanto
2995 1861 3061 1915 de
3105 1861 3447 1916 inimicorum
3498 1873 3818 1921 nostrorum

521 1962 550 2000 a
603 1944 852 2014 plebibus
905 1943 1150 2014 expetiti.
1206 1942 1360 1998 Unde
1409 1958 1531 1996 curn
1577 1959 1718 2013 saepe
1767 1944 1998 2012 quarstio
2051 1943 2116 1997 de

514 2037 658 2093 male
692 2045 918 2106 accepto
949 2036 1151 2090 honore
1183 2050 1458 2102 nascatur,
1488 2035 1609 2105 quis
1647 2035 1886 2105 ambigat
1912 2050 2115 2104 nequa-

516 2141 682 2196 quam
733 2125 853 2179 istis
897 2139 1019 2179 esse
1067 2119 1455 2190 trilniendurn,
1507 2112 1804 2194 quod'rrorr
1856 2127 2114 2181 doceatur

512 2215 685 2272 fuisse
710 2215 1003 2272 collatum?
1029 2214 1231 2270 Eodem
1267 2216 1432 2270 etiam
1475 2215 1711 2286 capitulo
1737 2217 1805 2270 55
1833 2215 2110 2272 Canonuur

511 2325 733 2364 suorum
781 2307 1007 2375 juhcnle
1063 2308 1240 2378 (epist.
1291 2307 1388 2373 88,
1444 2307 1724 2363 Anastasio
1782 2308 2111 2364 Thessaloni-

507 2399 673 2472 censi)
713 2418 726 2453 :
763 2398 979 2463 Nullus,
1017 2409 1077 2453 ut
1124 2399 1326 2454 dictum
1379 2410 1490 2464 est,
1540 2417 1643 2455 non
1686 2402 1994 2471 petentibus
2030 2413 2112 2457 est

501 2493 841 2548 ordinandus
873 2493 1120 2558 antistes,
1151 2507 1218 2547 ne
1247 2492 1442 2546 civitas
1473 2492 1786 2562 episcopum
1820 2510 1923 2548 non
1955 2503 2108 2564 opta-

510 2595 624 2640 tunr
656 2595 750 2640 aut
780 2593 1091 2640 contemnat
1121 2594 1214 2637 aut
1245 2583 1426 2645 odiat;
1461 2598 1525 2637 ac
1555 2597 1651 2652 per
1677 2583 1777 2638 hoc
1811 2583 1903 2637 ﬁat
1929 2584 2107 2638 minus

506 2678 760 2745 religiosa
791 2691 953 2746 quam
984 2675 1254 2738 convenit,
1284 2674 1372 2729 cui
1402 2688 1509 2728 non
1537 2673 1690 2728 licuit
1721 2674 1921 2728 habere
1944 2690 2103 2743 quem

503 2768 696 2824 voluit.
727 2768 822 2821 llis
861 2767 933 2820 ita
961 2765 1200 2826 statutis.
1235 2780 1301 2818 ne
1334 2764 1384 2818 in
1415 2763 1658 2818 Ecclesia
1691 2763 1784 2817 Dei
1824 2763 1916 2817 tibi
1960 2778 2104 2817 corrr-

507 2859 676 2913 missa
726 2855 1038 2911 scandalum
1083 2863 1300 2908 maneat
1341 2852 1424 2907 vel
1459 2853 1697 2908 sclrisnra
1743 2853 1966 2916 existat,
2018 2853 2102 2906 di-

501 2948 722 3005 lectioni
757 2957 861 3002 tua:
883 2946 1130 3014 iubemus
1178 2955 1236 2998 ut
1275 2959 1396 2999 cum
1423 2945 1612 3000 eodem
1643 2960 1675 2998 a
1706 2952 1758 2999 te
1785 2953 2103 3000 consecrato

503 3039 781 3110 episcom,
814 3047 870 3090 et
916 3035 1006 3089 illo
1038 3034 1130 3103 qui
1173 3050 1232 3088 se
1275 3034 1536 3089 canonice
1564 3033 1760 3090 asserit
1789 3033 1957 3090 fuisse
1995 3034 2102 3090 ele-

499 3141 669 3195 ctum,
695 3131 760 3183 de
788 3127 1042 3198 prazsenti
1067 3125 1294 3180 Romam
1321 3127 1505 3182 venire
1528 3142 1806 3196 procures,
1832 3137 2101 3197 quatenus

2219 1953 2429 2007 callidis
2463 1953 2674 2007 astutiis
2705 1953 2788 2007 vel
2819 1954 3137 2022 praeparatis
3176 1969 3299 2008 cum
3342 1955 3628 2025 apostolica
3682 1957 3819 2015 sede

2217 2047 2394 2101 securi
2439 2047 2722 2100 existirnus
2762 2046 2989 2111 insidiis,
3024 2057 3228 2117 quanto
3275 2048 3570 2105 nobilitatis
3613 2059 3815 2109 vestrae

2216 2138 2546 2206 potentiam,
2579 2153 2686 2190 una
2736 2152 2858 2192 cum
2891 2138 3090 2192 Christi
3135 2138 3337 2193 auxilio
3381 2141 3532 2194 nobis
3583 2141 3808 2210 conjun-

2216 2241 2358 2286 ctarn
2394 2231 2446 2284 in
2480 2231 2733 2286 omnibus
2760 2231 3035 2302 prosperis
3070 2247 3162 2288 seu
3195 2234 3436 2288 adversis
3463 2249 3586 2290 esse
3615 2235 3812 2305 procul

2215 2324 2380 2378 dubio
2413 2325 2684 2378 credimus
2718 2342 2730 2376 :
2765 2325 3020 2394 quorrianr
3054 2335 3108 2380 et
3139 2341 3236 2380 nos
3269 2327 3543 2381 vobiscum
3581 2329 3634 2382 in
3673 2346 3811 2391 cun-

2212 2417 2315 2470 ctis
2344 2432 2464 2486 qua:
2499 2424 2692 2471 vestra:
2721 2416 2909 2486 gloria
2950 2427 3076 2472 sunt
3105 2433 3343 2490 congrua
3376 2420 3458 2474 vel
3493 2425 3802 2477 necessaria

2211 2509 2446 2564 existere
2490 2509 2722 2578 prorupti
2761 2518 3034 2579 optamus.
3064 2510 3130 2564 Et
3171 2510 3291 2565 ideo
3326 2512 3679 2566 eminentiam
3714 2529 3800 2566 ve-

2157 2624 2168 2641 ι
2209 2609 2379 2655 stram
2419 2615 2539 2669 qua:
2587 2598 2851 2655 relatione
2894 2599 3253 2670 quorumdam
3297 2600 3586 2656 didicimus
3631 2603 3806 2658 latere

2207 2690 2476 2756 nolentes,
2516 2697 2700 2759 utpote
2724 2690 2955 2760 spiritali
2980 2689 3091 2744 lilio
3125 2699 3314 2746 nostro
3342 2692 3542 2746 referre
3590 2694 3802 2748 indubi-

2209 2792 2388 2839 tanter
2428 2797 2702 2837 curamus.
2735 2781 3057 2836 Audivimus
3103 2798 3340 2852 namque
3383 2784 3522 2852 qrrod
3564 2783 3806 2840 inimicis

2206 2883 2260 2930 et
2284 2872 2591 2929 irrlldelibus
2613 2873 2817 2928 nostris
2831 2886 2932 2944 per
2947 2871 3230 2941 cujusdam
3247 2875 3680 2930 exhortationem
3705 2890 3799 2931 cu-

2203 2967 2366 3038 piatis
2415 2965 2562 3022 ferre
2607 2965 2888 3030 solatium,
2927 2975 3091 3036 atque
3117 2966 3344 3021 Romam
3379 2967 3656 3023 venientes
3690 2972 3804 3025 suis

2203 3075 2297 3116 eos
2334 3060 2496 3116 rebus
2525 3068 2580 3114 et
2613 3057 2892 3114 beneﬁciis
2921 3042 3110 3121 contra
3141 3067 3384 3113 nostram
3410 3060 3571 3114 etiam
3611 3060 3800 3115 volun-

2206 3161 2372 3208 tatem
2397 3151 2840 3208 irrconvcnienter
2861 3151 3149 3206 restituere
3179 3151 3419 3207 debeatis
3463 3171 3475 3204 :
3503 3154 3650 3222 quod
3680 3153 3794 3207 nul~

499 3223 558 3278 in
590 3219 879 3292 praesentia
921 3229 1107 3274 nostra
1147 3227 1201 3273 et
1235 3218 1378 3273 sedis
1417 3218 1725 3288 apostolica:
1764 3219 1894 3273 tanti
1935 3235 2097 3275 carrsa
2127 3205 2172 3269 C
2201 3205 2738 3316 mgni—lnpépmopum,
2768 3245 2852 3301 vel
2903 3262 3114 3318 regum,
3148 3205 3452 3303 ηυιθοοηιέε

498 3313 700 3384 negotii
731 3312 1018 3382 diligenter
1048 3311 1302 3380 inquisita
1347 3321 1402 3365 et
1436 3310 1746 3365 examinata
1771 3310 2092 3382 legitimrrrrr,

499 3405 614 3460 Deo
649 3403 881 3467 favente,
917 3401 1076 3455 linem
1103 3399 1385 3471 percipiat.
1405 3401 1639 3455 Oberlire
1670 3399 1833 3472 igitur
1861 3409 1911 3454 te
1939 3417 2099 3472 opor-

496 3503 579 3551 tet
624 3494 747 3549 huic
791 3503 991 3548 nostra:
1037 3491 1386 3562 prreceptioni
1423 3507 1521 3561 pro
1555 3490 1813 3546 Ecclesiae
1844 3493 1935 3546 Dei
1964 3508 2098 3563 pace

498 3587 738 3644 directae.
776 3586 908 3641 Nam
951 3587 996 3642 si
1035 3585 1192 3641 aliter
1223 3585 1439 3644 feceris.
1475 3584 1613 3639 scito
1644 3585 1768 3654 quia
1806 3600 1905 3641 nos
1935 3585 2095 3640 talem

496 3680 741 3738 illicitarn
782 3679 1256 3751 pra:sumptionem
1298 3678 1620 3750 impunitam
1670 3677 1977 3734 nullatenus
2013 3695 2096 3735 re-

496 3769 827 3844 linquemus.
862 3771 995 3826 Data
1029 3779 1082 3823 ut
1121 3786 1304 3840 supra.

1232 3881 1339 3937 CII.

919 4011 984 4049 AD
1018 4011 1360 4050 CUNII‘HRTUM
1399 4009 1660 4050 COMITEM.

1111 4090 1288 4155 (Anno
1325 4086 1477 4155 877.)

498 4181 750 4252 Prtucipit
777 4191 830 4234 ut
864 4180 997 4234 bona
1029 4177 1294 4258 Romamn
1315 4176 1566 4230 Ecclesia:
1589 4192 1704 4247 qua:
1727 4164 2091 4247 occupaverat,

1174 4257 1432 4301 restituat.

567 4375 774 4430 Dilecto
804 4372 914 4427 ﬁlio
935 4370 1244 4425 Cusrrsuro
1278 4367 1513 4438 glorioso
1545 4366 1752 4422 comiti.
1800 4407 1822 4422 ρ

565 4468 765 4523 Auditu
819 4463 1136 4528 didicimus,
1191 4460 1357 4515 etiam
1413 4468 1470 4514 et
1521 4460 1794 4514 veraciter
1845 4461 2086 4527 scimus,

2202 3341 2355 3397 ribus
2383 3341 2587 3396 nostris
2612 3338 2806 3395 fecisse
2835 3339 3109 3395 recolitur.
3137 3339 3292 3396 Unde
3327 3340 3476 3396 valde
3501 3341 3790 3404 miramur,

2202 3431 2248 3487 si
2277 3433 2376 3487 hoc
2403 3447 2589 3487 verum
2613 3440 2720 3498 est,
2749 3434 3019 3501 quomodo
3045 3440 3208 3487 tantm
3230 3434 3474 3488 amicitia'
3511 3433 3658 3489 inter
3689 3452 3792 3492 nos

2203 3525 2363 3579 toties
2397 3522 2592 3577 habitae
2636 3533 2816 3594 atquae
2844 3524 3124 3592 promissae
3151 3523 3304 3579 obliti
3337 3526 3474 3588 estis,
3506 3539 3630 3578 cum
3655 3535 3793 3596 pos:

2201 3616 2370 3672 Deurrr
2419 3630 2515 3670 vos
2551 3615 2711 3671 rrrodo
2738 3615 2792 3670 in
2831 3616 3082 3671 omnibus
3123 3616 3513 3672 necessitatibus
3540 3626 3596 3671 et
3628 3619 3785 3674 utili-

2201 3706 2401 3761 tatibus
2433 3705 2691 3762 Ecclesize
2721 3706 2893 3762 sancti
2931 3704 3078 3760 Petri
3114 3707 3404 3762 habeamus
3433 3707 3644 3762 unicum
3679 3710 3785 3765 ad-

2193 3799 2432 3871 jutorem
2486 3807 2648 3868 atque
2702 3798 3073 3854 ﬁdelissimum
3131 3799 3483 3856 defensorem.
3534 3800 3605 3854 Et
3662 3802 3788 3857 ideo

2198 3892 2325 3947 licet
2356 3890 2576 3960 quidam
2608 3890 2758 3946 vobis
2785 3905 2946 3961 agere
2975 3889 3103 3944 talia
3133 3891 3245 3947 sedi
3274 3891 3574 3962 apostolicae
3605 3894 3790 3951 nobis-

2198 4000 2304 4056 que
2339 3984 2612 4040 coutraria
2660 3985 2943 4049 suadeant,
2977 4000 3074 4039 nos
3108 3994 3284 4040 tamen
3332 3986 3380 4038 in
3420 3995 3613 4041 vestra:
3661 3987 3786 4042 ﬁdei

2198 4080 2502 4144 devotione,
2535 4094 2695 4147 quam
2732 4093 2858 4149 erga
2897 4077 3240 4134 beatissimos
3271 4078 3534 4148 principes
3572 4090 3787 4148 aposto-

2196 4175 2370 4232 lorum
2401 4174 2616 4228 Petrum
2656 4187 2720 4226 ac
2749 4172 2994 4238 Paulum,
3025 4182 3080 4227 et
3120 4181 3358 4226 nostram
3406 4174 3782 4242 pateruiran-m

2197 4269 2440 4332 habetis,
2469 4266 2761 4338 plurimum
2787 4265 3148 4329 conﬁdentes,
3179 4265 3334 4334 quasi
3369 4266 3561 4318 dilecto
3599 4265 3710 4317 libo
3737 4273 3786 4318 cl

2194 4358 2438 4413 unanimi
2483 4357 2658 4412 amico
2709 4355 3029 4410 mandamus
3076 4363 3132 4408 ut
3183 4369 3282 4424 pro
3338 4355 3431 4411 Dei
3489 4365 3544 4411 et
3599 4371 3785 4411 nostro

2195 4467 2399 4517 amore,
2431 4466 2530 4520 pro
2575 4465 2742 4505 causa
2790 4447 3134 4502 inimicorum
3178 4456 3488 4503 nostrorum
3521 4448 3784 4516 aliquate-

493 4562 639 4633 quod
687 4567 892 4615 cortenr
939 4555 1116 4611 sancti
1151 4553 1330 4617 Petri,
1378 4568 1500 4622 quae
1545 4559 1629 4608 est
1678 4552 1730 4606 in
1772 4552 2087 4618 Alviseutia,
2115 4565 2170 4627 D
2196 4558 2296 4597 "US
2345 4541 2700 4633 resumenda.
2732 4555 2854 4594 cum
2886 4535 3106 4633 biﬁlum
3148 4552 3212 4592 ³6
3255 4547 3336 4593 te?
3375 4539 3636 4609 53"“)(“00
3681 4545 3787 4593 5"“

492 4659 685 4708 contra
723 4649 892 4703 Deunr
920 4655 976 4702 et
1007 4654 1250 4700 nostranr
1294 4643 1626 4698 voluntatem
1670 4643 1902 4699 teneatis
1933 4643 2086 4696 inva-

493 4758 635 4807 sam,
664 4750 720 4796 et
752 4739 891 4794 unde
918 4752 1139 4796 censum
1177 4751 1242 4790 ac
1278 4735 1612 4789 iunctionem
1650 4750 1885 4788 annuam
1913 4734 2090 4790 eccle—

491 4835 571 4889 sia
637 4829 897 4902 principis
952 4826 1318 4896 apostolorum
1371 4841 1468 4894 pro
1528 4824 1831 4878 luminariis
1886 4824 2088 4880 habere

490 4927 649 4983 solita
689 4934 830 4990 erat,
859 4938 1002 4976 nunc
1031 4932 1210 4976 vestra
1257 4921 1418 4976 fortia
1469 4929 1523 4973 et
1561 4920 1788 4973 avaritia
1829 4918 2083 4985 faciente,

490 5020 565 5073 nil
613 5018 858 5086 recipere
899 5013 1080 5082 uilque
1115 5020 1294 5082 potest
1333 5012 1553 5064 habere.
1584 5009 1737 5064 Unde
1757 5024 1822 5064 ex
1849 5010 2087 5065 auctori-

490 5123 598 5166 tate
633 5109 746 5174 Dei,
772 5116 827 5163 et
851 5105 1024 5162 sancti
1047 5104 1214 5168 Petri,
1242 5118 1305 5156 ac
1332 5113 1536 5167 nostra,
1565 5101 1718 5156 vobis
1738 5102 2082 5172 prrecipimus

489 5215 548 5260 ut
595 5220 703 5259 non
753 5201 999 5258 habeatis
1045 5196 1320 5254 licentiam
1370 5196 1544 5264 ipsam
1593 5202 1801 5249 cortem
1851 5195 2083 5265 amplius

488 5296 748 5360 retinere,
781 5308 878 5348 nec
907 5293 960 5346 in
992 5290 1109 5361 ejus
1136 5290 1298 5344 rebus
1329 5295 1384 5342 et
1410 5285 1756 5356 pertinentiis
1779 5300 1877 5341 vos
1906 5285 2079 5340 intro-

487 5389 742 5453 rnittatis,
785 5388 828 5441 si
871 5383 1103 5455 gratiam
1150 5380 1246 5436 Dei
1281 5388 1337 5435 et
1373 5379 1656 5434 beatorum
1708 5377 2078 5447 apostolorum

487 5480 634 5538 Petri
689 5489 741 5535 et
797 5477 946 5532 Pauli
998 5481 1353 5543 nostramque
1400 5469 1832 5526 benedictionem
1884 5468 2080 5540 cupitis

487 5575 718 5636 habere;
781 5571 1080 5638 sinatisque
1134 5566 1381 5622 homines
1431 5563 1603 5619 sancti
1658 5561 1801 5618 Petri
1853 5563 1944 5634 qui
2004 5561 2076 5615 ibi

485 5674 612 5722 sunt
635 5663 878 5718 eamdem
893 5670 1099 5715 cortem
1123 5658 1388 5713 securiter
1405 5657 1660 5710 retinere.
1681 5653 1814 5708 Nam
1831 5657 1875 5708 si
1907 5654 2076 5722 ipsam

483 5766 689 5814 corterrr
723 5754 974 5819 deinceps
1015 5760 1198 5804 tenere
1242 5759 1431 5802 contra
1467 5757 1706 5802 nostram
1747 5747 2077 5801 voluntatem

481 5843 957 5920 praisurnpseritis,
990 5841 1336 5911 aliquanrquc
1381 5840 1452 5894 ibi
1499 5841 1713 5896 l'ortiarn
1757 5841 1838 5895 vel
1878 5839 2080 5894 violen-

2195 4633 2294 4703 ipsi
2336 4632 2541 4703 judicio
2570 4630 2929 4694 condemnati,
2962 4629 3189 4684 Romam
3219 4644 3362 4683 nunc
3391 4645 3494 4684 non
3520 4632 3781 4689 veniatis;

2190 4727 2314 4796 quia
2349 4725 2503 4779 valde
2537 4723 2735 4779 turbati
2772 4739 2837 4777 ac
2872 4723 3058 4777 tristes
3087 4721 3156 4776 ob
3186 4723 3287 4776 hoc
3315 4722 3634 4787 existentes,
3672 4740 3782 4786 vos.

2191 4817 2329 4872 sicut
2358 4816 2513 4870 decet
2545 4825 2598 4869 et
2641 4830 2738 4868 nos
2768 4813 3035 4881 eupirrrus,
3068 4813 3364 4867 honor-ilice
3395 4813 3636 4881 recipere
3679 4829 3781 4869 non

2189 4923 2494 4979 possumus.
2530 4904 2894 4972 Quamobrem
2927 4914 3106 4959 vestra
3140 4904 3423 4974 prudentia
3465 4914 3628 4960 lance
3667 4922 3780 4976 pcr-

2191 5001 2468 5056 versitatis
2523 4998 2806 5053 consilium
2858 4999 3132 5062 destruat,
3182 5005 3345 5064 atque
3399 5005 3588 5050 contra
3644 4999 3784 5066 ipsos

2194 5091 2444 5147 irrirrricos
2495 5098 2709 5145 nostros
2759 5089 2887 5145 totis
2936 5087 3143 5143 viribus
3197 5088 3508 5157 insurgere,
3562 5098 3616 5142 et
3666 5091 3779 5159 pari

2191 5183 2471 5241 nobiscum
2521 5183 2818 5249 voluntate,
2856 5183 2997 5236 sicut
3043 5191 3279 5251 oportet,
3311 5196 3405 5236 eos
3454 5181 3784 5240 conlaudere

2187 5280 2522 5351 procuretis;
2564 5289 2623 5334 ut
2664 5294 2784 5346 nos,
2815 5277 2956 5334 sicut
2998 5295 3096 5348 per
3139 5275 3236 5333 vos
3275 5280 3571 5345 credimus,
3609 5281 3780 5336 securi

2187 5383 2243 5430 et
2274 5373 2462 5444 quieti,
2493 5373 2590 5428 Dei
2633 5381 2689 5428 et
2717 5380 2954 5428 vestrum
2991 5386 3310 5426 maneamus
3349 5372 3638 5429 auxilium.
3667 5376 3782 5429 Alia

2188 5482 2321 5523 vero
2348 5482 2445 5536 pro
2472 5481 2658 5530 causa,
2690 5465 2735 5520 si
2763 5465 2830 5518 ad
2855 5463 3042 5518 limina
3077 5461 3251 5518 sancti
3282 5461 3426 5517 Petri
3457 5471 3514 5518 et
3541 5474 3780 5519 nostram

2140 5562 2142 5564 ’
2189 5560 2535 5630 apostolicam
2580 5574 2723 5613 nunc
2761 5567 2855 5612 aut
2904 5566 3090 5628 postea
3125 5557 3289 5612 vultis
3318 5559 3506 5612 venire
3543 5575 3780 5628 praesen-

2189 5656 2340 5719 tiam,
2374 5670 2468 5712 vos
2509 5661 2760 5724 prompto
2809 5662 2971 5722 atqrre
3021 5651 3331 5723 gratissimo
3380 5653 3590 5717 animo,
3628 5661 3780 5722 prout

2184 5759 2429 5818 oportet,
2486 5746 2783 5802 honoriﬁce
2838 5745 3195 5813 recipiemus,
3249 5744 3530 5798 vobiscum
3583 5747 3781 5814 pariter

2186 5841 2481 5913 gaudentes
2525 5850 2578 5894 et
2622 5837 2960 5893 exsultantes
2997 5835 3050 5890 in
3093 5834 3341 5890 Donrino.
3375 5833 3537 5888 Plura
3565 5835 3777 5906 quidem
