4042 6302
176 379 324 437 .763

1438 366 1813 436 Epts'roma‘
1836 374 1929 435 ET
1964 374 2308 438 DECRETA.

3381 379 3483 436 ἰω

206 496 371 555 vdbis
413 508 576 565 super
617 493 705 551 his
744 493 1123 557 scriberemus,
1161 495 1254 550 sed
1303 496 1427 565 quia
1472 496 1691 551 idoneos
1736 486 1879 556 acfA
1903 490 2190 562 aliquando
2217 506 2494 546 conversus
2515 491 2769 561 conﬁrma
2793 490 2983 560 fratres
3012 505 3127 547 tuos
3152 491 3480 565 (Luc.xxu).

206 587 548 647 revenendos
577 585 762 641 ﬁdeles
791 594 1029 651 nostros,
1058 595 1166 641 vcst
1178 600 1373 656 resque
1402 587 1622 642 devotos
1659 587 1798 643 ami-

204 692 333 743 cos,
363 675 724 732 Gaudericum
756 674 1010 731 videlicet
1045 684 1101 729 et
1141 674 1460 732 Zachariam
1495 676 1798 748 episcopos,

206 766 505 822 deliciosos
549 775 605 821 et
641 766 979 823 consiliarios
1016 776 1251 835 uestros,
1287 769 1443 825 vobis
1480 770 1799 837 direximus,

207 859 309 929 qui
342 867 536 915 vestra;
564 859 747 930 gloriae
786 874 851 915 ea
885 875 1006 930 qua:
1048 860 1246 917 litteris
1281 861 1476 917 desunt
1503 862 1680 917 verbis
1709 876 1804 931 po-

210 959 405 1007 terunt
446 967 736 1019 enarrare,
782 951 1065 1009 omisimus
1103 952 1374 1018 scribere;
1415 951 1610 1022 quibus
1649 967 1801 1019 sane,

210 1059 341 1115 qua:
370 1043 693 1100 verbotenus
731 1044 1000 1111 dixerint,
1042 1044 1197 1115 quasi
1240 1044 1396 1100 nobis
1439 1044 1663 1100 credere
1694 1056 1804 1099 non

216 1134 502 1191 dubitetis.
530 1133 689 1206 Agite
731 1134 899 1205 igitur
927 1135 1065 1191 sicut
1100 1148 1200 1191 vos
1235 1135 1289 1191 in
1319 1134 1569 1193 omnibus
1603 1133 1806 1190 nostris

214 1229 496 1287 credimus
534 1229 738 1285 habere
769 1229 957 1301 procul
994 1229 1156 1284 dubio
1202 1228 1501 1298 adiutorem
1528 1235 1582 1280 et
1608 1224 1804 1279 unani-

215 1336 367 1379 mem
403 1322 460 1378 in
483 1321 702 1403 Christo
730 1323 985 1378 amicum.
1010 1320 1332 1376 Adelbertus
1354 1328 1531 1375 autem
1564 1315 1807 1373 marchio

216 1416 289 1471 ad
327 1430 429 1471 nos
464 1415 512 1471 si
540 1414 766 1481 venerit,
798 1430 898 1486 pro
924 1422 1077 1471 certo
1112 1412 1304 1469 scitote
1338 1411 1463 1481 quia
1497 1424 1621 1465 eum
1662 1406 1807 1463 nullo

218 1506 387 1561 modo
435 1504 780 1576 recipiemus,
808 1504 936 1575 quia
970 1502 1169 1558 multas
1208 1501 1363 1557 nobis
1392 1497 1809 1556 contrarietates

219 1600 353 1656 fecit
391 1607 447 1655 et
492 1597 813 1656 manifestus
854 1597 910 1653 in
952 1596 1204 1652 omnibus
1245 1594 1497 1650 inimicus
1538 1589 1805 1660 apparuit.

217 1689 528 1754 Praeterea,
581 1688 723 1745 sicut
765 1687 922 1745 nobis
964 1685 1268 1750 mandatis,
1308 1691 1367 1738 ut
1412 1696 1512 1752 pro
1555 1678 1809 1737 instantis

224 1780 490 1852 temporis
517 1794 683 1836 causa
711 1786 870 1837 extra
908 1777 1098 1834 urbem
1126 1775 1357 1837 Romam
1399 1780 1678 1836 exeuntes,
1711 1784 1808 1824 vo-

219 1846 438 1931 biscum
467 1871 665 1929 alicubi
688 1871 1053 1942 loqueremur,
1076 1867 1310 1923 libenter
1336 1864 1557 1935 quidem
1584 1862 1690 1919 hoc
1720 1859 1806 1916 fa-
1836 1846 1886 1916 Β

218 1981 351 2023 cere
372 1965 749 2030 voluissemus,
780 1964 827 2020 si
854 1963 984 2017 utile
1012 1976 1077 2017 ac
1106 1959 1471 2016 necessarium
1507 1970 1629 2011 esse
1661 1953 1810 2011 vide-

218 2070 416 2113 retur:
448 2065 507 2110 ut
546 2054 708 2111 simul
751 2053 1035 2123 loquamur
1079 2067 1186 2107 non
1230 2049 1384 2106 vobis
1425 2061 1589 2119 grave
1627 2045 1698 2101 sit
1739 2044 1809 2100 ad

220 2163 326 2204 nos
371 2147 527 2219 quasi
571 2147 715 2202 lilius
755 2146 982 2202 dilectus
1029 2144 1236 2208 venire,
1269 2150 1536 2213 quatenus
1580 2154 1647 2195 ea
1688 2152 1810 2207 qu:e

218 2259 464 2318 congrua
485 2245 733 2303 suutvisa
747 2241 950 2311 pariter
960 2238 1385 2295 consideremus.
1400 2234 1538 2290 Data
1556 2240 1805 2303 utsupra.

962 2352 1095 2409 CIV.

849 2463 919 2504 ΑΙ)
942 2460 1182 2504 Εωίυεκ.

812 2539 831 2610 (
848 2539 1004 2595 Anno
1061 2537 1225 2608 878.)

221 2643 471 2701 Graviter
496 2654 621 2694 eum
655 2634 979 2707 reprehendit
1003 2632 1142 2756 Yuod
1163 2632 1220 2684 in
1244 2628 1430 2683 litteris
1449 2642 1583 2697 quas
1600 2623 1808 2693 scripsit

295 2710 803 2756 Ιιηηηηιη.ι1ιε1ήιιιηι
823 2713 1003 2756 anole
1026 2720 1123 2756 ica:
1146 2702 1257 2756 sedi
1284 2717 1386 2754 non
1402 2696 1663 2756 habuerit,
1681 2704 1729 2749 et
1747 2710 1808 2748 ne

294 2715 555 2771 honorem.
574 2699 803 2766 debitum
823 2699 1123 2777 apostolica:
1146 2702 1257 2777 sedi
1284 2717 1386 2754 non
1402 2699 1663 2777 habuerit,
1681 2704 1729 2749 et
1747 2710 1810 2777 ne

294 2765 455 2856 legati
472 2765 675 2855 absque
695 2779 809 2848 ejus
831 2765 1081 2832 cbusensu
1102 2775 1429 2827 mitterentur
1440 2765 1806 2839 postulaverit.

294 2874 471 2933 Nobili
508 2872 627 2929 viro
652 2870 945 2941 Launsuro
964 2863 1203 2936 glorioso
1228 2859 1438 2917 comiti.

302 2967 498 3035 Sedem
525 2964 898 3035 apostolicam,
919 2973 1079 3028 quam
1108 2957 1247 3011 Deus
1275 2953 1622 3021 omnipotens
1644 2964 1807 3018 supra

225 3072 442 3135 petram
474 3058 556 3133 sui
582 3055 817 3114 nominis
838 3051 1063 3108 fundare
1097 3048 1346 3117 dignatus
1369 3052 1473 3107 est,
1503 3058 1608 3096 non
1634 3040 1808 3096 solum

226 3169 387 3233 reges
415 3158 470 3213 et
500 3149 773 3221 principes
797 3155 980 3208 terrae,
1010 3154 1196 3196 verum
1236 3136 1398 3193 etiam
1450 3134 1808 3205 imperatores

225 3227 480 3319 Augusti,
508 3251 563 3299 et
596 3240 764 3297 totius
788 3236 937 3293 orbis
959 3232 1170 3289 Domini
1194 3230 1306 3285 suis
1333 3227 1591 3297 apicibus.
1620 3232 1807 3292 utpote

226 3314 395 3410 caput
418 3314 682 3410 omnium
728 3328 1092 3385 Ecclesiarum
1128 3322 1242 3387 Dei,
1273 3321 1700 3378 houoraverunt,
1727 3314 1809 3369 di-

229 3404 461 3499 gn'isqiie
481 3404 774 3494 praeconiis
821 3417 936 3486 ejus
976 3415 1276 3488 pontiﬁces,
1322 3410 1555 3466 vicarios
1603 3407 1811 3463 scilicet

229 3517 379 3601 beati
427 3513 574 3569 Petri
635 3509 1002 3585 apostolorum
1059 3502 1357 3576 principis,
1407 3500 1804 3564 laudaverunt,

229 3596 480 3679 votisque
511 3604 840 3685 supplicibus
869 3599 1147 3672 deprecari
1192 3596 1531 3656 studuerunt,
1557 3599 1610 3646 et
1640 3602 1810 3659 usque
1848 3632 1853 3639 .

226 3705 285 3761 in
306 3705 473 3779 linem
502 3682 704 3767 saeculi,
732 3696 881 3752 Petri
910 3699 1163 3749 manente
1188 3689 1405 3749 nomine
1432 3703 1494 3741 ac
1521 3682 1807 3747 memoria,

227 3774 537 3871 supplicare
561 3808 667 3849 non
700 3790 968 3867 desinent.
999 3785 1338 3853 Quapropter
1366 3778 1645 3843 audientes
1668 3774 1811 3827 litte-

226 3870 321 3948 ras
354 3900 476 3951 tuas
514 3901 649 3956 quas
676 3880 994 3945 mandastis,
1023 3875 1204 3933 mirati
1233 3871 1388 3927 valde
1413 3870 1613 3925 fuimus
1647 3880 1811 3935 super

224 3968 433 4041 earum
468 3958 647 4036 verbis
697 3970 1197 4031 inconvenientibus
1228 4008 1243 4031 ,
1293 3977 1411 4034 qua:
1461 3961 1561 4017 nec
1603 3957 1811 4013 debitas

224 4081 422 4149 saneto
472 4071 636 4127 Petro
684 4065 870 4121 laudes
922 4068 1219 4122 resonant,
1272 4069 1373 4110 nec
1429 4046 1811 4135 ecclesiasticis

225 4141 570 4225 concordant
620 4157 821 4230 regulis
870 4154 956 4210 vel
1005 4148 1293 4212 doctrinis;
1353 4132 1477 4200 cum
1526 4140 1680 4196 nobis
1722 4137 1813 4192 illa

224 4262 399 4318 verba
441 4253 737 4312 mandasds
784 4265 904 4320 qua:
944 4240 1295 4309 saecularibus
1332 4237 1466 4292 viris
1493 4244 1547 4290 et
1594 4246 1813 4301 compa-

228 4354 389 4423 ribus
410 4350 523 4423 tuis
558 4345 806 4407 scribere
849 4339 1043 4396 solitus
1082 4351 1160 4401 es,
1211 4328 1317 4389 hoc
1366 4322 1467 4394 est,
1502 4341 1624 4382 cum
1678 4323 1814 4378 dicis

227 4418 429 4509 nobis,
492 4440 620 4501 Tute
684 4432 1019 4511 nobilitatis,
1080 4427 1167 4481 vel
1224 4440 1347 4482 cum
1422 4419 1558 4476 dicis
1610 4415 1811 4479 nobis,

222 4534 514 4591 Monemus
566 4504 897 4585 nobilitatem
944 4527 1214 4582 vestram;
1270 4514 1326 4568 in
1371 4526 1479 4582 quo
1532 4508 1654 4563 luce
1705 4504 1814 4560 cla-

225 4628 348 4685 rius
401 4631 637 4680 mentem
685 4625 920 4674 vestram
972 4608 1349 4681 cognoscimus
1385 4617 1508 4671 erga
1566 4613 1667 4654 nos
1721 4593 1817 4650 mi-

226 4720 385 4775 nime
438 4716 712 4777 devotam,
744 4709 888 4765 sicut
935 4702 1260 4774 putabamus
1303 4693 1560 4750 existere.
1608 4686 1817 4742 ldcirco

228 4821 437 4869 nostra:
458 4803 767 4879 paternitati
802 4810 911 4857 tam
934 4796 1130 4852 vilibus
1155 4790 1334 4848 verbis
1356 4796 1411 4844 et
1434 4782 1819 4842 inconvenien-

228 4905 382 4961 tibus
430 4897 774 4954 sermonibus
809 4891 1049 4948 scribere
1080 4883 1269 4940 audaci
1306 4880 1488 4954 potius
1512 4891 1674 4951 quam
1705 4872 1819 4928 sin-

227 5011 361 5053 cera
416 4998 597 5047 mente
646 4983 912 5049 voluistis,
955 4990 1011 5036 et
1066 4977 1264 5033 mirum
1314 4988 1420 5028 non
1466 4977 1550 5024 est
1578 4964 1708 5037 quia
1751 4962 1817 5018 de

229 5098 424 5141 amaro
461 5082 609 5137 fonte
636 5077 808 5134 dulcis
837 5088 975 5143 aqua
1003 5085 1112 5125 non
1155 5065 1427 5121 hauritur.
1472 5059 1642 5115 Porro
1687 5054 1814 5125 quia

230 5173 455 5232 dixistis
482 5170 626 5242 quod
667 5169 785 5225 sine
830 5175 1098 5222 consensu
1135 5166 1227 5212 tuo
1276 5163 1492 5227 nostras
1520 5146 1818 5218 legationes

228 5280 507 5338 nusquam
531 5264 745 5318 mittere
757 5259 1098 5318 deberemus,
1115 5261 1352 5318 ususque
1369 5245 1474 5300 hoc
1493 5258 1600 5297 non
1630 5237 1815 5302 fuerit,

230 5374 341 5415 nec
352 5335 781 5424 litterislegitur,
797 5365 897 5405 nec
923 5363 954 5401 a
971 5357 1245 5418 quoquam
1266 5335 1559 5406 superstite
1581 5342 1820 5399 unquam

228 5452 406 5510 fuisse
430 5419 794 5505 reminiscitur
811 5441 1040 5504 factum;
1065 5446 1120 5494 et
1136 5429 1429 5490 ideo‘sedes
1448 5422 1739 5497 apostolica
1754 5419 1821 5474 li-

225 5547 372 5604 bera
388 5556 604 5612 semper
625 5538 869 5595 existens
897 5532 1123 5588 liberam
1151 5525 1347 5596 ubique
1377 5534 1531 5576 suam
1554 5513 1822 5612 mittit-le-

228 5600 535 5711 gationem:
563 5630 768 5686 habens
784 5622 996 5680 Domini
1019 5618 1397 5675 auctoritatem
1420 5607 1651 5665 dicentis
1677 5623 1688 5658 :
1708 5600 1821 5675 Ego

224 5703 331 5807 pro
374 5738 423 5782 te
463 5722 665 5796 rogavi,
692 5717 869 5786 Petre,
913 5724 970 5771 ut
999 5729 1103 5770 non
1132 5708 1343 5779 deﬁciat
1365 5703 1498 5776 ﬁdes
1526 5709 1645 5756 tua°
1688 5707 1736 5754 et
1767 5706 1823 5750 tu

311 5858 341 5888 ι
367 5840 583 5901 Aliauid
613 5840 786 5899 deest.

1906 585 1983 639 De
2008 585 2094 640 his
2117 594 2296 640 autem
2342 601 2463 656 quae
2511 585 2638 640 olim
2685 585 2830 640 dicta
2862 594 2987 640 sunt
3036 584 3179 641 inter
3226 600 3347 652 nos,
3389 598 3487 655 pro

1903 675 2136 732 diversis
2165 692 2227 733 ac
2278 676 2665 748 multiplicibus
2717 677 3010 732 contrariis
3059 685 3115 731 et
3151 674 3490 731 adversitati-

1902 765 2023 830 bus,
2062 780 2162 823 nec
2205 782 2313 823 non
2358 777 2416 824 et
2461 768 2705 839 corporis
2758 766 3316 832 incommoditatibus,
3347 777 3488 835 quas

1904 862 2146 930 quotidie
2170 865 2428 934 patimur,
2460 866 2619 921 nobis
2648 862 2853 936 aliquid
2878 859 3227 918 considerare
3250 856 3338 913 vel
3365 868 3491 927 per-

1906 961 2140 1013 tractare
2190 973 2298 1015 non
2342 959 2488 1015 licet.
2533 959 2642 1015 Nos
2691 969 2897 1021 tamen,
2928 957 2977 1011 si
3019 952 3362 1026 prudentiam
3396 963 3491 1005 ve-

1906 1055 2075 1103 stram
2106 1050 2159 1105 in
2185 1052 2388 1107 nostris
2411 1041 2744 1124 profectibus
2788 1060 2844 1106 et
2878 1047 3204 1104 utilitatibus
3234 1040 3492 1098 Ecclesiae

1905 1138 2164 1197 Romanae
2200 1145 2641 1214 cognovissemus
2672 1143 2923 1199 devotam
2944 1139 3199 1202 existere,
3220 1139 3491 1189 nostram—

1905 1248 2013 1304 que
2038 1235 2372 1293 voluntatem
2415 1244 2666 1307 prompte
2714 1235 3016 1307 perticere,
3068 1229 3189 1286 loco
3240 1240 3337 1281 vos
3394 1219 3490 1276 lilii

1907 1328 2197 1399 dilectique
2254 1344 2578 1402 caperemus
2629 1329 2865 1385 retinere
2915 1323 3117 1389 amici,
3164 1329 3222 1376 et
3266 1332 3331 1372 ea
3368 1327 3491 1386 quin

1906 1429 2103 1477 vestra:
2149 1423 2310 1478 saluti
2355 1439 2420 1479 ac
2479 1421 2825 1493 prosperitati
2887 1424 3070 1475 essent
3120 1412 3293 1477 utilia,
3339 1415 3493 1480 grato

1909 1527 2043 1569 sane
2073 1513 2258 1571 animo
2289 1514 2676 1585 perliceremus
2703 1531 2716 1567 :
2746 1511 2841 1569 sed
2886 1510 3012 1582 quia
3041 1522 3156 1570 vos,
3190 1503 3349 1559 nobis
3402 1513 3489 1554 re-

1909 1602 2072 1669 lictis,
2124 1606 2181 1660 in
2225 1615 2436 1676 partem
2485 1602 2817 1661 contrariam
2866 1600 3156 1657 inclinatos
3199 1595 3446 1650 videmus
3473 1629 3490 1655 ,

1909 1712 2016 1753 non
2049 1697 2224 1753 solum
2270 1697 2724 1769 obstupescimus,
2756 1696 2852 1753 sed
2879 1695 3045 1750 etiam
3070 1708 3102 1746 a
3134 1697 3326 1746 vestrm
3357 1683 3494 1739 ami—

1913 1788 2055 1845 citiae
2077 1805 2176 1845 nos
2204 1790 2458 1845 similiter
2487 1789 2827 1845 declinamus
2873 1782 3169 1847 consortio,
3197 1776 3343 1849 quod
3391 1787 3492 1845 pro

1912 1879 2007 1934 Dei
2041 1894 2228 1936 amore
2254 1881 2410 1937 valde
2456 1880 2696 1936 retinere
2744 1877 3011 1932 voluimus
3052 1871 3298 1927 charum.
3338 1862 3495 1919 Hane

1909 1981 2171 2042 praeterea
2203 1973 2488 2042 epistolam
2542 1980 2785 2028 nostram
2827 1966 3123 2025 secundum
3156 1974 3362 2017 morem
3395 1971 3497 2027 per

1909 2062 2391 2135 Longobardorum
2416 2064 2657 2134 gﬁdelem
2693 2072 2963 2126 vestrum,
2990 2066 3045 2113 et
3077 2057 3383 2111 litterarum
3409 2049 3497 2105 de-

1910 2155 2139 2212 latorem
2168 2164 2499 2222 vestrarum,
2547 2157 2703 2211 vobis
2751 2153 3011 2208 mandare
3060 2147 3366 2207 voluimus;
3400 2139 3496 2196 sed

1908 2245 2001 2301 ille
2032 2262 2062 2301 a
2097 2247 2252 2302 nobis
2296 2262 2390 2302 eas
2439 2247 2682 2317 recipere
2709 2254 3014 2311 vestraeque
3058 2238 3231 2294 noluit
3281 2233 3496 2289 deferre

1910 2339 2213 2410 sagacitati,
2245 2340 2336 2395 sed
2359 2339 2501 2394 sicut
2535 2348 2590 2393 et
2612 2338 2864 2407 antiquus
2887 2347 3019 2388 usus
3056 2330 3226 2401 exigit
3257 2339 3285 2368 α
3313 2333 3368 2381 et
3392 2339 3486 2380 ra-

1909 2431 1987 2486 tio
2016 2430 2301 2487 manifeSta
2324 2431 2440 2487 ﬁeri
2464 2430 2723 2486 declarat.
2761 2429 2980 2495 Dataut
3010 2438 3190 2493 supra.

2280 2635 2348 2672 an
2408 2630 2789 2673 ANGELBERGAM
2826 2608 3133 2669 aucusrau.

2504 2699 2682 2769 (Anno
2738 2694 2889 2763 878.)

1910 2782 2063 2838 Dolet
2090 2779 2467 2851 Angelbergant
2495 2764 2745 2851 molestiis
2784 2774 2926 2851 affici
2974 2780 3026 2851 et
3066 2768 3304 2850 queritur
3328 2765 3395 2851 de
3419 2764 3531 2846 iur

1974 2855 2136 2923 juriis
2160 2837 2291 2923 quas
2314 2837 2624 2923 Lvambertus
2668 2837 2919 2923 Ecclesia:
2964 2837 3214 2896 Romanis
3258 2837 3454 2919 inﬂixit
3476 2850 3500 2888 :
3528 2866 3535 2885 .-

1984 2909 2129 2994 rogat
2162 2909 2216 2975 ut
2240 2928 2503 2994 conservet
2530 2915 2935 2972 benevolentiam
2981 2928 3139 2984 quam
3183 2926 3305 2981 erga
3328 2909 3501 2979 ipsum

1996 2990 2187 3048 habere
2210 2990 2428 3045 solebat.

1984 3086 2202 3141 Dilecta:
2229 3100 2293 3139 ac
2325 3080 2552 3152 spiritali
2585 3078 2707 3139 tiliae
2736 3079 3103 3136 Assaracum:
3153 3092 3216 3131 ex
3262 3073 3499 3141 impera-

1835 3208 1881 3270 ο
1915 3177 2050 3270 trice
2071 3176 2195 3270 Deo
2216 3174 2424 3270 dicatae.

1986 3266 2122 3334 Quia
2152 3263 2379 3318 multum
2405 3261 2691 3316 devotione
2714 3268 2767 3315 et
2795 3259 2989 3314 mentis
3015 3257 3296 3313 alacritate
3324 3246 3501 3310 domi-

1910 3376 2038 3416 num
2066 3367 2122 3416 et
2143 3359 2412 3413 seniorem
2459 3356 2594 3410 diva:
2645 3355 2923 3411 memoriae
2965 3353 3297 3410 Ludovicum
3325 3365 3502 3421 quon-
3548 3324 3553 3331 r

1912 3454 2032 3508 dam
2076 3448 2600 3507 Christianissimum
2658 3447 3062 3519 imperatorem,
3103 3444 3400 3516 spiritalem
3442 3420 3553 3515 ii-

1910 3546 2040 3601 lium
2065 3553 2331 3606 nostrum,
2364 3540 2672 3607 dileximus,
2696 3539 3005 3595 nullatenus
3038 3537 3539 3608 praetermittimus,

1911 3639 2029 3710 ejus
2070 3626 2389 3692 memoriam
2420 3634 2471 3687 in
2510 3633 2681 3690 sacris
2721 3630 3058 3687 orationibus
3107 3630 3306 3685 nostris
3361 3628 3517 3699 apud.

1911 3728 2199 3783 Dominum
2246 3724 2488 3794 quotidie
2536 3724 2715 3778 facere
2738 3732 2793 3778 et
2817 3723 3054 3793 quaudiu
3088 3721 3382 3776 vixerimus
3424 3718 3539 3789 fax

1912 3829 2099 3875 cturos
2125 3832 2245 3872 esse
2268 3815 2795 3882 scitote,-vestrique
2836 3828 3125 3878 memores,
3155 3811 3503 3866 dilectissima
3554 3782 3557 3797 Ι

1914 3911 2043 3975 ﬁlia,
2082 3908 2331 3964 similiter
2360 3923 2565 3963 sumus.
2600 3905 2758 3970 Nam,
2780 3906 2892 3962 Deo
2914 3914 3072 3969 teste,
3102 3915 3337 3961 vestram
3371 3920 3500 3974 pro-

1914 4003 2232 4074 speritatem
2267 4008 2322 4055 et
2344 3999 2572 4056 salutem
2608 4012 2823 4068 semper
2858 3998 3109 4068 cupimus
3135 3997 3317 4069 vigere
3352 3996 3505 4051 inco-

1914 4095 2113 4150 lumem
2137 4103 2191 4149 et
2228 4091 2453 4147 audire:
2486 4099 2543 4147 et
2568 4105 2731 4161 super
2759 4098 2837 4147 tot
2868 4104 2931 4145 ac
2959 4090 3123 4145 tantis
3164 4091 3504 4146 adversitati-

1915 4188 2037 4251 bus,
2065 4200 2202 4255 quas
2231 4200 2260 4239 a
2284 4183 2407 4238 liliis
2454 4183 2612 4253 hujus
2639 4181 2820 4237 saeculi
2850 4194 2946 4237 vos
2966 4182 3288 4237 sustinuisse
3309 4196 3507 4252 cogno-
3550 4164 3555 4171 ’

1917 4278 2139 4341 scimus,
2165 4275 2366 4345 iungenti
2389 4273 2544 4328 vobis
2566 4272 2753 4327 dolore
2787 4271 3149 4341 compatimur
3167 4281 3223 4327 et
3251 4272 3507 4327 condole-

1918 4375 2072 4425 mus;
2101 4359 2359 4428 quoniam
2389 4356 2609 4426 quidem
2650 4365 2877 4426 paterno
2918 4371 3017 4411 vos
3043 4355 3332 4435 diligentes
3370 4357 3505 4412 aﬂ‘ea

1918 4457 2032 4514 ctu,
2062 4463 2355 4506 mcerorem
2387 4452 2629 4502 vestrum
2655 4457 2900 4502 nostrum
2944 4456 3217 4516 putamus,
3258 4457 3314 4503 et
3352 4457 3506 4504 tran-

1918 4541 2242 4614 quillitatem
2270 4539 2395 4594 vitae
2413 4547 2606 4593 vestrae
2626 4544 2870 4593 nostram
2886 4552 3005 4593 esse
3026 4541 3354 4608 gaudemus;
3379 4543 3506 4613 quia

1918 4646 1976 4693 et
1998 4652 2097 4692 vos
2144 4649 2244 4704 pro
2279 4631 2481 4688 talibus
2499 4631 2751 4687 nefandis
2776 4639 2829 4685 et
2858 4630 3120 4687 inauditis
3160 4632 3338 4709 malis,
3387 4651 3510 4705 quae
3591 4657 3601 4686 ε

1861 4758 1865 4763 ~
1919 4726 2069 4783 nulla
2127 4733 2373 4780 veterum
2432 4722 2702 4791 scriptura
2770 4719 3045 4786 decantat,
3121 4722 3267 4777 nulla
3338 4724 3507 4782 histo-

1920 4818 1999 4872 ria
2028 4822 2241 4880 narrat,
2268 4812 2415 4869 beati
2453 4810 2600 4866 Petri
2649 4808 3015 4880 apostolorum
3062 4811 3321 4884 principis
3362 4814 3509 4870 vica-

1919 4909 2059 4963 rium
2092 4922 2123 4961 a
2153 4904 2399 4975 quolibet
2424 4903 2754 4972 imperatore
2801 4899 2889 4955 vel
2928 4915 3054 4970 rege
3082 4917 3319 4972 unquam
3348 4904 3511 4960 sustio

1919 4997 2123 5061 nuisse,
2150 5010 2248 5053 nos
2288 4990 2591 5047 liis~diebus
2625 5006 2656 5045 a
2680 4988 2968 5047 Lamberto
2993 4975 3285 5060 Spoletano
3311 4994 3511 5050 comite

1919 5088 2030 5160 pati
2070 5085 2373 5146 audientes,
2399 5080 2562 5137 simili
2601 5095 2722 5136 esse
2757 5095 2996 5135 niterore
3028 5079 3285 5134 afﬂictam
3320 5082 3512 5137 incun-
3586 5124 3587 5133 χ

1922 5185 2135 5234 ctanter
2170 5174 2543 5246 agnoscimus;
2597 5172 2741 5228 unde
2786 5180 3023 5228 vestram
3066 5171 3348 5227 hortamur
3377 5171 3513 5226 dile-

1924 5268 2158 5325 ctionem
2186 5273 2245 5318 ut
2273 5264 2418 5319 circa
2448 5278 2549 5319 nos
2576 5264 2722 5332 pium
2765 5263 2961 5317 mentis
3008 5260 3258 5318 allectum
3289 5276 3512 5318 consen-

1924 5368 2137 5420 vantes,
2166 5373 2228 5412 ea
2254 5371 2374 5425 quae
2403 5354 2621 5409 utilitati
2650 5363 2847 5410 nostra:
2870 5367 3109 5423 congrua
3138 5352 3223 5413 vel
3254 5366 3509 5409 necessa-

1925 5453 2006 5508 ria
2029 5464 2151 5506 esse
2186 5447 2516 5520 perspicitis,
2562 5461 2660 5516 pro
2691 5445 2898 5501 viribus
2945 5460 3106 5515 agere
3145 5462 3251 5502 non
3286 5455 3513 5517 praeter-
3594 5500 3601 5505 .

1928 5540 2178 5597 mittatis.
2210 5537 2347 5605 Quia
2371 5547 2426 5591 et
2445 5551 2564 5600 nos,
2593 5536 2703 5589 Deo
2731 5534 2981 5605 propitio,
3007 5535 3302 5591 secundum
3327 5535 3512 5592 datam

1910 5633 2086 5703 _nobis
2122 5628 2379 5715 divinitus
2404 5634 2728 5698 potestatem
2768 5625 2922 5680 vobis
2969 5626 3226 5681 auxilium
3267 5637 3322 5682 et
3358 5635 3514 5697 opat—

1928 5732 2043 5778 tam
2098 5723 2153 5778 in
2196 5718 2444 5776 omnibus
2487 5715 2908 5773 consolationem
2936 5715 3187 5773 conferre
3210 5716 3367 5772 avide
3403 5731 3499 5772 cu-

1931 5815 2132 5886 pimus,
2159 5822 2214 5869 et
2260 5812 2359 5869 sub
2389 5810 2530 5867 beati
2581 5808 2723 5865 Petri
2753 5807 2984 5878 apostoli
3006 5823 3124 5875 vos,
3153 5808 3199 5865 si
3227 5822 3366 5878 opus
3390 5805 3521 5881 lue:
