4042 6302
556 375 662 433 755

1821 373 2107 432 JOANNIS
2144 372 2349 432 ΡΑΡᾸΞ
2386 372 2501 430 Vill

3727 366 3853 424 755

556 493 666 560 rit,
697 492 925 553 tuitione
961 497 1260 564 protegere,
1290 496 1349 547 et
1384 491 1761 557 illmsam,'ceu
1800 492 1963 548 ﬁliam
2009 495 2141 551 cha-
2166 498 2215 559 A
2244 493 2439 551 tellites
2481 509 2609 551 suos
2635 508 2734 564 per
2759 493 2876 550 dies
2902 493 3165 565 plurimos
3195 493 3433 561 retinere
3469 490 3621 557 fecit,
3649 503 3725 546 ac
3763 490 3854 547 ﬁt

554 588 851 653 rissimum,
882 601 1207 643 conservare
1241 586 1599 652 studebimus,
1625 586 1670 642 si
1706 587 1775 641 ad
1808 586 1978 658 ipsius
2007 586 2135 659 apo-

546 679 815 739 .stolorum
847 678 1108 749 principis
1152 678 1339 733 limina
1386 678 1540 733 vobis
1581 678 1771 735 venire
1825 679 2133 752 contigerit.

554 769 777 839 Interim
814 769 1115 840 confutare
1134 771 1192 825 in
1231 769 1473 836 Domino,
1509 772 1602 843 qui
1640 771 1944 827 consolatur
1967 788 2055 828 vos
2079 772 2139 828 in

551 861 816 926 omnibus,
850 877 949 919 nec
967 862 1196 934 patietur
1220 879 1318 918 nos
1350 863 1545 920 tentari
1563 880 1725 935 supra
1762 864 1820 918 id
1855 864 1995 935 quod
2039 879 2136 934 po—

548 955 735 1021 testis;
768 954 867 1011 sed
892 955 1050 1026 faciet
1078 973 1198 1012 cum
1218 958 1505 1013 tentatione
1523 967 1852 1029 proventum,
1880 967 1942 1014 ut
1972 958 2139 1030 possi-

551 1047 620 1107 tis
652 1048 920 1107 sustinere
957 1046 1010 1120 (Ι
1057 1048 1181 1107 Car.
1232 1049 1311 1121 ι).
1352 1046 1431 1107 De
1477 1057 1675 1123 caetero
1720 1058 2139 1122 autemeaquz

553 1140 875 1207 mandastis.
951 1140 1139 1199 multis
1213 1139 1614 1211 impedimentis
1680 1141 1953 1212 occupati,
2018 1154 2140 1213 quae

552 1234 812 1306 praelatus
837 1250 1022 1293 eomes
1040 1251 1165 1292 cum
1191 1235 1577 1306 multiplicibus
1598 1235 1809 1293 insidiis
1832 1236 1986 1292 nobis
2006 1250 2141 1307 prat-

554 1337 712 1398 parat
758 1329 1013 1399 cupitque
1061 1327 1263 1384 inferre
1304 1329 1562 1400 quotidie,
1598 1328 1861 1400 perlicere
1898 1328 2140 1400 nequivi-

556 1436 706 1485 mus;
758 1428 821 1481 at
880 1420 991 1478 Deo
1033 1422 1476 1493 tranquillitatem
1524 1423 1801 1494 vitamque
1841 1421 2137 1494 praebente,

555 1525 752 1571 cuncta
801 1530 923 1585 qua:
961 1526 1161 1572 vestra:
1218 1517 1485 1573 voluntati
1534 1516 1686 1572 utilia
1746 1525 1894 1579 sunt,
1932 1516 2139 1573 lubenti

553 1606 737 1661 animo
781 1604 1145 1676 perﬁciemus,
1186 1606 1381 1676 quibus
1430 1617 1612 1663 vester
1659 1608 1834 1663 honor
1873 1615 1929 1663 et
1954 1605 2140 1678 gloria:

551 1697 709 1770 vigor
741 1698 1116 1753 incunctanter
1161 1688 1420 1769 appareat
1475 1700 1704 1771 integer.
1763 1701 1994 1755 Dextera
2036 1699 2141 1754 Do-

556 1786 689 1843 mini
719 1803 816 1844 vos
844 1788 897 1843 in
930 1790 1181 1847 omnibus
1235 1790 1457 1848 illaesam
1504 1806 1829 1849 conservare
1866 1792 2135 1864 dignetur.

555 1880 695 1937 Data
730 1890 789 1940 ut
818 1899 1001 1955 supra.

1287 1977 1422 2036 CVI.

944 2085 1013 2125 AD
1050 2085 1423 2128 BBRENGABIUI
1459 2087 1719 2129 COIITBI.

1177 2162 1353 2234 (Anno
1378 2162 1527 2235 878.)

558 2249 731 2324 Rogat
781 2262 841 2324 ut
883 2254 1185 2323 imperatori
1206 2256 1405 2308 nuntiet
1430 2271 1550 2324 qua:
1589 2272 1620 2307 α
1644 2253 1924 2309 Lamberto
1962 2252 2141 2308 Roma:

625 2319 924 2393 perpetrata
948 2319 1051 2379 sint
1076 2325 1263 2397 detque
1291 2319 1502 2396 operam
1532 2336 1585 2380 ut
1607 2342 1724 2380 eam
1752 2334 2065 2395 compescat.
2136 2340 2139 2345 '

629 2413 847 2485 Dilecto
887 2415 998 2472 lilio
1043 2415 1389 2474 BERENGARIO
1438 2417 1673 2488 glorioso
1736 2417 1922 2473 comiti
1991 2416 2139 2487 regia

558 2507 806 2576 prosapia
835 2517 973 2564 orto.

625 2598 806 2656 Lectis
837 2600 1134 2656 nobilitatis
1159 2610 1352 2656 vestra:
1376 2601 1591 2668 litteris,
1618 2602 1744 2673 quia
1774 2602 2138 2658 sinceritatem

557 2706 621 2746 ac
653 2691 1018 2759 devotionem,
1059 2709 1211 2750 more
1233 2694 1438 2750 scilicet
1481 2704 1767 2765 parentum
1811 2704 2133 2759 vestrorum,

553 2784 700 2839 circa
729 2800 828 2841 nos
854 2801 952 2855 pro
979 2800 1166 2841 amore
1187 2785 1314 2841 Jesu
1362 2786 1565 2841 Christi
1614 2785 1826 2844 Domini
1882 2794 1939 2841 et
1991 2785 2137 2840 beati

554 2873 702 2930 Petri
750 2878 1115 2947 apostolorum
1163 2878 1423 2949 principis
1453 2879 1777 2943 reverentia,
1809 2893 1906 2933 vos
1933 2878 2138 2932 habere

553 2965 827 3036 ingentem
851 2970 1170 3039 reperimus,
1206 2970 1371 3023 multa
1402 2979 1595 3025 vestrm
1620 2970 1887 3028 mellilluae
1908 2971 2136 3029 locutio-

555 3057 639 3111 nis
676 3057 958 3115 dulcedine
994 3076 1180 3116 sumus
1230 3062 1451 3117 omnino
1498 3064 1711 3133 repleti,
1767 3065 1840 3119 ita
1906 3072 1967 3119 ut
2014 3077 2137 3119 cum

554 3148 841 3205 I’salmista
882 3153 1064 3207 dicere
1114 3153 1424 3222 possimus:
1456 3154 1627 3219 Quam
1671 3155 1850 3210 dulcia
1895 3156 2137 3225 faucibus

554 3245 682 3298 meis
704 3243 911 3315 eloquia
934 3246 1070 3300 tua!
1116 3243 1290 3319 (Psal.
1314 3249 1526 3319 cum.)
1575 3247 1745 3318 Hujus
1784 3263 2018 3317 namque
2051 3247 2143 3304 bo—
2166 3231 2214 3295 (δ

554 3335 743 3391 uitatis
785 3337 949 3392 decus
999 3338 1259 3394 eximium
1307 3355 1374 3394 ex
1418 3340 1660 3396 moribus
1714 3340 1817 3411 piae
1864 3340 2142 3395 memorizc

555 3424 873 3483 nobilissimi
902 3430 1170 3499 quondam
1195 3429 1455 3498 genitoris
1483 3430 1650 3485 vestri
1694 3445 1789 3486 vos
1819 3429 2035 3485 trahere
2062 3430 2143 3484 in-

557 3521 864 3577 dubitanter
902 3524 1300 3595 cognoscimus,
1328 3523 1419 3592 qui
1460 3523 1680 3595 dignum
1724 3536 1936 3593 semper
1967 3522 2140 3576 hono-

552 3628 668 3669 rem
699 3622 754 3668 et
804 3615 950 3685 piam
1009 3615 1370 3670 reverentiam
1425 3615 1860 3671 antecessoribus
1913 3616 2137 3681 nostris,

553 3707 725 3763 sacris
767 3707 1016 3764 videlicet
1052 3708 1418 3780 pontiﬁcibus,
1479 3709 1740 3764 exhibere
1786 3717 1899 3765 tota
1944 3708 2142 3775 mentis

553 3802 838 3860 alacritate
864 3803 1153 3872 studebat;
1191 3815 1247 3862 et
1277 3806 1399 3864 ideo
1428 3806 1666 3878 pulchrae
1695 3806 1999 3877 juventutis
2054 3821 2145 3863 ve-

554 3887 680 3952 stra:
708 3890 893 3954 llor'cm
937 3899 1003 3954 de
1052 3899 1236 3955 radice
1274 3898 1423 3970 justa
1468 3900 1825 3971 prodeuntem
1882 3898 2145 3957 Dominus

554 3988 893 4043 exercituum
921 3990 1140 4060 pietatis
1168 4007 1280 4047 sum
1302 3991 1478 4064 gratia
1500 3992 1768 4050 custodiet
1792 3992 2139 4058 incolumem,

554 4075 824 4148 facietque
847 4093 1103 4149 prospere
1129 4081 1311 4152 vigere
1336 4081 1393 4135 in
1412 4083 1678 4163 omnibus
1710 4093 1766 4138 et
1813 4082 1882 4139 ad
1921 4097 2146 4156 prospe-
2214 4094 2223 4097 “

554 4183 674 4222 rum
696 4180 869 4239 usque
894 4167 1055 4225 finem
1086 4171 1362 4240 perducet.
1405 4172 1768 4246 Quapropter,
1818 4173 1891 4229 ﬁli
1938 4174 2145 4233 charis-

554 4259 718 4325 sime,
740 4274 885 4331 saepe
912 4260 1180 4317 voluimus
1209 4272 1403 4320 vestra:
1439 4265 1681 4322 scribere
1703 4264 1999 4334 dilectioni,
2034 4283 2141 4324 non

553 4352 726 4410 solum
751 4362 995 4411 nostram
1038 4356 1195 4412 vobis
1215 4357 1446 4414 salutem
1492 4359 1908 4429 iunotescendo,
1954 4362 2048 4419 sed
2086 4372 2144 4419 et

552 4444 619 4499 dc
670 4432 848 4503 vestra
905 4447 1273 4518 prosperitate
1314 4458 1477 4520 atque
1538 4450 1910 4509 incolumitate
1954 4454 2145 4509 audire

552 4538 850 4608 cupiendo;
877 4539 973 4595 sed
1002 4554 1109 4595 non
1139 4541 1313 4597 solum
1339 4558 1671 4617 paganorum
1702 4546 1913 4604 crebris
1941 4547 2143 4618 ubique

553 4626 976 4697 incursionibus,
1033 4646 1224 4688 verum
1253 4633 1419 4690 etiam
1456 4635 1894 4693 Christianorum
1932 4639 2144 4696 insidiis

553 4717 876 4779 circumdati
920 4725 1285 4794 nequivimus.
1313 4726 1385 4783 At
1408 4743 1572 4795 nunc,
1597 4730 1852 4799 quoniam
1876 4730 2002 4786 'Deo
2035 4729 2146 4786 dis-

555 4821 793 4881 ponente
862 4822 1072 4887 tempus
1132 4819 1313 4874 evenit
1366 4829 1751 4891 opportunum,
1810 4821 2146 4879 excellentiae

555 4916 751 4963 vestra:
779 4923 903 4979 quae
949 4918 1007 4964 et
1054 4911 1236 4980 qualia
1263 4927 1451 4968 sumus
1481 4929 1580 4969 nos
1606 4928 1730 4970 cum
1756 4922 1864 4969 tota
1897 4914 2141 4971 Ecclesia

551 5008 606 5054 et
628 4999 858 5056 civitate
887 4999 1134 5056 Romana
1164 5004 1406 5074 perpessi
1432 5020 1463 5059 a
1488 5004 1778 5061 Lambcrto
1802 5007 2022 5073 comite,
2045 5020 2146 5063 ve-

553 5091 649 5146 luti
681 5091 791 5148 ﬁlio
818 5093 1146 5149 charissimo
1165 5102 1221 5149 et
1250 5094 1394 5151 ﬁdeli
1442 5096 1618 5153 amico
1665 5096 1975 5154 referimus.
2004 5098 2143 5155 Cum

553 5186 736 5255 itaque
760 5186 1017 5256 praedicto
1038 5185 1327 5245 Lamberto
1353 5189 1520 5245 multa
1545 5190 1787 5260 quotidie
1806 5191 1950 5247 bona
1975 5189 2143 5248 fecis-

553 5295 757 5346 semus,
805 5281 1138 5353 dignumque
1170 5284 1621 5356 impendissemus
1672 5284 1934 5341 honorem
1979 5300 2143 5356 supra

550 5390 716 5444 quam
749 5383 1124 5433 antecessores
1153 5376 1324 5432 nostri
1351 5378 1670 5447 parentibus
1694 5377 1837 5433 illius
1861 5377 2139 5443 fecissent,

554 5471 668 5539 ipse
693 5485 794 5541 pro
827 5471 984 5527 bouis
1012 5471 1151 5527 mala
1183 5472 1506 5535 retribuens,
1542 5472 1762 5528 collecta
1798 5472 1976 5542 populi
2005 5469 2144 5528 mul-

559 5566 809 5631 titudine,
859 5581 1021 5622 omne
1055 5567 1393 5623 territorium
1441 5569 1612 5625 sancti
1651 5567 1795 5623 Petri
1836 5554 2067 5632 invasit,
2092 5574 2146 5622 et

556 5658 700 5727 quod
728 5656 1021 5714 defendere
1047 5659 1207 5715 debet
1251 5660 1319 5715 ab
1367 5659 1633 5726 hostibus,
1666 5659 1951 5732 tyrannice
1982 5657 2147 5714 domi-

556 5757 720 5802 natur
750 5748 995 5804 invasam
1027 5767 1040 5802 :
1076 5749 1327 5819 venitque
1360 5748 1612 5815 Romam,
1637 5757 1688 5803 et
1711 5749 1865 5819 quasi
1896 5749 2148 5804 inimicus

555 5836 771 5913 ponam
792 5839 1030 5899 civitatis
1060 5840 1325 5899 Romanae
1363 5840 1631 5900 violenter
1677 5841 1918 5912 capiens,
1970 5853 2023 5899 et
2048 5832 2150 5900 ’δτι-

2240 586 2447 643 tantam
2475 586 2751 643 civitatem
2769 588 3012 642 invasam
3044 586 3299 651 retinuit;
3334 586 3405 640 ita
3429 600 3563 640 sane
3589 593 3649 639 ut
3670 576 3854 641 nobis

2239 682 2381 751 apud
2426 680 2645 736 beatum
2672 680 2895 737 Petrum
2938 677 3386 741 consistentibus,
3421 679 3625 734 nullam
3677 677 3855 734 urbis

2241 771 2424 826 Romae
2445 778 2796 841 potestatem,
2819 787 2847 825 a
2883 772 2989 842 piis
3016 772 3435 842 imperatoribus
3464 773 3626 827 beato
3668 770 3852 825 Petro

2236 866 2468 935 principi
2516 866 2881 936 apostolorum
2903 860 3126 937 ejusque
3164 866 3392 922 'vicariis
3420 866 3706 927 traditam,
3742 862 3851 917 lia-

2234 959 2511 1014 heremus.
2536 957 2735 1014 Sacras
2773 966 2950 1013 autem
2985 958 3228 1023 litanias,
3265 958 3546 1028 episcopos
3568 965 3622 1010 et
3653 956 3854 1008 sacer-

2240 1049 2416 1115 dotes,
2470 1061 2633 1121 atque
2681 1067 2866 1107 servos
2897 1050 3013 1117 Dei,
3061 1065 3127 1106 ex
3173 1066 3330 1106 more
3368 1040 3749 1119 celebrantes,
3794 1036 3851 1100 Et

2240 1132 2310 1196 ad
2334 1142 2617 1197 ecclesiam
2660 1142 2833 1198 sancti
2861 1142 3007 1199 Petri
3042 1142 3232 1199 venire
3274 1142 3543 1207 volentes,
3591 1134 3853 1194 fustibus

2241 1233 2450 1288 caedere
2477 1248 2541 1289 ac
2591 1233 2904 1303 dispergere
2938 1233 3084 1297 fecit,
3116 1232 3404 1302 intulitque
3428 1220 3586 1287 nobis
3609 1222 3854 1285 contri-

2240 1326 2320 1379 ria
2369 1333 2569 1395 quanta
2623 1326 2754 1381 nulli
2798 1342 3186 1396 praecesserunt
3232 1335 3536 1381 nostrorum
3584 1311 3848 1394 umquam

2242 1415 2385 1472 facta
2416 1416 2635 1473 fuerunt
2663 1436 2678 1473 :
2714 1420 3004 1487 existitque
3032 1426 3255 1488 paratus
3287 1416 3438 1472 nobis
3467 1419 3667 1471 iterum
3719 1410 3848 1468 ma-

2236 1507 2355 1578 jora
2400 1509 2620 1573 inferre,
2644 1511 2798 1581 cujus
2822 1511 2898 1566 rei
2929 1526 3090 1566 causa
3118 1513 3408 1566 nescimus.
3437 1509 3848 1577 Quamobrem,

2242 1603 2368 1673 quia
2395 1612 2638 1657 nostrum
2668 1603 3027 1657 ministerium
3058 1614 3139 1658 est
3173 1619 3269 1672 pro
3312 1602 3470 1657 totius
3503 1586 3852 1655 Christiani-

2244 1694 2373 1750 tatis
2412 1695 2585 1749 salutc
2629 1695 2917 1751 Dominum
2967 1695 3181 1750 assidue
3224 1695 3521 1765 deprecari,
3575 1703 3632 1746 ut
3706 1704 3848 1745 oves

2244 1800 2378 1855 quas
2424 1784 2673 1859 Christus
2710 1787 2851 1841 Deus
2902 1782 3087 1842 noster
3134 1785 3291 1841 nobis
3346 1786 3398 1840 in
3448 1785 3607 1839 beato
3666 1781 3850 1838 Petro

2166 1869 2214 1928 Β
2243 1879 2660 1947 commendavit,
2705 1878 2922 1949 iugibus
2968 1880 3109 1935 votis
3139 1888 3192 1933 et
3214 1877 3464 1949 precibus
3508 1878 3576 1931 ad
3602 1884 3844 1930 aeterna

2241 1976 2363 2030 vitae
2394 1989 2593 2045 pascua
2625 1976 2921 2045 perducere
2954 1974 3251 2040 valeamus,
3280 1973 3632 2029 voluissemus
3668 1966 3841 2025 debi-

2241 2077 2354 2123 tam
2384 2068 2585 2125 habere
2616 2069 2854 2138 quietem
2884 2085 2898 2124 :
2942 2068 3037 2124 sed
3072 2068 3161 2123 illo
3188 2082 3219 2121 a
3246 2067 3428 2139 pravis
3476 2058 3835 2134 cogitationi-

2239 2161 2341 2218 bus
2375 2173 2428 2217 ct
2454 2163 2659 2219 actibus
2713 2178 2775 2218 se
2822 2177 2929 2218 non
2968 2163 3302 2226 retrahente,
3331 2159 3458 2231 quin
3489 2157 3672 2228 potius
3705 2166 3833 2221 nos,

2241 2270 2362 2310 cum
2386 2255 2620 2311 inimicis
2659 2263 2714 2311 et
2742 2254 3048 2309 inﬁdelibus
3095 2252 3319 2315 nostris,
3364 2265 3498 2320 quos
3520 2246 3606 2303 bis
3629 2245 3754 2315 jam
3780 2251 3837 2301 et

2242 2360 2325 2403 ter
2374 2347 2869 2404 excommunicatos
2902 2354 2958 2402 et
3000 2342 3484 2400 anathematizatos
3536 2338 3834 2401 habemus,

2234 2439 2446 2508 juncto,
2500 2455 2716 2495 rursum
2750 2439 2969 2494 turbare
2998 2438 3246 2500 volente;
3278 2446 3528 2505 rogamus
3569 2428 3835 2483 nobilita-

2244 2538 2349 2584 tem
2383 2538 2618 2584 vestram
2657 2538 2716 2583 ut
2741 2544 2841 2600 pro
2875 2542 3062 2583 amore
3087 2527 3205 2593 Dei,
3236 2536 3292 2581 et
3338 2522 3507 2579 sancti
3554 2520 3737 2583 Petri,
3769 2529 3835 2571 ac

2243 2631 2450 2687 nostro,
2480 2621 2594 2675 haec
2620 2620 2801 2675 omnia
2830 2628 2885 2675 et
2907 2618 3302 2675 Carolomanno
3340 2616 3574 2687 glorioso
3606 2613 3730 2681 regi
3777 2616 3838 2668 et

2242 2712 2510 2783 spirituali
2566 2712 2675 2768 lilio
2726 2720 2911 2767 nostro
2972 2710 3186 2783 cognita
3260 2708 3490 2773 faciatis,
3554 2713 3835 2778 quatenus

2243 2807 2421 2861 missis
2453 2805 2694 2876 apicibus
2722 2805 2857 2872 suis,
2888 2820 3068 2860 euma
3100 2802 3188 2859 tali
3225 2800 3639 2874 praesumptione
3682 2814 3839 2856 com-

2238 2909 2449 2973 pescat,
2521 2907 2577 2953 et
2645 2898 2788 2968 quod
2847 2908 3088 2968 tempore
3145 2902 3425 2966 parentum
3479 2890 3619 2947 illius
3674 2888 3839 2946 sedes

2244 2991 2538 3061 apostolica
2580 3007 2686 3045 non
2729 2991 3006 3055 sustinuit,
3057 2988 3173 3059 ejus
3214 3004 3321 3043 non
3348 2986 3580 3059 patiatur
3610 2984 3836 3050 diebus,

2244 3093 2300 3139 et
2326 3084 2521 3139 vestris
2546 3084 2795 3140 similiter
2828 3084 3024 3140 litteris
3051 3082 3298 3140 eumdem
3325 3082 3605 3136 admonete
3644 3074 3833 3134 corri-

2244 3176 2464 3247 pithue
2488 3175 2858 3243 Lambertum,
2891 3187 2949 3230 ut
2984 3174 3185 3231 nullam
3214 3174 3280 3230 de
3307 3182 3502 3229 caetero
3528 3170 3836 3229 contrarie—

2249 3278 2414 3323 tatctn
2460 3268 2616 3323 nobis
2645 3267 2892 3340 ingerere
2923 3277 3237 3339 praesumat,
3266 3283 3331 3322 eo
3396 3266 3537 3336 quod
3586 3277 3689 3357 nec

2244 3376 2343 3414 nec
2382 3357 2541 3413 alicui
2606 3357 2774 3413 Deum
2814 3357 3041 3423 timenti,
3093 3356 3213 3427 ejus
3263 3355 3572 3412 temeritatis
3608 3350 3837 3429 plautas

2244 3451 2484 3506 ellcctus.
2539 3450 2594 3506 Si
2625 3467 2752 3507 vero
2781 3450 2922 3505 idem
2949 3449 3272 3505 Latnbcrtus
3300 3462 3397 3503 nos
3440 3445 3688 3517 persequi
3722 3456 3836 3499 non

2243 3546 2507 3609 omiserit,
2555 3561 2652 3600 nos
2688 3544 2800 3615 jam
2825 3544 2969 3599 dicto
2998 3542 3106 3615 regi
3140 3541 3325 3596 ﬁdeles
3350 3538 3497 3595 amici
3523 3551 3642 3592 esse
3682 3551 3840 3606 quo-

2246 3638 2404 3693 modo
2436 3651 2743 3707 possumus,
2775 3635 2899 3705 quia
2932 3632 3049 3702 ejus
3079 3649 3137 3689 se
3179 3632 3441 3689 voluntate
3483 3624 3647 3707 iactat
3680 3625 3836 3713 talia

2244 3732 2439 3804 agere?
2472 3732 2536 3787 Et
2564 3731 2684 3786 ideo
2706 3745 2804 3786 nos
2838 3729 3117 3800 adjuvare,
3145 3727 3463 3817 sicutsupra

2244 3834 2566 3897 procurate;
2600 3841 2721 3880 nam
2752 3841 2851 3881 nos
2880 3839 2943 3879 ea
2977 3840 3097 3892 qua:
3142 3830 3337 3878 vestrae
3380 3802 3591 3875 fuerint

2245 3919 2507 3977 voluntati
2533 3918 2888 3973 libentissime
2908 3916 3170 3988 perlicere
3211 3912 3563 3978 studebimus,
3590 3926 3655 3967 eo
3687 3882 3837 4058 qu?

2245 4027 2341 4058 vos
2365 4012 2481 4058 lnm
2522 4010 2882 4058 amantissimi
2916 4008 3029 4058 ﬁlii.
3062 4008 3296 4058 ouandiu
3336 3996 3654 4058 vixerimus:
3700 4019 3759 4058 re
3805 4032 3833 4044 ο

2244 4012 2481 4089 yosloco
2522 4010 2882 4091 amantissimi
2916 4008 3029 4074 ﬁlii,
3062 4008 3296 4079 quandiu
3336 3996 3654 4093 vixerimus;
3696 3996 3833 4103 reti:-

2246 4118 2398 4181 nere,
2428 4112 2735 4173 nostraeque
2754 4100 3012 4157 Ecclesiae
3039 4115 3232 4156 causas
3258 4090 3598 4185 necessarias
3618 4108 3721 4167 per
3740 4090 3835 4197 ξᾷξ

2245 4180 2508 4269 perﬁcere
2545 4204 2814 4267 optamus.
2852 4192 3125 4251 Praeterea
3168 4180 3425 4263 homines
3456 4198 3690 4273 vestros,

2246 4286 2510 4369 Orationis
2545 4303 2709 4344 causa
2736 4302 2836 4361 pro
2870 4287 2984 4371 suis
3025 4285 3234 4341 delictis
3284 4283 3575 4340 Dominum
3623 4280 3815 4377 miseri

2245 4380 2463 4457 cordem
2492 4379 2768 4452 precaturi
2806 4368 3005 4433 venere
3026 4378 3093 4432 ad
3115 4368 3303 4431 limina
3334 4370 3509 4455 sancti
3532 4368 3708 4459 Petri,
3736 4368 3836 4443 pro

2246 4450 2660 4547 vestrojngenti
2691 4485 2876 4526 amore
2905 4468 3135 4539 benigne
3169 4450 3495 4535 recepimus,
3525 4450 3837 4547 nostriqu

2247 4562 2559 4636 apostolicis
2595 4544 3063 4617 benedictionibus
3118 4557 3590 4619 conﬁrmavimus,
3641 4569 3703 4608 ac

2248 4668 2343 4708 eos
2389 4660 2591 4709 nostrae
2644 4648 3033 4706 incolumitatis
3090 4636 3361 4711 salutem,‘
3403 4644 3551 4729 sicut
3608 4638 3835 4729 petistis,

2249 4746 2521 4816 cognitam
2555 4744 2673 4800 ﬁeri
2718 4744 3085 4808 decrevimus;
3127 4750 3183 4795 et
3211 4736 3443 4811 petimus
3488 4726 3553 4805 ut
3603 4730 3717 4792 cito

2250 4841 2449 4897 vestris
2497 4839 2695 4897 litteris
2728 4836 2991 4893 lmtiﬁcari
3048 4851 3156 4891 non
3198 4830 3655 4904 prmtcrmittatis.
3702 4829 3839 4913 Deus

2250 4933 2593 5007 omnipotens
2645 4929 2872 5002 gloriam
2924 4936 3162 4983 vestram
3220 4924 3377 4997 longa
3435 4937 3536 5013 per

2253 5000 2514 5083 illibatam
2546 5000 2839 5090 custodiat,
2866 5019 3187 5103 charissime
3225 5012 3319 5072 ﬁli.
3466 5080 3471 5085 ,
3514 5004 3519 5013 ’

2964 5132 3119 5189 CVII.

2418 5246 2487 5287 an
2523 5244 2764 5287 tomus:
2797 5239 3251 5305 tacmsmsconuu
3288 5214 3674 5291 summurn.

2861 5318 3040 5393 (Anno
3074 5318 3224 5389 878.)

2253 5418 2484 5490 Exponit
2510 5415 2653 5473 mala
2675 5432 2794 5491 qua;
2816 5412 3356 5491 ahLantbertocomi-te
3384 5409 3566 5491 Rapite
3590 5417 3833 5491 sunt

2320 5481 2558 5569 patrata;
2590 5481 2745 5561 seqite
2843 5484 3070 5569 Galliam
3093 5484 3165 5569 ad
3174 5481 3570 5569 implorandum
3588 5481 3845 5569 auxilia},

2325 5556 2573 5616 adversus
2604 5556 2721 5614 eum
2753 5559 2953 5612 iturum
2985 5556 3227 5611 ostendit.

2326 5653 2800 5709 Reverendissimo
2848 5664 2901 5706 et
2945 5649 3289 5705 sanctissimo
3332 5645 3526 5704 JOA‘NNI
3578 5641 3846 5714 archiepi—

2257 5761 2420 5816 δεορο
2451 5743 2751 5799 havennati
2783 5742 3041 5797 confratri
3074 5750 3282 5795 nostro.
3800 5718 3839 5749 ’θ

2329 5837 2717 5899 Uuanimitatis
2756 5846 2955 5898 vestrae
3001 5835 3401 5896 fraternitatem
3443 5834 3700 5913 ignorare
3738 5842 3852 5919 non
