3984 5430
152 103 257 192 757

1372 119 1732 182 EPISTOLrE
1771 122 1861 180 ET
1901 124 2244 214 DECRETA.

2678 95 2706 124 ο
3123 111 3150 122 ν

3331 146 3431 210 258

146 239 385 318 patimur
413 253 533 310 quae
565 245 622 294 et
652 238 831 310 qualia
863 239 949 298 his
979 247 1125 296 retro
1163 239 1352 296 diebus
1382 255 1412 294 a
1443 240 1738 308 Lamberto
1762 265 1814 328 Α
1843 247 1972 301 tiam
2004 248 2057 303 in
2089 264 2211 305 cum
2262 257 2316 306 et
2363 252 2414 306 in
2453 266 2643 310 omnes
2673 269 2933 328 sequaces
2961 258 3098 328 ejus,
3146 263 3188 318 si
3243 279 3432 326 contra

146 335 440 403 Spoletano
478 335 674 390 comite
711 333 852 388 mala
901 343 955 388 et
997 333 1321 404 multiplices
1366 336 1506 404 passi
1552 351 1737 392 sumus

137 409 397 502 injurias,
425 430 613 500 quales
636 428 813 484 nullus
837 437 1240 484 antecessorum
1270 438 1576 486 nostrorum
1603 447 1736 502 pon-

150 503 353 586 tiﬁcum
386 539 415 580 a
445 539 719 595 quoquam
759 523 926 578 Deum
957 524 1166 579 colente
1192 524 1513 579 sustinuisse
1539 521 1733 579 recoli-

149 622 252 678 tur.
284 613 353 685 lgi
367 623 452 672 tur
477 630 637 672 onmc
667 631 803 686 pene
830 615 1166 671 territorium
1212 615 1268 690 S.
1314 615 1457 670 Petri
1491 609 1616 671 'suis
1656 627 1735 690 ty-

145 707 368 776 ramiiee
424 707 835 763 devastantibus
890 707 1234 772 hominibus,
1301 724 1421 761 eunt
1471 707 1731 761 iimncnsa

144 798 320 868 populi
353 798 698 854 multitudine
729 797 957 854 Romani
991 800 1139 866 venit
1176 817 1187 852 :
1229 814 1326 854 nos
1364 809 1543 876 autem
1582 799 1730 876 illum

129 891 296 960 "quasi
338 891 596 964 dilectum
641 890 875 946 amicum
919 893 1060 960 apttd
1105 893 1316 946 beatum
1351 875 1570 946 Petrum
1604 875 1733 974 apti-

137 985 401 1041 stnloruni
431 985 730 1054 principem
762 983 1060 1041 honoriﬁce
1092 985 1428 1055 recepimus;
1477 986 1569 1041 sed
1617 987 1730 1064 ipse

138 1077 294 1146 quasi
323 1077 451 1132 ovili
483 1077 620 1148 pelle
651 1077 871 1132 indutus
895 1119 911 1144 ,
962 1078 1117 1132 solita
1174 1079 1408 1156 repletus
1452 1080 1691 1150 nequitia
1713 1121 1727 1146 ,

137 1184 470 1238 monereque
497 1179 784 1240 corruptus
817 1169 1046 1240 ingenti,
1088 1181 1274 1226 contra
1319 1188 1418 1227 nos
1449 1172 1729 1243 insurgere

134 1275 243 1314 non
270 1261 537 1316 dubitavit
561 1260 886 1327 ,(Aintoimts,
920 1262 1012 1316 lib.
1044 1278 1094 1322 v,
1128 1279 1175 1316 c.
1204 1264 1317 1331 57).
1359 1263 1494 1317 Nam
1541 1275 1728 1333 portas

129 1351 375 1410 civitatis
425 1352 680 1410 Romana-
727 1353 1024 1418 violenter,
1087 1357 1302 1425 imoque
1356 1355 1728 1412 fraudulenter

129 1443 296 1514 cepit,
330 1453 608 1516 totamque
641 1445 830 1500 urbem
864 1446 1120 1510 Romam;
1161 1462 1222 1501 ac
1268 1463 1364 1518 per
1401 1447 1518 1502 dies
1553 1446 1724 1515 pluri-

128 1553 250 1592 mos
281 1537 528 1593 homines
562 1553 690 1594 suos
718 1539 789 1593 ita
823 1539 1027 1594 arctius
1067 1540 1300 1596 retinere
1333 1539 1479 1606 fecit,
1522 1549 1581 1594 tit
1626 1554 1725 1597 nec

125 1645 384 1699 proceres
415 1631 809 1695 Romanorum,
847 1647 944 1688 nec
979 1633 1217 1702 episc0pi
1271 1644 1328 1687 et
1375 1633 1717 1696 sacerdotes,
1749 1635 1799 1706 Β

128 1738 307 1793 neque
337 1725 501 1779 etiam
533 1723 832 1779 familiares
871 1724 1040 1779 llOStl‘i
1083 1726 1149 1777 ad
1196 1742 1294 1779 nos
1342 1725 1443 1779 nisi
1489 1725 1723 1782 maxima

123 1818 528 1887 supplicatione
552 1818 784 1872 exeundi
826 1816 1135 1872 facultatem
1177 1819 1461 1872 haberent.
1509 1817 1724 1873 Cibaria

122 1911 291 1964 etiam
318 1920 504 1964 nostra
530 1909 686 1964 nobis
707 1912 894 1964 veni-re
918 1909 1314 1966 instantissime
1340 1910 1722 1980 prohibebant.

129 2000 483 2056 venerabiles
512 2000 642 2054 item
669 2000 973 2070 episcopos,
1016 2001 1366 2070 presbyteros
1407 2010 1570 2070 atque
1605 2000 1724 2054 dia-

120 2109 294 2150 conos
337 2093 642 2161 religiosos.
666 2097 966 2149 monachos
1001 2108 1124 2148 cuni
1166 2093 1382 2162 hymnis
1411 2105 1465 2148 et
1495 2093 1725 2152 canticis

118 2182 531 2252 Spiritualibus,
565 2183 844 2254 sacrisque
873 2182 1079 2238 litaniis
1106 2182 1174 2238 ad
1198 2184 1483 2238 ecclesiam
1515 2183 1721 2252 princi-

120 2277 209 2346 pis
235 2282 603 2345 apostolorum
635 2277 946 2342 venientes,
977 2276 1114 2342 heu,
1159 2277 1296 2348 proh
1342 2277 1525 2333 dolor!
1575 2291 1725 2332 more

117 2383 457 2441 paganorum
509 2371 971 2426 conturbaverunt
999 2411 1013 2436 ,
1066 2379 1122 2424 et
1170 2369 1406 2425 fustibus
1451 2370 1724 2426 caedentes

115 2461 375 2532 nequiter
401 2461 793 2533 disperserunt,
823 2478 930 2518 non
958 2462 1040 2516 sin
1052 2471 1208 2518 entes
1237 2461 1358 2518 illos
1387 2464 1538 2518 exire
1571 2460 1722 2517 debi-

117 2561 347 2623 tumque
393 2555 505 2610 Deo
555 2554 882 2611 sacriﬁcium
931 2554 1149 2611 oll‘erre.
1205 2554 1459 2610 Inimicos
1505 2569 1722 2623 quoque

113 2658 287 2716 atque
317 2648 561 2704 inﬁdeles
591 2657 798 2706 sanctae
826 2649 1086 2704 Romana:
1115 2647 1372 2704 Ecclesia:
1398 2655 1453 2702 et
1479 2656 1717 2714 nostros,

109 2752 261 2808 quos
285 2753 392 2792 una
420 2753 544 2794 cum
577 2749 760 2795 vestro
792 2754 1060 2796 consensu
1103 2747 1160 2794 et
1202 2738 1606 2809 subscriptione
1637 2738 1720 2793 bis

111 2845 181 2886 ac
217 2831 376 2888 tertio
403 2829 518 2908 jam
561 2833 1064 2890 exconununicatos
1104 2832 1502 2902 damnatosque
1550 2831 1720 2887 habe—

105 2935 263 2986 mus,
309 2935 474 2993 super
517 2937 616 2978 !tos
662 2931 869 2976 temere
913 2922 1193 2987 conduxit,
1239 2937 1443 2991 eosque
1487 2923 1544 2976 in
1585 2923 1718 2974 urbe

1841 340 2029 395 urbem
2091 341 2319 399 Romam
2369 354 2428 428 et
2478 347 2778 404 Ecclesium
2834 351 3135 410 Romanam
3197 340 3431 429 aliquant

1838 447 2028 514 rursus
2055 433 2277 514 veniens
2320 439 2785 506 contrarietatem,
2833 442 2915 494 vel
2965 445 3290 514 molestiam,
3341 459 3434 505 aut

1831 516 2303 607 perturbationem
2336 525 2534 602 inferre
2558 529 2798 600 quolibet
2819 535 2980 590 modo
3003 521 3430 609 prtesumpscrit,

1833 611 1890 698 in
1925 614 2152 669 ecclesia
2185 615 2328 672 beali
2354 615 2507 674 Pauli
2536 621 2771 677 doctoris
2803 627 3046 698 gentium
3084 631 3429 700 protulimus.

1835 703 1903 789 Et
1935 703 2138 762 idcirco
2169 701 2346 763 nullus
2383 722 2626 768 vestrum
2668 715 2784 786 ejus
2822 715 3024 789 iniquis
3059 703 3432 792 operibusfa-

1834 806 1977 858 veat,
2012 800 2139 874 quin
2170 804 2348 871 potius
2381 803 2550 859 libere
2583 816 2799 876 arguat,
2845 810 2890 864 si
2923 802 3244 882 apostolij
3281 805 3434 876 sedis

1834 887 1997 974 vultis
2019 903 2236 970 semper
2263 892 2436 950 fulciri
2470 899 2688 953 auxilio.
2718 897 3060 980 Quapropter
3087 906 3201 962 huic
3224 889 3430 977 omnia,

1834 990 1895 1064 ut
1941 975 2140 1052 veSIris
2188 983 2546 1058 sull'raganeis
2595 992 2865 1065 epiSCOpis
2913 975 3129 1066 cognita
3175 996 3429 1068 faciatis,

1828 1067 2214 1150 incunctanter
2246 1077 2530 1133 hortamur
2559 1084 2976 1141 sanctimoniam
3005 1098 3262 1156 vestram,
3306 1107 3432 1160 qua-

1830 1157 1991 1238 tenus
2033 1167 2166 1238 ipsi,
2211 1171 2300 1240 qui
2348 1173 2589 1228 membra
2631 1165 2877 1247 corporis
2916 1176 3117 1236 Christi
3154 1183 3428 1249 existunt,

1829 1256 2112 1312 vobiscum
2165 1261 2372 1331 pariter
2420 1279 2517 1334 pro
2562 1268 2870 1337 aposmlica:
2913 1273 3058 1328 sedis
3103 1276 3397 1334 exaltation

1830 1349 2087 1404 Sludcant
2116 1353 2402 1420 desudare,
3396 1369 3398 1374 ’

2117 1574 2184 1613 ΔΙ)
2224 1576 2528 1620 IIICHAELEM
2569 1581 2747 1622 REGE"
2787 1585 3162 1631 BULGARORUM.

2439 1657 2620 1717 (Anno
2658 1660 2808 1731 878.)

1864 1739 2011 1791 Missa
2041 1755 2129 1804 per
2153 1743 2430 1824 Eugenium
2455 1759 2507 1800 et
2533 1750 2735 1824 Paulum
2761 1755 3017 1818 episcOpos
3039 1771 3211 1811 mense
3237 1762 3394 1824 Aprili

2328 1810 2409 1859 die
2432 1825 2534 1871 xw,
2569 1810 2836 1866 indictione
2861 1831 2926 1868 x1.

1829 1885 1983 1971 .00ch
2012 1892 2149 1971 quod
2183 1892 2394 1971 Gru’cos
2426 1909 2712 1971 sequatur;
2761 1902 3004 1956 hortatur
3053 1905 3121 1958 ad
3170 1905 3428 1964 Romana:

1906 1957 2158 2035 ECCI-BSitl'
2179 1966 2431 2032 gremium
2468 1957 2789 2023 r'erleund'mn
2823 1989 2840 2025 :
2871 1984 2979 2026 tum
3011 1957 3076 2028 de
3099 1957 3426 2035 dono

1900 2032 2100 2116 gratias
2132 2036 2272 2102 agit;
2299 2048 2570 2116 postremo
2598 2037 2839 2116 Sergium
2867 2045 3147 2116 quemdam
3174 2065 3266 2116 per
3300 2032 3428 2106 sub;

1903 2102 2187 2184 reptiouem
2230 2102 2317 2184 ad
2359 2102 2786 2184 sacerdoti'tmt'ct
2819 2102 3417 2184 episcopatuitt'proine-

1901 2181 2034 2235 tam,
2063 2173 2353 2243 depositum
2381 2178 2544 2247 fuisse
2572 2173 2855 2251 signiﬁcat:

1901 2260 2162 2320 MICIMELI
2210 2268 2320 2337 regi
2349 2267 2662 2341 Bulgarutn.

1902 2352 2289 2425 Spirilnalibus
2321 2370 2370 2413 te
2397 2362 2697 2436 visceribus
2725 2366 2871 2421 edito
2909 2371 3279 2439 gaudebamus
3303 2413 3318 2439 ,
3367 2385 3426 2430 et

1827 2461 1925 2516 pro
1948 2448 2244 2523 salvatione
2271 2463 2361 2507 tua
2387 2456 2590 2525 gratias
2613 2459 2935 2530 agebamus;
2968 2462 3060 2518 sed
3091 2481 3234 2520 nunc
3274 2476 3422 2522 astu-

1824 2538 1900 2592 tia
1926 2542 2281 2612 malignorum
2311 2547 2557 2618 decepto,
2590 2551 2872 2607 tristamur
2897 2564 2951 2608 et
2988 2557 3419 2626 ingemiscimus,

1815 2643 2078 2706 verentes
2108 2644 2160 2690 et
2189 2640 2636 2716 pertimescentes
2694 2658 2760 2697 ne
2797 2645 2840 2700 si
2878 2644 3020 2702 forte
3062 2646 3283 2705 Graecos
3329 2666 3421 2707 se-

1825 2724 1934 2778 cuti
1968 2723 2200 2792 fueritis,
2236 2746 2358 2784 cum
2421 2730 2494 2786 illi
2527 2733 2579 2787 in
2632 2735 2875 2794 diversas
2916 2738 3152 2796 haereses
3182 2752 3236 2798 et
3269 2744 3416 2800 sebi-

1824 2823 1996 2867 saiata
2022 2816 2180 2870 solito
2209 2836 2358 2875 more
2401 2822 2724 2891 ceciderint,
2756 2843 2852 2882 vos
2883 2841 3099 2900 quoqvm
3134 2847 3257 2888 cum
3286 2833 3420 2904 ipsis

1823 2903 1876 2992 in
1911 2909 2117 2976 erroris
2160 2912 2421 2980 profunda
2448 2916 2650 2982 ruatis;
2692 2930 2747 2972 et
2789 2921 2926 2976 sicut
2954 2937 3177 2992 serpens
3203 2903 3423 2984 seduxi!

64 3058 75 3086 ρ
109 3010 287 3064 “mm
319 3012 438 3067 sine
463 3021 650 3069 nostra
678 3014 957 3070 voluntate
989 3015 1235 3069 immisit.
1269 3013 1368 3068 ms
1397 3014 1584 3084 itaque
1611 3028 1714 3074 nos
1741 2998 1786 3064 (Σ
1822 2987 1987 3049 Evam
2016 3002 2211 3054 astutia
2244 2999 2360 3067 sua,
2395 3005 2468 3059 ita
2500 3021 2692 3063 sensus
2722 3013 2885 3066 vestri
2920 3029 3342 3086 corrumpantur
3365 3030 3420 3075 et

64 3077 72 3118 ἴ
102 3100 434 3172 prejudieiis
454 3111 510 3158 et
535 3103 752 3175 injuriis
776 3105 1166 3175 multiplicibus
1189 3103 1421 3176 gravati,
1453 3119 1576 3159 cum
1607 3113 1716 3158 tota

101 3195 244 3251 sede
275 3197 574 3268 apostolica
607 3193 792 3252 tristes
821 3199 956 3253 adeo
994 3213 1093 3268 per
1119 3196 1236 3253 dies
1265 3197 1464 3251 multos
1496 3197 1717 3251 exstiti-

99 3303 258 3354 mus,
291 3299 352 3345 ut
379 3304 725 3360 nequaquam
757 3291 914 3348 nobis
942 3290 1085 3348 aliud
1112 3307 1270 3362 agere
1297 3291 1396 3345 nisi
1432 3291 1561 3347 ﬂere
1591 3292 1714 3346 lice-

91 3386 195 3435 m!
226 3396 239 3432 :
276 3395 402 3435 nam
436 3380 569 3449 ipsis
609 3380 803 3436 diebus
844 3397 945 3436 nec
986 3384 1148 3437 vestis
1193 3383 1293 3438 fuit
1337 3398 1500 3454 super
1543 3383 1716 3439 altare

93 3472 288 3529 sancti
313 3472 483 3537 Petri,
517 3488 622 3528 nec
649 3471 867 3542 aliquod
894 3473 969 3527 ibi
1000 3485 1322 3529 nocturnum
1350 3477 1432 3531 vel
1460 3477 1711 3530 diurnum

88 3561 347 3620 ofﬁcium
375 3577 440 3617 ex
473 3577 626 3618 more
656 3563 1010 3619 celebratum.
1061 3561 1216 3620 Nunc.
1261 3567 1423 3620 etiam
1474 3567 1715 3621 minatur

83 3653 273 3711 nobis
301 3650 482 3724 pejora
515 3653 718 3711 inferre
738 3695 752 3719 ,
785 3636 889 3710 nisi
920 3654 1035 3722 ejus
1063 3647 1500 3728 obtempercntus
1536 3658 1712 3712 humi-

88 3748 236 3801 liter
263 3744 546 3818 jvoluntati.
602 3743 757 3801 Unde
801 3747 1148 3802 sanctitatem
1193 3745 1425 3802 vestram
1466 3748 1556 3817 pio
1595 3746 1710 3802 fra-

90 3825 281 3906 ternae
326 3820 876 3915 dileetionis'aﬁ'eciu
920 3837 1265 3909 'conjunctam
1313 3833 1604 3893 hortamur
1653 3849 1714 3894 ut

85 3919 214 4001 pro'
257 3925 426 3983 tantis
477 3927 862 4008 afﬂictionibus
915 3938 970 3984 et
1023 3930 1258 3987 miseriis
1299 3929 1488 4001 capiti
1522 3940 1710 3988 nostro

87 4017 308 4086 illatis,
343 4037 410 4077 ex
447 4021 578 4077 totis
605 4019 921 4091 praecordiis
947 4024 1146 4081 vestris
1177 4025 1464 4082 nobiscum
1499 4027 1710 4098 pariter

81 4101 460 4194 condoleatis,
492 4107 546 4174 et
577 4126 769 4173 contra
797 4105 1284 4186 evidentissimum,
1321 4129 1378 4177 et
1405 4119 1704 4176 immanem

81 4194 385 4280 inimicum
417 4205 665 4266 nostrum
692 4203 1020 4283 consurgere
1047 4219 1162 4268 toto
1189 4213 1382 4267 annisu
1413 4211 1700 4269 sttuleatis.

77 4299 210 4356 Nos
244 4317 478 4374 namque
506 4303 650 4358 illius
687 4293 793 4357 non
819 4303 1061 4359 valentes
1099 4305 1372 4360 sustinere
1403 4313 1588 4360 tantas
1620 4305 1703 4361 in-

1799 3089 2078 3156 exeidant
2099 3108 2128 3145 a
2153 3093 2504 3165 simplicitate
2523 3109 2577 3153 et
2599 3095 2849 3157 castitate
2875 3121 2993 3175 qua:
3017 3109 3173 3180 estin
3199 3110 3423 3180 Christo

1819 3181 1965 3236 Jesu.
2012 3181 2142 3237 Nam
2179 3196 2249 3251 te,
2300 3187 2395 3252 fili,
2430 3189 2680 3248 Mosaieis
2731 3211 2860 3266 rogo
2899 3199 3100 3264 verbis,
3148 3203 3418 3276 interroga
3474 3181 3478 3186 I

1816 3286 2019 3358 patrem
2061 3287 2232 3359 tuitui,
2270 3290 2314 3334 et
2344 3285 2677 3338 annuntiabit
2717 3288 2812 3340 tibi
2844 3305 2862 3342 :
2903 3290 3131 3346 seniores
3182 3305 3334 3363 tuos,
3365 3305 3416 3350 et

1817 3365 1988 3446 dicent
2015 3368 2109 3419 tibi
2141 3369 2319 3439 (Deut.
2344 3375 2541 3442 xxxii),
2577 3375 2620 3428 si
2651 3377 2940 3447 aliquando
2963 3379 3135 3437 Grmci
3166 3384 3284 3438 sine
3310 3386 3417 3440 hac

1816 3455 1900 3509 vel
1948 3455 2035 3510 illa
2065 3457 2256 3515 haeresi
2291 3461 2532 3525 fuerint:
2564 3476 2619 3519 et
2651 3482 2773 3522 cunt
2816 3486 2921 3525 non
2969 3472 3288 3530 inveneritis
3317 3491 3415 3534 eos

1816 3549 1884 3603 ab
1909 3549 2086 3628 aliqua
2120 3553 2310 3608 haeresi
2340 3555 2630 3626 aliquando
2657 3559 2856 3632 liberos
2873 3565 3168 3634 exstitisse,
3202 3545 3418 3636 oportet

1799 3653 1912 3724 vos
1943 3657 2132 3726 eorum
2178 3643 2398 3701 fraudes
2430 3658 2484 3702 et
2516 3653 2791 3710 consortia
2835 3653 3038 3726 fugere,
3071 3645 3139 3740 ne
3179 3645 3301 3732 cum
3333 3660 3411 3718 illi

1812 3737 2139 3822 erraverint,
2173 3754 2267 3794 vos
2297 3741 2516 3820 erretis,
2546 3752 2600 3816 et
2639 3733 2770 3828 cum
2797 3746 2873 3801 illi
2906 3745 2981 3832 ad.
3015 3733 3413 3832 liliisplieiiiiam

1813 3821 1957 3906 versi
1987 3821 2385 3912 fuerinl,etvos
2412 3831 2574 3914 etiam
2600 3833 2723 3910 ﬁdei
2745 3821 2918 3914 "rcetze
2941 3821 3413 3924 blaspliciuatores

1811 3911 2206 4012 illvel‘llalllilll;
2241 3911 2480 4006 necheurit
2511 3927 2602 3995 qui
2655 3911 2760 4008 vos
2797 3911 3148 4010 postmodum
3175 3919 3416 4012 corrigat

1812 4013 1897 4088 vel
1929 4011 1996 4070 ab
2019 4031 2207 4088 errore
2241 4011 2464 4072 reducat
2506 4036 2520 4073 :
2546 4030 2605 4100 et
2633 4022 2734 4076 hoc
2779 4031 2884 4094 est,
2916 4023 3048 4100 mihi
3083 4011 3311 4092 credite,
3335 4011 3414 4092 fili

1793 4105 2134 4195 'Clt‘arlSSllllC
2157 4149 2171 4175 ,
2206 4111 2350 4192 quod
2395 4095 2671 4190 dolemus;
2697 4115 2810 4196 __ltoc
2839 4125 2922 4170 est
2973 4118 3117 4200 unde
3161 4130 3328 4200 nocte
3357 4127 3416 4200 et

1795 4189 1898 4270 die
1923 4214 2022 4276 pro
2050 4200 2204 4282 vobis
2231 4189 2450 4280 solliciti
2483 4189 2706 4270 sumus,
2738 4195 2861 4279 non
2891 4191 3120 4278 gloriam
3164 4189 3228 4276 ea
3260 4189 3413 4288 vobis

1809 4287 1896 4342 vel
1919 4275 2194 4368 honorem
2221 4301 2316 4345 aut
2339 4275 2562 4347 censum
2593 4275 2786 4363 procul
2812 4275 2977 4352 dubio
3005 4275 3412 4372 exspectantes,

76 4391 308 4458 simas,
340 4365 464 4463 ql'ﬁa
495 4409 593 4465 per
621 4401 824 4470 terra!“
855 4393 934 4449 ire
956 4395 1336 4464 nequivimus,
1386 4411 1486 4467 per
1533 4396 1698 4451 mari.
1811 4394 1932 4434 cum
1961 4395 2057 4442 vos
2082 4383 2263 4452 potius
2302 4393 2356 4438 et
2400 4400 2504 4439 non
2536 4394 2716 4440 vestra
2751 4373 3062 4456 quwratttus
3101 4377 3273 4468 {nam
3304 4377 3416 4474 non

76 4498 229 4538 num
251 4483 374 4548 iter,
406 4484 519 4541 Deo
545 4485 799 4556 propitio,
833 4485 886 4541 in
917 4484 1204 4542 Franciam
1228 4488 1499 4557 proﬁcisci
1531 4487 1699 4543 debe-

72 4593 243 4641 mus,
261 4578 522 4650 gloriosos
544 4579 750 4635 scilicet
777 4594 934 4652 reges
957 4580 1299 4650 deprecaturi
1325 4590 1383 4635 ut
1407 4579 1700 4636 ecclesiam

74 4669 272 4724 sancti
319 4669 467 4724 Petri
513 4679 568 4724 et
607 4669 880 4724 civitatem
927 4669 1228 4725 Romanam
1255 4712 1268 4737 ,
1312 4672 1482 4726 totius
1513 4671 1698 4726 mundi

76 4772 254 4834 caput
284 4769 338 4818 et
372 4761 647 4816 dominam
669 4801 683 4826 ,
730 4778 756 4814 a
802 4763 967 4818 tantis
997 4765 1443 4833 oppressionibus
1471 4773 1526 4817 et
1556 4761 1700 4817 cala-

78 4857 375 4913 mitatibus
396 4854 645 4919 liberent,
672 4853 871 4910 salvam
899 4865 952 4912 et
974 4858 1212 4926 quietam
1232 4860 1418 4917 sinant
1447 4853 1691 4924 manere,

75 4953 404 5028 putealique
437 4964 595 5002 manu
638 4951 704 5002 ab
743 4951 979 5006 hostium
1022 4967 1155 5030 quas
1197 4958 1447 5022 patimur
1483 4952 1696 5009 insidiis

73 5052 375 5106 tueantur;
432 5051 534 5092 nec
579 5053 676 5094 nos
718 5041 788 5094 0h
829 5040 972 5097 aliud
1020 5041 1145 5099 illuc
1190 5045 1381 5111 ituros,
1439 5041 1545 5097 nisi
1592 5058 1694 5112 pro

64 5132 355 5200 communi
411 5128 620 5191 salute,
667 5133 850 5200 procul
897 5135 1061 5190 dubio
1108 5137 1329 5194 credite.
1385 5133 1504 5191 Sed
1551 5134 1694 5192 sicut

63 5228 314 5290 veridico
364 5218 660 5274 multorum
708 5223 875 5278 relatu
930 5223 1249 5292 didicimus,
1297 5242 1432 5286 cum
1485 5235 1584 5278 nos
1627 5227 1695 5282 de

64 5324 199 5378 urbe
234 5316 420 5369 Roma
456 5307 716 5366 fuerimus
737 5318 962 5384 egressi,
995 5329 1343 5392 coeptumque
1379 5318 1496 5372 iler
1519 5317 1697 5385 egeri"

255 5403 513 5430 -..δε-ιιιιο
561 5406 803 5430 Λιιιιιιιη-ιι
854 5407 870 5430 '
900 5427 915 5430 _
945 5428 952 5430 _
986 5412 1078 5430 L-..

1807 4473 1999 4546 patriae
2045 4477 2290 4556 regimen
2323 4486 2377 4532 et
2413 4478 2724 4550 reipubliea}
2776 4486 3138 4558 moderamen
3187 4473 3415 4556 adipisci

1806 4568 2078 4638 cupimus,
2119 4569 2214 4624 sed
2257 4569 2556 4627 diteceseos
2584 4572 2830 4644 ejusdem
2867 4573 3119 4648 regionis
3145 4559 3330 4652 curam
3362 4583 3419 4630 et

1806 4657 2223 4731 dispositionem
2273 4678 2424 4721 more
2473 4665 2653 4737 prisco
2710 4685 2995 4727 resumere
3050 4669 3324 4738 volumus,
3361 4677 3421 4720 ut
3481 4719 3484 4722 ἠ

1805 4752 2254 4824 sollicitudinem,
2287 4772 2452 4830 quant
2497 4757 2766 4830 universis
2811 4763 3084 4819 debemus
3136 4754 3418 4821 Ecclesiis.

1808 4853 1960 4902 tanto
2015 4864 2116 4932 pro
2173 4853 2364 4909 eadem
2418 4851 2636 4910 dioecesi
2693 4857 2952 4914 solertius
3020 4863 3414 4912 exerceamus,

1804 4950 2009 5007 quanto
2067 4938 2136 4994 ad
2183 4945 2585 5002 ordinationem
2639 4951 2935 5018 specialius
2975 4949 3226 4996 VCSlram
3283 4940 3424 4994 11390

1804 5033 2114 5104 antiquitus
2158 5040 2492 5104 pertinuisse
2519 5058 2624 5098 non
2654 5041 3004 5114 ignoramus,
3039 5043 3300 5106 “Niloque
3325 5049 3426 5104 βνο

1805 5137 2000 5185 vestrae
2030 5127 2224 5187 salutis
2249 5133 2497 5192 custodia
2529 5134 2820 5194 instantius
2856 5129 3100 5205 vigilare
3125 5127 3426 5192 valeamus,

1804 5235 2009 5293 quanto
2041 5236 2101 5280 ut
2146 5215 2442 5286 conﬁrmet
2484 5228 2587 5283 hoc
2611 5230 2756 5288 Deus
2782 5231 2928 5303 quod
2965 5233 3238 5293 operatus
3262 5233 3344 5280 εει
3371 5223 3429 5278 in

1803 5318 1963 5375 nobis
2015 5318 2239 5378 enixius
2269 5325 2428 5381 nobis
2460 5325 2758 5392 optandum
2789 5338 2870 5383 est
2890 5368 2904 5393 ,
2956 5326 3022 5376 et
3050 5315 3360 5374 districtius
3395 5333 3429 5372 a

1798 5410 1925 5430 ---ι.·
2009 5417 2020 5430 ι
