4042 6302
547 356 652 424 ⁵159

1843 367 2128 426 JOANNIS
2155 369 2368 428 :PAPIE
2406 372 2518 428 Vlll

3715 370 3821 431 760

545 482 768 536 Petrum
799 480 1160 554 apostolorum
1184 480 1439 551 primum,
1471 497 1634 552 quem
1675 485 1901 540 amastis
1920 525 1935 550 ,
1964 500 2128 553 quem
2153 488 2204 550 Α
2231 489 2359 544 ruit.
2387 489 2557 559 igitur
2578 487 2793 552 scitote,
2809 484 3154 552 charissime,
3187 485 3231 540 si
3261 499 3328 542 ex
3347 485 3451 541 hoc
3477 485 3546 541 ad
3569 486 3825 550 Graecos,

544 575 808 646 elegistis,
831 590 992 644 quem
1015 575 1305 644 quaesistis,
1330 577 1593 646 cujusque
1615 577 1672 634 in
1713 578 2127 636 necessitatibus

544 667 905 734 patrocinium
931 669 1268 737 percepistis,
1298 677 1354 722 et
1377 668 1573 725 fluenta
1605 669 1872 725 doctrinae
1894 669 2127 726 salubri-

546 766 631 812 ter
656 766 711 813 et
737 760 1129 816 convenienter
1171 762 1469 826 hausistis;
1507 761 1768 832 cujusque
1807 779 1905 820 vos
1939 773 2125 834 protea

543 849 714 904 (ειὶοηί
733 865 857 904 eum
877 848 1147 919 subjectis
1172 853 1428 909 omnibus
1469 855 1896 910 commendastis
1923 868 1980 910 et
2010 863 2126 909 tra-

540 937 774 994 didistis.
802 939 947 994 Bene
971 941 1523 1010 quidem-currebatis,
1562 959 1687 1000 cum
1719 945 1979 1014 Apostolo
2008 945 2123 1001 cla-

537 1043 775 1094 mutnus,
793 1032 911 1102 quis
938 1048 1026 1087 vos
1046 1032 1328 1102 fascinavit
1357 1036 1559 1089 veritati
1582 1052 1688 1090 non
1711 1035 1957 1090 obedire?
1976 1033 2120 1107 (Gal.

537 1119 850 1191 nt.)Sed-et
875 1122 993 1191 ipse
1015 1138 1113 1194 per
1135 1139 1196 1179 se
1227 1125 1490 1180 Dominus
1517 1126 1651 1182 dicit
1677 1145 1690 1181 :
1723 1127 1895 1182 Nemo
1914 1129 2124 1183 mittens

536 1224 754 1263 manum
797 1227 950 1266 suam
981 1211 1042 1266 in
1082 1222 1322 1268 aratrum
1377 1225 1426 1270 et
1472 1233 1748 1272 conuersus
1793 1226 2121 1286 retrorsum,

536 1312 786 1372 aptus-est
808 1305 864 1358 in
893 1322 1052 1377 regno
1078 1307 1328 1363 calorum
1358 1309 1651 1384 (Lua-ix);
1694 1327 1800 1368 non
1827 1323 2009 1369 autem
2039 1315 2124 1370 di-

535 1393 714 1449 cimus
761 1397 906 1466 quod
957 1411 1066 1453 non
1117 1415 1223 1456 una
1280 1402 1354 1456 sit
1402 1402 1574 1468 ﬁdes,
1635 1419 1800 1458 unum
1853 1405 2122 1476 baptisma

537 1489 754 1560 (Ep/tes.
780 1491 877 1563 iv),
905 1509 1047 1550 unus
1071 1495 1216 1553 Deus
1247 1507 1436 1554 noster
1454 1502 1658 1570 pariter
1677 1509 1734 1556 et
1763 1502 1999 1566 illorum,
2028 1503 2122 1558 sed

533 1581 660 1651 quia
692 1583 744 1637 in
766 1589 847 1640 cis
883 1601 1062 1656 saepe,
1113 1590 1344 1658 praesule
1381 1590 2002 1663 Constantinopolitano,
2036 1593 2122 1650 vel

534 1673 884 1744 imperatore,
909 1687 1012 1734 aut
1052 1678 1372 1751 plerumque
1403 1691 1634 1752 utroque
1656 1722 1674 1750 ,
1727 1691 1952 1740 auctore
1977 1682 2122 1738 facto

533 1764 830 1834 hatreseos,
859 1767 1158 1838 plures-qui
1207 1771 1310 1826 sub
1345 1773 1480 1843 ipsis
1510 1782 1668 1840 sunt,
1700 1774 2006 1831 adulatione
2027 1781 2123 1828 aut

2227 583 2370 652 quod
2408 590 2618 636 avertat
2649 580 2926 643 Dominus,
2960 579 3244 634 conversio
3264 588 3446 634 vestra
3475 579 3660 643 fuerit,
3685 594 3823 648 par-

2210 664 2336 728 tem
2361 681 2592 727 vestram
2641 671 2899 728 divinitus
2941 688 3064 728 cum
3106 672 3191 726 his
3231 671 3534 741 ponendam
3580 672 3678 740 qui
3709 671 3825 740 pri—

2227 779 2375 823 mam
2411 764 2569 821 ﬁdem
2600 765 2812 820 irritam
2859 763 3086 830 faciunt,
3114 773 3171 820 et
3199 779 3323 820 cum
3371 764 3456 819 his
3481 778 3726 834 quorum
3755 761 3823 818 li-

2226 855 2419 911 benter
2445 856 2834 925 amplectimini
2881 856 3208 926 portionem.
3252 854 3420 910 Porro
3469 854 3517 910 si
3564 868 3674 908 nos
3726 867 3825 908 au-

2227 947 2460 1011 dieritis,
2493 955 2548 1002 et
2576 948 2644 1002 ad
2675 947 2850 1002 sancti
2895 946 3043 1001 Petri
3086 945 3353 1018 gremium
3409 944 3728 1009 redieritis,
3760 952 3824 998 ut

2226 1036 2370 1092 ﬁlios
2389 1051 2488 1091 vos
2510 1037 2915 1092 amantissimos
2938 1035 3194 1104 expansis
3221 1034 3428 1090 sinibus
3457 1034 3821 1104 recipiemus,

2225 1135 2281 1182 et
2328 1127 2533 1181 exertis
2579 1125 2822 1186 brachiis
2881 1125 3290 1194 amplectemur,
3321 1134 3376 1180 ct
3427 1127 3478 1180 in
3506 1125 3826 1182 visceribus

2225 1216 2429 1274 Christi
2481 1218 2788 1275 dilectionis
2841 1232 3056 1287 semper
3104 1216 3451 1282 habebimus;
3503 1225 3562 1271 et
3606 1217 3660 1270 si
3713 1231 3825 1284 qua

2226 1317 2352 1364 sunt
2382 1317 2593 1373 sancta,
2617 1309 2660 1363 si
2699 1323 2805 1377 qua
2827 1309 3151 1374 salubria,si
3180 1324 3286 1378 qua
3307 1309 3750 1380 congrua,vobis
3771 1317 3828 1362 et

2225 1415 2324 1468 pro
2352 1400 2505 1455 vobis
2541 1385 2738 1455 offerre
2773 1408 2936 1469 atque
2969 1400 3281 1469 impendere
3300 1414 3407 1455 non
3443 1399 3825 1455 cessabimus.

2225 1491 2458 1546 Xenium
2487 1491 2644 1546 nobis
2686 1506 2751 1545 ex
2798 1492 2952 1546 vobis
2983 1492 3382 1557 transmissum,
3416 1491 3702 1560 quondam
3733 1506 3827 1546 ne-

2224 1582 2403 1653 ligiosi
2426 1583 2643 1640 habitus
2667 1582 2808 1640 Urso
2848 1583 3153 1649 deferente,
3192 1585 3556 1654 suscepimus;
3599 1585 3678 1638 de
3707 1599 3828 1653 quo

2223 1672 2545 1744 benignitati
2575 1682 2774 1728 vestrae
2820 1673 3026 1744 gratias
3069 1682 3316 1745 agentes,
3351 1673 3519 1728 Deum
3571 1673 3826 1728 laudavi-

2225 1781 2370 1832 mus,
2421 1766 2604 1836 quite
2647 1766 2804 1822 nobis
2861 1766 3055 1822 dev'Ote
3104 1766 3302 1821 munus
3347 1764 3542 1822 offerre
3581 1766 3820 1832 docuit;

534 1863 690 1912 certe
710 1857 928 1924 timore,
963 1859 1073 1916 illis
1102 1859 1410 1917 efﬁciuntur
1438 1865 1780 1932 consimiles;
1804 1875 1858 1921 et
1879 1881 1962 1922 vae
1992 1873 2106 1921 tunc

2226 1857 2570 1927 temetipsum
2596 1858 2703 1914 cito
2734 1865 2924 1922 totum,
2953 1867 3013 1912 ut
3039 1856 3380 1921 conﬁdimus,
3413 1867 3470 1911 et
3505 1856 3823 1925 perfecta

529 1947 612 2001 eis
635 1955 719 2002 est
746 1949 836 2017 qui
870 1950 1186 2007 societatem
1210 1963 1514 2022 sequuntur
1543 1971 1750 2010 eorum.
1777 1956 1874 2012 Dic
1900 1957 2106 2027 itaque,

528 2051 681 2109 rogo,
714 2040 1035 2098 charissime
1066 2042 1165 2108 ﬁli,
1202 2045 1329 2112 quid
1379 2046 1590 2102 faceres
1633 2055 1708 2110 tu,
1751 2047 1837 2102 vel
1888 2047 2116 2118 populus

529 2129 740 2194 tuus,si
763 2137 1004 2200 tempore
1019 2131 1499 2190 Pneumatomachi
1523 2135 1822 2191 Macedonii
1844 2136 2115 2193 Constan-

527 2215 870 2291 tinopolitan‘i
901 2211 1182 2289 antistitis,
1234 2227 1451 2295 quando
1482 2234 1535 2282 et
1566 2228 1766 2298 impius
1811 2228 1919 2284 illic
1953 2231 2118 2300 impe.

523 2310 1075 2380 rabat'ConStantius,
1102 2315 1298 2371 essetis
1325 2330 1514 2371 eorum
1540 2319 1802 2375 societate
1827 2319 2070 2375 fruentes
2094 2337 2109 2386 ;

524 2414 706 2456 nonne
731 2402 923 2473 degma
949 2403 1067 2474 ejus
1090 2414 1276 2461 contra
1309 2406 1571 2478 Spiritum
1596 2419 1844 2465 sanctum
1870 2411 2114 2481 blasphe-

521 2505 680 2547 mans
705 2502 828 2548 cum
865 2493 972 2550 illis
1010 2499 1416 2566 sequeremini?
1465 2500 1618 2565 Quod
1660 2510 1930 2570 peccatum
1958 2543 1972 2567 ,
2029 2511 2112 2556 at-

519 2590 755 2640 testante
781 2571 1028 2653 Domino,
1055 2604 1160 2642 non
1202 2592 1484 2644 remittitur
1519 2610 1679 2663 neque
1709 2595 1813 2658 hic,
1863 2611 2023 2663 neque
2054 2595 2112 2648 in

521 2671 702 2742 futuro
727 2675 942 2746 (Matth.
974 2677 1095 2748 xu).
1144 2679 1334 2736 Nonne
1379 2683 1424 2736 si
1475 2684 1667 2738 horum
1712 2685 1969 2754 pollutam
2017 2700 2108 2740 so-

519 2759 779 2819 cietatem
812 2767 1120 2836 haberetis,
1175 2780 1230 2826 et
1275 2788 1498 2841 pravam
1555 2775 1858 2830 doctrinam
1915 2776 2110 2830 nihilo-

515 2857 700 2912 minus
734 2855 1047 2917 haberetis?
1088 2877 1150 2918 ac
1179 2879 1275 2934 per
1301 2866 1405 2920 hoc
1434 2876 1487 2920 et
1512 2882 1608 2920 vos
1637 2883 1758 2921 cum
1781 2867 1904 2932 illis,
1947 2869 2110 2939 quasi

515 2945 762 3032 fasciculi
793 2950 1028 3022 colligati
1057 2952 1124 3006 ad
1166 2954 1615 3019 comburendum,
1647 2966 1852 3014 aeterno
1882 2957 1992 3029 igni
2023 2973 2108 3013 re-

517 3041 874 3095 servarem'ini
899 3043 951 3096 in
978 3043 1267 3112 diejudicii
1296 3047 1573 3102 cruciandi
1590 3047 1908 3105 ?Credimus
1922 3059 2104 3106 autem

518 3134 661 3199 quod
681 3130 796 3199 jam
819 3141 917 3188 vos
943 3143 1052 3189 non
1077 3136 1244 3192 lateat
1265 3155 1544 3209 nunquam
1573 3141 1924 3211 apostolicam
1954 3143 2104 3197 beati

2221 1947 2465 2002 daturus.
2494 1945 2762 2002 Caeterum
2807 1947 2976 2016 gloria
3007 1956 3190 2002 vestra
3238 1947 3378 2003 sciat
3425 1946 3682 2018 Sergium
3715 1961 3821 2002 eu-

2217 2039 2478 2104 nuchum,
2512 2039 2604 2108 qui
2653 2054 2774 2094 cum
2798 2053 2997 2110 genere
3043 2037 3270 2094 Sclavus
3312 2047 3474 2106 esset,
3519 2049 3576 2094 et
3613 2039 3819 2093 multis

2215 2132 2578 2201 pravitatibus
2619 2131 2902 2196 irretitus,
2951 2130 3317 2188 sacerdotium
3354 2145 3450 2200 per
3500 2131 3819 2200 subreptio—

2217 2239 2339 2278 nem
2365 2223 2633 2289 obtinuit;
2667 2232 2723 2278 et
2750 2231 2872 2292 post
2916 2223 3083 2278 etiam
3114 2237 3276 2292 super
3316 2221 3438 2278 aliis
3476 2221 3734 2277 detectus
3759 2229 3817 2275 et

2215 2314 2495 2369 convictus
2526 2313 2860 2380 excessibus,
2882 2314 2950 2368 ab
2973 2313 3229 2383 episcopo
3250 2321 3378 2369 tunc
3403 2327 3498 2368 suo
3521 2313 3817 2382 depositus

2215 2409 2384 2466 fuisse
2425 2411 2781 2482 dignoscitur,
2824 2418 2879 2465 et
2920 2420 3043 2479 post
3091 2411 3309 2479 indigne
3330 2411 3513 2465 satisa
3547 2409 3816 2480 Georgio,

2214 2505 2305 2573 qui
2338 2502 2478 2559 falso
2508 2504 2609 2558 sibi
2639 2504 2877 2574 episcopi
2909 2519 3104 2558 nomen
3132 2512 3379 2574 usurpat,
3419 2505 3483 2558 ad
3521 2505 3819 2574 episcopa-

2213 2603 2328 2650 tum
2380 2595 2834 2668 Belogradensem
2900 2605 3189 2666 provectus
3249 2607 3374 2663 est,
3437 2597 3816 2667 apostolorum

2211 2687 2516 2757 principum
2546 2730 2560 2752 ,
2626 2697 2680 2743 et
2750 2696 3059 2743 sanctorum
3111 2702 3380 2743 canonum
3436 2688 3818 2754 auctoritate,

2213 2781 2376 2834 etiam
2400 2782 2571 2836 nostri
2602 2795 2722 2836 esse
2752 2782 3018 2836 sententia
3049 2781 3252 2836 decreti
3281 2780 3585 2850 depositum
3610 2797 3626 2832 :
3657 2779 3814 2850 quod

2213 2880 2325 2926 tam
2355 2874 2512 2929 vobis
2557 2889 2718 2943 quam
2745 2882 2941 2928 vestrm
2972 2874 3215 2927 omnium
3266 2873 3603 2943 generalitati
3645 2888 3820 2928 cano-

2210 2965 2330 3019 nice
2357 2963 2730 3034 patefacimus,
2763 2973 2823 3018 ut
2871 2965 2926 3019 lii
2971 2964 3062 3034 qui
3092 2963 3419 3032 abjiciuntur
3443 2963 3510 3017 ab
3542 2962 3670 3016 aliis
3703 2979 3815 3017 non

2211 3057 2544 3126 recipiantur
2575 3055 2807 3124 (Nicam.
2841 3071 2890 3111 c.
2924 3057 2981 3124 5)
3016 3071 3124 3112 :ne
3145 3095 3160 3120 ,
3201 3055 3344 3126 quod
3375 3069 3475 3109 non
3523 3061 3814 3122 optamus,

2209 3147 2370 3202 simili
2399 3162 2522 3200 cum
2547 3147 2627 3201 eis
2658 3163 2817 3216 poena
2846 3145 3036 3216 judicii
3069 3156 3355 3202 teneantur
3399 3144 3623 3201 astricti.
3666 3145 3816 3200 Data

513 3213 663 3277 Petri
689 3224 870 3280 sedem
893 3228 960 3282 ab
984 3228 1102 3283 aliis
1127 3230 1373 3299 sensibus
1402 3234 1812 3300 reprehensam,
1841 3250 1965 3289 cum
1985 3235 2103 3305 ipsa
2133 3237 2180 3302 C
2212 3237 2300 3294 die
2327 3254 2415 3293 xvi
2451 3213 2909 3309 mensis—Aprilis,
2937 3239 3232 3295 indictione
3259 3253 3337 3293 XI.

510 3313 920 3383 alias'omues,
974 3329 1029 3374 et
1080 3321 1352 3392 praecipue
1402 3321 2109 3394 Constantinopolitanam,

514 3405 1268 3480 sepissime-reprehendens,
1298 3420 1393 3466 aut
1434 3413 1502 3466 ab
1529 3428 1717 3467 errore
1747 3413 2106 3480 liberaverit,

513 3509 608 3554 aut
634 3507 781 3555 c‘e‘rte
803 3501 868 3555 in'
893 3502 976 3557 his
1005 3504 1096 3572 qui
1129 3504 1452 3574 resipiscere
1482 3505 1792 3572 noluerunt,
1825 3506 2109 3562 sententiae

509 3581 624 3664 sua)
643 3589 845 3660 judicio
873 3594 1334 3650 condemnaverit.
1363 3593 1483 3649 Noli
1514 3609 1646 3665 ergo
1672 3597 1832 3666 sequi
1858 3595 2104 3664 Graecos,

509 3679 590 3735 ’ﬁli
637 3683 979 3751 charissima,
1018 3687 1144 3755 quia
1179 3689 1516 3757 argumentis
1557 3702 1776 3759 semper
1821 3687 2105 3745 fallacibus

509 3774 752 3841 Student,
779 3775 992 3846 semper
1017 3778 1219 3833 dolosis
1254 3779 1545 3834 intendunt
1567 3780 1844 3845 versutiis,
1863 3796 1932 3836 ne
1963 3781 2104 3837 forte

503 3865 664 3922 vobis
684 3869 824 3936 quod
858 3869 1004 3937 genti
1032 3869 1583 3941 contigitGothorum
1613 3872 1892 3944 contingat
1930 3889 1942 3927 τ
1981 3885 2102 3942 qua:

496 3959 635 4013 'cum
658 3971 694 4014 α
717 3971 1048 4028 paganorum
1074 3974 1260 4014 errore
1281 3971 1503 4030 cuperet
1524 3961 1766 4026 liberari,
1791 3961 2104 4030 Christique

508 4047 631 4102 ﬁdei
674 4050 893 4111 sociari,
941 4049 994 4102 in
1025 4051 1335 4118 episcopum
1379 4052 1568 4106 incidit
1602 4052 1836 4108 formam
1884 4055 2104 4123 pietatis

495 4134 819 4204 habentem,
851 4139 1103 4193 virtutem
1127 4148 1306 4194 autem
1334 4138 1449 4208 ejus
1473 4140 1857 4224 abnegantem,
1886 4145 1976 4214 qui
2006 4159 2101 4201 eos

506 4225 633 4283 dum
667 4245 694 4282 a
728 4230 1042 4301 paganismo
1063 4231 1279 4301 liberat,
1303 4229 1417 4288 Arii
1445 4228 1797 4304 blasphemiis
1827 4237 2096 4308 implicat;

489 4313 695 4392 ’sicque
715 4317 832 4411 illi,’
859 4325 982 4379 dum
1014 4325 1228 4380 incaute
1256 4335 1506 4395 qurerunt
1535 4342 1779 4383 errorem
1804 4329 2010 4400 fugere,
2041 4331 2096 4387 in

500 4428 742 4471 errorem
783 4416 1061 4484 incidunt;
1095 4427 1151 4474 et
1201 4435 1401 4475 caecum
1426 4421 1617 4476 ducem
1645 4432 1953 4490 sequentes,
1971 4436 2096 4480 cum

501 4503 597 4562 illo
624 4507 752 4563 caeci
784 4505 912 4564 facti
946 4509 998 4563 in
1047 4509 1262 4565 Arianae
1288 4511 1574 4581 pravitatis
1614 4513 1913 4582 praecipitia
1939 4514 2093 4569 dela-

2926 3346 3064 3402 CIX.

2689 3455 2758 3494 AD
2798 3455 3016 3495 PETBUM
3055 3453 3314 3495 COMITEI.

2821 3531 3000 3600 (Anno
3046 3531 3198 3602 878.)

2208 3626 2352 3678 Missa
2379 3637 2469 3689 per
2487 3605 2772 3689 Paulumet
2797 3623 3076 3689 Eugenium
3105 3621 3378 3689 episcopos,
3401 3628 3567 3668 mense
3601 3616 3817 3683 Apr-ili,

2189 3713 2192 3722 -
2381 3685 2396 3689 “
2634 3695 2637 3699 ·
2683 3687 2772 3738 die
2799 3685 2903 3748 xw,
2944 3685 3218 3734 indictione
3245 3697 3312 3731 xi.

2209 3773 2474 3828 Hortatur
2510 3781 2567 3825 ut
2610 3769 2925 3849 Michaelem
2950 3784 3122 3838 regem
3165 3766 3234 3849 ad
3259 3756 3499 3820 Romana}
3534 3760 3817 3818 Ecclesia:

2737 3845 2993 3912 gremium
3030 3845 3252 3892 revocet.

2275 3957 2461 4013 Perco
2507 3955 2718 4011 comiti.

2275 4049 2640 4104 Dilectissimo
2676 4047 2787 4102 ﬁlio
2828 4054 3019 4104 nostro
3047 4043 3294 4101 Michaeli
3331 4040 3812 4100 Christianissimo

2181 4141 2318 4212 regi
2349 4139 2686 4210 apostolatus
2721 4138 2896 4194 nostri
2922 4138 3202 4194 mittentes
3226 4134 3540 4204 epistolam,
3579 4131 3809 4203 dignum

2197 4234 2456 4289 duximus
2479 4241 2542 4288 ut
2555 4241 2612 4288 et
2631 4242 2737 4289 tua:
2767 4246 2984 4301 quoque
3001 4230 3187 4301 gloria:
3203 4228 3605 4291 scriberemus,
3631 4236 3692 4282 et
3707 4241 3807 4297 ge-

2199 4325 2367 4378 mitus
2380 4324 2553 4380 nostri
2573 4321 3130 4391 cordis-aperiremus,
3147 4333 3281 4388 quos
3298 4318 3519 4374 assidue
3532 4317 3805 4388 patimur,

2197 4415 2536 4484 suspirantes
2553 4423 2608 4468 et
2620 4424 2845 4482 stupore
2860 4412 3036 4468 nimio.
3049 4410 3380 4467 admirantes
3395 4407 3674 4478 quomodo
3689 4407 3811 4476 ipse

2195 4505 2635 4575 sapientissimus
2663 4517 2760 4558 rex
2786 4512 2842 4558 et
2868 4518 2967 4558 vos
3004 4501 3110 4572 ipsi
3145 4500 3316 4555 averti
3348 4498 3665 4567 potueritis,
3687 4506 3749 4552 et
3775 4511 3807 4550 a

497 4596 703 4652 buntur
731 4611 756 4639 α
785 4610 877 4654 tet
909 4601 1011 4656 hoc
1039 4611 1123 4656 est
1156 4603 1297 4658 unde
1331 4601 1646 4658 Graecorum
1687 4605 1926 4660 cavenda
1969 4619 2088 4661 esse
2113 4591 2168 4655 Ι)
2193 4605 2340 4652 recta
2357 4596 2550 4652 semita
2577 4595 2868 4659 declinare,
2895 4602 3061 4664 atque
3087 4608 3121 4647 a
3142 4592 3269 4648 sedc
3291 4590 3441 4645 beati
3481 4588 3636 4644 Petri
3667 4603 3806 4658 apo-

495 4688 855 4758 prazdicamus
882 4693 1177 4748 consortia.
1223 4691 1580 4762 Corrumpunt
1609 4697 1774 4764 enim,
1805 4705 1865 4752 ut
1891 4697 2092 4755 Paulus

496 4778 775 4847 apostolus
827 4781 934 4846 ait,
987 4798 1157 4837 mores
1181 4784 1341 4840 bonos
1382 4786 1644 4856 colloquia
1696 4786 1840 4841 mala
1888 4787 1943 4858 (Ι
1964 4787 2086 4844 Cor.

500 4868 618 4938 xv).
651 4866 753 4935 Qui
785 4871 888 4924 etsi
917 4871 1207 4940 aliquando
1239 4873 1536 4944 loquuntur
1557 4876 1757 4946 aliquid
1795 4878 1947 4943 boni,
1979 4879 2091 4936 noli

498 4959 712 5026 mirari,
743 4959 869 5031 quia
902 4969 958 5016 et
1010 4963 1284 5020 dmmones
1330 4967 1729 5022 conﬁtebantur
1757 4967 1952 5024 Filium
1991 4970 2088 5026 Dei

495 5047 716 5120 (Matth.
749 5052 910 5125 xviii)
935 5069 949 5120 ;
985 5053 1080 5108 sed
1110 5054 1224 5124 ipse
1244 5054 1364 5112 illos
1395 5057 1575 5127 potius
1600 5067 1781 5115 tacere
1807 5062 2090 5131 praecipie-

492 5137 606 5204 bat,
638 5156 708 5197 ne
750 5143 873 5212 quis
895 5158 987 5199 eos
1018 5144 1230 5200 audiret
1261 5159 1392 5202 vera
1419 5147 1798 5215 praedicantes,
1835 5165 2090 5220 sequere-

497 5233 590 5286 tur
618 5244 888 5290 errantes.
915 5237 1311 5293 Convertimini
1341 5239 1508 5311 igitur
1530 5241 1596 5295 ad
1622 5241 1838 5297 beatum
1865 5241 2089 5300 Petrum

497 5325 866 5394 apostolorum
906 5329 1225 5402 principem,
1257 5332 1346 5403 qui
1371 5334 1576 5402 primus
1597 5337 1849 5406 cognovit
1875 5345 1931 5392 et
1954 5353 2088 5393 con-

491 5409 671 5470 fessus
696 5425 778 5472 cst
803 5418 996 5473 Filium
1023 5421 1150 5486 Dei;
1182 5423 1273 5492 qui
1320 5437 1448 5478 oves
1495 5423 1802 5479 Dominicas
1823 5427 2086 5496 regendas

493 5507 726 5575 accepit,
758 5517 812 5564 et
857 5519 914 5566 ut
946 5513 1046 5568 has
1080 5515 1145 5567 ad
1177 5525 1376 5571 :eterna
1426 5532 1627 5586 pascua
1681 5519 1804 5572 vita:
1840 5519 2083 5573 introdu-

491 5609 616 5654 cere
644 5613 848 5670 posset,
878 5617 930 5659 et
965 5606 1051 5661 hic
1083 5607 1283 5677 ligandi
1337 5611 1689 5680 solvemlique
1735 5619 2080 5680 potestatem,

494 5694 549 5742 et
589 5690 698 5748 illic
734 5699 1011 5752 rcserandi
1057 5700 1138 5754 eis
1184 5701 1364 5756 claves
1393 5702 1633 5758 caelestis
1669 5702 1820 5773 regni
1869 5717 2085 5772 prome-

2197 4689 2458 4744 stolorum
2477 4689 2675 4744 summi
2697 4687 2990 4751 recedere;
3018 4685 3131 4749 cui,
3155 4687 3297 4740 sicut
3317 4683 3686 4752 Evangelium
3718 4696 3810 4735 re-

2197 4779 2300 4835 fert
2321 4778 2538 4849 (Matth.
2559 4776 2699 4848 xvi),
2718 4793 2824 4832 non
2848 4790 2982 4833 caro
3009 4775 3332 4846 et.sanguis,
3366 4773 3421 4827 id
3444 4783 3535 4828 est
3559 4774 3805 4828 humana

2195 4871 2485 4943 sapientia,
2513 4870 2606 4925 sed
2630 4869 2743 4939 ipse
2768 4883 2867 4939 per
2894 4883 2953 4922 se
2978 4866 3139 4921 Pater
3161 4864 3356 4919 Filium
3381 4862 3675 4932 proprium
3725 4876 3813 4915 re-

2195 4965 2416 5029 velavit,
2463 4978 2589 5019 cum
2639 4962 2731 5017 alii
2774 4963 2919 5017 hunc
2947 4959 3236 5022 Joannem,
3279 4955 3372 5010 alii
3427 4955 3610 5008 Eliam
3638 4994 3656 5018 ,
3712 4953 3808 5007 alii

2195 5056 2486 5114 Jeremiam
2512 5063 2606 5110 aut
2637 5070 2806 5109 unum
2827 5053 2895 5108 de
2918 5050 3196 5123 prophetis
3222 5047 3633 5104 existimarent.
3655 5045 3815 5101 Scri—

2193 5147 2376 5204 bimus
2413 5161 2544 5217 ergo
2587 5145 2684 5200 tibi
2741 5153 3001 5213 tauquam
3053 5140 3307 5196 familiari
3361 5148 3418 5193 et
3467 5137 3816 5192 charissima

2193 5240 2382 5305 nobis;
2415 5248 2469 5294 tu
2503 5239 2649 5293 enim
2688 5237 2741 5291 in
2786 5238 2891 5292 hac
2915 5251 3082 5291 causa
3109 5234 3317 5304 primus
3348 5231 3452 5301 ipsi
3493 5230 3616 5300 regi
3667 5245 3817 5300 prze~

2195 5345 2388 5385 cursor
2415 5337 2471 5385 et
2508 5329 2612 5384 dux
2641 5337 2865 5383 auctore
2892 5327 3005 5382 Deo
3051 5325 3203 5380 fuisti
3239 5342 3251 5378 :
3283 5332 3339 5376 tu
3370 5323 3520 5375 inter
3543 5320 3708 5374 illum
3755 5328 3817 5374 et

2193 5437 2294 5478 nos
2326 5422 2537 5478 medius
2557 5420 2885 5486 discurristi,
2917 5427 2995 5484 et,
3020 5417 3131 5473 Deo
3173 5417 3399 5488 gratias,
3432 5424 3640 5469 cuncta
3683 5429 3817 5484 qua:

2199 5516 2261 5575 sd
2283 5514 2514 5569 salutem
2539 5515 2717 5585 gentis
2745 5511 2889 5566 illius
2933 5519 3054 5566 acta
3079 5518 3227 5572 sunt,
3250 5523 3356 5564 non
3385 5508 3508 5561 sine
3553 5516 3652 5560 tuo
3686 5521 3820 5562 cer-

2195 5607 2397 5661 tamine
2444 5615 2565 5660 acta
2613 5614 2758 5668 sunt,
2785 5614 2842 5658 et
2865 5611 2997 5671 quot
3047 5611 3101 5656 et
3148 5609 3379 5671 quantos
3428 5597 3660 5652 labores
3705 5613 3822 5668 pro

2195 5701 2552 5757 instructione
2593 5701 2761 5754 vestri
2815 5711 2916 5753 nos
2979 5696 3436 5767 assumpserimus
3490 5694 3610 5763 ipse
3691 5709 3821 5750 non

565 5815 591 5844 ει
625 5803 898 5875 Socrates,
932 5810 1024 5864 lib.
1059 5827 1115 5877 v,
1137 5826 1184 5867 c.
1213 5812 1312 5880 27;
1353 5813 1708 5881 Theodoret.,
1735 5815 1772 5869 l.
1801 5829 1895 5883 vn,
1921 5831 1970 5871 c.
1995 5814 2096 5883 52;
2133 5814 2486 5887 Sozomenus,
2517 5819 2552 5875 l.
2581 5830 2677 5881 VII,
2707 5830 2759 5870 οι
2787 5812 2876 5870 57-

649 5917 700 5935 ‘
721 5937 726 5942 1
