3984 5430
185 196 300 256 761

1371 207 1729 269 EPISTOLE
1771 214 1860 270 ET
1902 212 2232 272 DECRETA.

3339 207 3442 280 θῦε

185 315 400 370 nescis.
435 315 499 369 Et
529 317 668 373 bene
708 320 926 390 quidem
969 320 1023 377 in
1071 321 1226 379 nobis
1256 324 1688 392 delectabamini,
1721 338 1776 382 et
1803 337 1850 392 Α
1878 328 2118 399 loquere,
2163 339 2217 384 et
2249 330 2537 385 exhortare
2583 332 2637 386 in
2685 330 2901 388 Christo
2930 329 3076 396 Jesu,
3125 343 3183 388 ut
3209 350 3308 404 pro
3354 351 3443 391 ac-

186 406 573 476 spiritualibus
601 411 809 479 gaudiis
847 421 902 467 et
928 413 1258 483 profectibus
1284 416 1641 484 frucbamini;
1683 421 1774 475 sed

185 499 475 554 nescimus
493 501 614 568 quis
649 517 746 557 vos
773 503 840 558 de
867 513 1062 560 caetero
1107 508 1407 578 deceperit;
1455 511 1575 580 quis
1619 526 1775 581 orga-

185 603 332 643 num
386 589 559 646 factus
592 591 808 659 diaboli,
833 596 925 666 qui
973 597 1101 651 olim
1151 614 1247 667 per
1275 609 1578 668 serpentem
1612 601 1774 656 Evam

185 679 436 744 seduxit,
468 695 563 736 vos
589 696 619 735 a
645 693 796 738 recto
823 685 1016 741 itinere
1038 687 1230 742 callida
1257 691 1508 744 suasione
1533 702 1776 746 retraxe-

186 769 303 832 rit,
349 770 489 825 unde
512 786 617 826 non
641 787 829 844 parum
857 775 1096 832 dolemus
1116 793 1214 833 nec
1239 779 1428 834 leviter
1450 781 1771 849 anxiamur;

184 867 249 913 et
279 859 486 916 idcirco
528 871 601 928 te,
624 865 860 919 virorum
898 867 1120 937 optime,
1160 871 1526 936 cohortamur,
1559 871 1778 942 loquere

185 953 264 1007 ad
311 967 474 1010 aures
514 955 752 1024 ejusdem
806 957 985 1014 dilecti
1040 959 1133 1014 filii
1171 963 1340 1016 nostri
1376 964 1550 1033 regis;
1599 965 1683 1019 cui
1723 973 1777 1018 et

185 1040 461 1099 Dominus
502 1045 616 1114 ipse
649 1049 716 1102 ad
753 1064 913 1104 aures
956 1053 1373 1120 praecordiorum
1417 1054 1686 1124 loquatur,
1719 1064 1778 1110 ut

184 1135 429 1203 primam
477 1135 634 1191 fidem
675 1153 781 1193 non
828 1139 990 1196 faciat
1023 1142 1253 1207 irritam,
1284 1153 1343 1198 ut
1388 1153 1512 1201 ante
1557 1161 1615 1201 se
1655 1161 1777 1216 gra-

183 1223 370 1288 diens,
398 1232 548 1280 retro
585 1241 922 1297 nequaquam
954 1232 1224 1300 respiciat,
1257 1234 1397 1288 viam
1440 1250 1544 1303 qua
1587 1238 1776 1290 ambu-

183 1310 344 1368 labat
389 1330 496 1370 non
539 1317 772 1384 deserat,
801 1323 1165 1392 evangelicam
1210 1323 1353 1394 legat
1386 1325 1684 1392 historiam,
1719 1335 1774 1381 et

181 1406 379 1462 videat
405 1408 477 1464 ibi
501 1411 770 1480 praecipue
791 1413 888 1469 soli
919 1414 1098 1480 Petro,
1129 1416 1250 1470 aliis
1294 1417 1394 1472 ista
1424 1419 1507 1473 vel
1539 1419 1626 1472 illa
1651 1420 1771 1489 opi-

183 1502 472 1567 nantibus,
499 1502 770 1560 Christum
823 1507 916 1561 Dei
965 1508 1070 1562 vivi
1127 1509 1320 1564 Filium
1374 1511 1666 1566 revelatum
1719 1520 1774 1567 et

183 1591 547 1660 singulariter
596 1595 797 1649 dictum
832 1611 847 1650 :
881 1598 993 1668 Ego
1042 1616 1137 1670 pro
1175 1610 1223 1655 te
1265 1603 1464 1672 rogavi,
1518 1601 1691 1665 Pelre,
1716 1612 1771 1655 ut

1876 430 2035 488 cepto
2079 429 2130 474 et
2161 422 2511 490 multiplicato
2548 423 2932 478 familiaritatis
2978 425 3176 479 talento
3225 425 3277 479 in
3313 442 3444 496 gau-

1877 510 2022 565 dium
2063 511 2270 565 Domini
2319 515 2488 568 nostri
2531 515 2789 570 merearis
2836 515 3060 570 intrare.
3090 515 3197 570 Nos
3225 531 3374 582 vero,
3395 514 3442 572 si

1877 617 1977 655 nos
2011 603 2312 668 audieritis,
2362 606 2486 674 quia
2531 622 2625 660 vos
2676 616 2927 676 tanquam
2974 608 3170 662 fratres
3213 619 3266 662 et
3308 609 3446 666 ﬁlios

1876 703 2085 745 summo
2110 707 2293 746 amore
2320 693 2609 763 diligimus,
2635 694 2701 749 de
2727 696 2877 751 lucro
2908 698 3072 752 vestri
3096 698 3444 767 gaudebimus

1876 791 1930 836 et
1984 782 2567 849 superexsultabimus;
2623 785 2702 840 sin
2749 795 2969 852 autem,
3019 788 3256 842 dicemus
3297 788 3443 842 omni

1876 870 2150 936 Ecclesiae,
2176 883 2231 926 et
2259 874 2398 928 sicut
2433 875 2688 931 Dominus
2735 879 2990 948 praecepit
3023 878 3235 948 (Matth.
3266 879 3442 949 xvm),

1875 975 1972 1016 vos
2019 971 2271 1032 tanquam
2321 965 2566 1021 etnichos
2617 975 2672 1022 et
2718 969 3029 1038 publicanos
3081 969 3440 1026 habebimus:

1875 1063 1930 1108 et
1953 1064 2078 1109 tunc
2108 1071 2203 1110 vos
2230 1056 2495 1120 videritis,
2529 1074 2649 1113 cum
2684 1059 2738 1114 in
2776 1062 2958 1117 varias
2982 1077 3226 1117 errorum
3273 1070 3445 1118 tenta-

1877 1145 2050 1200 tiones
2078 1145 2394 1203 iucideritis.
2435 1149 2595 1204 Missa
2635 1166 2730 1219 per
2769 1152 3015 1219 Paulum,
3063 1163 3118 1208 et
3147 1154 3442 1224 Eugenium

1875 1240 2350 1295 reverendissimos
2379 1250 2435 1295 et
2470 1253 2686 1298 sanctos
2731 1243 3028 1314 episcopos.
3085 1244 3217 1300 Data
3260 1259 3446 1302 menso

1873 1329 2057 1398 Aprili,
2087 1331 2174 1386 die
2210 1347 2321 1398 xvr,
2349 1333 2642 1388 indictione
2666 1334 2969 1390 undecima.

2592 1423 2704 1479 CX.

2089 1551 2156 1590 AD
2177 1552 2431 1601 QUBIDAI
2469 1553 2538 1591 EX
2576 1553 2852 1595 NOBILIBUB
2888 1553 3143 1594 BULGABIS
3164 1550 3211 1592 ⁸.

2479 1628 2658 1698 (Anno
2687 1629 2837 1698 878.)

182 1695 298 1778 tif-ﬂ
328 1682 539 1778 deﬁciat
572 1683 701 1750 ﬁdes
750 1695 842 1739 tua
881 1685 1031 1757 (Luc.
1079 1690 1234 1760 χχιι).
1268 1690 1407 1759 Ergo
1432 1692 1500 1756 si,
1529 1692 1650 1746 istis
1688 1691 1771 1746 vel

1879 1701 2127 1776 Ejusdem
2157 1707 2451 1777 argumenti
2467 1675 2728 1777 ,\auntque
2757 1675 2864 1776 fere
2883 1708 3062 1762 eadem
3082 1707 3236 1762 verba
3257 1722 3373 1778 qua
3389 1706 3450 1763 in

181 1767 302 1823 illis
325 1769 456 1825 falsa
482 1773 817 1841 putantihus,
841 1775 1001 1830 Petro
1029 1779 1228 1833 veritas
1251 1781 1518 1849 praecipue
1539 1780 1768 1836 revelata

179 1867 296 1922 est,
330 1868 385 1913 et
424 1861 467 1915 si
497 1877 594 1930 pro
645 1864 747 1918 fide
780 1865 926 1919 Petri
973 1877 1184 1921 oratum
1233 1869 1580 1938 singulariter
1627 1881 1708 1926 cst
1739 1887 1770 1925 a

179 1947 331 2002 Filio
359 1965 428 2004 ne
447 1951 730 2018 deﬁceret,
764 1955 1069 2010 consideret
1098 1958 1311 2026 sapiens
1345 1974 1440 2012 rex
1466 1975 1625 2028 quam
1654 1959 1772 2014 lau-

181 2037 449 2094 dabiliter
461 2041 694 2109 primum
721 2041 910 2097 fecerit
925 2043 1122 2099 Urbem
1137 2061 1385 2115 quaerens
1407 2048 1470 2100 ad
1489 2063 1648 2116 quam
1669 2049 1771 2103 iste

187 2127 326 2183 talis
350 2137 405 2184 et
431 2140 613 2186 tantus
634 2135 908 2202 apostolus
936 2135 1083 2189 venit
1111 2147 1165 2189 et
1186 2137 1636 2205 prmdicavit,cui,
1664 2138 1770 2192 Pa-

185 2226 277 2273 tre
298 2221 807 2286 revelante,veritas
830 2223 951 2279 Filii
971 2225 1237 2294 patefacta
1259 2237 1358 2290 est,
1376 2237 1430 2281 et
1447 2225 1602 2294 cujus
1617 2228 1768 2294 lides,

183 2310 320 2380 quia
336 2310 503 2367 Filius
517 2315 744 2384 rogavit,
758 2330 864 2369 non
883 2317 1097 2371 defecit.
1114 2318 1195 2372 Ad
1211 2317 1352 2372 hanc
1367 2318 1562 2387 quippe
1577 2317 1773 2372 Roma-

186 2416 322 2456 nam
357 2404 544 2458 urbem
571 2413 692 2473 post
715 2405 1034 2472 Antiochiae,
1061 2423 1221 2477 quam
1250 2408 1303 2462 in
1329 2409 1555 2463 transitu
1582 2409 1770 2464 visita-

192 2491 296 2555 vit,
349 2491 624 2547 fundatam
671 2494 974 2559 ecclesiam,
1035 2505 1289 2566 tanquam
1321 2498 1386 2551 ad
1434 2498 1615 2552 mundi
1667 2499 1765 2553 do-

191 2585 399 2638 minam
429 2588 762 2656 properavit;
793 2599 847 2642 et
889 2589 999 2643 illic
1037 2599 1426 2658 consequenter
1457 2590 1650 2644 Filium
1674 2589 1770 2645 Dei

193 2674 328 2739 vivi,
351 2690 510 2744 quem
535 2692 640 2731 non
669 2693 834 2733 carne
868 2679 952 2733 vel
981 2680 1264 2750 sanguine,
1295 2689 1353 2734 ut
1399 2680 1769 2750 praediximus,

192 2764 291 2818 sed
321 2778 386 2818 eo
413 2765 710 2831 revelante,
738 2767 879 2823 sicut
912 2769 1178 2824 veraciter
1207 2770 1474 2840 cognovit,
1506 2770 1774 2825 veraciter

191 2864 254 2909 et
276 2857 588 2924 praedicavit
618 2874 631 2910 :
657 2873 817 2927 super
843 2875 1004 2928 quam
1031 2860 1194 2914 etiam
1219 2861 1442 2916 solidam
1475 2859 1770 2915 confessio-

193 2948 287 3003 nis
333 2957 540 3018 petram
571 2965 723 3005 suam
751 2952 1010 3011 Dominus
1047 2952 1344 3007 Ecelesiam
1373 2952 1684 3017 fabricavit;
1716 2960 1773 3006 et

2525 1794 2814 1846 supertore.

1943 1867 2405 1922 Christianissimo
2435 1868 2544 1937 regi
2592 1867 2921 1937 apostolatus
2959 1869 3127 1924 nostri
3173 1867 3452 1924 mittentes

1873 1955 2154 2023 epistolam
2175 1995 2191 2020 ,
2223 1957 2438 2025 dignum
2470 1957 2720 2010 duximus
2743 1965 2802 2010 ut
2823 1966 2876 2009 et
2899 1967 3000 2010 tuae
3027 1972 3238 2026 quoque
3268 1954 3452 2027 gloriae

1873 2045 2261 2107 scriberemus,
2302 2054 2355 2098 et
2391 2045 2625 2114 gemitus
2672 2060 2736 2099 ac
2786 2045 2996 2100 dolores
3045 2047 3214 2101 nostri
3264 2048 3448 2102 cordis

1874 2137 2238 2205 aperiremns,
2273 2151 2408 2206 quos
2453 2137 2670 2190 assidue
2714 2137 2951 2205 patimur
2999 2138 3368 2207 suspirantes.
3398 2146 3455 2191 et

1874 2228 2062 2282 tristes
2107 2227 2319 2296 penitus
2369 2227 2680 2280 incedentes
2708 2235 2763 2279 et
2796 2234 3014 2294 stupore
3061 2227 3229 2280 nimio
3279 2225 3454 2280 admi-

1874 2328 2087 2381 rantes,
2122 2317 2389 2387 quomodo
2420 2318 2532 2387 ipse
2563 2317 2999 2386 sapientissimus
3023 2333 3114 2371 rex
3147 2326 3201 2371 et
3232 2331 3327 2370 vos
3354 2315 3455 2386 ipsi

1874 2409 2045 2464 averti
2076 2408 2392 2478 potueritis,
2429 2417 2484 2460 et
2519 2423 2549 2460 a
2598 2416 2742 2461 recta
2779 2407 2968 2461 semita
3001 2406 3302 2470 declinare,
3335 2414 3392 2460 et
3421 2419 3456 2460 a

1878 2500 2009 2554 sede
2039 2501 2181 2554 beati
2220 2499 2365 2554 Petri
2415 2499 2780 2568 apostolorum
2814 2497 3077 2568 principis
3103 2497 3325 2551 omnino
3371 2509 3458 2551 re-

1872 2590 2102 2654 cedere;
2139 2590 2256 2654 cui,
2299 2590 2442 2644 sicut
2472 2588 2821 2659 Evangelium
2866 2587 3034 2643 refert
3061 2585 3278 2658 (Matth.
3308 2585 3456 2656 xvi),

1873 2695 1978 2734 non
2006 2695 2133 2736 caro
2161 2689 2216 2735 et
2253 2680 2508 2750 sanguis,
2539 2681 2595 2734 id
2631 2686 2714 2735 est
2750 2680 2985 2734 humana
3030 2677 3294 2747 sapientia
3315 2716 3328 2740 ,
3361 2675 3457 2730 sed

1874 2772 1990 2842 ipse
2024 2786 2122 2841 per
2165 2786 2223 2826 se
2268 2770 2428 2826 Pater
2466 2769 2660 2824 Filium
2691 2769 2972 2838 pr0prium
3005 2767 3290 2830 revelavit,
3332 2781 3456 2820 cum

1875 2864 1964 2918 alii
1995 2865 2136 2919 hunc
2167 2862 2464 2927 Joannem,
2513 2863 2603 2916 alii
2656 2861 2862 2926 Eliam,
2909 2861 2999 2916 alii
3035 2860 3327 2916 Jeremiam
3365 2867 3459 2915 aut

1874 2972 2040 3010 unum
2084 2972 2151 3012 ex
2198 2955 2477 3024 prophetis
2527 2955 2920 3010 existimarent.
2974 2953 3276 3009 Scribimus
3327 2967 3458 3022 ergo

194 3042 313 3096 haec
351 3052 432 3097 est
453 3053 606 3112 petra
635 3043 725 3097 illa
753 3059 916 3113 supra
941 3059 1136 3114 quam,
1165 3053 1222 3097 ut
1254 3043 1506 3100 Salomon
1535 3045 1631 3108 ait,
1659 3059 1772 3098 ser-
1797 3034 1845 3098 C
1878 3055 2132 3116 tanquam
2189 3045 2341 3098 fratri
2399 3045 2516 3114 ejus
2569 3052 2624 3098 et
2682 3043 3004 3098 charissimo
3063 3053 3268 3097 nostro.
3318 3042 3458 3099 Nam

193 3134 381 3205 pentis
411 3150 516 3188 non
561 3134 838 3190 invenitur
865 3135 1173 3205 vestigium.
1207 3135 1311 3189 Pro
1345 3137 1446 3190 hac
1476 3137 1656 3204 itaque
1682 3151 1775 3204 pu-

193 3225 411 3278 rissima
462 3225 566 3279 fide
594 3226 784 3279 beatus
817 3224 1010 3280 Petrus
1038 3225 1221 3280 Romae
1252 3234 1522 3290 moratus,
1575 3226 1626 3280 in
1672 3227 1774 3281 hac

193 3314 460 3382 stabilivit
487 3314 813 3381 Ecclesium,
853 3324 910 3370 et
951 3317 1078 3370 sede
1112 3317 1404 3384 apostolica
1447 3316 1646 3371 diutius
1674 3332 1773 3387 gu-

191 3407 439 3470 bernata,
459 3422 558 3477 pro
581 3407 684 3462 hac
709 3406 811 3462 ﬁde
841 3408 1007 3462 decus
1033 3409 1222 3463 mortis
1243 3409 1560 3477 assumpsit;
1588 3408 1775 3477 sicque

191 3505 444 3552 sanctam
477 3497 774 3551 Romanam
799 3498 1094 3553 Ecelesiam
1125 3500 1177 3552 in
1225 3501 1325 3554 hac
1363 3501 1467 3554 fide
1497 3500 1774 3554 fundatam

189 3589 416 3658 proprio
441 3588 700 3656 sanguine
726 3603 846 3641 cum
868 3589 1055 3652 Paulo,
1077 3591 1169 3658 qui
1195 3591 1263 3645 ab
1283 3590 1578 3646 Jerusalem
1606 3604 1776 3659 usque

193 3680 269 3735 ad
307 3678 572 3748 Illyricam
600 3681 900 3747 regionem,
927 3666 1132 3737 scilicet
1161 3684 1212 3737 in
1251 3699 1354 3754 qua
1387 3700 1528 3738 nunc
1556 3700 1648 3738 vos
1674 3686 1772 3739 ha-

195 3771 406 3836 bitatis,
434 3771 725 3841 Evangelio
751 3773 999 3842 replevit,
1034 3775 1262 3829 Domino
1287 3776 1394 3830 Deo
1436 3777 1776 3830 consecravit

198 3871 259 3916 et
304 3859 609 3928 dedicavit;
651 3878 755 3932 qua
809 3865 912 3920 fide
969 3873 1118 3920 tanto
1165 3867 1309 3921 intra
1355 3868 1520 3921 breve
1569 3876 1778 3936 tempus

202 3951 429 4007 Romani
473 3963 762 4012 creverunt
784 3964 839 4010 et
876 3955 1192 4020 ﬂoruerunt,
1232 3966 1289 4011 ut
1335 3957 1588 4028 praelatus
1625 3971 1778 4028 egre-

202 4044 323 4114 gius
342 4045 615 4114 apostolus
637 4062 760 4100 mox
787 4047 841 4101 in
870 4048 1137 4118 principio
1153 4049 1514 4117 epistolarum
1555 4064 1776 4105 suarum

201 4152 304 4208 pro
330 4152 392 4192 ea
441 4139 548 4194 Deo
582 4140 788 4210 gratias
841 4155 1000 4211 agere
1042 4149 1097 4197 et
1143 4143 1462 4196 denuntiare
1509 4144 1777 4211 maeonia

205 4227 450 4282 videatur
476 4228 652 4299 (Rom.
687 4231 747 4299 ι).
799 4229 950 4285 Hanc
988 4230 1362 4301 itaque-tidem
1403 4231 1589 4302 fugere
1640 4248 1782 4288 sem-

207 4332 306 4390 per
327 4326 380 4373 et
409 4324 595 4386 suade,
623 4321 969 4386 eharissime,
999 4324 1084 4391 pio
1116 4322 1227 4392 regi
1271 4323 1427 4377 sitire
1452 4340 1464 4375 :
1502 4323 1643 4377 hanc
1671 4339 1777 4380 non

208 4409 330 4464 alibi
355 4411 620 4480 przecipue
648 4427 890 4481 quaerere
932 4411 1033 4466 nisi
1062 4410 1269 4479 Romae,
1306 4414 1397 4468 ubi
1425 4412 1662 4481 plantata
1696 4423 1785 4469 est

212 4509 268 4554 et
294 4500 526 4555 radicata
558 4514 588 4553 a
615 4500 772 4554 beato
798 4500 970 4564 Petro,
997 4501 1086 4570 qui
1112 4500 1280 4566 hanc,
1309 4512 1370 4556 ut
1399 4517 1560 4572 supra
1591 4511 1779 4557 osten-

214 4593 402 4657 dimus,
429 4593 567 4648 sicut
603 4593 869 4648 veraciter
901 4593 1154 4661 cognovit
1191 4593 1456 4648 veraciter
1497 4601 1556 4646 et
1591 4592 1783 4661 praedi-

213 4686 349 4739 cavit
401 4686 706 4753 :quoniam
754 4686 892 4739 sicut
943 4699 1084 4754 aqua
1129 4699 1402 4753 nunquam
1451 4691 1628 4752 potest
1658 4682 1784 4736 alibi

216 4785 313 4830 tam
339 4777 538 4830 nmnda
560 4778 642 4832 vel
672 4785 779 4831 tam
821 4777 1040 4845 limpida
1070 4776 1523 4844 quemadmodum
1554 4774 1608 4827 in
1635 4771 1784 4828 fonte

215 4869 342 4923 unde
365 4852 633 4936 originem
659 4869 943 4937 protrahit,
993 4868 1256 4932 inveniri,
1285 4867 1358 4921 ita
1390 4877 1441 4921 et
1477 4864 1611 4919 fides
1647 4879 1784 4918 nun-

212 4973 358 5028 quam
386 4955 612 5011 omnino
640 4959 841 5027 poterit
873 4959 999 5014 alibi
1031 4969 1138 5011 tam
1172 4973 1303 5028 pura
1333 4958 1414 5013 vel
1458 4964 1566 5008 tam
1615 4951 1782 5009 nitida

212 5047 423 5121 reperiri
454 5046 602 5100 sicut
633 5049 686 5100 in
730 5048 982 5107 Ecclesiae
1028 5057 1228 5105 nostra:
1275 5049 1499 5108 vivario,
1543 5045 1630 5099 ubi
1660 5061 1782 5100 eam

201 5156 296 5197 non
323 5143 474 5191 tecta
505 5137 878 5205 perstillantia,
902 5143 1097 5212 quibus
1121 5140 1349 5213 litigiosa
1385 5135 1601 5200 mulier,
1627 5134 1679 5188 id
1701 5143 1786 5188 est

201 5227 447 5286 haeretica
503 5227 767 5293 pravitas,
825 5241 1208 5304 comparatur;
1258 5232 1350 5288 sed
1397 5229 1494 5285 ille
1538 5225 1784 5295 polorum

197 5320 431 5388 claviger
467 5317 702 5371 Uberlim
752 5332 809 5374 et
858 5325 1144 5393 purissime
1176 5319 1544 5394 congregavit,
1577 5317 1668 5386 qui
1716 5331 1785 5372 ex

283 5426 298 5430 _
338 5409 497 5430 PA-IA
532 5409 646 5430 ἰζ-ιιι
675 5409 804 5430 L__-_
926 5417 974 5430 ιι.
1073 5414 1084 5430 I
1211 5417 1244 5430 ο.
1311 5425 1320 5430 .
1356 5415 1386 5430 1ο
1457 5411 1504 5430 ηε
1531 5409 1780 5430 ΙΞΑηΞ-..Αμ

1875 3144 2070 3190 cuncta
2100 3149 2220 3204 qua:
2251 3134 2317 3186 ad
2350 3133 2578 3188 salutem
2620 3134 2794 3204 gentis
2824 3141 3016 3186 vestrae
3060 3148 3089 3185 a
3140 3134 3295 3187 nobis
3335 3141 3459 3187 acta

1875 3239 2028 3295 sunt,
2077 3237 2132 3285 et
2177 3238 2310 3299 quot
2352 3238 2407 3284 et
2444 3238 2674 3298 quantos
2709 3229 2922 3284 labores
2953 3244 3052 3298 pro
3103 3230 3460 3284 instructione

1877 3320 2047 3376 vestri
2079 3335 2176 3375 nos
2204 3320 2688 3390 assumpserimus,
2711 3319 2828 3390 ipse
2857 3318 3101 3388 profecto
3126 3334 3232 3374 non
3257 3319 3455 3374 nescis.

1879 3411 1945 3464 Et
1971 3411 2112 3464 bene
2136 3411 2356 3479 quidem
2389 3411 2619 3480 primum
2660 3410 2713 3464 in
2761 3411 2918 3466 nobis
2965 3409 3374 3464 delectabamini
3403 3416 3460 3463 et

1875 3499 2209 3569 spiritalibus
2255 3500 2467 3570 gaudiis
2501 3509 2556 3554 et
2586 3502 2916 3570 profectibus
2962 3499 3324 3566 frucbamini;
3359 3501 3455 3556 sed

1876 3591 2149 3646 nescimus
2199 3592 2320 3660 quis
2370 3607 2466 3647 vos
2521 3593 2589 3647 de
2642 3601 2838 3648 ctetero
2895 3591 3274 3658 fascinaverit,
3337 3594 3461 3662 quis

1877 3684 2184 3752 deceperit,
2236 3683 2360 3752 quis
2403 3698 2662 3752 organum
2710 3684 2886 3740 factus
2920 3684 3156 3751 diaboli,
3189 3685 3281 3755 qui
3329 3684 3459 3739 olim

1877 3789 1976 3845 per
2005 3783 2312 3843 serpentem
2349 3773 2520 3829 Evam
2569 3774 2816 3840 seduxit,
2864 3789 2960 3830 vos
2992 3790 3021 3828 a
3068 3783 3218 3829 recto
3267 3774 3462 3828 itinere

1879 3862 2071 3917 callida
2101 3864 2354 3918 suasione
2383 3865 2690 3918 retraxerit.
2721 3863 2876 3920 Unde
2923 3879 3029 3918 non
3078 3879 3270 3934 parum
3317 3863 3464 3918 dole-

1880 3970 2001 4009 mus
2028 3969 2128 4008 nec
2155 3954 2345 4009 leviter
2390 3955 2722 4009 anxiamur;
2763 3965 2819 4009 et
2846 3955 3048 4010 idcirco
3093 3965 3175 4019 te,
3223 3955 3467 4008 virorum

1879 4044 2113 4114 optime,
2147 4045 2523 4111 cohortamur,
2553 4045 2774 4114 loquere
2816 4045 2883 4099 ad
2915 4059 3077 4100 aures
3108 4044 3353 4114 ejusdem
3385 4043 3468 4098 di-

1878 4134 2004 4190 lecti
2034 4135 2129 4189 [ilii
2160 4134 2331 4190 nostri
2377 4134 2539 4205 regis,
2573 4134 2659 4188 cui
2686 4142 2741 4188 et
2767 4133 3030 4189 Dominus
3056 4133 3168 4202 ipse
3197 4133 3378 4203 potius
3399 4131 3467 4187 ad

1880 4243 2040 4283 aures
2068 4227 2491 4297 praecordiorum
2523 4226 2797 4294 loquetur,
2820 4235 2879 4280 ut
2904 4226 3138 4295 primam
3168 4226 3328 4280 [idem
3355 4239 3466 4278 non

1884 4318 2046 4374 faciat
2065 4318 2276 4372 irritam
2295 4358 2310 4383 ,
2333 4326 2394 4371 ut
2415 4326 2539 4372 ante
2562 4332 2620 4372 se
2643 4318 2920 4386 gradiens,
2947 4325 3097 4370 retro
3127 4330 3466 4385 nequaquam

1807 4377 1858 4436 D
1887 4407 2176 4476 respiciat,
2217 4407 2358 4461 viam
2391 4421 2496 4476 qua
2525 4406 2834 4461 ambulabat
2879 4420 2987 4461 non
3020 4404 3270 4469 deserat,
3301 4420 3468 4460 evan-

1885 4499 2112 4572 gelicam
2141 4497 2283 4566 legat
2318 4498 2638 4563 historiam,
2669 4507 2723 4554 et
2752 4498 2932 4555 videat
2963 4498 3036 4552 ibi
3069 4499 3338 4569 prmcipue
3367 4498 3470 4554 soli

1881 4591 2048 4646 Petro
2076 4588 2351 4644 Christum
2384 4589 2479 4643 Dei
2510 4587 2618 4642 vivi
2652 4588 2852 4645 Filium
2897 4588 3216 4646 revelatum.
3261 4589 3342 4642 Ad
3371 4590 3472 4643 hu-

1875 4683 1966 4752 jus
1990 4697 2120 4752 ergo
2151 4681 2449 4736 beatissimi
2477 4679 2623 4734 Petri
2663 4682 2847 4738 sedem
2891 4681 3064 4738 alacri
3117 4688 3332 4750 pectore
3376 4694 3473 4734 rex

1881 4772 2381 4832 Christianissimus
2409 4771 2630 4839 redeat;
2661 4782 2718 4830 et
2747 4774 2890 4836 sicut
2927 4785 3158 4835 servus,
3191 4783 3314 4822 cum
3345 4767 3476 4834 quid

1881 4862 2173 4933 sumpserit
2219 4864 2475 4928 noxium,
2522 4861 2796 4920 desiderat
2844 4866 2910 4920 ad
2973 4863 3154 4914 fontes
3211 4869 3478 4925 aquarum

1885 4953 2057 5026 (Psal.
2085 4950 2215 5021 XLII)
2235 4992 2256 5019 ,
2303 4957 2373 5010 ita
2421 4953 2688 5012 desideret
2737 4965 2791 5012 et
2819 4956 2969 5010 sitiat
3004 4947 3188 5001 anima
3219 4943 3389 5010 ipsius
3414 4944 3483 4997 ad

1885 5043 2165 5101 salutifera
2200 5043 2325 5112 eius
2363 5046 2627 5102 doctrinae
2675 5045 2896 5101 ﬂuenta.
2929 5046 2993 5100 ln
3037 5049 3144 5104 (Ιιιο
3172 5032 3260 5102 Pio
3290 5041 3382 5086 tua
3410 5033 3483 5087 υ-

1885 5136 2042 5191 boret
2069 5148 2239 5202 opere
2270 5154 2382 5207 pra:
2410 5138 2621 5192 cunctis
2651 5137 2902 5200 solertia,
2934 5141 3000 5188 ut
3031 5142 3135 5181 I10“
3161 5122 3338 5177 50mm
3370 5124 3482 5179 fra-

1889 5234 2026 5281 trem
2057 5223 2445 5284 charissimum
2478 5227 2822 5292 lucrifacias,
2851 5226 2946 5281 sed
2976 5226 3036 5276 et
3068 5215 3132 5269 de
3161 5212 3340 5269 Ballile
3372 5229 3488 5270 0m-

1892 5318 2038 5372 uium
2076 5323 2328 5376 vestrum
2355 5322 2471 5391 ipse
2503 5320 2811 5375 mercedum
2841 5311 3073 5388 praemia
3115 5311 3486 5377 consequaris.

1895 5413 1975 5430 ιῒαι
2003 5413 2034 5430 οι
2135 5412 2146 5430 9
2169 5427 2196 5430 .-
2296 5417 2310 5430 ι
2420 5424 2430 5430 .
2484 5413 2522 5430 n
2660 5416 2670 5430 I
2784 5415 2795 5430 ι
2823 5414 2833 5426 ο
2985 5409 2997 5430 2
3041 5403 3107 5430 ,ιιι
3141 5413 3327 5430 Λευ-..ὶιιη
3361 5416 3456 5430 ηΛ-ιι
3479 5427 3488 5430 -
