4042 6302
539 322 652 383 1’63

1813 336 2095 395 JOANNIS
2129 339 2331 398 ΡΑΡᾹΞ
2360 342 2472 398 Vill

3719 342 3825 403 764

538 438 823 532 plurimos.
875 440 944 496 Et
989 441 1109 498 ideo
1152 458 1251 513 pro
1298 451 1406 501 tam
1456 455 1648 503 sancto
1699 446 1916 517 labore,
1971 452 2129 509 beato
2155 458 2207 519 Α
2235 458 2321 512 nis
2353 458 2712 521 contubernio
2757 470 3140 530 sequestram,
3180 462 3232 517 in
3261 471 3499 532 promptu
3531 460 3823 528 habentes,

536 528 707 588 Patro
730 533 1000 606 clavigero
1024 537 1172 606 regni
1204 537 1444 595 caelestis
1467 540 1860 609 intercedente,
1892 548 2126 614 operies,

536 622 682 678 ‘sicut
702 625 931 694 seiptum
954 634 1038 680 est
1061 625 1114 699 (l
1121 644 1201 681 ac.
1228 628 1310 700 ιι),
1341 630 1739 687 multitudinem
1760 645 2126 704 peccatorum,

538 722 599 769 et
624 715 918 771 'stahil‘ieris
944 717 1099 787 quasi
1144 719 1265 773 coeli
1316 720 1712 777 firmamentum
1746 734 1800 779 et
1830 725 1946 780 dies
1974 736 2130 781 aeter-

540 802 750 889 nitatis;
780 804 970 860 Sed'et
1002 820 1100 889 nos
1129 808 1344 863 interim
1377 819 1427 865 te
1470 812 1521 865 in
1556 812 1874 868 devotoruin
1909 831 2132 871 numero

534 884 777 952 'ti’tiorum
842 884 1195 965 habebimus,
1252 911 1307 956 et
1365 902 1799 960 confessionibus
1864 907 2131 977 apostolo—

538 978 664 1045 rum
723 991 1028 1063 principum
1088 994 1407 1049 memoriam
1483 994 1558 1050 tui
1604 996 1809 1068 jugitcr
1860 1014 2136 1055 commen-

538 1078 678 1163 dare
714 1079 1026 1137 nullatenus
1046 1082 1385 1140 omittemus.
1418 1084 1553 1139 Data
1584 1101 1774 1143 mense
1807 1087 2012 1158 Aprili,
2045 1089 2133 1147 in-

544 1174 785 1233 dictione
809 1191 889 1231 Il.

580 1274 603 1281 --
652 1272 696 1281 ~
1268 1246 1409 1304 CXI.

546 1353 619 1395 AD
652 1354 938 1419 'IGNATIDI
1004 1355 1388 1397 Ριτιιυιιιοιυιιι
1435 1354 2134 1400 CONSTANTINOPOLITANUI.

1152 1423 1337 1490 (Anno
1379 1421 1532 1493 878.)

554 1502 727 1558 Tertio
741 1503 1175 1572 jam‘comntonet
1193 1542 1208 1564 ,
1260 1518 1321 1556 ne
1346 1500 1638 1571 Bulgnrnm
1662 1504 1919 1572 regionem
1942 1506 2010 1558 ad
2036 1505 2140 1558 Ec-

621 1570 832 1627 clesium
856 1570 1143 1625 Romanam
1160 1572 1275 1641 jam
1305 1570 1593 1641 antiquitus
1620 1570 1958 1641 pertinentem
1989 1592 2140 1629 usur-

621 1653 705 1714 pet
729 1684 745 1707 ,
786 1654 833 1697 et
869 1659 958 1703 eo,
986 1641 1067 1714 vel,
1104 1642 1168 1694 ab
1210 1642 1324 1711 ejus
1361 1642 1712 1712 suﬁ'ragnneis
1753 1645 1805 1714 in
1846 1661 1906 1697 ea
1936 1647 2141 1713 regione

620 1713 950 1768 Consecrntos
988 1713 1252 1781 episcopos
1279 1714 1419 1764 intra
1463 1714 1680 1782 triginta
1716 1713 1827 1766 dies
1848 1714 1993 1768 illinc
2014 1716 2141 1768 edu-

625 1795 738 1850 cat;
778 1793 825 1837 et
856 1782 954 1837 nisi
995 1793 1107 1851 post
1148 1782 1282 1837 duos
1315 1798 1513 1836 menses
1557 1788 1827 1851 paruerit,
1875 1785 2139 1838 Dominici

552 1910 585 1927 Δ,
620 1855 854 1927 corporis
869 1864 913 1906 et
928 1853 1598 1927 sanguinisrontmttnione,
1614 1863 1664 1927 et
1676 1854 1721 1927 si
1742 1857 2139 1927 perseveraverit

621 1923 676 1978 in
699 1921 1053 1985 contumacia,
1076 1921 1423 1990 patriam/mli
1453 1923 1609 1976 etiam
1632 1923 1887 1993 dignitate
1914 1926 2104 1994 privat.

618 2014 1086 2083 Reverentissimo
1101 2014 1232 2069 conf
1231 2015 1362 2070 ratri
1378 2023 1563 2071 nostro
1576 2015 1699 2073 lous
1710 2032 1801 2071 rto
1816 2017 2142 2086 patriarchas

552 2102 1170 2176 Constantinopolitano.

548 2190 553 2195 ’
624 2200 880 2258 Secundo
924 2198 1039 2268 jam
1086 2198 1230 2255 scdis
1283 2199 1591 2269 apostolicae
1636 2199 1837 2256 litteris
1897 2201 2145 2270 probaris

567 2292 909 2355 admonitus,
941 2299 998 2347 et
1028 2307 1126 2362 per
1174 2291 1372 2347 missos
1400 2290 1516 2360 ejus
1557 2294 1966 2350 contestatoriis
2009 2309 2144 2350 con-

546 2380 754 2443 ‘ventus
806 2385 1149 2451 hortatibus,
1191 2384 1314 2453 jure
1371 2383 1469 2440 tibi
1530 2385 2147 2457 ConstantinOpolitante

557 2476 855 2557 diteceseos
871 2516 886 2541 ,
913 2475 1057 2546 quod
1082 2490 1178 2546 per
1203 2473 1441 2543 ejusdem
1464 2475 1652 2545 prima:
1671 2476 1818 2532 sedis
1841 2478 2142 2532 auctorita-

558 2574 664 2622 tem
710 2572 767 2623 et
790 2563 1050 2632 favorem,
1074 2577 1353 2624 annuente
1384 2566 1516 2632 Deo,
1548 2582 1863 2638 receperas,
1888 2568 1992 2624 rite
2012 2584 2145 2624 con-

559 2652 768 2725 tentus,
801 2661 940 2715 ultra
964 2659 1217 2731 prteﬁxos
1240 2660 1337 2715 tibi
1359 2675 1426 2715 ex
1456 2662 1758 2717 canonibus
1783 2662 1981 2716 limites
2007 2676 2149 2731 prte-

542 2736 883 2829 "scu'mptionis
913 2752 1105 2821 pedem
1143 2767 1248 2807 non
1281 2751 1566 2818 tenderes,
1612 2767 1712 2807 nec
1761 2753 2017 2824 antiquos
2045 2761 2152 2807 ter-

560 2840 738 2899 minos
765 2857 903 2913 quos
923 2851 1219 2913 posuerunt
1247 2852 1429 2913 patres
1459 2844 1536 2898 tui
1578 2844 1760 2914 aliqua
1800 2844 2152 2913 usurpatione

561 2932 910 2991 transferres.
939 2930 1127 2990 Nullus
1170 2943 1351 2989 autem
1400 2935 1612 3006 ignorat
1655 2935 1931 3006 regionem
1962 2934 2153 3006 Bulga-

561 3039 683 3105 rum
711 3039 740 3078 a
776 3026 979 3081 sanctae
1009 3025 1285 3080 memoria:
1317 3023 1551 3079 Damaso
1603 3040 1739 3095 papa
1761 3066 1775 3088 ,
1806 3032 1863 3103 et
1899 3026 2154 3096 deinceps

2233 551 2530 604 secundum
2560 550 2908 622 Apostolum,
2949 571 3151 609 onmem
3186 556 3371 608 ulcisci
3410 555 3830 623 inobedieytialt

2234 638 2286 711 (Ι
2315 642 2434 695 Cor.
2472 642 2557 712 x);
2590 644 2681 714 qui
2711 645 2873 699 etiam
2905 646 3032 700 dicit
3071 665 3083 699 :
3121 645 3318 718 Siquis
3346 647 3647 703 nonobedit
3675 646 3832 701 verba

2235 738 2410 784 nostra
2432 748 2524 802 per
2549 732 2855 803 epistolam,
2884 735 3027 789 hunc
3053 746 3250 798 notate,
3274 748 3333 790 ut
3355 755 3455 791 non
3476 739 3832 793 commisce»

2235 823 2364 876 mini
2390 840 2507 878 cum
2534 841 2593 880 eo
2624 825 2706 897 (11
2740 825 2871 880 Tim.
2903 827 3024 901 tu);
3055 829 3149 884 sed
3173 828 3298 899 quia
3324 830 3466 885 sedis
3501 830 3830 900 apostolica

2235 914 2605 970 moderatione
2652 925 2897 983 utentes;
2946 919 3139 989 spiritu
3190 919 3426 975 lenitatis
3451 922 3636 989 potius
3664 936 3829 989 qm

2235 1005 2544 1061 severitatis
2564 1022 2692 1078 erga
2714 1008 3076 1078 correptionis
3099 1018 3205 1064 tua;
3224 1006 3515 1081 ﬂagramtts
3541 1008 3831 1079 allectum,

2236 1112 2364 1154 ecce
2395 1097 2557 1152 tertio
2593 1100 2856 1155 canonice
2890 1116 2989 1171 per
3012 1102 3207 1157 missos
3235 1115 3292 1157 et
3316 1101 3548 1175 syllabas
3574 1118 3833 1158 commo-

2236 1203 2459 1265 nemus,
2517 1198 2572 1245 et
2627 1190 2933 1255 hortamur,
2979 1200 3036 1246 et
3082 1200 3465 1263 protestamur,
3513 1202 3573 1248 ut
3618 1192 3835 1249 nullam

2236 1279 2459 1334 omnino
2481 1296 2689 1335 moram
2714 1296 2965 1352 perpessa
2984 1268 3272 1346 ,‘strenuos
3294 1284 3437 1338 viros
3462 1284 3516 1339 in
3544 1284 3836 1354 regionem

2237 1369 2531 1441 Bulgarum
2550 1372 2766 1442 dirigat,
2785 1374 2876 1442 qui
2899 1390 2997 1443 per
3018 1384 3185 1428 totam
3206 1375 3436 1444 patriam
3450 1383 3839 1444 peragrantes,

2239 1478 2600 1533 quoscunque
2620 1463 2729 1519 illic
2760 1465 3065 1534 repercrint
3091 1467 3185 1535 qui
3229 1481 3260 1519 a
3302 1474 3372 1521 te.
3397 1464 3479 1519 vel
3508 1482 3540 1521 a
3568 1466 3841 1536 sumentis

2242 1553 2336 1608 tibi
2366 1555 2792 1609 consecrationis
2839 1571 3036 1610 munus
3083 1557 3360 1627 accepisse
3406 1557 3843 1622 ὡραίην-,ὼε

2242 1648 2433 1715 quavis
2457 1647 2714 1702 dilatione
2736 1648 3030 1703 reducant:
3050 1648 3121 1703 ita
3146 1650 3363 1705 utintra
3387 1649 3601 1720 triginta
3616 1650 3843 1707 diem

2244 1737 2477 1806 Spatium
2530 1737 2708 1792 nullus
2752 1738 3068 1809 episc0pus,
3101 1737 3280 1793 nullus
3305 1740 3527 1795 omnino
3552 1740 3840 1806 clericus,

2168 1804 2216 1866 Β
2248 1828 2336 1896 qui
2376 1837 2479 1883 tuae
2502 1830 2894 1896 ordinationis,
2927 1830 3035 1885 imo
3071 1831 3486 1887 inordinationis
3513 1842 3663 1895 sunt,
3700 1833 3847 1887 inter

2244 1935 2432 1975 omnes
2458 1920 2748 1991 Bulgarum
2774 1922 2911 1977 ﬁnes
2934 1922 3264 1978 inveniatur.
3284 1922 3401 1978 Non
3426 1923 3571 1978 enim
3597 1925 3847 1992 patinmr

2243 2027 2339 2065 eos
2366 2027 2501 2081 quos
2532 2012 2730 2067 ibidem
2778 2021 2834 2067 tu
2881 2013 3068 2069 illicite
3107 2014 3471 2079 constituisti,
3520 2029 3660 2083 quos
3689 2023 3747 2069 et
3775 2015 3844 2069 ab

2244 2106 2543 2176 apostolica
2594 2122 2715 2162 esse
2758 2105 2874 2175 jam
2924 2107 3051 2162 sede
3093 2106 3253 2175 hujus
3298 2109 3376 2163 rei
3422 2108 3601 2177 gratia
3622 2114 3844 2162 constat

2246 2197 2778 2262 excommunicatos,
2815 2211 3003 2252 errore
3033 2212 3142 2252 suae
3171 2198 3639 2266 prmvaricationis
3674 2198 3838 2253 corda

2246 2304 2510 2345 novorum
2540 2288 2757 2343 Domini
2784 2288 3111 2343 famulorum
3132 2289 3356 2344 iniicere
3383 2304 3398 2341 :
3426 2304 3567 2358 quos
3593 2288 3844 2344 videlicet

2248 2381 2303 2435 in
2352 2380 2456 2436 fide
2509 2380 2883 2436 instructionis
2932 2396 3095 2435 manu
3143 2380 3545 2451 plantavimus,
3600 2388 3658 2435 et
3710 2395 3842 2450 aqua

2249 2459 2504 2528 salutaris
2525 2471 2693 2528 fontis
2719 2472 3091 2528 doctrinarum
3114 2472 3439 2544 rigavimus,
3459 2481 3632 2543 atque
3652 2474 3841 2526 horum

2251 2564 2461 2619 auctori
2506 2563 2622 2619 Deo
2665 2565 2732 2619 ad
2782 2564 3178 2620 incrementum
3228 2564 3457 2635 spiritus
3486 2565 3759 2627 dandum,
3790 2574 3846 2619 ut

2251 2653 2324 2706 sit
2369 2653 2484 2723 ipse
2533 2654 2588 2708 in
2636 2653 2888 2710 omnibus
2930 2655 3221 2725 primatum
3271 2665 3500 2721 tenens,
3534 2656 3844 2713 obtulimus.

2252 2742 2425 2799 Porro
2454 2745 2500 2800 si
2532 2745 2673 2799 intra
2701 2746 2925 2817 triginta
2955 2747 3240 2815 intervalla
3262 2747 3476 2803 dierum
3500 2762 3700 2803 omnes
3724 2765 3849 2818 quos

2254 2838 2341 2905 vel
2372 2846 2427 2892 tu
2448 2878 2463 2903 ,
2491 2838 2578 2893 vel
2608 2839 2853 2908 episcopi
2880 2839 2960 2894 ttti
2999 2856 3352 2897 consecrasse
3376 2840 3432 2895 in
3464 2840 3655 2912 aliquo
3686 2843 3846 2913 gradu

2257 2936 2517 2998 putantur
2578 2927 2837 2984 Ecclesiae
2865 2970 2881 2995 ,
2934 2945 2966 2983 a
3037 2931 3201 2985 totius
3263 2932 3508 3003 regionis
3560 2931 3853 3002 Bulgaria

2261 3022 2506 3077 terminis
2556 3038 2665 3078 non
2718 3024 3005 3091 eduxeris,
3061 3033 3118 3079 et
3172 3026 3526 3097 temetipsum
3590 3027 3662 3082 ab
3711 3027 3850 3081 omni

540 3118 553 3183 ξ
569 3132 742 3197 usque
771 3117 837 3173 ad
875 3132 1211 3188 paganorum
1240 3117 1592 3187 irruptioncm
1624 3132 1653 3170 a
1681 3114 1825 3170 sedis
1847 3117 2155 3188 apostolicae
2183 3158 2227 3218 Β
2259 3116 2628 3172 ecclesiastico
2658 3117 2804 3173 illius
2842 3116 2967 3186 jure
3015 3119 3317 3174 diteceseos
3346 3133 3457 3174 non
3499 3119 3850 3181 subduxeris.

561 3206 917 3291 praesulibus,
971 3217 1235 3279 quantum
1284 3209 1350 3263 ad
1397 3207 1782 3264 ecclesiasticae
1830 3210 2155 3279 provisionis

566 3303 760 3357 attinet
812 3298 1185 3371 privilegium,
1248 3300 1608 3355 moderatam.
1662 3299 1973 3354 Praesertim
2028 3315 2150 3355 cum

540 3376 670 3452 "hoc
694 3392 948 3451 nonnulla
974 3393 1172 3464 scripta
1195 3433 1210 3456 ,
1246 3394 1339 3448 sed
1366 3394 1635 3463 praecipue
1660 3392 2000 3447 diversorum
2022 3407 2153 3460 pou-

566 3474 769 3541 tiiicum
798 3483 1163 3541 Romanorum
1198 3498 1284 3538 res
1310 3490 1475 3553 gestae
1504 3498 1626 3552 qum
1657 3483 1710 3536 in
1740 3481 1982 3537 archivis
2010 3483 2153 3537 anti-

562 3578 747 3649 quitus
798 3584 1000 3635 nostra:
1051 3583 1401 3632 reservantur
1446 3575 1733 3639 Ecclesiae,
1780 3576 1980 3633 clarius
2018 3585 2155 3634 atte-

542 3656 797 3727 'stentur.
828 3669 906 3725 De
941 3670 1027 3725 his
1059 3679 1241 3726 autem
1271 3685 1391 3740 quae
1418 3669 1610 3725 bellica
1650 3670 1835 3725 clades
1864 3680 1918 3727 et
1948 3672 2155 3742 gravis-

564 3762 689 3823 simi
735 3763 1055 3823 hostilitatis
1100 3763 1353 3820 incursus
1401 3763 1647 3819 intulisse
1699 3773 2021 3830 noscuntur,
2079 3746 2154 3818 nil

546 3846 910 3937 'prtestantius
953 3859 1293 3915 sentiendum
1341 3867 1425 3915 est
1465 3873 1627 3928 quam
1674 3859 1817 3927 quod
1849 3857 2155 3912 clarissima

538 3951 821 4023 “Ecclesia!
864 3954 1026 4023 tuba,
1059 3963 1282 4011 sanctus
1327 3952 1581 4007 videlicet
1630 3950 1738 4006 Leo
1781 3960 1979 4006 nostra!
2010 3950 2154 4005 sedis

542 4018 819 4113 finitimas,
855 4018 1072 4101 edocuit
1111 4052 1169 4099 et
1209 4044 1470 4105 decrevit,
1523 4057 1646 4095 cum
1697 4042 1771 4095 ait
1815 4044 1991 4112 (epist.
2017 4040 2150 4108 85):

546 4132 1232 4203 ,Adhibendaﬁnquiens,
1266 4130 1475 4187 curatio
1518 4137 1636 4194 est,
1676 4139 1735 4183 ut
1779 4130 2002 4184 vulnera
2035 4145 2154 4199 quae

539 4226 886 4309 'adversione
912 4222 1227 4280 hostilitatis
1254 4218 1403 4275 illata
1430 4228 1578 4285 sunt,
1609 4217 1887 4290 religionis
1921 4219 2155 4274 maxime

494 4316 778 4385 .talione
831 4324 1111 4371 sanentur.
1193 4311 1294 4380 Qui
1369 4320 1509 4366 statu
1573 4326 1792 4375 rerum,
1853 4308 2152 4364 auxiliante

563 4409 818 4489 Domino,
852 4407 906 4463 in
935 4407 1157 4464 meliora
1182 4418 1446 4464 eanverso
1478 4406 1671 4460 iterum
1705 4404 1876 4461 dicit:
1903 4402 2153 4489 Remotis

2261 3210 2444 3264 tandiu
2478 3219 2668 3265 sancto
2714 3225 2944 3279 corpore
2973 3226 3037 3266 ac
3065 3212 3305 3282 pretioso
3347 3214 3622 3285 sanguine
3648 3212 3851 3267 Domini

2254 3301 2428 3356 nostri
2460 3300 2588 3356 Jesu
2617 3300 2820 3356 Christi
2853 3310 2977 3371 post
3021 3303 3155 3357 duos
3198 3316 3416 3357 menses
3463 3316 3495 3356 a
3541 3304 3635 3358 die
3674 3319 3854 3357 nume-

2256 3392 2459 3447 randos
2503 3407 2610 3460 qua
2661 3392 2823 3461 hujus
2864 3391 3111 3462 epistolae
3157 3403 3363 3449 tomum
3392 3394 3709 3463 acceperis,
3745 3400 3856 3448 esto

2254 3486 2530 3555 privatus,
2580 3485 2822 3554 quandiu
2869 3485 2957 3540 his
3004 3485 3315 3542 obstinatus
3362 3487 3599 3542 decretis
3652 3486 3859 3554 nostris

2254 3576 2478 3630 minime
2527 3576 2849 3632 obedientiae
2894 3577 3033 3633 colla
3081 3577 3407 3634 submiseris.
3453 3577 3573 3632 Iam
3625 3576 3858 3633 vero'si

2254 3667 2607 3735 pertinaciter
2625 3669 2677 3721 in
2699 3669 2800 3723 hac
2823 3668 3322 3739 indisciplinatione
3343 3677 3498 3738 atque
3518 3670 3856 3741 pervasionc

2254 3759 2653 3829 permanseris,
2683 3769 2738 3815 et
2765 3759 3049 3831 episcopos
3091 3770 3145 3818 et
3169 3771 3441 3833 quotquot
3483 3760 3600 3818 illic
3648 3764 3736 3818 vel
3784 3764 3853 3819 illi

2256 3850 2338 3906 vel
2372 3861 2427 3906 tu
2457 3867 2815 3908 consecrasse
2842 3853 3045 3910 videris
3064 3895 3078 3921 ,
3106 3854 3254 3911 foras
3280 3855 3426 3911 illinc
3474 3857 3664 3912 minus
3690 3871 3850 3929 expu-

2255 3942 2386 3998 leris
2406 3983 2420 4010 ,
2449 3944 2837 4014 omnipotentis
2870 3946 2962 3999 Dei
2986 3946 3195 4016 judicio
3225 3956 3278 4003 et
3308 3947 3606 4004 beatorum
3643 3958 3851 4019 aposto-

2254 4031 2429 4089 lorum
2456 4033 2762 4105 principum
2799 4035 3127 4093 auctoritate
3159 4048 3473 4108 nostrthue
3506 4036 3849 4093 mediocrita-

2257 4124 2327 4180 tis
2382 4123 2687 4191 sententia,
2735 4126 2884 4181 omni
2930 4125 3335 4196 patriarchatus
3392 4134 3517 4181 esto
3560 4114 3847 4200 dignitate,

2254 4232 2415 4287 quam
2467 4217 2652 4272 favore
2698 4230 2888 4274 nostro
2934 4233 3252 4289 receperas,
3296 4218 3515 4275 alienus
3552 4230 3615 4275 et
3641 4235 3845 4283 exsors,

2253 4310 2401 4364 nullo
2425 4311 2641 4379 penitus
2672 4311 2868 4369 summi
2914 4313 3211 4371 sacerdotii
3262 4312 3550 4384 privilegio
3598 4314 3846 4384 pm‘ditus

2253 4399 2340 4455 vel
2368 4400 2583 4469 potitus.
2613 4400 2749 4456 Data
2772 4415 2959 4457 mense
2980 4400 3157 4473 Aprili
3178 4444 3192 4468 ,
3226 4402 3524 4459 indictione
3574 4420 3668 4470 XI,
3694 4405 3847 4461 missa

542 4482 721 4579 Emalis
746 4514 867 4571 qua:
895 4498 1167 4554 hostilitas
1198 4494 1409 4566 intulit,
1444 4496 1731 4567 unicuique
1762 4496 1815 4550 id
1843 4497 1986 4566 quod
2010 4482 2152 4568 legi-
2174 4509 2230 4570 ι)
2255 4504 2352 4561 per
2380 4491 2609 4547 Paulum
2636 4501 2693 4549 et
2720 4493 3022 4563 Eugenium
3052 4497 3357 4565 episcopos.

562 4592 694 4661 time
723 4590 938 4655 habuit,
970 4582 1327 4656 reformetur;
1360 4590 1615 4660 omnique
1640 4588 1821 4643 studio
1849 4601 2150 4657 procuran-

540 4684 691 4755 dum
732 4692 816 4739 est
868 4690 929 4738 ut
985 4683 1212 4754 recipiat
1254 4684 1627 4753 unusquisque
1664 4680 1810 4752 quod
1864 4683 2145 4751 proprium

558 4784 664 4849 est.
723 4775 1033 4837 Etfrursus
1079 4793 1092 4827 :
1141 4775 1293 4842 Quod
1342 4766 1532 4830 bcilica
1584 4764 1912 4829 necessitate
1966 4773 2153 4827 turba-

563 4876 677 4923 tum
707 4874 823 4931 est,
852 4866 1005 4936 pacis
1035 4868 1272 4921 remedio
1302 4864 1646 4921 reiormetur.
1682 4863 1788 4919 Sed
1821 4863 1956 4929 haec.
1991 4876 2146 4917 reve-

561 4957 872 5015 rentissime
930 4955 1118 5019 frater,
1171 4958 1348 5011 omnia
1406 4956 1607 5012 clausis
1651 4955 1824 5011 oculis
1876 4954 2149 5024 relegisti,

536 5032 1005 5121 sanctorumque
1039 5045 1263 5100 Patrum
1308 5046 1524 5101 decreta
1560 5046 1812 5101 calcaneo
1855 5044 2152 5100 temerario

563 5140 893 5197 conculcasti
915 5180 930 5205 ,
958 5154 1022 5194 ac
1053 5137 1426 5207 nmltiplicium
1464 5138 1555 5193 tibi
1587 5138 1975 5194 beneficiorum
2004 5138 2151 5193 sedis

562 5216 873 5303 apostolica:
921 5228 1285 5300 prmstitorutn
1356 5226 1587 5293 oblitus,
1647 5236 1833 5283 contra
1904 5228 2152 5283 eamdem

564 5331 812 5379 sanetam
860 5322 1076 5386 sedem,
1118 5318 1536 5376 benefactricem
1587 5318 1839 5375 videlicet
1886 5327 2066 5383 tuam,
2098 5326 2154 5373 et

566 5423 783 5470 erectus
811 5428 901 5478 es,
945 5413 1178 5484 priscam
1211 5411 1490 5467 dioecesim
1536 5409 1587 5463 in
1620 5411 1840 5480 regione
1867 5408 2151 5480 Bnlgarica

565 5505 920 5562 constitutam
974 5496 1156 5558 illicita
1212 5501 1535 5572 pervasione
1598 5500 1932 5571 subripiens,
1990 5508 2045 5552 et
2100 5498 2154 5553 in

568 5598 801 5655 alienam
827 5610 1056 5652 messem
1086 5604 1276 5650 contra
1310 5596 1519 5650 divinas
1547 5594 1695 5666 leges
1718 5594 1934 5649 mittere
1964 5590 2153 5647 falcem

566 5700 677 5742 non
707 5700 959 5741 renuens.
985 5684 1139 5741 Unde
1164 5686 1355 5739 merito
1378 5694 1499 5755 post
1522 5686 1754 5753 primam
1778 5693 1832 5737 et
1855 5684 2153 5739 secundam

567 5777 1050 5849 commonitionem
1079 5793 1109 5835 a
1138 5786 1339 5835 nostra:
1361 5786 1413 5851 te
1434 5777 1797 5834 debueramus
1820 5775 2157 5834 cominunio-

2972 4606 3113 4662 CXII

2526 4712 2597 4752 AD
2630 4712 2911 4755 EPlSCOPOS
2943 4712 3015 4754 ΕΤ
3052 4713 3306 4755 (ιιιιιιιαοε
3345 4714 3595 4760 GRECOS.

2873 4791 3052 4861 (Anno
3078 4790 3229 4862 878.)

2255 4876 2505 4955 Deplorat
2536 4899 2623 4938 eos
2646 4883 3120 4955 excommunicatos
3142 4885 3284 4955 quod
3304 4881 3606 4953 Bntgnrnnt
3629 4885 3850 4955 regiones

2328 4953 2629 5007 invadentes
2654 4954 2873 5007 illicitas
2908 4954 2979 5006 ibi
3017 4953 3377 5008 ordinationes
3407 4956 3656 5024 fecerint;
3688 4953 3851 5025 digni.

2329 5034 2435 5083 tate
2478 5027 2638 5078 etiam
2692 5024 3011 5093 privandos,
3044 5025 3143 5078 nisi
3186 5026 3329 5079 intra
3367 5027 3602 5093 triginta
3648 5027 3761 5080 dies
3788 5039 3848 5077 α

2330 5081 2470 5148 amni
2501 5081 2788 5167 Bulgar'ica
2818 5081 3022 5164 regione
3045 5098 3381 5167 decesserint.
3429 5081 3495 5167 si
3536 5101 3660 5167 quis
3683 5107 3851 5150 ante.

2328 5166 2585 5236 paruerit,
2608 5164 2983 5236 restituendum
3006 5165 3054 5216 ei
3075 5166 3425 5236 episcopatum
3452 5164 3686 5219 decernit
3709 5180 3852 5236 quem

2333 5236 2387 5287 in
2419 5232 2625 5288 Gra’cia
2665 5233 2923 5298 habebat;
2967 5240 3013 5287 et
3064 5232 3109 5288 si
3148 5232 3351 5289 nullum
3398 5246 3556 5289 antea
3604 5232 3851 5298 habebnt,

2329 5315 2599 5359 vacantem
2619 5346 2633 5368 ,
2665 5305 2711 5358 si
2733 5306 2922 5373 dignus
2947 5315 3021 5373 ιιι
3038 5346 3053 5368 ,
3091 5305 3258 5359 eidem
3278 5307 3514 5376 conferri
3535 5307 3713 5376 jubet.

2329 5399 2594 5456 Omnibus
2661 5398 2931 5468 episcopis
2981 5408 3037 5453 et
3092 5402 3307 5456 caeteris
3377 5401 3599 5457 clericis
3646 5400 3853 5457 Graecis

2257 5491 2525 5563 Bulgariae
2547 5491 2847 5547 dimceseos
2872 5491 3238 5556 invasoribns,
3282 5507 3345 5547 ac
3386 5508 3486 5563 per
3510 5494 3618 5548 hoc
3640 5507 3855 5548 exectu-

2259 5586 2571 5640 munientis.

2331 5676 2594 5731 Miramur
2633 5692 2729 5731 vos
2776 5684 2833 5731 et
2881 5677 3233 5731 vehementer
3260 5675 3702 5744 obstupescimus
3730 5690 3855 5730 san-

2260 5780 2473 5831 ctorum
2517 5770 2746 5827 Patrum
2777 5784 3017 5859 canones
3047 5771 3318 5857 obturatis
3341 5769 3515 5829 oculis
3558 5769 3851 5841 relegisa,
