4042 6302
177 296 329 354 765

1420 298 1780 356 EPIS'I‘OL/E
1823 298 1910 370 ΕΤ
1948 299 2290 358 DECRETA.

3397 305 3500 362 766

183 423 265 468 et
320 412 544 468 calcata
588 412 947 480 conscientia,
990 413 1252 470 terminos
1291 421 1523 469 teternos
1569 429 1598 467 a
1648 413 1824 467 Patri-
1851 416 1899 474 Α
1929 414 2104 468 minus
2131 413 2472 482 imperatoria
2505 414 2796 484 dignitate,
2839 414 3135 470 secundum
3183 385 3500 486 Apostoluni

183 504 322 560 bus
383 505 594 576 positos
642 504 1024 568 transtulisse,
1077 515 1132 558 et
1180 505 1232 558 in
1286 505 1517 558 alienam
1588 517 1819 558 messem

186 589 421 668 indidi
453 597 648 651 falcem
687 597 929 663 misisse,
982 597 1036 651 in
1084 597 1279 668 Illyrici
1312 596 1618 666 provincias
1640 637 1653 659 ,
1687 611 1820 663 quas

190 705 377 744 nunc
408 689 702 760 Bulgarum
734 690 880 745 natio
911 689 1110 743 retinet
1130 731 1142 751 ,
1174 688 1568 758 ingredientes,
1597 695 1650 742 et
1675 685 1821 741 ordi-

191 780 486 835 nationes
513 780 730 835 illicitas
754 788 1154 850 perpetrantes,
1183 795 1305 832 cmn
1334 786 1389 831 et
1415 793 1568 832 sacra
1594 775 1821 831 concilia

194 869 323 923 sub
363 869 495 924 sede
525 869 667 924 beati
692 870 837 923 Petri
867 869 1228 940 apostolorum
1254 867 1533 938 principis,
1562 869 1660 922 has
1691 865 1818 920 olim

197 959 546 1028 provincias
579 959 828 1030 deguisse
855 967 1106 1028 patenter
1133 958 1379 1023 innuant,
1406 966 1459 1011 et
1487 949 1668 1010 rerum
1702 971 1821 1028 ges-

199 1063 414 1107 tarum
446 1069 473 1106 a
507 1062 696 1108 sancto
710 1054 941 1107 Damaso
951 1069 1090 1126 papa
1107 1055 1415 1124 conscripta
1433 1051 1716 1108 manifeste
1729 1053 1820 1106 de-

202 1143 507 1198 nuntient.
529 1143 750 1198 Etstatu
765 1158 1050 1197 causarum
1068 1183 1082 1206 ,
1103 1142 1210 1196 Deo
1226 1141 1538 1207 auxiliante,
1562 1141 1612 1194 in
1629 1138 1821 1196 melius

199 1234 337 1304 iam
370 1235 578 1304 pridem
607 1249 868 1287 converso
899 1234 1056 1287 sedes
1085 1229 1396 1302 apostolica
1423 1232 1494 1288 sit
1524 1232 1592 1286 ab
1619 1231 1696 1286 eis
1725 1227 1818 1300 qui

205 1326 380 1380 hanc
430 1324 676 1380 habitant
732 1324 1004 1393 regionem
1064 1323 1371 1394 recognita,
1437 1321 1695 1391 requisita
1766 1329 1820 1373 et

206 1417 417 1474 multis
444 1419 696 1486 precibus
742 1417 966 1470 invitata
999 1436 1009 1469 :
1046 1431 1252 1486 nosque
1284 1416 1410 1469 illuc
1455 1415 1736 1483 episc0pos
1766 1420 1820 1465 et

212 1508 510 1564 inferioris
560 1508 767 1562 ordinis
818 1507 1128 1562 sacerdotes
1181 1524 1301 1560 cum
1346 1505 1628 1576 praeceptis
1676 1503 1820 1557 sedis

213 1599 541 1669 apostolica}
567 1597 902 1660 miserimus,
935 1607 988 1650 et
1019 1597 1215 1650 multos
1262 1596 1474 1650 labores
1497 1610 1595 1665 pro
1625 1595 1820 1647 instru-

212 1692 411 1746 ctione
443 1690 583 1744 illius
606 1690 840 1759 regionis
865 1689 1276 1758 arripuerimus.
1298 1687 1429 1741 Nam
1456 1687 1571 1740 etsi
1599 1675 1814 1756 quidam

1923 506 2012 574 qui
2040 506 2114 559 ait
2141 524 2152 559 :
2186 505 2539 560 [Emulamini
2568 509 2888 561 charismata
2912 508 3129 562 meliora
3155 509 3205 581 (l
3227 507 3352 563 Cor.
3372 509 3501 581 xu),

1923 597 2182 662 contenti,
2207 598 2366 651 etiam
2395 598 2705 669 angelorum
2731 599 2864 654 estis
2889 599 3248 654 ministerium
3279 599 3498 663 imitati;

1923 685 2046 738 dum
2079 701 2267 754 pacem
2304 688 2355 740 in
2393 697 2532 742 terra
2565 689 2719 744 bona:
2745 688 3039 754 voluntatis
3072 690 3380 747 hominibus
3405 705 3502 748 ex-

1922 777 2140 848 optatis,
2169 787 2222 834 et
2248 779 2435 836 beatos
2465 794 2562 851 per
2590 780 2644 836 id
2675 795 2738 835 ac
2763 781 2962 836 cadum
3003 797 3098 837 vos
3137 782 3346 842 visuros
3381 782 3502 842 luce

1923 869 2124 924 clarius
2153 872 2556 942 demonstratis.
2589 871 2830 943 Utraque
2865 874 3129 944 siquidem
3159 873 3384 943 epistola
3408 887 3503 939 Ven

1922 970 2033 1021 stro
2063 963 2338 1033 pontificio
2358 976 2546 1021 nostro
2587 967 2748 1022 missa
2786 965 2944 1036 hujus
2974 983 3071 1024 vos
3098 968 3328 1039 ﬂagrare
3357 967 3501 1030 desis

1921 1057 2070 1110 derio
2098 1067 2346 1126 patenter
2375 1059 2642 1125 insinuat,
2688 1069 2743 1114 et
2779 1061 2918 1115 hanc
2946 1075 3045 1116 vos
3073 1062 3141 1118 ad
3171 1072 3370 1118 statum
3402 1062 3502 1118 Eos

1922 1146 2140 1213 Clesizc,
2201 1151 2344 1204 unde
2396 1166 2685 1221 pravorum
2735 1151 3070 1206 dissensione
3119 1154 3330 1222 repulsa
3381 1161 3500 1217 est,

1921 1239 2194 1295 inhianter
2233 1240 2370 1295 velle
2411 1243 2669 1296 reducere
2694 1282 2708 1306 ,
2753 1243 2953 1297 indicio
2996 1244 3231 1299 evidenti
3282 1243 3504 1298 demon-

1923 1341 2076 1385 strat.
2123 1334 2166 1386 Λ
2210 1333 2320 1388 Deo
2362 1335 2556 1403 quippe
2583 1344 2896 1404 provectum
2931 1337 3214 1406 imperium
3237 1345 3500 1400 vestrum,

1921 1423 2062 1490 quod
2086 1438 2150 1477 eo
2182 1432 2418 1489 auctore,
2439 1425 2644 1494 justitia
2677 1435 2730 1479 et
2756 1427 3040 1493 triumphis
3063 1428 3292 1491 ornatis,
3326 1427 3504 1481 minus

1922 1515 2174 1568 nimirum
2207 1517 2439 1570 validum
2486 1518 2770 1587 minusque
2809 1519 3098 1587 gloriosum
3135 1520 3356 1588 putatis,
3399 1517 3502 1572 nisi

1922 1608 2089 1660 etiam
2124 1624 2333 1661 summa
2363 1610 2728 1664 condecorare
2760 1627 2894 1680 pace
2926 1627 3019 1666 seu
3049 1611 3332 1666 concordia
3363 1620 3504 1666 sata-

1925 1698 2085 1766 gatis.
2128 1695 2234 1750 Nos
2260 1706 2467 1763 autem,
2512 1699 2903 1766 dilectissime,
2947 1701 3226 1755 audientes
3269 1702 3321 1756 in
3365 1700 3506 1756 Con-

214 1794 473 1836 vestrum
523 1782 853 1836 clandestina
904 1781 1030 1834 illuc
1081 1789 1228 1834 sorte
1275 1787 1570 1841 venerunt,
1602 1785 1724 1846 apte
1754 1777 1821 1830 de

1929 1787 2460 1856 stantinopolitanam
2539 1789 2834 1844 Ecclesiam
2906 1789 3260 1844 dissensionis
3329 1792 3505 1844 adhuc

217 1876 337 1929 illis
365 1877 544 1930 dicere
575 1890 862 1944 possumus
887 1872 1015 1926 illud
1042 1872 1249 1926 Domini
1278 1871 1476 1924 dictum
1507 1882 1821 1921 asseveran-

219 1981 312 2024 tes
346 1987 361 2022 :
394 1968 583 2022 Omnes
624 1969 713 2038 qui
745 1976 865 2020 ante
905 1983 984 2019 me
1030 1973 1309 2027 venerunt,
1346 1961 1489 2030 fures
1531 1960 1740 2028 fuerunt
1774 1967 1822 2011 et

220 2061 465 2114 latrones
490 2057 670 2129 (Joan.
705 2057 778 2128 Χ).
813 2057 930 2126 lpse
953 2057 1148 2125 quippe
1183 2054 1440 2107 Dominus
1469 2067 1564 2121 per
1589 2051 1824 2121 prophe-

224 2160 342 2204 tam
372 2150 503 2204 dicit
539 2168 548 2201 :
585 2147 870 2202 Veniebant
897 2158 942 2200 et
986 2146 1083 2215 ego
1126 2161 1226 2197 non
1270 2141 1530 2195 mittebam
1554 2159 1658 2193 eos.
1687 2140 1820 2192 Nam

223 2244 456 2314 quidam
509 2251 748 2296 vestrum
803 2254 900 2309 pro
972 2235 1291 2292 criminibus
1358 2235 1471 2288 suis
1524 2235 1820 2303 fugientes,

224 2334 451 2406 quidam
507 2343 684 2388 autem
752 2332 988 2385 ambitus
1043 2339 1096 2382 et
1153 2327 1392 2380 avaritiae
1464 2341 1627 2380 causa
1699 2325 1822 2379 illuc

227 2426 505 2483 accessuri
554 2423 783 2496 profecti
835 2432 998 2485 sunt,
1055 2437 1158 2474 non
1213 2428 1394 2473 autem
1454 2417 1664 2479 vocati,
1724 2429 1824 2468 nec

231 2515 506 2577 invocati,
558 2514 686 2568 licet
732 2527 830 2566 nec
881 2513 959 2566 sic
1007 2512 1059 2564 in
1109 2519 1348 2564 vestram
1389 2523 1486 2561 vos
1539 2505 1820 2560 dioecesim

232 2609 304 2663 ad
337 2607 572 2678 aliquam
604 2604 1009 2674 dispositionem
1043 2602 1343 2656 faciendam
1377 2600 1604 2654 introire
1632 2613 1824 2652 convc-

229 2700 398 2756 nerit.
447 2699 580 2764 Quia
625 2699 787 2770 igitur
834 2706 1020 2750 contra
1066 2709 1249 2748 sacras
1298 2707 1394 2746 vos
1453 2690 1825 2759 multipliciter

234 2792 422 2864 egisse
474 2789 690 2861 regulas
717 2787 1202 2858 deprehendimus,
1233 2782 1822 2838 excommunicavimus

230 2898 366 2948 vos,
417 2891 471 2935 et
515 2880 646 2935 estis
696 2877 1174 2934 excomtuunicati.
1230 2873 1486 2943 Quisquis
1533 2881 1711 2924 autem
1756 2884 1822 2923 ex

237 2971 396 3026 vobis
426 2971 563 3024 intra
597 2969 817 3041 triginta
850 2969 1058 3023 dierum
1109 2967 1341 3036 spatium
1391 2963 1620 3032 cognita:
1667 2960 1824 3030 hujus

237 3062 545 3134 apostolica:
577 3061 910 3121 sanctionis,
941 3058 1087 3112 omni
1134 3057 1435 3125 Bulgarica:
1484 3051 1687 3121 regioni
1719 3065 1823 3104 non

1925 1879 2179 1932 Scandala
2230 1877 2510 1944 ﬂuctuare,
2566 1880 2955 1949 nouuullosque
3006 1879 3240 1949 religiosi
3291 1879 3508 1934 habitus

1926 1970 2072 2023 viros
2111 1971 2208 2024 hac
2247 1970 2474 2043 illaeque
2505 1972 2780 2042 dispersos
2813 1982 2973 2042 atque
3005 1970 3238 2040 dejeetos
3283 1971 3508 2042 ignomi-

1929 2061 2076 2114 niose
2107 2063 2350 2125 tractari,
2381 2062 2575 2115 merito
2603 2063 3005 2131 ingemiscintus
3031 2071 3084 2116 et
3114 2059 3278 2115 multa
3303 2059 3508 2115 tumsti-

1929 2152 1999 2203 tia
2036 2151 2355 2220 fatigamur;
2392 2152 2658 2220 prmcipue
2707 2167 2894 2220 pacem
2929 2151 3191 2205 sentimus
3235 2149 3343 2203 illic
3382 2164 3510 2203 con-

1875 2265 1884 2272 ο
1931 2247 2074 2298 tinua
2107 2246 2449 2299 tententione
2485 2245 2775 2310 turbatam,
2809 2259 2969 2312 quam
3003 2260 3098 2314 per
3133 2243 3331 2297 multos
3366 2243 3508 2296 sedis

1928 2337 2236 2405 aposzolicze
2283 2336 2490 2389 labores
2527 2334 2638 2404 jam
2685 2336 3038 2389 credebamus
3075 2333 3419 2396 ardilicatam;
3455 2339 3511 2385 et

1928 2435 2171 2479 Sacratos
2196 2426 2452 2494 quosdam
2480 2426 2722 2479 diversas
2744 2423 2968 2492 injurias
2992 2424 3275 2478 didicimus
3298 2411 3505 2492 passos,

1927 2533 2062 2586 quos
2085 2518 2150 2569 ab
2175 2517 2320 2570 ornni
2346 2516 2710 2587 oppressionis
2733 2515 2880 2569 fasce
2904 2517 3252 2588 sperabamus
3271 2499 3505 2584 ereptos.

1927 2607 2216 2663 Portamus
2241 2610 2439 2679 quippe
2467 2608 2706 2662 omnium
2736 2624 2899 2663 onera
2928 2609 3016 2677 qui
3045 2617 3370 2680 gravantur,
3401 2606 3509 2680 imo

1929 2711 2106 2771 portat
2149 2702 2264 2755 hmo
2307 2701 2358 2755 in
2406 2701 2560 2756 nobis
2607 2712 2818 2755 amator
2866 2709 3045 2754 vester
3090 2700 3278 2754 beatus
3318 2681 3511 2776 Petrus

1930 2794 2206 2863 apostolus
2239 2793 2328 2863 qui
2361 2809 2458 2848 nos
2491 2791 2544 2846 in
2574 2792 2823 2866 omnibus
2848 2789 3223 2845 sollicitudinis
3249 2781 3510 2868 sumpro-

1931 2887 2061 2953 tegit
2106 2901 2173 2939 ac
2218 2894 2400 2939 tuetur
2445 2883 2727 2939 hmredes:
2765 2865 2856 2938 Sed
2893 2883 3020 2953 quia
3063 2891 3117 2936 et
3162 2865 3513 2956 pro'fesSioti'is

1931 2986 2128 3028 nostra:
2182 2975 2360 3030 oliicio
2411 2991 2533 3029 cum
2589 2972 2824 3030 Jcremia
2876 2973 3227 3029 nihilominus
3271 2957 3508 3027 dicitur}

1934 3063 2068 3117 Ecce
2099 3065 2344 3117 constitui
2383 3074 2430 3117 te
2466 3064 2619 3116 hodie
2641 3081 2796 3135 super
2834 3074 3007 3136 gentes
3050 3074 3096 3118 et
3140 3080 3294 3134 super
3335 3047 3512 3134 regini,

239 3157 467 3220 cedens,
511 3153 562 3206 in
605 3169 664 3207 ea
715 3150 1013 3221 quamlibet
1057 3147 1454 3202 ordinationem
1485 3143 1569 3198 vel
1597 3141 1826 3213 disposi-

1930 3166 1983 3206 ut
2024 3154 2213 3208 evellas
2255 3164 2302 3208 et
2347 3154 2608 3218 destruas,
2658 3164 2704 3207 et
2754 3153 3047 3224 disperdas,
3092 3163 3139 3208 et
3184 3141 3430 3224 dissipes,
3468 3141 3516 3206 et

242 3249 440 3302 tionem
483 3253 700 3314 patrare
747 3241 884 3295 ultra
931 3241 1250 3310 praulicttun
1283 3238 1520 3307 spatium
1553 3234 1825 3289 obstinate

241 3334 665 3408 prmsumpserit,
689 3341 1001 3387 sanctorum
1023 3330 1247 3384 Patrum
1272 3327 1600 3381 auctoritate
1632 3323 1830 3378 nostri-

241 3448 344 3502 que
367 3428 555 3500 judicii
599 3427 861 3482 sententia
892 3426 1116 3495 proprio
1164 3432 1313 3477 caret
1344 3420 1521 3476 oliicio
1541 3460 1555 3484 ,
1591 3434 1694 3472 non
1726 3416 1829 3471 nisi

243 3523 562 3594 resipiscens
589 3535 803 3589 pmnam
826 3533 1106 3580 evasurus,
1124 3524 1215 3568 aut
1236 3515 1447 3568 veniam
1468 3512 1648 3581 aliquo
1670 3510 1828 3565 modo

243 3623 572 3687 speraturus.
624 3609 680 3666 Si
729 3611 850 3680 quis
897 3617 1078 3664 autem
1149 3615 1391 3660 vestrum
1440 3603 1720 3658 humiliter
1766 3616 1831 3656 ac

243 3705 555 3759 obedienter
593 3701 678 3757 his
711 3700 1019 3756 salubribus
1068 3698 1290 3752 monitis
1338 3695 1538 3750 nostris
1589 3709 1828 3764 parens,

246 3795 539 3868 Bulgaricae
564 3795 743 3849 locum
773 3791 980 3848 dederit
1006 3789 1247 3850 dimcesi,
1282 3787 1492 3841 noverit
1517 3802 1616 3840 nos
1649 3787 1832 3860 decre-

245 3877 386 3939 visse
417 3885 519 3939 sibi
548 3884 916 3954 episcopatum
945 3879 1158 3934 restitui
1183 3893 1340 3948 quem
1375 3893 1496 3931 eum
1530 3876 1580 3930 in
1611 3876 1832 3946 regione

248 3976 551 4032 Graecorum
575 3973 989 4046 priusbabuisse
1012 3968 1352 4026 constiterit:
1374 3982 1540 4038 porro
1559 3975 1614 4022 et
1637 3967 1678 4021 si
1697 3980 1832 4019 nun-

253 4087 408 4142 quam
436 4069 941 4135 habuit,vacantem
971 4065 1046 4120 illi
1080 4063 1275 4129 tribui;
1302 4063 1345 4119 si
1372 4071 1548 4116 tamen
1574 4060 1832 4138 talisper-

252 4178 381 4219 sona
398 4161 469 4218 sit
491 4163 575 4216 cui
595 4160 734 4214 nulla
768 4161 817 4214 in
843 4160 946 4213 hoc
966 4156 1145 4230 regula
1164 4153 1386 4210 Patrum
1402 4151 1831 4208 valcatobviare.

319 4251 479 4309 Missa
523 4267 618 4324 per
663 4249 887 4305 Paulum
931 4258 985 4304 et
1030 4247 1330 4317 Eugenium
1360 4244 1660 4315 episcopos.
1695 4242 1828 4297 Data

256 4347 340 4404 die
367 4361 459 4402 XVI
487 4345 690 4401 mensis
713 4341 912 4413 Aprilis
932 4382 945 4406 ,
977 4340 1275 4394 indictione
1300 4354 1375 4392 XI.
1793 4327 1796 4330 ’

952 4427 1131 4485 CXIII.

645 4539 712 4580 ΔΙ)
750 4539 997 4578 Βλειιιωι
1038 4533 1441 4575 IMPERATORI-Ill.

859 4613 1036 4684 (Anno
1066 4609 1214 4681 878.)

361 4707 507 4760 lisse
537 4719 626 4770 per
657 4704 933 4768 Eugenium
969 4709 1019 4776 et
1060 4700 1260 4750 Paulum
1292 4696 1726 4750 reverendisstmos

909 4775 1178 4828 episcOpos.

267 4854 407 4908 Dolet
446 4848 1080 4919 ConstantinOpolitanant
1109 4844 1400 4919 Ecclesium
1428 4842 1708 4919 schismate
1743 4837 1842 4894 ad-

465 4924 566 4977 huc
599 4913 875 4984 laborare;
913 4935 1017 4990 qua
1047 4917 1110 4970 de
1143 4933 1196 4969 re
1223 4915 1418 4985 legatos
1445 4913 1620 4966 mittit.

331 5014 686 5071 Dilectissimo
703 5011 858 5064 nobis
878 5017 934 5063 et
954 5005 1293 5062 desiderabili
1320 5004 1428 5058 tilio
1445 5005 1660 5056 Bssuao
1674 4999 1830 5056 Chri-

265 5109 586 5166 stianissimo
607 5115 660 5161 et
685 5101 1129 5174 tranquillissimo
1154 5097 1487 5166 imperatori.

333 5200 635 5256 Benedictus
664 5198 806 5251 Dens
835 5205 881 5249 et
913 5196 1068 5248 Pater
1093 5190 1306 5244 Domini
1338 5188 1501 5242 nostri
1529 5185 1656 5242 Iesu
1687 5184 1840 5242 Chri-

265 5296 350 5358 sti,
377 5293 536 5346 Pater
560 5288 1042 5345 misericordiarum
1077 5296 1122 5339 et
1162 5283 1302 5337 Deus
1331 5283 1488 5336 totius
1521 5280 1840 5336 consolatio-

268 5389 366 5452 nis,
393 5387 482 5457 qui
514 5386 766 5440 misertus
797 5391 853 5438 et
881 5379 1190 5435 consolatus
1229 5386 1311 5433 est
1357 5391 1453 5430 nos
1495 5375 1547 5429 in
1589 5373 1846 5444 praesenti

268 5477 460 5537 mulo
484 5491 714 5545 nequam
746 5472 860 5545 (111
893 5471 1013 5526 Cor.
1045 5471 1117 5543 1);
1155 5468 1378 5522 visitans
1422 5475 1475 5520 et
1522 5465 1848 5535 redemptio-

272 5585 388 5628 nem
418 5570 621 5625 faciens
650 5578 759 5622 tam
786 5567 928 5635 pium
962 5575 1175 5633 tamque
1199 5561 1488 5631 benignum
1525 5558 1733 5629 imperii
1758 5572 1847 5612 ve-

273 5665 367 5720 stri
394 5677 561 5718 cornu
591 5660 783 5716 salutis
807 5657 1065 5727 erigenth
1091 5656 1143 5708 in
1167 5654 1328 5707 domo
1356 5651 1523 5706 David
1557 5649 1709 5721 (Luc.
1749 5652 1810 5723 ιι)
1831 5661 1867 5718 ,·

275 5755 467 5819 Christi
499 5754 747 5812 videlicet
769 5753 920 5826 pueri
947 5751 1048 5808 sui.
1077 5749 1184 5807 Vos
1209 5747 1378 5812 enim,
1405 5745 1476 5800 lili
1500 5745 1845 5810 charissima;

1927 3245 2129 3316 plantas
2168 3243 2303 3315 (Jer.
2335 3243 2396 3314 ι),
2449 3244 2612 3298 etiam
2664 3253 2841 3296 vestra
2889 3246 3061 3314 pictas
3104 3231 3180 3299 ab,
3213 3225 3512 3314 apostolath

1931 3346 2116 3390 nostro
2145 3351 2242 3406 pro
2274 3337 2375 3390 hoc
2400 3337 2515 3406 ipso
2538 3350 2795 3405 personas
2821 3337 3073 3404 postulat.
3104 3331 3241 3391 Ecce
3268 3346 3517 3391 strenuos

1931 3444 1960 3484 e
1992 3428 2162 3483 latere
2193 3437 2376 3482 nostro
2402 3428 2548 3482 viros
2571 3427 2873 3498 dirigimus,
2905 3428 2997 3498 qui
3029 3427 3072 3485 si
3102 3442 3204 3497 qua
3239 3425 3344 3482 illic
3379 3411 3519 3481 inter

1931 3521 2047 3577 Ιιίυο
2078 3521 2318 3591 diligenti
2361 3520 2538 3575 studio
2560 3519 2990 3589 deprehendant,
3024 3529 3078 3574 et
3115 3519 3201 3573 bis
3234 3520 3514 3592 radicitus,

1933 3611 2226 3666 secundum
2279 3611 2489 3663 Domini
2543 3609 2874 3675 untndatum,
2928 3609 3156 3673 evulsis,
3207 3597 3515 3676 destructis,

1911 3701 2196 3772 dispersis
2221 3709 2274 3754 et
2299 3700 2593 3770 dissipatis,
2620 3715 2809 3770 pacem
2837 3707 2891 3754 et
2917 3699 3176 3755 unitatem
3204 3707 3256 3754 et
3284 3687 3519 3772 citat‘itti-

1937 3766 2042 3846 tem
2095 3801 2150 3847 et
2201 3766 2565 3862 congruenter
2614 3766 2878 3845 aedificent
2936 3789 3093 3845 simul
3146 3801 3201 3846 et
3251 3766 3516 3862 plantcni.

1936 3885 2069 3942 Nam
2099 3885 2368 3956 quomodo
2395 3885 2595 3938 habere
2624 3891 2880 3954 poterunt
2911 3883 3255 3948 charitatem,
3301 3869 3392 3958 qui

1937 3978 2127 4034 vidunt
2155 3976 2453 4031 unitatem?
2499 3991 2596 4032 nos
2643 3984 2824 4030 autem
2871 3990 2968 4045 pro
3012 3975 3226 4052 Christo
3253 3945 3520 4052 lega’tiode

1936 4065 2124 4138 procul
2156 4066 2318 4120 dubio
2350 4065 2646 4137 fungimur,
2679 4080 2800 4118 cum
2832 4064 2952 4134 paci
2992 4048 3249 4119 Ecclesiae
3284 4045 3518 4140 έῗμιτῑιῖξη

1940 4143 2668 4226 impendereprocuramus.
2732 4152 2867 4221 Quia
2925 4168 3052 4207 vero
3102 4129 3522 4226 Deo‘atiiaiﬂies

1939 4245 2104 4312 viros,
2135 4262 2280 4317 quos
2308 4243 2627 4300 nominatim
2657 4243 2853 4298 litteris
2883 4237 3154 4312 expetitis,
3196 4221 3520 4322 qttibusdiiin

1911 4409 1914 4412 1
1940 4335 2297 4395 incommodis
2325 4339 2612 4408 impeditos
2640 4337 2909 4392 destinare
2940 4337 3246 4406 nequimus,
3276 4313 3523 4412 misinids

1939 4432 2165 4488 Paulum
2215 4441 2269 4486 et
2325 4433 2624 4502 Eugenium
2673 4415 3044 4485 sanctissimos
3099 4437 3153 4483 et
3199 4397 3523 4483 reverent'lds

1857 4495 1914 4572 θ
1945 4527 2257 4597 episcopos,
2292 4525 2625 4592 dilectosque
2652 4521 2988 4576 consiliarios
3012 4528 3253 4584 nostros,
3291 4529 3522 4588 quorum

1942 4619 2100 4674 nobis
2147 4625 2200 4671 et
2247 4613 2381 4670 ﬁdes
2425 4615 2651 4684 probata
2699 4621 2753 4666 et
2801 4597 3024 4666 scientia
3067 4609 3355 4665 manifesta
3400 4620 3520 4666 est:

1943 4711 2137 4781 quibus
2189 4707 2390 4776 scripto
2437 4705 2681 4759 dedimus
2729 4704 2781 4758 in
2830 4691 3098 4756 mandatis
3146 4710 3225 4766 ut,
3276 4697 3525 4778 omnibus

1945 4800 2308 4857 simultatibus
2345 4796 2534 4866 sopitis
2577 4804 2739 4864 atque
2785 4793 3005 4859 sedatis,
3055 4807 3173 4864 qua:
3219 4793 3286 4849 ad
3335 4791 3522 4864 pacein

1947 4900 2094 4954 sunt,
2124 4896 2436 4945 sanctorum
2465 4885 2724 4955 magistra
2752 4883 2933 4955 regula
2959 4882 3200 4950 Patrum,
3237 4890 3349 4938 toto
3371 4893 3526 4937 cona-

1941 4984 2086 5038 mine
2112 4989 2453 5047 construant,
2483 4989 2537 5035 et
2566 4979 2711 5036 omni
2737 4979 3081 5035 contentione
3110 4969 3341 5039 sublata,
3368 4971 3526 5041 justi-

1939 5077 2027 5148 tiac
2050 5077 2308 5140 tribuant,
2331 5075 2440 5129 Deo
2465 5073 2716 5144 prepitio,
2737 5073 3007 5142 palmam,
3043 5071 3143 5123 hoc
3172 5057 3433 5122 duniaxat
3459 5065 3525 5119 ad

1944 5167 2156 5224 laudem
2185 5168 2278 5222 Dei
2314 5177 2564 5237 agentes,
2605 5173 2659 5220 et
2699 5166 2765 5220 ad
2803 5162 3193 5234 praeconiorum
3224 5161 3526 5228 vestrorum

1945 5259 2242 5323 cumulum,
2275 5259 2415 5313 sicut
2451 5273 2543 5312 vos
2572 5271 2734 5325 agere
2759 5255 2824 5309 de
2855 5255 2940 5309 die
2968 5255 3020 5308 in
3051 5252 3192 5318 diem
3222 5237 3412 5316 decet,
3435 5252 3527 5342 ad-

1952 5352 2156 5406 dentes.
2193 5348 2571 5402 Verumtamen
2618 5347 2867 5417 ignorare
2909 5345 3055 5414 pium
3108 5341 3391 5413 imperium
3437 5341 3528 5398 ve-

1952 5454 2120 5499 strum
2173 5441 2420 5497 nolumus
2480 5458 2576 5495 nos
2636 5437 2944 5508 apostolicae
3007 5437 3149 5492 sedis
3208 5421 3529 5508 praecepisse

1953 5534 2161 5604 legatis,
2195 5543 2253 5587 ut
2281 5548 2442 5587 causa
2478 5539 2681 5585 tantum
2711 5525 3033 5582 visitationis
3057 5526 3348 5595 gloriosum
3384 5507 3527 5598 ejus-

1957 5631 2073 5683 dem
2122 5623 2411 5696 provit‘tcitc
2440 5639 2458 5659 α
2507 5620 2803 5691 principem
2853 5618 3083 5684 adeant,
3138 5627 3192 5672 et
3234 5613 3308 5672 de.
3345 5601 3528 5690 optulit

2025 5758 2045 5785 ο
2091 5746 2250 5798 [forte
2278 5738 2514 5812 loquitur
2537 5737 2602 5792 de
2632 5749 2756 5808 rege
2781 5733 3155 5808 Bulgaronum.
3425 5796 3428 5800 ,
3483 5789 3487 5794 .
