4042 6302
561 383 667 444 ηδτ

1821 395 1823 400 ·
1871 364 2155 426 JOANNIS
2190 357 2396 424 DAP/E'
2423 360 2546 420 vm

3735 353 3840 410 768

562 497 830 558 memoria
863 496 913 553 ei
947 493 1334 566 apostolorum,
1365 501 1425 546 ιιι
1455 489 1735 553 condecet,
1766 487 1996 557 expletis
2026 485 2144 542 om-
2170 481 2225 543 -Α
2248 495 2408 552 quam
2436 478 2774 551 gaudendum
2805 475 2876 530 sit
2908 475 3164 546 quoniam
3214 470 3485 536 eamdem,
3513 477 3639 541 post
3669 469 3842 566 felicis

511 649 514 652 ἠ
565 593 668 648 ciis
715 587 1153 660 persalutationis
1201 587 1434 640 edicant.
1495 584 1726 652 Ideoque
1789 594 2044 650 rogamus
2093 587 2151 630 ut

563 677 1246 738 aditueis-annitentibus
1287 678 1442 737 vobis
1488 689 1776 736 concesso,
1830 672 1986 726 talem
2046 670 2150 724 illis

563 773 888 829 industrium
912 773 1090 827 virum
1113 771 1276 844 [deest
1305 771 1532 826 tradatis
1556 778 1647 823 aut
1689 769 1814 838 quid
1839 766 2029 837 simile]
2053 765 2147 835 qui

564 877 661 928 eos
690 875 861 931 usque
887 861 953 916 ad
985 862 1302 931 praedictum
1330 860 1630 930 principem
1662 859 1840 914 salvos
1875 857 2036 912 ducat
2067 864 2148 909 at-

563 969 671 1026 que
709 955 968 1020 reducat,
1009 953 1151 1008 facta
1180 955 1236 1009 in
1265 953 1482 1021 scriptis
1508 953 1574 1007 de
1604 966 1668 1006 ea
1698 951 1922 1005 minime
1948 951 2145 1004 iterum

563 1047 879 1116 usurpanda
896 1045 1252 1114 professione.
1281 1043 1540 1114 Optamus
1568 1059 1664 1098 vos
1692 1057 1790 1113 per
1820 1042 2018 1096 multos
2045 1058 2147 1096 an-

563 1150 664 1200 nos
689 1135 744 1189 in
762 1134 978 1192 Christo
992 1135 1130 1192 bene
1147 1134 1345 1197 valere,
1365 1143 1420 1187 ct
1433 1135 1499 1188 de
1510 1132 1808 1188 barbaricis
1830 1132 2033 1202 jngiter
2049 1132 2144 1184 ho-

563 1229 737 1286 stibus
751 1227 1416 1300 triumphare,spiritualis
1439 1236 1493 1281 et
1515 1225 1884 1281 desiderabilis
1911 1233 1966 1279 et
1987 1223 2146 1281 Chri-

564 1319 895 1394 saeuissime
920 1319 994 1376 ﬁli
1021 1333 1236 1389 semper
1256 1318 1514 1388 Auguste.
1541 1317 1674 1373 Data
1707 1317 1999 1372 indictione
2027 1331 2104 1369 xr.

1255 1430 1435 1486 CXIV.

1183 1517 1253 1557 AD
1290 1516 1531 1558 EUIDEI.

1168 1594 1346 1665 (Anno
1384 1595 1532 1663 878.)

565 1684 632 1742 Ut
664 1685 845 1759 legatis
891 1704 924 1742 a
951 1703 1005 1744 se
1053 1687 1228 1742 missis
1235 1687 1424 1810 Lﬁdem
1455 1687 1720 1751 adhibeat,
1753 1696 1800 1741 et
1850 1701 1998 1756 apem
2036 1683 2142 1741 Ro-

1029 1774 1200 1810 mana:
1287 1757 1486 1810 cclesiw
1525 1757 1676 1810 lerat.

1029 1774 1200 1811 tuante
1235 1757 1486 1812 Ecclesia:
1523 1757 1676 1826 ferat.

2255 591 2470 630 cursum
2536 574 2737 643 operis,
2785 573 2926 626 inter
2989 570 3301 640 angelorum
3351 577 3551 622 emtum
3595 564 3842 636 paradisr

2255 665 2591 735 susceperint
2639 663 2859 733 praemia
2907 661 3031 716 vitze
3071 660 3348 731 perennis,
3382 658 3616 713 ﬂendum
3653 655 3846 710 nihilo-

2253 759 2432 812 minus
2449 756 2701 812 mnvenit
2736 754 2878 824 quod
2897 762 3105 808 tantum
3140 752 3440 820 adiutorem
3469 750 3848 805 Ecclesiarurn

2253 848 2464 905 Domini
2495 845 2810 901 dilfusarum
2835 847 2889 900 in
2913 845 3044 899 orbe
3073 844 3359 913 praesentia
3383 840 3685 911 corporali,
3715 842 3847 904 heu,

2251 939 2388 1010 proh
2435 937 2615 991 dolor!
2663 936 3027 990 amiserimus.
3088 933 3399 988 Praesertim
3443 948 3564 987 cum
3617 932 3734 986 hoc
3795 932 3850 984 in

2253 1041 2494 1101 tempore
2530 1038 2717 1084 sancta
2770 1029 3014 1083 Romana
3056 1027 3314 1091 Ecclesia,
3365 1033 3537 1080 mater
3571 1024 3844 1084 omnium,

2251 1137 2370 1191 qua:
2410 1136 2544 1174 mere
2581 1118 2942 1174 mediocritati
2992 1116 3281 1172 commissa
3329 1124 3432 1181 est,
3470 1113 3597 1170 Iesu
3655 1115 3849 1168 teter-ni

2251 1211 2607 1281 dispositione
2655 1209 2892 1274 consilii,
2922 1209 2978 1263 in
3006 1223 3114 1278 quo
3159 1215 3220 1261 ut
3252 1222 3375 1262 cum
3418 1207 3688 1276 Apostolo
3715 1220 3856 1275 pace

2250 1317 2699 1374 quorumcunque
2725 1303 2978 1367 dixerim,
3007 1301 3142 1356 ﬁnes
3167 1300 3481 1356 saeculorum
3508 1301 3854 1354 devenerunt

2250 1398 2296 1461 (Ι
2326 1395 2545 1466 Cor.x),
2563 1396 2614 1449 in
2633 1403 2710 1449 tot
2739 1393 3209 1464 persecutionibus
3230 1403 3392 1463 atque
3417 1391 3854 1447 adversitatibus

2249 1489 2339 1543 diu
2373 1487 2640 1550 lacessita,
2689 1485 3109 1541 domesticorum
3169 1485 3585 1539 debacchatione
3645 1483 3852 1552 [alige-

2247 1587 2352 1642 tur,
2392 1586 2454 1632 ut
2479 1594 2645 1649 cogar
2680 1593 2802 1632 cum
2851 1575 3122 1646 Propheta
3165 1589 3456 1645 erumpens
3489 1575 3851 1630 exclamare:

2259 1665 2388 1720 Veni
2413 1668 2470 1720 in
2512 1666 2841 1720 altitudinem
2889 1667 3075 1731 maris,
3121 1676 3167 1741 et
3196 1674 3468 1734 tempestas
3491 1664 3854 1718 demersit”

2245 1751 2418 1820 (Psal.
2471 1756 2660 1827 uix);
2716 1766 2770 1810 et
2815 1771 3005 1811 rursus
3047 1773 3060 1808 :
3110 1755 3350 1817 Domine,
3401 1755 3564 1808 libera
3605 1756 3852 1809 anim

638 1847 844 1905 Dilecto
874 1847 985 1903 ﬁlio
1016 1863 1228 1918 semper
1265 1848 1317 1901 in
1357 1847 1585 1904 Domino
1616 1847 1964 1916 triumphanti
1988 1845 2148 1912 Bast—
2175 1845 2420 1904 B‘meam
2457 1864 2492 1899 α
2515 1845 2667 1900 labiis
2703 1848 2901 1916 iniquis
2929 1855 2977 1900 et
3019 1861 3054 1898 α
3083 1845 3262 1915 lingua
3311 1845 3495 1898 dolosa
3527 1841 3704 1912 (Psal.
3733 1844 3846 1914 ex).

566 1941 654 1995 no
680 1939 925 2009 piissimo
955 1924 1268 2008 imperatori
1293 1939 1552 2009 Angusto.

637 2032 869 2096 Scimus,
901 2032 1222 2088 venerabilis
1267 2033 1579 2102 imperator,
1626 2032 1828 2086 scimus
1870 2039 1925 2085 et
1967 2029 2144 2086 omni-

565 2126 727 2182 modo
773 2127 1019 2182 novimus
1067 2142 1190 2194 vos,
1207 2127 1490 2196 prudentia
1537 2127 1771 2197 pollere,
1838 2127 2147 2195 aequitatem

569 2217 812 2288 diligere,
844 2217 1100 2286 pietatem
1136 2217 1416 2280 extollere,
1464 2218 1788 2272 directiones
1817 2217 2062 2286 plantare
2094 2223 2148 2270 et

566 2305 698 2360 vitia
728 2305 976 2360 evellere.
1015 2305 1225 2360 Scimus
1267 2306 1562 2376 etlliquido
1598 2306 1868 2361 credimus
1898 2322 1996 2360 vos
2024 2321 2151 2360 san-

565 2403 665 2452 ctze
686 2395 944 2451 Romance
967 2395 1227 2462 Ecclesiae
1244 2396 1485 2472 vigorem
1508 2406 1561 2450 ct
1581 2397 1748 2450 decus
1766 2395 1900 2450 velle
1927 2408 2146 2464 augere,

570 2487 949 2562 tribulationes
979 2503 1219 2560 gemere,
1250 2488 1528 2560 angustias
1559 2488 1773 2553 dolere,
1817 2499 1870 2541 et
1911 2487 2148 2542 necessi-

569 2586 710 2633 tates
740 2579 828 2651 pio
850 2577 1070 2645 intuitu,
1095 2587 1357 2652 quantmn
1389 2580 1455 2634 ad
1477 2594 1573 2633 vos
1594 2578 1847 2648 pertinet,
1874 2586 2144 2632 amorerc.

568 2663 844 2740 Hujus'rei
876 2671 1072 2742 gratia,
1110 2672 1398 2726 maximam
1427 2671 1492 2724 de
1520 2669 1670 2732 vobis
1711 2670 1959 2724 ﬁduciam
1999 2683 2152 2722 assu-

573 2773 800 2826 mentes,
826 2761 1084 2833 quidquid
1117 2761 1358 2816 eamdem
1393 2772 1632 2816 sanctam
1667 2769 1892 2816 matrem
1915 2767 2158 2812 vestram

573 2849 874 2908 R‘ornanam
902 2853 1195 2908 Ecclesiam
1226 2852 1640 2925 oppidoaﬁligit
1667 2862 1721 2908 et
1749 2852 1968 2914 lacerat,
1999 2849 2149 2903 vobis

573 2933 833 3014 singulari
877 2944 1107 3014 quadam
1156 2960 1249 3014 spe
1293 2944 1684 2999 committimus
1726 2941 2049 2996 audiendum
2095 2949 2150 2994 ct

565 3017 965 3105 corrigendum.
1002 3035 1204 3090 Tamen
1235 3048 1302 3089 ne
1328 3049 1458 3097 vos,
1501 3048 1636 3104 quos
1679 3041 2010 3088 secretorum
2055 3047 2150 3084 nn—

570 3135 806 3180 strorum
837 3125 1082 3180 conscios
1109 3140 1228 3180 esse
1258 3125 1522 3198 cupimus,
1561 3123 1721 3178 lateat
1749 3123 1890 3191 quod
1920 3122 2002 3175 his
2032 3121 2146 3175 dic-

2252 1938 2361 1992 Sed
2404 1954 2522 1998 vos,
2577 1937 2648 1990 ﬁli
2682 1937 3022 1999 charissime,
3068 1937 3260 1990 hortor
3283 1950 3350 1988 ac
3389 1949 3584 1989 moneo
3608 1945 3845 2004 patemo

2251 2028 2455 2084 amoris
2471 2025 2688 2092 affectu,
2707 2026 2824 2095 ejus
2841 2028 3040 2080 imitari
3065 2027 3115 2080 in
3133 2025 3498 2081 Ecclesiarum
3513 2026 3846 2084 exultatione

2251 2118 2478 2188 vestigia
2521 2118 2645 2172 vita:
2703 2117 2982 2188 spiritalis,
3024 2116 3177 2186 cujus
3235 2115 3383 2172 ﬂoris
3441 2117 3637 2171 decore
3679 2125 3844 2172 nauis

2251 2211 2402 2282 regia
2450 2210 2714 2281 dignitate
2751 2211 2960 2266 existis.
3004 2210 3245 2263 Primum
3288 2217 3349 2262 ut
3387 2208 3542 2277 pacis
3573 2209 3838 2264 unitatem

2249 2303 2632 2372 vinculumque
2663 2303 2947 2357 charitatis
2977 2317 3100 2357 cum
3133 2300 3394 2355 fratribus
3421 2299 3648 2362 vestris,
3682 2301 3839 2354 nimi-

2251 2412 2371 2450 rum
2431 2395 2688 2450 Ludovici
2759 2395 2900 2464 regis
2951 2393 3326 2463 Bajoariorum
3399 2393 3557 2456 ﬁliis,
3615 2407 3844 2463 cumque

2251 2488 2498 2543 ﬁdelibus
2519 2485 2844 2542 Christianis
2859 2494 3066 2548 tenens,
3082 2485 3296 2538 demum
3310 2495 3499 2539 contra
3519 2487 3842 2542 insanientis

2251 2578 2480 2643 rabiem,
2510 2586 2673 2647 atque
2705 2585 2978 2647 tyrannos,
3017 2584 3246 2644 paterno
3269 2587 3613 2645 provocatus
3655 2593 3838 2632 eretu-

2250 2670 2362 2739 plo,
2389 2671 2643 2725 virtutem
2677 2669 2911 2734 roboris,
2960 2667 3160 2723 Christi
3189 2669 3542 2735 auctoritate,
3579 2672 3636 2724 in
3665 2670 3844 2726 deleu—

2251 2761 2456 2816 sionem
2499 2761 2690 2816 matris
2719 2769 2934 2824 vestrae,
2966 2775 2996 2812 a
3045 2774 3148 2828 qua
3193 2770 3248 2814 et
3290 2763 3844 2830 potnmpraedicatio-

2250 2853 2336 2906 nis
2358 2852 2410 2906 in
2441 2851 2688 2921 proavis,
2713 2859 2768 2904 et
2802 2850 3027 2904 infulata
3061 2851 3271 2920 imperii
3302 2851 3614 2921 accepistis,
3648 2852 3843 2906 medul-

2250 2941 2378 2997 litus
2405 2941 2736 3010 viltiliterque
2787 2939 3064 2994 eﬁ‘undere
3085 2939 3330 2995 valeatis.
3361 2940 3524 3007 Quia,
3561 2943 3712 3012 quod
3740 2942 3840 2997 dici

2250 3033 2366 3088 sine
2396 3033 2758 3102 lacrymarnm
2805 3032 2977 3086 imbre
3023 3031 3167 3087 nullo
3207 3034 3368 3088 modo
3413 3043 3616 3103 potest,
3646 3035 3844 3104 prodiit

2250 3121 2302 3174 in
2339 3123 2443 3176 hoc
2471 3130 2715 3190 tempore
2745 3123 2886 3192 apud
2914 3137 3012 3177 nos
3039 3136 3105 3177 ex
3159 3138 3337 3177 massa
3361 3124 3576 3193 peccati
3606 3125 3756 3179 radix
3777 3139 3840 3178 ac

570 3219 671 3273 bus
698 3228 886 3273 contra
916 3219 1009 3273 Dei
1041 3196 1371 3273 voluntatem
1399 3227 1695 3286 contraque
1726 3215 1952 3270 salutem
1983 3214 2146 3267 totius
2175 3196 2220 3258 (ἶ
2241 3210 2421 3266 fomes
2459 3212 2802 3280 nequissimae
2847 3212 3162 3282 perditionis
3191 3212 3538 3280 Lambertus,
3595 3215 3840 3272 Widonis

567 3309 890 3366 Christiana:
918 3312 1059 3376 fidei,
1091 3328 1153 3365 ac
1183 3320 1370 3368 contra
1410 3308 1752 3380 privilegium
1796 3314 1996 3360 sanctae
2041 3303 2147 3360 Ro-

569 3420 740 3459 rnancc
767 3389 1065 3468 Ecclesize,
1095 3421 1187 3460 seu
1237 3414 1425 3458 contra
1470 3418 1674 3457 morem
1706 3399 1890 3467 reique
1922 3397 2147 3466 publica:

567 3504 770 3552 statum
796 3497 981 3552 Roma:
1005 3505 1281 3566 peractum
1310 3505 1415 3559 est,
1441 3495 1524 3550 his
1547 3493 1726 3548 missis
1752 3491 1953 3546 nostris
1979 3490 2146 3544 Paulo

565 3597 620 3643 et
643 3571 881 3659 Eugenio
915 3587 1181 3658 episcopis
1224 3586 1548 3641 verbotenus
1571 3584 1722 3640 vobis
1749 3581 1972 3638 dicenda
2000 3597 2147 3636 com-

566 3676 834 3732 misimus.
873 3675 1003 3743 ane
1033 3692 1129 3730 vos
1160 3676 1232 3730 ita
1261 3677 1481 3730 credere
1509 3675 1866 3742 deprecamur
1887 3687 1950 3726 ac
1971 3671 2014 3725 si
2046 3685 2147 3725 nos

565 3765 842 3836 vobiscum
889 3765 1203 3836 loquamur;
1259 3774 1311 3818 et
1349 3765 1650 3825 credentes,
1705 3763 1747 3816 si
1799 3760 1954 3816 nobis
2003 3758 2147 3816 ferre

563 3871 744 3927 Opem,
772 3856 856 3911 vel
886 3857 1122 3927 aliquam
1156 3856 1580 3911 consolationem
1615 3852 1862 3917 valeatis,
1902 3857 1957 3906 et
1984 3849 2146 3904 veluti

564 3937 791 4002 dilectus
831 3947 970 4002 ﬁlius
1013 3949 1320 4002 reverendae
1359 3947 1519 4000 matri
1559 3945 1787 4009 assolet,
1838 3944 2146 4000 omnimodo

569 4039 866 4094 conferatis
879 4040 1236 4108 deposcimus.
1258 4039 1457 4090 llahebi
1469 4038 1535 4091 tis
1552 4038 1694 4090 enim
1721 4051 1818 4105 pro
1831 4037 1914 4091 his
1929 4043 2145 4091 sanctos

568 4127 843 4197 apostolos
871 4127 1162 4196 adjutores,
1212 4137 1266 4180 et
1312 4141 1410 4179 nos
1453 4125 1798 4196 possidebitis
1838 4126 2146 4180 devotiores

562 4224 777 4272 vestros
804 4216 946 4285 apud
986 4214 1266 4270 Dominum
1312 4230 1526 4284 semper
1565 4215 1971 4270 intercessores.
2011 4216 2144 4269 Data

565 4322 623 4365 tv
649 4303 918 4362 Kalendas
947 4305 1120 4360 Martii
1152 4304 1217 4378 [[.
1247 4305 1392 4371 Maii,
1423 4315 1477 4359 ut
1515 4315 1717 4360 constat
1755 4322 1818 4360 ea:
1855 4307 2142 4376 superiori-

565 4397 706 4474 bus],
739 4400 1030 4457 indictione
1057 4416 1136 4454 χι.
1209 4391 1212 4394 ⁴

1265 4491 1423 4548 CXV.

901 4604 971 4644 Αῐ)
1009 4601 1309 4644 LUDOVICUM
1347 4601 1550 4640 BALBUM
1593 4601 1789 4642 REGE!!—

1169 4681 1345 4752 (Anno
1393 4678 1540 4750 878.)

563 4767 813 4842 Deplorat
878 4781 1092 4824 mortem
1155 4769 1332 4826 Caroli
1381 4770 1709 4842 imperatoris
1767 4771 1932 4840 patris
1977 4771 2136 4842 ejus:

649 4841 875 4894 'tortatar
900 4856 952 4893 ut
981 4857 1154 4909 pacem
1201 4841 1380 4894 habeat
1411 4857 1524 4894 cum
1573 4841 1775 4909 regibus
1819 4841 2137 4911 consangui-

636 4911 746 4966 neis
766 4912 972 4982 suisset
1013 4911 1260 4965 Ecclesia
1297 4912 1537 4964 inimicos
1571 4919 1927 4982 persequatur,
1954 4913 2138 4981 praeci-

629 4998 730 5052 pue
765 4979 1097 5036 Lambertum
1163 4983 1363 5052 ducem,
1421 4979 1767 5052 cajysudiras
1836 4979 2132 5052 infestatio-

631 5049 720 5106 nes
742 5051 1374 5118 commemorat;denique
1409 5052 1463 5102 in
1483 5049 1724 5104 Calliam
1762 5069 1814 5105 se
1840 5049 2129 5118 venturum,

629 5123 803 5193 ibique
831 5122 1091 5192 synodum
1131 5119 1507 5174 celebraturam
1531 5121 1811 5189 signiﬁcat.

629 5213 904 5270 LUDOVICO
946 5213 1178 5284 glorioso
1203 5211 1341 5281 regi,
1387 5210 1496 5264 ﬁlio
1545 5211 1680 5266 divae
1721 5213 1994 5269 memoriae
2033 5215 2133 5271 Ca-

561 5304 662 5361 roli
687 5304 730 5359 ll
758 5305 1102 5375 imperatoris
1142 5304 1386 5376 Augusti.
1626 5299 1628 5301 ’
1933 5293 1936 5296 ’

626 5394 840 5462 Quanto
853 5398 1044 5452 deinde
1059 5413 1242 5455 amore
1256 5393 1557 5457 dilectionis
1571 5419 1666 5472 pro
1683 5412 1894 5459 tantoru
1905 5418 1951 5455 m
1966 5389 2136 5455 bono-

555 5501 682 5544 rum
695 5491 1002 5552 virtutibus,
1022 5503 1072 5547 et
1089 5508 1186 5563 pro
1199 5495 1582 5564 omnipotentis
1599 5497 1687 5552 Dei
1706 5495 2033 5567 quotidianis
2049 5512 2136 5567 ge-

556 5581 786 5636 nitorem
802 5593 1038 5639 vestrum
1053 5587 1227 5642 dilexe
1237 5586 1277 5640 ri
1287 5603 1404 5642 mus
1421 5589 1671 5652 cultibus,
1691 5591 1903 5652 hormn,
1918 5589 2134 5645 Christo

554 5676 896 5731 conscientiae
910 5687 1105 5733 nostra:
1119 5687 1274 5744 teste,
1292 5681 1493 5750 absque
1505 5682 1737 5752 lacryma
1747 5696 1863 5734 rum
1878 5680 2133 5736 elfusionc

552 5759 818 5820 factorum
847 5769 1122 5826 reminisci
1167 5769 1476 5828 nullatenus
1519 5787 1822 5844 possumus.
1862 5772 1927 5826 Et
1957 5788 2131 5842 quan-

2165 4541 2223 4603 Ι)

2248 3303 2520 3371 quondam
2563 3302 2838 3372 Spoletani
2865 3303 3018 3358 ducis
3050 3305 3352 3360 horrendus
3398 3304 3570 3372 ﬁlius,
3609 3305 3846 3362 fatemur

2249 3397 2555 3452 membrum
2604 3395 2950 3460 Antichristi,
2996 3397 3086 3465 qui
3134 3397 3451 3454 adversatur
3473 3407 3530 3451 et
3559 3399 3842 3454 extollitur

2249 3487 2559 3554 derogando
2581 3487 2845 3542 adversus
2886 3498 3066 3542 ortum
3114 3488 3311 3558 regalis
3341 3490 3635 3558 progeniei,
3680 3500 3740 3543 et
3773 3503 3840 3546 se

2249 3576 2423 3646 turpis
2493 3575 2628 3630 lucri
2706 3577 2984 3646 cupidum-
3020 3576 3351 3632 clandestina
3405 3577 3838 3646 machinatione,

2251 3671 2563 3741 rapacitatis
2616 3671 2827 3734 ardore,
2860 3687 3002 3725 nunc
3032 3671 3140 3727 huc
3189 3681 3350 3742 atque
3380 3671 3501 3727 illuc
3555 3673 3842 3744 tergiver-

2252 3764 2444 3828 sando,
2484 3778 2606 3815 cum
2658 3763 2866 3816 moecha
2909 3778 3096 3816 sorore
3149 3763 3379 3828 liotilde,
3419 3777 3652 3832 eumque
3686 3779 3844 3820 eom-

2240 3843 2386 3923 iplice
2437 3868 2535 3908 suo
2581 3851 2747 3906 inﬁdo
2783 3850 3071 3922 Adelgerto
3124 3854 3456 3920 marchione,
3491 3854 3604 3910 imo
3649 3855 3838 3923 patriae

2248 3945 2526 4014 praedone,
2564 3945 2628 3998 ad
2663 3942 2875 4008 falcem,
2916 3953 2974 3997 ut
3010 3961 3136 3999 vera
3192 3944 3336 3999 fama
3393 3945 3610 4012 volitat,
3663 3947 3836 4018 impl-

2247 4035 2458 4100 denter,
2489 4032 2632 4104 quod
2659 4032 2802 4088 Deus
2835 4043 3066 4098 avertat,
3093 4035 3374 4090 sustollere
3411 4036 3647 4092 Romani
3673 4040 3830 4110 impe-

2249 4127 2344 4192 rii;
2383 4134 2438 4180 et
2490 4142 2649 4189 nunc,
2689 4133 2875 4196 utpote
2924 4127 3252 4183 abominatio
3295 4127 3651 4188 desolationis
3677 4141 3832 4201 atque

2246 4217 2563 4288 perditionis
2594 4217 2756 4280 ﬁlius,
2799 4225 2964 4287 caput
3011 4218 3209 4288 scorpii
3267 4229 3323 4273 et
3378 4220 3588 4290 aspidis
3639 4222 3828 4284 surda,

2251 4309 2482 4365 destruit
2512 4310 2834 4380 dilapidans,
2870 4324 3075 4382 perque
3129 4326 3358 4382 nequam
3397 4328 3529 4380 suos
3581 4311 3832 4386 disperdit

2245 4399 2530 4468 prtedones
2585 4415 2800 4457 onmem
2848 4402 3136 4457 terminum
3171 4404 3344 4459 sancti
3377 4403 3528 4466 Petri
3579 4422 3648 4464 ac
3689 4407 3830 4462 Pauli

2246 4499 2611 4560 protectorum
2641 4494 3077 4559 vestrorum,ubi
3097 4503 3151 4549 et
3167 4510 3380 4565 proque
3411 4511 3473 4550 re
3498 4511 3831 4568 omnespene

2249 4583 2420 4638 nostri
2454 4581 2637 4639 ﬁdeles
2661 4583 2712 4637 in
2739 4594 3112 4654 paupertatem
3137 4601 3199 4641 ac
3228 4589 3618 4645 necessitatem
3633 4591 3833 4646 retinui

2248 4677 2518 4742 videntur,
2545 4677 3009 4746 sacramentisque
3038 4687 3097 4732 ut
3126 4679 3228 4734 sibi
3276 4682 3614 4751 conspirent,
3662 4695 3720 4740 et
3772 4702 3834 4742 ne

2246 4771 2311 4823 ad
2375 4778 2615 4824 nostram
2651 4780 2940 4826 occurrant
2968 4771 3290 4840 iussionem,
3335 4777 3518 4832 omnis
3575 4782 3832 4837 territorii
3861 4805 3892 4814 υ

2245 4845 2554 4917 sanctorum
2595 4861 2958 4930 apostolorum
2999 4864 3247 4920 homines
3287 4869 3669 4940 constringam
3726 4887 3825 4927 non

2245 4955 2446 5010 omisit.
2471 4953 2622 5008 Nunc
2645 4955 2806 5010 etiam
2842 4953 3138 5010 Tarentum
3159 4956 3425 5028 legatione
3443 4960 3655 5016 directa
3679 4977 3832 5033 paga-

2239 5045 2344 5109 nis,
2360 5044 2605 5112 donaque
2621 5044 3013 5110 transmittens,
3029 5053 3194 5116 atque
3207 5046 3278 5101 ab
3293 5047 3374 5103 eis
3393 5049 3696 5120 accipiens,
3715 5066 3834 5120 sup-

2238 5136 2447 5206 pliciter
2485 5136 2805 5206 deprecatus
2853 5143 2956 5204 est,
2994 5144 3055 5189 ut
3105 5137 3228 5202 sibi,
3279 5153 3402 5194 cum
3461 5139 3832 5210 signiﬁcem

2239 5227 2448 5290 fuisset,
2482 5228 2762 5298 phalangae
2786 5228 3046 5298 Agarenaa
3085 5229 3152 5284 ad
3197 5230 3495 5298 perniciem
3534 5230 3830 5287 Christiani

2239 5318 2416 5389 populi
2441 5319 2761 5388 quantocius
2789 5317 3035 5374 deferant
3063 5319 3292 5374 auxilia.
3329 5320 3576 5386 Qualiter
3595 5323 3831 5392 denique

2242 5410 2431 5467 fraude
2455 5411 2726 5482 nequitiae,
2758 5419 2812 5467 et
2843 5427 2939 5480 per
2965 5409 3288 5480 periurium,
3316 5413 3369 5467 in
3398 5413 3520 5467 sinu
3571 5413 3832 5470 Ecclesia:

2243 5513 2444 5558 nostra:
2492 5520 2590 5558 nos
2620 5503 2912 5573 deceperit,
2944 5504 3244 5574 urbemque
3285 5519 3494 5560 sacram
3546 5505 3829 5570 invaserit,

2242 5597 2330 5652 hic
2357 5613 2420 5651 ea
2448 5598 2565 5652 ideo
2595 5598 2969 5668 przetereundo
2995 5599 3237 5664 silemus,
3277 5599 3402 5667 quia
3432 5599 3486 5652 in
3532 5598 3643 5653 alio
3697 5614 3830 5670 opu-

2241 5690 2390 5745 sculo
2449 5693 2514 5742 ad
2558 5689 2798 5744 omnium
2853 5689 3288 5745 Christianorum
3347 5688 3620 5754 notitiam,
3699 5701 3832 5758 quos

2240 5780 2442 5836 idcirco
2465 5780 2826 5837 anathematis
2850 5781 3078 5837 vinculis
3125 5779 3524 5844 innodavimus,
3568 5778 3828 5836 nonnulla
