3984 5430
74 199 186 256 ’ῑ69

1319 206 1679 266 ΕΡ18ΤΟῙΔῙΕ
1714 209 1804 266 ΕΤ
1844 211 2189 272 DECRETA.

3257 231 3364 291 770

73 311 387 383 conscripta
419 321 716 370 teneamus.
750 313 856 370 Pro
881 330 988 386 qua
1015 333 1094 385 re,
1125 318 1343 376 domine
1368 321 1441 376 ﬁli
1465 323 1671 378 charis—
1699 328 1746 390 Α
1776 327 1890 382 aliis
1934 332 2304 398 comprobatur
2333 332 2516 405 (Prov.
2549 337 2716 409 xvn);
2743 347 2797 396 et
2819 343 2958 400 bene
2989 346 3144 404 nobis
3170 350 3362 410 ﬁliatio

72 406 234 470 sime,
269 415 460 460 contra
483 423 619 461 nova
661 417 715 462 et
741 409 979 464 inaudita
1031 413 1082 482 in
1132 413 1462 470 Christianis
1507 416 1668 483 mala,

72 514 274 552 novum
308 496 416 567 iam
455 499 630 556 fessus
663 509 718 556 et
754 501 1011 575 fatigatus
1050 509 1370 563 certaminis
1400 509 1668 575 laborem,

71 589 284 643 navalis
331 589 537 645 scilicet
567 593 811 661 periculi,
835 593 1136 667 ﬂuctusque
1178 601 1363 665 maris,
1392 618 1671 660 assumere

69 682 410 748 desiderans,
482 699 570 739 me
622 687 784 742 tantis
831 691 1086 758 periculis
1143 691 1295 763 [edit.
1339 693 1491 750 Rom.
1547 697 1670 768 legit

70 775 476 830 assumereiter
497 776 562 830 de
584 782 994 836 transmetantis
1017 782 1292 852 periculis,
1319 785 1452 857 ctc.]
1478 788 1547 842 ad
1573 804 1668 844 vos

68 867 340 924 veniendo
365 884 464 939 pro
505 869 869 927 Ecclesiarum
899 885 1209 931 sanctarum
1255 879 1498 934 omnium
1529 880 1666 936 libe-

70 960 305 1026 ratione,
318 961 473 1030 juxta
488 961 828 1032 Apostolum,
860 981 963 1018 non
995 966 1200 1024 faciens
1227 971 1462 1024 animam
1489 987 1663 1028 meam

65 1051 448 1118 pretiosiorem
478 1067 640 1122 quam
691 1070 796 1110 me.
831 1054 898 1108 Et
935 1071 1084 1124 ecce,
1137 1069 1398 1129 quantum
1435 1061 1503 1115 ad
1558 1062 1663 1117 mei

63 1143 362 1200 ministerii
410 1145 652 1216 regimen
708 1157 943 1217 spectat,
974 1164 1081 1204 non
1114 1166 1304 1208 recuso
1336 1168 1432 1222 pro
1462 1153 1662 1210 Christi

61 1237 283 1293 Domini
313 1239 521 1304 ovium,
551 1254 654 1310 ope
679 1238 818 1309 ejus,
849 1241 1169 1298 liberatione
1192 1244 1662 1310 mori,detrimen-

59 1339 292 1398 tumque
318 1328 567 1386 suﬁ'erre.
608 1330 739 1396 Vos,
769 1347 952 1402 quaeso
1001 1333 1222 1401 obnixe,
1253 1351 1373 1401 vos,
1406 1336 1479 1391 ﬁli
1523 1337 1659 1391 cha-

53 1417 303 1484 tissime,
326 1419 594 1492 lacrymas
620 1437 770 1479 meas
793 1424 1128 1494 arduumque
1152 1426 1390 1482 laborem
1407 1428 1657 1498 aspicite;

51 1520 110 1565 et
153 1511 228 1566 ad
277 1511 648 1570 defensionem
699 1524 902 1571 sanctas
935 1517 1130 1572 matris
1169 1530 1363 1574 vestrae
1418 1529 1658 1575 vestrum

48 1603 303 1658 animum
316 1603 664 1676 ﬁdeliumque
674 1617 986 1662 vestrorum
1003 1608 1385 1665 adhortatione
1400 1612 1655 1666 continua

46 1707 381 1766 praeparate,
434 1706 489 1752 et
536 1714 748 1755 mecum
787 1701 1119 1756 unanimiter
1172 1701 1313 1773 lupis
1371 1704 1660 1772 rapacibus
1686 1703 1889 1779 B-dux,
1941 1715 2188 1774 Widonis
2238 1723 2507 1792 quondam

45 1788 283 1845 baculos
308 1791 709 1862 redargutionis
729 1794 944 1849 studete
969 1802 1152 1849 tenere
1170 1811 1185 1859 ;
1201 1803 1489 1864 quatenus,
1514 1796 1664 1851 duce

42 1880 334 1952 Unigeniti
401 1885 596 1954 gratia,
668 1895 791 1953 post
856 1885 1014 1956 longa
1091 1894 1390 1956 temporum
1451 1888 1645 1956 spatia,

41 1984 439 2043 cooperatores
484 1973 662 2030 effecti
712 1977 888 2030 nostri
932 1977 1272 2043 certaminis,
1311 1979 1378 2032 de
1407 1992 1649 2048 purpura

41 2065 283 2129 terreni,
335 2065 548 2135 imperii
581 2067 648 2120 ad
680 2081 936 2122 coronam
966 2068 1154 2123 venire
1186 2068 1415 2124 valeatis
1458 2084 1652 2140 perpe-

39 2163 218 2208 tuam.
284 2155 352 2208 Et
415 2156 672 2225 epistolas
734 2157 989 2228 reliquas,
1071 2175 1212 2231 quas
1281 2161 1650 2219 confratribus

35 2248 272 2312 vestris,
322 2247 722 2305 Carolomanno
757 2251 1036 2320 videlicet,
1069 2262 1126 2309 et
1153 2254 1450 2322 Ludovico,
1481 2267 1648 2329 atque

36 2337 247 2395 Carolo
275 2340 498 2409 juniori,
551 2342 835 2413 dirigimus
863 2359 961 2415 pro
1011 2344 1201 2400 talium
1242 2347 1643 2417 adhortatione,

33 2445 338 2501 precamur
358 2433 542 2502 gloriae
564 2444 760 2492 vestrae
788 2437 1117 2504 decentiam,
1147 2442 1364 2497 easdem
1396 2443 1502 2499 illis
1530 2446 1646 2501 sine

30 2539 199 2580 mora
226 2526 496 2583 destinare
525 2529 843 2599 dignemini,
874 2531 1234 2602 omnibusque
1263 2539 1644 2594 reverentissi-

30 2615 150 2672 mis
202 2617 642 2690 archiepiscopis,
711 2630 768 2676 et
810 2621 957 2678 clero
1012 2623 1183 2681 totius
1232 2626 1443 2684 ordinis
1489 2631 1644 2701 regni

26 2708 233 2772 vestri,
271 2717 496 2777 paterna
550 2720 676 2782 peto
700 2713 1081 2774 adhortatione
1121 2717 1422 2790 signiﬁcari
1447 2723 1645 2790 praeci-

26 2797 172 2866 pite,
201 2800 479 2868 quoniam,
509 2802 738 2860 Domino
755 2807 1067 2875 miserante,
1094 2811 1234 2880 apud
1249 2825 1348 2868 vos
1374 2813 1639 2884 synodum

23 2889 371 2946 celebraturi
394 2907 581 2949 sumus
609 2895 821 2952 cunctis
857 2899 1073 2968 populis
1098 2898 1424 2957 Christianis
1444 2916 1639 2972 perne-

23 2983 357 3037 cessariam.
376 2985 720 3056 Quaecunque
739 3003 906 3045 nosse
921 3005 1018 3046 vos
1029 2991 1298 3060 cupimus,
1326 3008 1460 3049 sane
1487 2995 1640 3051 dein-

1778 421 2086 491 adoptionis
2115 436 2310 486 vestrae
2330 430 2629 498 spiritualis
2661 433 2844 490 favere
2877 438 3097 507 valebit,
3131 445 3175 500 si
3205 449 3358 516 pacis

1775 523 1830 568 et
1853 517 2226 574 unanimitatis
2265 537 2385 576 cum
2412 521 2668 581 fratribus
2720 531 2931 597 vestris,
2979 532 3195 592 Christo
3237 541 3354 609 opi-

1774 605 1892 669 ﬁce,
1927 611 2270 667 concorditer
2299 623 2480 672 tenere
2507 619 2754 675 consulte
2787 625 3032 692 satagitis
3056 605 3354 698 vinculum;

1773 699 1900 768 quia
1929 700 1984 754 in
2011 711 2190 757 vestra
2241 719 2398 774 pace,
2428 709 2687 777 fatentur,
2718 715 2882 770 totius
2910 715 3202 776 Christiani
3251 738 3353 794 po-

1771 789 1879 860 puli
1899 791 2053 847 'salus
2081 795 2330 851 consistit
2356 813 2372 864 ;
2401 814 2506 869 qua
2536 801 2750 858 demum
2787 809 3134 877 necessitate,
3177 789 3354 884 quave

1771 881 1983 952 fatigati
2055 889 2344 959 angustia,
2395 893 2608 949 relicta
2653 897 2780 951 sede
2852 902 3069 971 propria
3129 881 3350 976 aposto-

1770 973 1858 1030 lici
1909 978 2184 1047 culminis,
2245 985 2507 1054 compulsi
2549 1003 2738 1044 sumus
2800 990 3084 1051 Franci-am
3138 973 3350 1069 petere,

1771 1079 1978 1136 vosque
2032 1079 2260 1139 paterno
2308 1074 2505 1132 affectu
2563 1079 2876 1150 deposcere,
2924 1097 3191 1156 quatenus
3243 1108 3350 1150 una

1769 1161 2050 1218 nobiscum
2082 1168 2239 1236 positi
2271 1170 2336 1226 de
2362 1177 2636 1230 communi
2681 1179 2984 1239 salvatione
3013 1186 3352 1245 sanctat‘Ro-

1769 1267 1943 1308 mana:
1967 1255 2224 1315 Ecclesia:
2261 1271 2316 1316 et
2356 1265 2666 1334 rcipuhlicm
2703 1281 2847 1328 statu
2880 1283 3262 1348 tractaremus,
3293 1283 3349 1338 in
3440 1273 3442 1275 ’

1764 1348 2107 1414 paucissimis
2135 1368 2275 1409 nunc
2304 1359 2689 1428 patefacimus,
2718 1365 2844 1434 quia
2870 1367 2928 1423 in
2950 1370 3056 1426 alio
3085 1377 3350 1442 opusculo

1765 1438 1998 1506 qualiter
2027 1442 2232 1500 nefarie
2272 1447 2342 1502 sit
2368 1459 2646 1518 peractum
2694 1456 2760 1512 ad
2799 1461 3040 1518 omnium
3086 1438 3347 1523 Christia-

1764 1543 1956 1585 norum
1992 1533 2241 1590 notitiam
2279 1551 2591 1598 reservatur
2615 1549 3031 1620 conscriptum;
3053 1557 3198 1627 quod
3224 1539 3354 1616 luce-

1763 1620 2304 1738 elarittsugdvertitis.
2361 1632 2685 1738 Latnbc‘rtus
2733 1620 3344 1738 Spoletanus-perlidps

2561 1717 2758 1800 ‘surps,
2808 1717 3140 1804 perditionis.
3169 1717 3364 1818 mitts,

1757 1803 1810 1856 in
1849 1816 2110 1873 quantam
2135 1815 2440 1882 superbiam
2471 1834 2568 1888 pro
2595 1803 2916 1893 cupiditate,
2962 1839 3021 1882 ut
3045 1803 3364 1906 famapveraI

1754 1907 1812 1947 se
1839 1895 2021 1962 habet,
2055 1899 2280 1958 Romani
2320 1905 2529 1976 imperii
2565 1917 2825 1984 eruperit,
2853 1920 2906 1974 in
2939 1899 3144 1982 nostris
3174 1898 3342 1998 tribu,-

1754 1981 2043 2006 lna:-_:|-__L
2097 1999 2135 2006 ,.
2499 1999 2530 2006 ..
2952 1997 2954 2002 ι
3237 1993 3240 2004 ι
3337 1987 3366 2006 τ-

1753 1981 2046 2042 lationibus
2088 1999 2249 2060 atque
2298 1999 2561 2066 angustiis
2588 1981 2778 2071 procul
2805 1981 2969 2066 dubio
2997 1981 3342 2086 cognoscetis

1754 2074 1821 2169 ad
1854 2073 2137 2144 liquidum.
2191 2081 2418 2139 Romam
2471 2090 2735 2160 siquidem
2780 2073 3113 2159 clandeStiria
3148 2093 3364 2169 fraude"

1752 2163 2005 2221 devotum
2043 2171 2227 2227 venire
2253 2188 2310 2228 se
2351 2177 2631 2248 simulans,
2662 2200 2691 2238 a
2721 2185 2876 2242 nobis
2904 2191 3050 2246 velut
3081 2193 3219 2251 ﬁlius
3239 2187 3336 2278 pa-l
3363 2255 3368 2264 ρ

1753 2254 1830 2278 ΛΞ,
1877 2255 2101 2278 ιιηκξμ---
2158 2276 2170 2278 _
2203 2277 2235 2278 ,,
2353 2274 2363 2278 _
2566 2272 2578 2278 -
2601 2273 2615 2278 -
2683 2273 2696 2278 -
2771 2273 2798 2278 λ.
2852 2273 2854 2276 .
3239 2275 3242 2278 .
3297 2269 3299 2274 -
3363 2267 3368 2278 .-

1752 2254 1832 2308 058
1876 2255 2107 2329 benigne
2154 2274 2458 2334 susceptus,
2487 2272 2617 2339 quid
2649 2273 2902 2332 virulenti
2935 2283 3143 2339 consilii
3172 2254 3336 2346 οοῖ-άέ
3363 2255 3373 2278 ᾧ

1748 2346 1989 2415 gestiens
2018 2349 2079 2421 [f.
2103 2355 2344 2429 gereret]
2369 2357 2421 2412 in
2445 2363 2738 2419 crastinum
2765 2373 3042 2439 sequentis
3071 2373 3175 2431 dici
3198 2353 3366 2436 dilu-‘l

1750 2436 1932 2492 culum
1979 2442 2403 2502 demonstravit:
2429 2465 2553 2506 nam
2588 2436 2859 2524 deputatis
2881 2461 3213 2535 custodibus,

1756 2543 1875 2632 rum
1923 2533 2085 2632 etiam
2133 2537 2474 2607 satellitibus,
2521 2545 2588 2598 ad
2635 2558 2846 2617 portam
2895 2551 3054 2614 Urbis
3098 2533 3218 2632 qua:
3265 2533 3368 2632 adi:

1746 2617 1894 2673 beati
1943 2619 2087 2676 Petri
2136 2628 2500 2695 apostolorum
2528 2636 2810 2709 principis
2857 2617 3364 2721 etintibus‘paitdi—t:.'

1745 2707 1867 2775 iter,
1905 2711 2108 2767 nullum
2147 2725 2453 2805 nostrorum
2497 2707 2742 2782 ﬁdelium
2781 2732 2846 2784 ad
2875 2748 2974 2790 nos
3017 2707 3198 2810 egredi
3239 2707 3364 2814 pa?"

1744 2800 1906 2866 tiens,
1933 2803 2083 2860 cibos
2114 2800 2420 2868 deterentes
2451 2829 2731 2886 coercens,
2769 2800 3331 2890 asserttCaroloman-

1742 2909 1874 2949 num
1917 2907 2107 2968 regem'
2151 2901 2250 2956 sibi
2298 2903 2423 2960 talia
2478 2908 2749 2969 horrenda
2781 2915 2958 2976 facere
2983 2899 3380 2997 prtecepisseab

1741 2986 1894 3054 Quod
1940 2990 2144 3048 idcirco
2190 3010 2296 3050 non
2346 3015 2632 3068 possumus
2661 3011 2901 3077 credere,
2951 3017 3204 3085 quoniam
3259 3037 3323 3078 ex

2347 3064 2362 3068 _
2956 3064 3204 3085 -ιη..--.-...
3259 3064 3322 3078 ω.

22 3088 165 3144 ceps
221 3091 408 3132 sumus
450 3080 624 3134 acturi
679 3079 748 3136 de
798 3082 1030 3151 ηθεοιίίε
1084 3084 1491 3142 ecclesiasticis.
1554 3087 1632 3144 Te
1662 3064 1710 3130 C
1740 3089 1920 3134 vestra
1948 3087 2204 3153 progenie
2232 3087 2409 3144 nullus
2437 3094 2701 3150 cervicem
2726 3101 2954 3169 superbe
2976 3117 3161 3162 contra
3185 3108 3327 3169 hanc
3367 3101 3370 3104 ’

21 3181 276 3237 quoque,
304 3168 625 3226 charissime
663 3172 762 3238 ﬁli,
801 3175 1130 3232 auctoritate
1175 3178 1346 3233 sancti
1393 3178 1628 3250 Spiritus

17 3258 126 3314 Dei
182 3261 380 3327 nostri,
413 3263 478 3316 ad
528 3263 703 3318 vicem
742 3265 1004 3334 genitoris
1027 3267 1194 3323 vestri
1224 3269 1407 3324 domni
1451 3269 1627 3327 Caroli

13 3352 280 3420 perpetui
344 3353 689 3422 imperatoris
733 3356 1040 3429 Augusti;a
1080 3361 1304 3417 secretis
1360 3363 1629 3421 constituo

13 3457 215 3497 meum
236 3443 628 3511 consiliarium,
659 3448 771 3516 qui,
805 3457 865 3503 ut
889 3449 998 3507 dici
1027 3452 1246 3520 assolet,
1282 3468 1411 3523 pars
1430 3457 1624 3511 animae

8 3548 162 3588 mea:
219 3531 344 3601 fuit,
374 3543 431 3589 et
481 3550 710 3606 quaeque
756 3541 961 3610 agenda
993 3552 1140 3608 sunt,
1171 3559 1303 3615 coge
1343 3547 1628 3617 adunaque

7 3622 320 3678 consilium
356 3639 368 3676 :
397 3625 522 3692 quia
575 3625 632 3680 in
665 3625 814 3682 fonte
849 3629 928 3683 tui
954 3632 1134 3686 cordis
1185 3633 1420 3703 primum
1466 3636 1627 3692 intin-

6 3715 240 3786 gendus
260 3712 523 3783 calamus,
551 3715 745 3773 deinde
777 3733 969 3776 manus
998 3730 1185 3779 nostra
1205 3721 1463 3781 formabit
1495 3727 1626 3783 cha-

6 3806 266 3862 racteris
293 3807 496 3876 apices.

735 3902 919 3961 CXVI.

212 4004 282 4042 AD
311 4004 614 4049 ιυυονιοωι
642 4008 1010 4050 BAIOARIORUH
1041 4011 1192 4053 REGIS
1218 4014 1426 4055 FILIUM.

644 4063 824 4136 (Anno
859 4067 1011 4136 878.)

3 4127 294 4209 Hortatur
333 4130 403 4209 qd
432 4127 750 4209 servandam
779 4133 962 4209 pqcem
993 4127 1110 4192 rum
1138 4140 1502 4209 patruelibus;
1539 4144 1622 4197 in-

80 4197 319 4281 vehitur.
343 4199 412 4283 in.
431 4197 792 4284 Larnbertum:
817 4197 1162 4284 Spoletanun't
1218 4211 1403 4284 ducem
1431 4229 1444 4267 :
1469 4197 1619 4284 rogat

76 4268 347 4338 episwpis
367 4272 621 4342 signiﬁcet
644 4283 701 4327 ut
723 4275 792 4329 ad
823 4268 1083 4346 synodum
1106 4280 1384 4337 accedant.

79 4356 373 4416 Lunovtco
403 4360 777 4431 Bajoariorum
811 4367 956 4437 regis
984 4366 1114 4422 ﬁlio.

79 4447 376 4518 Scriptum
415 4454 559 4508 enim
582 4469 712 4511 vero
735 4456 790 4510 in
821 4455 1114 4513 Salomone
1142 4459 1372 4531 legimus
1396 4482 1408 4518 :
1437 4463 1612 4523 Filius

0 4541 230 4612 sapiens
277 4541 510 4612 loeti/ica:
536 4556 762 4615 patrem,
795 4557 842 4601 et
868 4558 945 4602 est
973 4550 1230 4620 gaudium
1280 4559 1465 4610 man-is
1494 4575 1612 4629 qua:

0 4630 196 4703 genuit
233 4647 350 4687 eum
400 4632 584 4705 (Prov.
615 4640 708 4710 x);
741 4651 1091 4712 quapropter,
1118 4644 1374 4712 quoniam
1403 4657 1476 4712 te,
1511 4647 1613 4703 Lu-

0 4721 213 4777 lovico
267 4722 372 4778 ﬁlio
415 4724 614 4791 Caroli,
661 4729 937 4788 Ludovico
979 4731 1092 4788 ﬁlio
1139 4735 1397 4795 Ludovici
1445 4741 1608 4810 regis,

1651 4413 1702 4474 Ι)

1735 3170 1929 3225 extulit
1976 3175 2182 3242 sedem,
2218 3177 2310 3232 sed
2343 3191 2566 3252 propter
2612 3183 2781 3242 Deum
2829 3191 3140 3263 suppliciter
3186 3201 3324 3258 colla

1732 3262 2002 3318 submisit.
2032 3263 2159 3330 Nos,
2204 3267 2278 3324 ﬁli
2316 3271 2660 3342 charissime,
2702 3295 2801 3349 pro
2835 3262 3048 3341 Domini
3077 3287 3320 3358 Ecclesia
3349 3275 3352 3278 1

1732 3361 1786 3408 et
1811 3352 1926 3422 ejus
1955 3356 2147 3414 ovibus
2174 3360 2408 3416 animam
2436 3378 2639 3434 ponere
2670 3371 2968 3440 cupientes,
2995 3392 3122 3436 ecce
3151 3355 3318 3438 mari-
3377 3379 3379 3382 ⁴

1731 3456 1832 3497 nos
1857 3443 2052 3500 ﬁnctus
2081 3448 2358 3519 undasque
2405 3452 2534 3508 salis
2564 3455 2628 3509 ad
2651 3472 2746 3514 vos
2781 3463 3046 3523 veniendo
3072 3484 3170 3538 per
3192 3470 3322 3525 diﬂi-
3369 3531 3374 3544 ἱ

1732 3533 1961 3588 cileiter
1987 3540 2404 3608 assumpsimus,
2430 3544 2814 3619 vobiscumque
2835 3553 2992 3610 simul
3011 3533 3191 3631 po-siti,
3222 3563 3321 3620 Do-

1730 3625 1878 3680 mino
1939 3627 2251 3694 miserante,
2290 3633 2648 3691 univcrsalem
2715 3643 2979 3714 synodum
3011 3625 3316 3712 vcelebrare

1728 3719 2067 3789 disponimus
2113 3725 2274 3782 totius
2321 3738 2523 3785 sanctae
2564 3731 2840 3804 Ecclesiae,
2869 3740 3022 3798 vobis
3050 3727 3315 3806 obsecun?
3359 3809 3362 3812 ,

1727 3810 2001 3878 dantibus,
2049 3827 2365 3884 provectum
2414 3830 2467 3876 et
2497 3824 2880 3883 exultationem
2929 3831 3048 3889 loco
3087 3852 3316 3908 percon-

1662 3925 1667 3948 ι
1727 3917 1861 3972 gruo
1888 3913 2192 3976 satagcmus
2219 3925 2501 3981 peragere.
2533 3913 2700 3981 Quod,
2731 3933 2931 3988 quaeso,
2973 3929 3123 3994 regni
3152 3931 3316 3986 vestri

1725 3995 1978 4051 omnibus
2003 3999 2430 4072 archiepiscopis
2459 4005 2907 4081 coepiscopisque
2938 3999 3138 4072 nostris
3160 4018 3316 4074 inno-
3367 4074 3370 4076 _

1726 4079 1936 4141 tescere
1965 4087 2283 4159 dignemini,
2309 4094 2638 4166 eosdemque
2659 4079 3033 4161 nobis—adesse
3061 4108 3316 4172 continua
3369 4083 3378 4098 ’ί

1724 4179 2041 4238 maturitate
2072 4185 2384 4243 accelerare
2409 4198 2644 4246 monete.
2677 4192 2816 4250 Data
2839 4207 2896 4252 ut
2925 4216 3108 4271 supra.

2399 4291 2605 4348 CXVII.
2627 4351 2630 4358 ,

2138 4395 2206 4435 ΔΙ)
2236 4395 2664 4443 ολιιοιοκλαιωκ
2708 4404 2904 4462 REGEII.

2344 4476 2521 4547 (Anno
2551 4479 2705 4554 878.)

2140 4559 2394 4630 Ejusdem
2426 4584 2556 4638 pene
2580 4576 2894 4642 argumenti.

1793 4649 2003 4706 Dilecto
2036 4649 2146 4704 ﬁlio
2173 4649 2576 4714 CAROLOIIANNO
2598 4659 2838 4731 glorioso
2865 4664 3008 4737 regi.

1795 4745 2006 4813 Quanta
2029 4744 2263 4814 denique
2291 4749 2621 4808 exaltatione
2645 4759 2958 4826 sponsionis
2985 4763 3190 4811 vestrae
3209 4766 3350 4807 san-

0 4813 337 4871 eteruitatis
356 4817 712 4887 ptmscientite
734 4837 846 4877 suae
865 4824 1090 4881 consilio
1106 4829 1448 4900 omnipotens
1472 4833 1610 4890 Deus

0 4919 64 4960 ex
111 4920 306 4977 regum
349 4909 853 4984 imperatorumque
889 4925 975 4973 est
1017 4919 1270 4989 dignatus
1316 4927 1612 4994 producere

0 4997 297 5068 prosapia,
321 5005 376 5053 et
402 5007 539 5054 tunc
565 5001 717 5059 illum
746 5005 906 5077 plene
933 5009 1214 5068 laetiﬁcare
1258 5019 1607 5087 contenditis,

1719 4845 1866 4894 ctam
1892 4838 2190 4892 Romanam
2213 4839 2536 4913 Ecclesium,
2558 4848 2811 4912 videlicet
2832 4862 3084 4912 matrem
3101 4851 3360 4900 vestram

1715 4933 2069 5000 omniumque
2119 4929 2579 5010 Christianorum,
2631 4959 2756 5016 quam,
2799 4965 2899 5006 vos
2927 4952 2994 5001 et
3047 4939 3195 4992 lacte
3235 4949 3374 4988 suae

1710 5023 2114 5091 praedicationis
2134 5023 2215 5116 ab
2251 5032 2514 5092 uberibus
2535 5045 2594 5094 ει
2615 5041 2684 5098 ad
2711 5037 3030 5116 mpm-galia
3078 5041 3112 5082 a
3138 5025 3382 5116 proavis

0 5087 40 5143 εί
70 5095 272 5144 νθειΐω
307 5088 470 5143 mam
514 5087 741 5164 eiusque
779 5096 1143 5157 immaculatte
1178 5119 1390 5174 sponsae
1418 5107 1608 5164 adver-
1710 5087 1930 5186 sceptra
1957 5113 2225 5182 sanguine
2263 5138 2452 5195 regum
2483 5087 2821 5190 excellente:
2839 5112 3390 5203 produxit,usttble—

0 5192 100 5203 μιιη
153 5177 530 5203 ξμρξλξιεειιξιιιηη
579 5179 718 5203 3“---
778 5195 820 5203 Α.
966 5191 1038 5203 ιιι.
1140 5193 1152 5203 ι

0 5192 103 5232 BUS
148 5177 533 5235 inSidianlium
579 5179 721 5238 icms
771 5195 933 5258 atque
963 5191 1105 5248 illius
1139 5193 1468 5254 laceratores
1495 5207 1604 5253 tota
1710 5216 1844 5261 vare
1883 5204 2106 5268 curetis,
2138 5213 2190 5258 et
2235 5177 2516 5287 epigtolari
2551 5223 2720 5284 textu,
2755 5232 2809 5279 ει
2842 5177 3231 5278 internuntiis
3259 5216 3394 5257 nu-

0 5271 202 5327 virtute
231 5269 596 5336 corneum-itis,
625 5278 776 5331 omni
809 5294 1025 5354 quoque
1053 5286 1181 5341 nixu
1223 5303 1372 5347 more
1401 5305 1600 5360 paren-
1683 5295 1810 5360 'pcr
1833 5299 1896 5352 ad
1924 5312 2022 5350 nos
2045 5269 2712 5365 directisrrcmit‘tiscimur
2732 5314 2992 5386 pleniter,
3033 5299 3398 5361 fontemque

0 5373 110 5418 tum
141 5377 554 5430 pravorumque
604 5378 912 5428 vestrorum
958 5377 1143 5430 auxilii
1175 5384 1597 5430 cnnsnlatimmm
1706 5387 1946 5430 ιιιηη-εῖηι
1979 5385 2156 5430 mntis
2185 5397 2370 5430 \‘ncII-i
2394 5392 2545 5430 cnlitn
2586 5373 2785 5430 .-.:...‘.I,.
2813 5401 3135 5430 “mmmam
3161 5389 3402 5430 vestro-
