4042 6302
549 311 666 382 I71,

1892 307 2178 374 JOANNIS‘
2213 305 2414 366 ΡΑΡᾸΞ
2453 309 2568 366 Vill

3756 318 3868 376 πὶ

548 437 710 506 derit,
742 442 894 495 tanto
921 436 1130 495 avidius
1159 435 1480 507 enixiusque
1511 435 1826 507 quotidiana
1861 432 2156 506 praestola-~
2175 434 2231 494 Α
2257 429 2483 486 nitatem
2509 440 2746 489 vestram
2777 436 3121 506 quantocius,
3157 439 3308 495 omni
3331 454 3486 497 mora
3520 443 3864 513 postposita,

551 527 696 588 tione
719 529 1012 586 adventum
1035 528 1491 599 exspectavimus,
1514 535 1715 598 quanto
1737 531 1835 598 pro
1855 534 2148 598 augmento

549 621 820 678 mercedis
860 629 1053 676 vestrae
1101 635 1201 676 nos
1247 629 1607 690 nostramque
1654 618 1953 675 Ecelesiam
1983 618 2036 672 in
2070 624 2150 672 tot

549 711 964 768 adversantibus
991 711 1352 775 laborantem,
1388 726 1550 782 super
1571 725 1762 766 omnes
1790 711 2148 780 imperatores

548 813 714 874 atque
743 819 896 875 reges
922 803 1017 880 qui
1054 813 1179 860 ante
1216 819 1312 859 vos
1347 803 1564 860 fuerunt
1605 804 1849 860 exaltare
1884 818 1949 859 ac
1975 801 2149 859 beati-

550 896 714 953 flcare
744 899 1056 954 omnimodo
1081 899 1433 972 promisistis.
1467 897 1597 964 Sed,
1630 899 1732 954 heu
1780 896 1918 967 proh
1956 893 2139 950 dolor!

547 987 691 1044 fesso
724 989 854 1045 mihi
885 1006 1222 1062 paganorum
1256 989 1634 1062 persecutione
1657 1005 1721 1044 ac
1752 987 1953 1060 gladio,
1984 995 2148 1057 atque

546 1081 847 1136 exactionis
872 1079 938 1154 [f.
979 1083 1288 1148 exactione,
1333 1080 1534 1153 HABD.]
1562 1096 1758 1136 census
1785 1079 2145 1150 vigintiquin-

545 1189 654 1243 que
699 1174 926 1229 millium
980 1173 1036 1229 in
1089 1184 1316 1246 argento
1376 1188 1756 1230 mancusorum
1813 1171 2140 1236 annualiter,

546 1265 656 1321 imo
700 1268 971 1337 praedictae
1013 1276 1203 1323 vestra:
1251 1267 1410 1322 matri
1465 1266 1680 1321 additus
1726 1264 1902 1320 civilis
1955 1279 2144 1319 mucro

545 1358 809 1428 angustiae
839 1366 941 1422 est,
969 1359 1059 1427 qui
1091 1373 1226 1428 pene
1256 1374 1354 1413 nos
1395 1355 1637 1434 funditus
1666 1357 2005 1426 percurrisset,
2040 1355 2143 1409 nisi

546 1448 723 1502 subita
752 1448 1101 1502 miseratione
1132 1449 1292 1503 illius
1311 1435 1619 1504 solaremur
1645 1447 1863 1513 auxilio,
1888 1447 1979 1518 qui
2013 1447 2142 1502 lide-

549 1537 693 1594 lilms
712 1538 974 1608 pollicens
1005 1540 1213 1609 inquit:
1240 1539 1375 1593 Ecce
1402 1557 1494 1610 ego
1541 1538 1802 1594 vobiscum
1823 1554 1938 1591 sum
1970 1537 2139 1591 enmi-

545 1629 640 1684 bus
661 1631 844 1686 diebus
886 1649 1046 1702 usque
1075 1631 1145 1686 ad
1188 1633 1687 1686 consummationem
1717 1629 1897 1684 cumuli
1925 1627 2139 1702 (Matth.

544 1721 758 1796 xxvru).
794 1721 1058 1777 Exierunt
1091 1723 1310 1792 quidam
1339 1739 1400 1776 ex
1436 1723 1627 1787 nobis,
1657 1722 1750 1776 sed
1785 1737 1889 1776 non
1924 1721 2144 1775 fuerunt

2253 536 2545 578 occurrere
2588 525 2963 593 admonemus,
3005 544 3126 583 cum
3169 532 3382 586 cunctis
3417 533 3773 604 coepisc0pis
3801 551 3864 591 ac

2254 612 2614 685 sulfraganeis
2640 618 2860 683 vestris,
2897 621 3138 690 exceptis
3169 621 3252 675 his
3277 637 3417 691 quos
3441 623 3583 678 sacri
3612 639 3866 682 canorus

2250 722 2351 778 pro
2383 708 2741 766 incommodis
2763 712 2945 768 causis
2971 722 3118 768 stare
3141 715 3438 785 patiuntur.
3480 715 3770 782 Quoniam
3812 719 3864 774 in

2251 810 2340 862 ea,
2371 795 2591 854 Christo
2617 811 2967 869 cooperante,
2995 804 3236 858 omnium
3267 805 3644 860 Ecclesiarum
3679 822 3866 876 spera-

2255 908 2376 947 mus
2414 893 2549 964 erigi
2597 905 2799 950 statum
2851 905 3014 967 atque
3052 899 3314 969 vigorem.
3357 899 3472 954 Hoc
3505 901 3725 954 iterum
3769 901 3860 954 ite-

2249 1001 2478 1057 rumque
2521 1003 2830 1054 monemus,
2880 991 3166 1045 hortamur
3207 1007 3574 1062 expressaque
3629 995 3856 1046 manda-

2248 1094 2392 1143 mus,
2424 1087 2483 1132 nt
2510 1080 2651 1134 nulla
2680 1081 2831 1136 vobis
2863 1097 3011 1138 mora
3038 1083 3352 1154 nullumque
3383 1093 3602 1155 tempus
3643 1100 3851 1155 νημε-

2250 1169 2382 1234 diat,
2422 1169 2590 1224 donec
2635 1171 2790 1225 nobis
2831 1181 3068 1227 vestrum
3111 1174 3398 1228 adventum
3450 1175 3508 1228 in
3560 1176 3860 1245 praesentia

2249 1261 2570 1330 prasbeatis;
2599 1261 2624 1299 δ
2663 1261 2716 1315 id
2743 1271 2827 1317 est
2854 1261 3127 1318 Lamberti
3157 1264 3348 1333 perlidi
3388 1263 3683 1334 Spoletani
3715 1265 3859 1321 ducis

2252 1353 2499 1408 Widonis
2531 1354 2624 1407 filii
2646 1393 2659 1418 ,
2699 1353 2925 1425 ejusque
2954 1357 3232 1426 complicis
3255 1356 3534 1412 Adelberti
3576 1358 3856 1412 marcido—

2249 1445 2354 1510 nis,
2389 1446 2492 1507 vel,
2527 1455 2582 1500 ut
2615 1447 2831 1514 melius,
2882 1449 3068 1518 patriae
3115 1449 3427 1520 proditoris,
3483 1437 3582 1518 qui
3636 1450 3852 1506 clande-

2249 1540 2392 1594 stina
2424 1539 2617 1594 fraude
2650 1541 2873 1608 paciﬁcc
2903 1543 3088 1597 venire
3123 1559 3182 1598 se
3210 1543 3499 1608 simulans,
3538 1542 3596 1597 in
3640 1542 3770 1597 dolo
3794 1544 3856 1596 ad

2246 1641 2458 1702 portam
2491 1633 2643 1688 urbis
2668 1633 2922 1687 custodes
2952 1632 3238 1702 deputans,
3286 1648 3623 1701 sacramque
3673 1633 3854 1686 civita-

2253 1729 2360 1777 tem
2392 1733 2655 1794 tyrannus
2685 1723 2914 1786 invasit,
2950 1737 3154 1791 nosque
3195 1738 3318 1778 cum
3363 1721 3626 1777 ﬁdelibus
3656 1724 3854 1779 nostris

544 1825 613 1866 ει
643 1813 818 1877 ιιοὺίε,
856 1812 1179 1868 οοηῆιθιηιιΐ
1208 1828 1383 1882 neque
1421 1828 1486 1866 0³(
1521 1812 1676 1866 "ObiS
1728 1810 1897 1883 Ηοϊιϐ
1932 1810 2141 1878 meum,
2177 1802 2224 1863 Β
2253 1816 2396 1897 intra
2444 1816 2732 1871 ecclesiam
2782 1815 2928 1871 beati
2973 1815 3119 1869 Petri
3166 1816 3543 1885 apostolorum
3593 1817 3850 1888 principis

544 1917 741 1972 neque,
772 1918 837 1958 ex
865 1903 1038 1970 vobis,
1071 1903 1289 1976 Hann],
1325 1905 1414 1974 qui
1447 1913 1594 1958 tanta
1639 1902 1935 1958 Romanam
1960 1894 2145 1958 Eceléo

544 1997 679 2058 siam
718 1999 1164 2055 dehonestatione
1211 1999 1511 2067 urbemque
1545 2013 1778 2062 sacram,
1810 2013 1907 2052 nos
1927 2011 2144 2067 quoque

544 2087 907 2161 fatigaverunt
942 2097 1104 2161 atque
1161 2099 1572 2159 oppresserunt,
1618 2098 1674 2143 ut
1720 2090 1896 2144 simile
1936 2106 2037 2145 nec
2089 2091 2142 2145 in

543 2184 868 2241 Christianis
903 2184 1119 2255 regibus
1152 2183 1353 2240 factum
1384 2185 1657 2240 reminisci
1691 2184 1798 2238 ullo
1823 2185 1979 2240 modo
2015 2199 2140 2254 posv

542 2278 633 2333 sit.
684 2274 1034 2333 Lainbertum
1077 2275 1272 2341 fateor,
1321 2286 1483 2346 atque
1534 2260 1884 2333 Adelbertum
1937 2277 2143 2331 electos

542 2369 910 2434 marchioues,
944 2370 1035 2439 qui
1067 2369 1246 2423 hostili
1273 2385 1432 2423 manu
1460 2369 1776 2440 occultaque
1801 2369 1987 2423 fraude
2010 2386 2143 2438 qua-
2172 2422 2174 2424 ,

541 2456 668 2514 liter
721 2475 822 2514 nos
869 2458 1120 2526 alfecere,
1170 2459 1423 2514 culminis
1474 2461 1638 2515 vestri
1689 2461 1916 2529 gloriam
1973 2461 2142 2516 latere

541 2550 685 2605 nulla
710 2551 884 2622 potuit
912 2552 1141 2618 ratione,
1182 2557 1323 2621 quod
1358 2552 1423 2604 ad
1450 2552 1692 2606 oumium
1723 2563 1963 2606 vestrum
1996 2555 2138 2607 noti-

545 2644 674 2699 tiam
708 2644 760 2699 in
793 2661 889 2699 suo
928 2645 1188 2714 scriptum
1222 2652 1435 2699 tenetur
1464 2645 1743 2712 opusculo.
1781 2643 1945 2700 Nobis
1971 2646 2142 2698 enim-

542 2748 674 2789 vero
699 2734 766 2787 ad
799 2751 894 2789 vos
935 2736 1078 2789 inter
1120 2747 1313 2789 caetera
1359 2734 1501 2789 mala
1544 2736 1648 2789 iter
1677 2735 1920 2790 clausere
1953 2737 2137 2791 venire

481 2817 484 2822 ’
549 2824 930 2893 cupientibus;
963 2839 1069 2894 qua
1095 2826 1419 2880 necessitate
1447 2827 1738 2898 compulsi,
1770 2828 1983 2890 navale,
2017 2829 2135 2881 aui-

544 2928 687 2968 mam
713 2924 821 2982 prae
854 2915 1099 2969 manibus
1130 2913 1412 2977 habentes,
1446 2917 1839 2986 assumpsimus
1869 2918 2140 2972 laboriose

543 3005 866 3076 periculum,
916 3015 971 3060 et
1017 3011 1362 3062 commodum
1398 3009 1649 3065 duximus
1703 3010 1988 3065 Franciam
2039 3013 2137 3074 ire,

547 3107 893 3166 vestramque
925 3098 1220 3152 fraternam
1259 3117 1574 3173 compagem
1626 3103 1680 3156 iu
1713 3103 1862 3172 pacis
1914 3112 1963 3156 et
1999 3120 2132 3158 una-

545 3188 807 3244 nimitatis
851 3190 1119 3246 vinculum
1167 3196 1525 3261 consolidare,
1559 3207 1755 3252 vestrae
1784 3197 1974 3252 matris
1994 3213 2134 3267 srepe

544 3280 702 3336 dictae
733 3281 1106 3339 liberationem
1142 3297 1343 3342 sancta.-
1369 3289 1623 3344 Romana:
1660 3289 1915 3344 Ecclesize
1942 3306 2135 3346 ncces-

545 3370 692 3426 sario
725 3388 988 3442 quzerere.
1027 3375 1134 3432 Vos
1157 3378 1424 3446 siquidem
1461 3379 1585 3432 illuc
1611 3395 1908 3448 omnesque
1936 3393 2138 3437 vestro-

547 3469 668 3518 rum’
700 3461 988 3535 regnorum
1017 3467 1300 3539 episcopos
1349 3471 1413 3523 ad
1455 3472 1719 3540 synodum
1756 3472 2133 3528 celebrandam

545 3553 731 3614 venire
753 3561 755 3572 ’
776 3559 1077 3615 hortamur.
1112 3561 1247 3617 Data
1277 3564 1343 3618 de
1375 3560 1595 3618 civitate
1621 3563 1917 3631 Geuuensi,
1953 3576 2008 3622 et
2049 3567 2134 3622 di-

545 3658 695 3703 recta
733 3647 917 3720 gloriae
951 3663 1144 3708 vestra)
1175 3669 1271 3723 per
1316 3654 1645 3724 Anspcrtum
1679 3655 2134 3711 Mediolanensem

546 3733 879 3822 cdhfr'atr'cm
905 3754 958 3799 et
989 3743 1370 3816 coepiscopum
1404 3754 1666 3801 nostrum.

617 3821 943 3890 Przesenteni
975 3833 1367 3910 [praesentium]
1397 3837 1623 3892 latorem
1653 3837 1874 3892 Petrum
1903 3837 2138 3893 cardinis

540 3919 789 3981 ecclesiae
815 3937 1012 3982 nostra:
1039 3929 1408 4000 presbyterum
1435 3928 1617 3999 gloria:
1635 3941 1828 3985 vestrae
1849 3931 2138 4000 plurinmm

549 4011 1024 4080 commemlamus,
1081 4035 1314 4087 eumque
1360 4021 1427 4073 ad
1481 4037 1579 4074 nos
1642 4037 1952 4090 quaesumus
2009 4037 2133 4077 cum

549 4109 745 4162 vestris
763 4108 941 4162 missis
965 4116 1126 4163 atuue
1149 4108 1499 4177 opitulatione
1517 4110 1835 4165 festinanter
1862 4098 2137 4169 remittite.

793 4289 796 4292 δ
1145 4285 1150 4290 ,
1229 4221 1453 4277 cxvtu.

638 4332 706 4371 AD
741 4330 1055 4372 ANSPERTUM
1094 4331 1550 4372 ARCHIEPISCOPW
1587 4333 2046 4376 MEDIOLANENSEM.

1168 4407 1346 4479 (Auno
1379 4409 1527 4482 878.)

548 4503 727 4559 Monet
780 4514 835 4557 ut
881 4503 1191 4574 quantocius
1239 4502 1307 4558 ad
1350 4502 1607 4574 synodum
1658 4503 1708 4556 in
1748 4499 1977 4574 Galliam
2024 4519 2142 4557 cum

621 4573 973 4644 stt/frugan'eis
996 4575 1244 4638 accedat;
1267 4575 1503 4644 queritur
1531 4573 1594 4626 de
1627 4575 1850 4642 perﬁdia
1878 4573 2142 4628 Lamberti

624 4644 893 4713 Spoletuni
926 4646 1150 4699 comitis.

629 4735 915 4790 Axsrenro
943 4735 1238 4790 venerabili
1266 4733 1673 4805 archiepiscopo
1701 4733 2103 4790 Mediolanensi.

625 4826 733 4881 Pro
769 4826 1069 4881 innumeris
1109 4828 1274 4897 igitur
1307 4839 1361 4881 et
1406 4827 1795 4896 multiplicibus
1833 4827 2143 4896 Oppressio-

555 4933 684 4974 num
718 4918 980 4989 angustiis
1009 4919 1172 4973 totius
1201 4928 1402 4972 sancta:
1433 4919 1687 4974 Ecclesiae
1715 4919 1769 4973 in
1800 4919 1931 4973 orbe
1969 4927 2141 4974 terra-

552 5027 672 5069 rum
704 5011 929 5076 dltfu'sae,
960 5013 1221 5084 synodum
1253 5013 1610 5068 universalem
1630 5057 1642 5079 ,
1697 5012 1914 5069 Christo
1961 5015 2140 5085 opitu-

554 5105 736 5171 lante,
796 5105 850 5160 in
897 5103 1131 5159 Francia
1196 5103 1358 5175 (quia
1412 5105 1464 5159 in
1517 5105 1707 5170 Italia,
1769 5106 2143 5173 persecutione

553 5197 819 5255 malorum
848 5201 1129 5268 grassante
1150 5196 1211 5261 ⁸)
1251 5197 1466 5251 Petrum
1506 5197 1876 5268 presbyterum
1904 5196 2143 5252 cardinis

551 5288 758 5354 nostri,
793 5302 952 5358 quem
998 5287 1066 5341 ad
1108 5287 1563 5342 Camlomannum
1605 5302 1787 5358 regem
1826 5287 2138 5358 dirigimus,

551 5381 881 5436 fraternitati
931 5388 1124 5435 vestras
1173 5378 1465 5448 plurimum
1515 5381 1957 5434 commendamus
2008 5381 2144 5451 (mi-

550 5475 698 5530 nime
721 5473 1018 5543 potuimus)
1052 5486 1239 5526 smnus
1267 5471 1625 5535 celebraturi,
1658 5471 1724 5524 ad
1750 5487 1912 5541 quam
1949 5470 2140 5526 fratcr-

621 5596 647 5624 ε
683 5573 809 5639 “me
841 5584 1004 5638 verba
1039 5597 1141 5635 non
1179 5581 1451 5635 cohmrent
1479 5582 1845 5648 sequentibus.

625 5655 654 5693 h
697 5655 764 5707 Ut
793 5671 1008 5707 causam
1039 5653 1328 5706 communis
1361 5651 1520 5705 hostis
1552 5669 1654 5703 una
1689 5669 1882 5705 merum
1921 5654 2134 5722 judice-

562 5725 651 5778 εἰει
689 5724 812 5780 Hzec
843 5725 925 5778 vel
953 5725 1055 5778 alia
1089 5723 1392 5790 hujnsmodi
1423 5726 1580 5776 verba
1616 5723 1699 5775 hic
1738 5724 1921 5778 deesse.
1954 5726 2137 5778 viden-

553 5804 663 5849 tur.
689 5793 763 5849 Dc
787 5793 1075 5850 Lumberto
1103 5804 1158 5848 et
1182 5794 1471 5850 Adclberto
1498 5793 1754 5860 Aimoinq
1787 5794 1819 5848 Ι.
1851 5811 1901 5865 ν,
1935 5811 1983 5849 e.
2013 5795 2100 5850 57.

2249 1908 2494 1964 inaudito
2558 1917 2720 1978 atque
2781 1908 3051 1964 horrende
3106 1917 3388 1965 coarctare
3443 1909 3600 1965 inter
3660 1922 3850 1966 caetera

2247 2001 2388 2054 mala
2416 2012 2460 2054 ι’.
2507 2000 2639 2055 Data
2679 2010 2730 2054 ut
2769 2017 2932 2071 supra
2954 1999 3003 2053 ά.

2944 2092 3131 2149 CXIX.

2616 2202 2684 2240 AD
2724 2201 3066 2241 ANGELBERGA
3075 2202 3109 2239 Μ
3149 2199 3462 2242 Αυουετλκ.

2849 2277 3027 2349 (Anno
3064 2278 3212 2344 878.)

2247 2365 2311 2419 Ut
2345 2367 2396 2420 in
2441 2367 2691 2422 Romamn
2724 2369 2973 2423 Ecclesia?
3000 2370 3104 2438 ﬁde
3131 2380 3456 2437 perseveret;
3505 2375 3843 2440 presentius

2740 2440 2957 2493 latorem
2991 2440 3336 2493 rerumcudat.

2295 2527 2668 2581 Dilectissimae
2687 2529 3187 2584 ﬁlimAmasene-1:;
3209 2530 3556 2598 imperatrici
3577 2533 3836 2602 Anguste.

2301 2621 2732 2675 Rmniniseeules
2776 2623 3015 2676 onmium
3050 2624 3309 2676 honorum
3338 2633 3692 2688 vestrorum,
3720 2643 3841 2695 quo-

2246 2713 2371 2766 tidie
2411 2714 2518 2767 Deo
2558 2723 2744 2767 nostro
2783 2716 3073 2784 gratiarum
3114 2715 3356 2768 actiones
3397 2715 3718 2781 referimus,
3758 2719 3841 2787 qui

2242 2815 2480 2858 vestrum
2523 2797 2762 2859 animttm
2812 2817 2954 2860 tanta
3001 2806 3365 2861 sollicitudine
3403 2808 3561 2863 circa
3615 2811 3845 2863 devotio—

2242 2913 2365 2950 nem
2397 2897 2461 2950 ab
2488 2897 2711 2949 exordio
2740 2905 2941 2950 sancta:
2976 2897 3232 2950 “ornatae
3277 2897 3545 2952 Ecciesi.e
3583 2899 3842 2968 spirituali

2240 2985 2467 3040 flamma!
2499 2989 2782 3041 miustione
2813 2989 3067 3058 perussit.
3107 2988 3210 3041 Soli
3241 3005 3415 3055 nunc,
3445 2991 3553 3043 lilia
3582 3008 3698 3045 mea
3725 2993 3843 3045 cha-

2244 3079 2457 3130 rissima
2488 3089 2538 3131 (-t
2570 3079 2620 3132 in
2654 3079 2872 3132 Christo
2909 3081 3131 3142 devota,
3166 3095 3385 3148 quSO,
3433 3085 3583 3135 vires
3625 3083 3841 3137 soliicita

2165 3157 2209 3221 C
2245 3169 2443 3233 ingenii
2482 3171 2804 3236 acutissimi,
2849 3181 2903 3224 et
2951 3172 3000 3225 in
3049 3171 3150 3226 hoc
3190 3172 3566 3242 inopportuno
3611 3185 3845 3243 tempore

2239 3261 2398 3316 solita
2429 3263 2669 3316 bonitate
2698 3279 2960 3317 concurre
2989 3305 3004 3329 ,
3055 3274 3322 3333 quatenus
3373 3277 3619 3335 emptum
3649 3269 3844 3320 bonum

2241 3369 2410 3423 usque
2439 3355 2503 3406 ad
2533 3356 3055 3409 consummationem
3088 3359 3268 3424 operis
3305 3358 3636 3426 perductum
3665 3358 3846 3411 :etcrni

2240 3445 2590 3502 retributoris
2620 3447 2838 3516 praemia
2877 3445 3120 3516 recipere
3153 3445 3395 3500 valeatis.
3429 3445 3692 3501 Latorem
3722 3463 3851 3516 quo-

2239 3551 2344 3604 que
2393 3535 2743 3606 praesentium
2788 3536 3006 3592 Petrum
3055 3538 3293 3593 cardinis
3334 3538 3503 3592 nostri
3552 3540 3853 3609 presbyte-

2241 3643 2391 3693 rum,
2425 3643 2610 3700 quaeso
2642 3630 2693 3682 iu
2727 3631 2978 3684 omnibus
3009 3631 3214 3686 habeas
3241 3632 3713 3698 commendatum,
3757 3647 3850 3685 ve-

2241 3729 2459 3791 stroque
2496 3723 2723 3780 consilio
2754 3717 3177 3794 prudentissimo
3211 3724 3316 3778 iter
3350 3723 3494 3778 illius
3530 3711 3696 3778 solita
3733 3724 3851 3796 pie-

2241 3822 2350 3868 tate
2397 3816 2693 3887 disponite,
2741 3826 3033 3886 quatenus,
3072 3817 3182 3872 Deo
3231 3817 3392 3883 duce,
3416 3817 3486 3872 ad
3530 3832 3636 3873 nos
3685 3816 3850 3889 possit

2244 3905 2423 3961 redire
2449 3907 2756 3963 incolumis.
2786 3906 2919 3962 Data
2949 3916 3007 3961 ut
3029 3924 3211 3977 supra.

2965 3997 3132 4054 CXX.

2388 4102 2731 4144 PRIVILEGIUM
2775 4105 2874 4144 PRO
2913 4104 3255 4144 MONASTERIO
3306 4103 3705 4144 TORNUTIENSI.

2863 4183 3042 4250 (Anno
3079 4180 3229 4252 878.)

2245 4271 2643 4341 Con/irritantur
2667 4273 2799 4326 bona
2837 4273 3010 4326 cidem
3041 4273 3360 4326 monasterio
3409 4273 3547 4326 olim
3592 4287 3843 4326 (οιιρεωι.

2319 4367 2472 4420 Auno
2506 4365 2797 4418 Dominicm
2815 4366 2934 4418 inea
2944 4365 3208 4419 rnationis
3223 4365 3349 4429 878,
3372 4363 3685 4419 indictione
3700 4363 3846 4417 unde-

2247 4457 2675 4524 cima,regnantc
2693 4455 2938 4525 piissimo
2952 4465 3109 4523 atque
3127 4455 3528 4524 gloriosissimo
3552 4472 3679 4527 rege
3693 4454 3846 4509 Ludo-

2170 4539 2220 4598 D
2248 4547 2386 4608 vico,
2405 4546 2585 4601 Caroli
2625 4547 2731 4598 lilio
2768 4544 3100 4599 serenissimi
3127 4545 3380 4614 Augusti,
3405 4547 3722 4600 auxiliante
3749 4544 3844 4596 Do-

2249 4639 2395 4694 mino
2413 4640 2675 4701 nostro,iu
2694 4639 2955 4691 honorem
2973 4637 3213 4706 ejusdem
3235 4637 3327 4690 Dei
3353 4647 3409 4691 et
3427 4637 3663 4693 Domini
3691 4636 3845 4693 nostri

2244 4731 2369 4787 Jesu
2393 4730 2614 4785 Christi.
2635 4731 2746 4801 Ego
2759 4730 2994 4785 Joannes
3009 4731 3312 4800 episcopus,
3331 4745 3542 4786 servus
3573 4744 3842 4786 servorum

2247 4822 2362 4886 Dei,
2380 4833 2540 4892 atque
2561 4820 2851 4892 praedictus
2877 4820 3019 4875 {ilius
3043 4828 3227 4874 noster
3247 4819 3531 4888 gloriosus
3559 4839 3658 4876 rex
3689 4822 3848 4876 Ludo-

2249 4919 2420 4983 vicus,
2450 4918 2834 4974 constituimus
2857 4926 3183 4974 conventum
3230 4917 3642 4971 venerabilinm
3687 4915 3850 4970 arcbi~

2250 5009 2628 5080 episcoporum
2662 5023 2873 5063 necnon
2901 5017 2956 5063 et
2980 5007 3268 5078 praesulnm
3289 5005 3453 5061 totius
3484 5006 3853 5079 regunt-ears

2249 5099 2490 5164 civitate,
2536 5113 2646 5169 quo
2693 5099 2939 5154 interfuit
2985 5110 3320 5155 memoratus
3370 5111 3472 5152 rex
3527 5089 3848 5169 piissimus:

2248 5203 2421 5260 eoque
2447 5195 2693 5261 peraeto,
2725 5201 2980 5262 precatus
3020 5203 3104 5248 est
3141 5207 3238 5247 nos
3282 5208 3404 5246 cum
3458 5190 3601 5247 [iliis
3648 5204 3704 5247 et
3755 5191 3849 5243 ira-

2249 5284 2420 5338 tribns
2449 5285 2650 5339 nostris
2675 5285 2945 5357 episcopis
2967 5284 3084 5354 jam
3109 5287 3285 5340 dictus
3307 5284 3598 5356 gloriosus
3630 5288 3856 5355 impera-

2251 5384 2334 5429 tor
2372 5384 2428 5429 nt
2459 5376 2781 5431 'l‘ornutium
2810 5377 3219 5440 monasterium,
3253 5376 3396 5446 quod
3435 5375 3741 5430 fundatum
3784 5383 3858 5427 est

2249 5469 2300 5524 in
2357 5471 2615 5525 comitatu
2663 5469 3005 5526 Cabiloncnsi
3042 5486 3205 5540 super
3235 5469 3563 5542 Sagonnam
3619 5469 3856 5529 nmium,

2320 5597 2340 5624 ε
2386 5584 2612 5640 Videtur
2643 5583 2734 5638 hic
2762 5584 2965 5646 «litasse,
2999 5593 3221 5636 conatus
3247 5593 3343 5636 est.

2315 5655 2340 5693 (ι
2384 5655 2438 5708 lu
2472 5656 2706 5709 editione
2742 5655 2982 5708 Romana
3013 5654 3065 5707 in
3098 5654 3363 5723 principio
3406 5651 3583 5715 hujus
3622 5651 3859 5720 epistolae

2247 5728 2320 5780 sic
2355 5727 2549 5793 legitur
2576 5744 2586 5779 2
2617 5727 2697 5779 Ad
2724 5725 3168 5793 arr/ziqﬁscepum
3195 5726 3258 5778 de
3282 5723 3642 5787 Mediolano;
3677 5723 3750 5776 ad
3773 5737 3860 5791 μσς

2247 5799 2532 5864 (γὶιεξςβιίιηι
2559 5799 2621 5852 de
2653 5795 2988 5861 Foro-Julii;
3016 5797 3085 5849 ut!
3112 5795 3372 5853 Joannem
3404 5795 3466 5848 de
3503 5794 3721 5864 Papia.
