3984 5430
119 281 242 337 775

113 395 216 451 ubi
253 403 466 468 martyr
486 396 688 454 Christi
707 399 1026 460 Valerianus
1045 417 1276 476 corpore
1297 407 1549 478 quiescit,
1568 409 1721 477 quod

112 484 333 540 dudum
389 496 544 554 pater
600 487 715 557 ejus
790 490 1014 548 Carolus
1080 495 1393 564 imperator,
1461 499 1542 551 vel
1602 501 1717 568 ipse

111 579 471 646 postrnodum
531 596 626 650 per
688 595 1083 654 praeceptorum
1153 590 1373 654 seriem,
1411 594 1722 652 monachis

110 678 330 737 salicta:
375 671 472 726 Dei
518 674 796 742 genitricis
836 677 1042 742 Marite,
1091 683 1369 751 sanctique
1429 683 1716 740 Pbiliberti

107 761 314 833 inclyti
337 763 690 832 confessoris,
724 771 1083 836 praesentibus
1111 781 1164 825 et
1192 775 1406 836 futuris,
1449 776 1516 829 ob
1547 776 1721 829 vitan-

105 853 241 906 dam
280 853 779 912 Marcomannicam
821 862 1167 917 severitatem
1198 866 1565 933 contulerant,
1596 884 1722 922 cum

103 945 378 1001 omnibus
435 948 600 1004 rebus
672 952 739 1004 ad
808 951 982 1020 ipsum
1042 954 1220 1010 locum
1295 959 1718 1028 aspicientibus,

102 1034 406 1106 privilegio
434 1046 634 1094 nostra:
666 1043 1008 1099 auctoritatis
1033 1049 1720 1129 corroborarenms.Cujus

102 1124 368 1191 piissimo
397 1129 654 1184 mandato
681 1147 744 1185 eo
772 1132 1024 1190 libentius
1074 1141 1360 1207 cessimus,
1394 1160 1501 1214 quo
1551 1124 1716 1204 etiam

102 1232 216 1270 nos
244 1219 484 1289 itlipsum
525 1223 840 1292 precaturus
863 1231 1236 1298 perspeximus
1258 1236 1508 1306 amplius.
1551 1240 1718 1312 Igitur

103 1312 405 1384 privilegio
429 1325 630 1372 nostra:
651 1322 996 1376 auctoritatis
1014 1326 1491 1385 conﬁrmanmseis
1508 1336 1711 1398 omnia,

102 1406 576 1473 quemadmodum
609 1410 660 1464 in
689 1416 971 1482 pra‘ceptis
995 1417 1512 1486 gloriosissimorum
1547 1426 1614 1478 im
1624 1443 1718 1496 pe-

103 1505 361 1550 ratorum
410 1509 537 1554 suut
574 1501 800 1567 inserta,
857 1505 906 1558 id
938 1517 1022 1561 est
1052 1508 1371 1576 praedictum
1425 1511 1625 1574 locum,
1654 1525 1710 1570 et

101 1599 308 1642 onmes
330 1602 417 1643 res
445 1591 496 1644 ei
539 1591 868 1660 atljaeentes,
893 1612 1016 1651 cum
1070 1602 1215 1654 onmi
1259 1603 1528 1659 libertate.
1561 1607 1626 1660 Et
1657 1609 1711 1663 in

100 1680 378 1736 comitatu
406 1683 702 1742 Arvernico
732 1690 922 1744 cellam
959 1694 1014 1746 S.
1044 1694 1310 1758 Portiani,
1360 1714 1481 1752 eum
1533 1703 1712 1757 omni-

98 1767 211 1826 bus
223 1774 580 1843 appendiciis.
600 1777 654 1832 ln
670 1795 807 1848 pago
828 1798 1042 1852 quoque
1068 1784 1414 1855 Sanetonico,
1434 1792 1712 1851 Asinarias

103 1874 235 1914 eum
259 1866 412 1919 omni
435 1883 531 1921 sua
567 1869 896 1942 integritate.
918 1875 981 1928 Et
1008 1878 1058 1930 in
1086 1878 1408 1936 l’ictaviensi
1436 1887 1711 1944 territorio

98 1951 302 2008 cellam
330 1955 387 2010 S.
427 1957 725 2027 Prudentii,
759 1981 878 2017 cum
917 1970 1171 2022 on‘mibus
1202 1973 1361 2025 rebus
1409 1975 1710 2045 adjacenti-

100 2043 230 2099 bus.
271 2048 339 2102 Et
388 2050 440 2103 in
477 2045 612 2123 pago
643 2055 1038 2128 .-\n:leg.tvensi,
1065 2061 1364 2119 Cuballum
1402 2083 1523 2122 cum
1558 2071 1707 2125 onmi

97 2134 442 2208 integritate.
477 2143 530 2197 ln
583 2162 716 2216 pago
772 2165 897 2204 vero
937 2152 1324 2220 Cenomanico,
1380 2158 1704 2218 Bussiolinm

96 2247 228 2286 cum
259 2236 514 2292 omnibus
557 2242 908 2308 appendiciis.
945 2245 1009 2298 Et
1057 2247 1109 2298 in
1160 2265 1295 2318 pago
1322 2250 1580 2320 V'allaieo,
1606 2257 1709 2309 cel-

95 2324 210 2378 lam
272 2341 394 2394 qute
447 2339 674 2384 vocatur
727 2333 1012 2400 Godditns,
1066 2355 1188 2390 cum
1243 2344 1496 2398 omnibus
1543 2348 1704 2401 rebus

95 2416 169 2468 ad
204 2431 264 2471 se
296 2418 707 2486 pertinentibus.
741 2423 925 2493 lltlt'lllc
959 2428 1008 2479 in
1055 2439 1234 2497 partes
1270 2432 1614 2503 Burgundite,
1648 2439 1701 2492 in

93 2521 242 2576 pago
268 2508 642 2576 Lugdunensi,
679 2514 948 2570 Bisiaenm
984 2520 1164 2574 villam
1201 2540 1322 2576 cum
1354 2527 1600 2581 ecclesia.
1639 2531 1703 2583 Et

92 2597 152 2650 iu
183 2613 325 2670 pago
372 2602 777 2669 Matisconensi,
831 2610 1023 2663 cellam
1082 2612 1137 2666 S.
1183 2613 1435 2680 Rounini,
1469 2619 1700 2674 etOlca-

90 2689 312 2745 siaeum
366 2695 544 2749 villam
574 2715 696 2752 cum
731 2701 957 2756 ecclesia
987 2714 1034 2756 et
1070 2707 1318 2760 ommbus
1344 2712 1695 2778 appendit-iis.

88 2778 306 2836 Verum
343 2787 465 2854 quia
493 2789 560 2843 ob
594 2791 869 2846 vitandam
933 2799 1361 2863 persecutionem
1415 2800 1700 2858 Nortmath

87 2890 320 2944 norum,
377 2879 811 2956 Geiloniinclyto
862 2888 1064 2954 abbati,
1121 2894 1508 2963 monachisque
1561 2914 1698 2966 prte-

85 2971 344 3026 sentibus
370 2982 422 3026 ct
461 2974 678 3043 futuris,
727 2981 1045 3047 prtetlictum
1071 2983 1246 3038 locum
1278 2986 1540 3055 gloriosus
1577 3003 1692 3054 rex,

86 3076 275 3116 necne
297 3073 452 3132 pater
491 3066 605 3134 ejus
654 3071 1012 3136 contulerant,
1065 3085 1119 3126 et
1169 3078 1511 3145 pontilicialis
1541 3081 1690 3134 calli—

83 3151 244 3204 ditas
292 3155 454 3210 nimis
505 3159 753 3213 eumdem
812 3162 988 3216 locum
1040 3165 1348 3233 subegerat,
1398 3143 1762 3238 postulavitc

80 3242 270 3298 isdem
322 3263 417 3301 rex
463 3257 520 3302 ut
564 3260 672 3304 tam
720 3252 866 3323 larga
906 3254 1271 3325 clecmosyna,
1320 3258 1573 3313 immunis
1609 3269 1690 3313 at-

77 3352 201 3406 que
251 3337 420 3394 libera
473 3343 765 3398 haberetur
815 3347 882 3400 ab
909 3345 1056 3399 omni
1099 3350 1392 3416 pontiﬁcali
1425 3352 1688 3420 potentia,

77 3434 281 3480 nostra
313 3441 586 3487 annuente
615 3433 923 3490 clementia.
981 3434 1148 3506 Cujus
1195 3439 1546 3508 petitionibus
1613 3441 1691 3496 fa-

74 3532 228 3595 vens
255 3520 432 3574 omnis
466 3524 785 3595 episcopalis
813 3535 1136 3594 conventus,
1177 3532 1448 3600 abnegare
1500 3535 1689 3604 nequi-

73 3592 271 3662 vimus
304 3611 446 3679 quod
474 3620 578 3666 tam
624 3592 709 3683 pie
739 3617 1051 3686 postulabat
1085 3592 1383 3689 imperator
1411 3592 1688 3692 gloriosis-

71 3697 285 3751 simus.
340 3699 677 3757 Auctoritate
730 3720 859 3774 ergo
899 3710 1136 3774 quamin
1165 3710 1540 3768 ChristoJesu
1585 3715 1686 3767 Do-

71 3790 240 3842 mino
277 3796 464 3843 nostro
517 3808 729 3849 summo
771 3799 1055 3853 sacerdote
1085 3800 1138 3854 in
1168 3800 1230 3854 Β.
1262 3801 1422 3858 Petro
1470 3805 1684 3873 accepi-

71 3897 229 3945 mus,
256 3880 570 3948 prtrdictum
597 3888 986 3942 monasterium
1017 3905 1140 3946 cum
1187 3893 1440 3948 omnibus
1485 3896 1684 3951 habitis

67 3983 129 4026 et
162 3973 453 4040 habituris,
492 3976 699 4034 Geiloni
731 3983 1020 4036 venerabili
1057 3987 1240 4042 abbati
1296 3997 1495 4042 sancta!
1523 3990 1678 4060 geni-

72 4064 239 4117 tricis
278 4064 392 4126 Dei,
427 4075 481 4120 et
521 4083 681 4138 supra
730 4071 886 4126 dictis
939 4075 1144 4130 sanctis
1197 4075 1506 4146 futurisque
1557 4088 1681 4148 post

66 4171 207 4209 eum
234 4156 520 4212 abbatibus
560 4161 626 4213 ad
672 4162 1029 4216 monasticam
1067 4167 1322 4236 ordinem
1360 4168 1513 4234 inibi,
1567 4169 1678 4222 Deo

68 4249 394 4317 adiuvante,
426 4254 780 4309 excolendum
813 4257 1141 4327 delegamus,
1171 4270 1221 4314 et
1255 4263 1561 4333 delegantcs
1583 4263 1676 4341 ju-

65 4338 240 4392 bente
264 4337 375 4394 ﬁlio
409 4352 598 4398 nostro
648 4346 890 4414 piissimo
919 4364 1062 4418 rege,
1093 4351 1476 4410 inviolabiliter
1504 4370 1559 4412 et
1584 4337 1673 4415 in-

63 4429 457 4497 separabiliter
503 4435 620 4490 sine
653 4437 1007 4492 distractionc
1033 4452 1126 4494 aut
1170 4444 1544 4504 immutatione
1590 4453 1670 4507 vel

61 4520 315 4590 qualibet
388 4526 745 4581 minorationc
815 4532 1207 4598 perpetualiter
1261 4538 1667 4596 conﬁrmamus.

58 4613 612 4674 Anathematizmnus
648 4622 812 4690 igitur
855 4624 1177 4678 auctoritate
1227 4627 1286 4680 Β.
1349 4628 1498 4684 Petri
1545 4648 1672 4700 apo-

59 4707 196 4761 stoli
222 4718 275 4762 et
298 4723 502 4777 nostra,
547 4724 604 4767 ut
656 4729 813 4767 nemo
857 4715 1162 4770 antistitum
1204 4723 1552 4788 prazscntium
1586 4725 1670 4779 vel

58 4797 398 4866 futurorum,
441 4803 619 4857 locum
657 4804 805 4856 adire
858 4817 1167 4874 praesumat,
1225 4810 1468 4879 qualibet
1507 4827 1666 4867 occa-

57 4888 224 4944 sione
267 4893 864 4959 excommunicationis,
895 4896 978 4948 vel
1017 4898 1396 4964 absolutionis,
1431 4916 1526 4955 seu
1579 4918 1666 4957 sa-

56 4981 570 5047 craaordinationis,
597 4983 698 5036 nisi
731 4984 797 5037 ab
854 4987 1051 5040 abbate
1105 4989 1186 5043 vel
1217 4992 1499 5047 monachis
1556 4992 1662 5046 loci

58 5069 309 5126 fidelibus
341 5071 507 5128 fuerit
533 5073 809 5128 invitatus.
842 5077 977 5144 Quia
1010 5075 1266 5144 injustam
1291 5081 1656 5150 decernimus,

1352 291 1720 350 EPISTOLIB'
1743 288 1842 353 ἘΤ
1881 295 2218 364 DLCRETA.

3311 323 3436 395 πε

1754 418 1795 474 Α
1830 414 1880 468 in
1912 433 2096 489 regum
2122 426 2391 494 reperitur
2431 433 2736 503 pmoeptis.
2778 435 2845 494 Si
2871 439 3207 509 quia-amem
3249 455 3439 508 ieiuni-

1828 509 1982 562 raria.
2017 517 2438 587 przesumptioue
2486 537 2735 594 caecaque
2785 531 3108 600 cupiditate,
3134 539 3277 606 quod
3315 541 3436 602 Dei?

1824 612 1879 656 et
1913 615 2100 661 nostra
2128 611 2449 667 auctoritate
2479 615 2777 687 ﬁrmamus,
2816 623 2868 678 in
2900 626 3079 696 aliquo
3107 631 3430 706 infringen-

1824 702 2248 770 praesumpserit,
2277 713 2482 761 aeterna
2513 723 2578 764 se
2601 711 2737 766 sciat
2765 713 3114 778 damnatione
3139 702 3416 783 mulctari»

1825 789 1973 853 dum,
2003 802 2208 848 etcum
2241 795 2454 851 diabolo
2504 807 2558 853 et
2585 803 2790 872 angelis
2844 807 2961 878 ejus
3015 822 3278 882 perpetuo
3332 818 3433 877 isi-

1821 884 2014 939 cendio
2045 889 2394 944 eremandum
2425 908 2438 943 :
2479 907 2510 946 a
2541 892 2818 951 liminibus
2846 914 3064 970 quoque
3083 915 3288 961 sancta:
3318 907 3416 965 Dei

1821 975 2077 1033 Ecclesiae
2099 979 2628 1053 habeaturextorris,
2661 1003 2946 1061 quousque-
2969 995 3040 1050 ab
3064 996 3254 1052 illicita
3276 1015 3426 1069 prm-'

1821 1070 2124 1138 sutnptione
2189 1074 2554 1142 resipiscens,
2633 1081 2899 1152 condigna
2966 1087 3282 1154 poenitentia
3357 1100 3414 1147 et

1819 1163 2196 1219 emendatione
2225 1166 2362 1219 iram
2384 1169 2770 1237 omnipotentis
2799 1173 2895 1228 Dei
2917 1191 3082 1246 quam
3129 1180 3410 1240 incurrere

1822 1271 1927 1309 non
1963 1257 2141 1310 timuit
2163 1257 2377 1327 placare
2398 1272 2673 1329 procuret.
2709 1265 2914 1321 llarum
2964 1269 3148 1340 itaque
3171 1276 3412 1331 sanet-im

1819 1365 1946 1401 num
1971 1350 2435 1406 evidentissimam
2459 1353 2948 1424 conﬁrmationem,
2964 1362 3213 1416 manibus
3231 1380 3413 1419 saeroo

1820 1455 1936 1493 rum
1996 1444 2341 1510 przeseutium
2392 1445 2709 1514 pontiﬁcum
2757 1449 3064 1516 subnotavi,
3098 1455 3406 1516 absentium

1817 1549 2029 1602 quoque
2043 1537 2492 1591 eonsacerdotum
2513 1554 2611 1594 nec
2628 1540 2804 1594 minus
2820 1542 3026 1599 ideneis
3050 1547 3412 1616 stipulationi-

1814 1625 1935 1690 bus,
1965 1643 2062 1696 per
2089 1629 2362 1684 Christum
2396 1639 2454 1684 et
2484 1631 2536 1683 in
2568 1630 2784 1687 Christo
2815 1631 3380 1706 fulciripostulamus.

1885 1720 2210 1775 l-lincmarus
2254 1722 2586 1776 Rhemorum
2635 1724 2924 1795 episcopus
2974 1729 3025 1783 in
3069 1721 3275 1786 Christi
3302 1721 3407 1788 no;

1817 1815 1962 1870 mine
1991 1817 2259 1870 roboravi.

1885 1907 2180 1976 Ansegisus
2219 1908 2506 1978 epiSCOpus
2534 1911 2884 1968 Senonensis.

1883 1997 2120 2054 Ottulfus
2141 2001 2443 2070 episcopus.
2465 2001 2797 2058 Gissibertus
2813 2007 3119 2076 episcopus.
3145 2008 3406 2068 Hildibal-

1813 2088 1910 2142 dus
1939 2090 2244 2160 episcOpus.
2279 2091 2454 2147 Berno
2479 2095 2786 2163 episcopus.
2812 2095 3076 2154 Geraldus
3096 2100 3416 2173 episcopus.-

1813 2179 2132 2237 llincmarus
2158 2184 2440 2254 episcOpus
2467 2185 2860 2242 Laudunensis.
2880 2189 3176 2247 Edenull’us
3200 2195 3406 2263 episco-

1809 2287 1927 2341 pus.
1944 2273 2180 2330 Joannes
2193 2278 2494 2346 episcopus.
2515 2279 3164 2355 Raganull‘usepiscopus.
3181 2286 3404 2342 Adalan—

1808 2364 1907 2417 dus
1939 2367 2399 2436 archiepiscopus.
2428 2370 2678 2426 Alericus
2703 2374 3006 2443 episcopus.
3049 2377 3202 2432 Abbo
3230 2379 3414 2448 epise»

1806 2456 2112 2526 Agilmarns
2163 2460 2401 2530 episcop.
2453 2463 2760 2533 lngilwinus
2805 2466 3412 2538 episcopusAcl‘redus

1805 2548 2106 2618 cpiscopus.

1876 2642 2068 2696 Datum
2102 2660 2163 2697 ιιι
2193 2643 2460 2700 Kalendas
2487 2647 2629 2713 Maii,
2658 2663 2770 2718 .per
2814 2663 3038 2704 manum
3088 2651 3392 2709 Cbristil‘on’

1803 2737 2098 2805 primicerii
2152 2749 2353 2794 sanctae
2398 2756 2624 2796 summae
2658 2742 2801 2797 sedis
2842 2744 3175 2813 apostolicae,
3228 2746 3388 2816 impe-

1801 2837 1952 2882 rante
1977 2829 2220 2897 piissimo
2247 2831 2538 2886 Ludovico.

2503 2920 2689 2976 CXXI.

2182 3031 2247 3068 AD
2281 3029 2665 3070 ANGELBEDGAI
2713 3030 3013 3071 AUGUSTAII.

2417 3108 2595 3178 (Anno
2625 3108 2774 3177 878.)

1803 3199 2062 3253 Arelatem
2093 3215 2146 3252 se
2176 3199 2372 3274 uenisse
2415 3199 2703 3274 signiﬁcat,
2743 3200 3115 3274 ibiqueontnia
3144 3220 3389 3274 prospera

1873 3271 2156 3339 reperisse;
2187 3269 2428 3322 hortatur
2448 3279 2502 3322 ut
2533 3269 2788 3323 Romana:
2811 3269 3062 3346 Ecclesia:
3106 3269 3388 3331 comniodt't

1869 3341 2171 3411 prospiciat.
2905 3341 2910 3346 ’
2991 3417 2993 3420 ι
3139 3417 3142 3419 _

1870 3430 2242 3486 Dilectissimae
2267 3429 2387 3484 ﬁliae
2404 3429 2616 3485 domum
2636 3429 3009 3487 ANGELnEnG/E
3037 3431 3388 3501 imperatrici,

1795 3526 1896 3594 piae
1927 3525 2200 3579 memoriae
2229 3525 2410 3579 domui
2451 3523 2712 3578 Ludovici
2754 3525 3098 3580 invictissimi
3158 3526 3368 3596 impera

1796 3615 1927 3671 toris
1955 3615 2169 3686 conjugi
2197 3615 2557 3670 serenissima:
2587 3615 2863 3684 Augustat.

1863 3706 1995 3760 Cum
2036 3720 2162 3776 erga
2220 3707 2474 3760 Romanae
2506 3705 2759 3760 Ecclesiae
2802 3705 3082 3776 privilegia
3120 3706 3384 3764 immensa

1793 3801 1944 3864 velle,
1980 3799 2242 3853 immenso
2268 3806 2324 3852 et
2348 3811 2510 3866 opere
2541 3797 2709 3850 decus
2745 3797 2958 3867 imperii
3001 3797 3166 3854 vestri
3197 3797 3380 3854 decer-

1790 3902 1926 3956 tare,
1961 3899 2016 3945 et
2069 3889 2134 3943 ad
2180 3888 2482 3959 perfectum
2530 3887 2730 3942 ducere
2775 3903 2988 3958 semper
3033 3889 3382 3947 adhaurimus

1789 3982 1846 4055 [ﬂ
1902 3980 2299 4045 amaverimus,
2353 3990 2442 4033 aut
2500 3978 2958 4053 anhelaverimus]
3010 3990 3061 4036 et
3114 3996 3382 4056 amemus.

1785 4075 2000 4128 Christo
2023 4071 2256 4136 favente,
2281 4078 2540 4141 perpetuo
2563 4069 2986 4140 magnitudinem
3014 4079 3173 4125 tanta:
3191 4081 3382 4129 vestrm

1783 4165 2087 4221 devotionis
2136 4163 2277 4216 scire
2336 4163 2586 4230 cupimus
2630 4178 2642 4212 :
2691 4160 2831 4215 Ecce
2895 4161 3166 4216 Arelatem
3229 4165 3382 4233 regni

1782 4258 2096 4311 deliciarum
2141 4265 2440 4309 vestrarum
2483 4252 2599 4307 sani
2657 4252 3001 4320 intravimus,
3045 4270 3256 4309 summo
3289 4271 3380 4308 ar-

1778 4349 1921 4403 bitro
1955 4347 2324 4418 permittente,
2375 4361 2473 4416 per
2523 4345 2968 4400 intercessionem
3012 4345 3378 4415 apostolorum

1777 4443 2118 4512 principum;
2173 4433 2391 4508 illieque
2442 4438 2707 4491 Bosonem
2761 4439 3060 4509 principem
3117 4455 3378 4508 generum

1701 4513 1751 4571 υ
1778 4543 2037 4594 vestrum,
2069 4545 2412 4584 communem
2445 4536 2500 4582 et
2525 4526 2687 4580 ﬁliam
2718 4529 2970 4582 domnam
3016 4525 3378 4597 l-lcrmengar-

1777 4629 1900 4682 dam
1928 4639 1953 4666 n
1988 4625 2347 4693 alloquentes,
2389 4620 2573 4674 omnia
2611 4635 2872 4691 prospera
2906 4632 2960 4675 et
2983 4619 3188 4690 jugiter
3231 4622 3375 4677 desi-

1775 4723 1961 4775 derata
1995 4716 2319 4782 invenimus,
2353 4725 2407 4770 et
2430 4729 2530 4784 pro
2557 4729 2745 4770 amore
2769 4725 2975 4778 vestro,
3003 4715 3167 4767 vestri
3205 4730 3377 4785 nuper

1772 4823 1826 4869 et
1863 4811 2088 4884 piissimi
2129 4807 2395 4881 conjugis,
2425 4806 2542 4861 illos
2579 4816 2838 4877 tanquam
2868 4809 3010 4864 ﬁlios
3045 4807 3376 4875 amplecten—

1773 4917 1872 4970 tes,
1904 4920 2004 4975 pro
2033 4917 2221 4957 eorum
2251 4900 2520 4963 consulto,
2553 4900 2771 4958 illorum
2793 4920 2916 4966 cum
2946 4904 3155 4956 honore
3180 4908 3374 4954 cuncta

1771 4995 2071 5053 faciemus:
2096 4995 2358 5061 quoniam
2380 5006 2479 5048 ceu
2507 5007 2604 5060 per
2625 5011 2743 5061 vos,
2769 4996 2911 5052 haud
2939 5005 3099 5048 secus
3124 5003 3218 5056 per
3243 4990 3377 5044 istos

1766 5083 2189 5142 consolationem
2221 5094 2281 5141 et
2315 5082 2692 5142 defensionem
2738 5096 2939 5144 sanctae
2988 5079 3245 5172 Βοιιιθξιευ
3277 5079 3376 5171 Εοή
