4042 6302
525 353 629 413 ⁸7Ὶῖι

531 574 722 629 gamus
748 565 806 611 ut
834 555 1027 612 Joanni
1077 554 1485 626 archiepiscopo
1536 553 1836 610 Ravennati
1891 554 2124 610 mittatis

530 650 786 721 epistolas
811 664 877 705 ex
902 658 1083 704 nostra
1109 658 1265 718 parte
1291 649 1705 712 consolatorias,
1742 649 2033 703 incitantes
2065 656 2124 701 ut

529 754 629 815 pro
665 743 819 799 nobis
846 742 1120 797 orationes
1149 741 1331 806 faciat,
1360 750 1416 797 et
1443 749 1630 796 contra
1663 740 1755 794 Dei
1782 740 2031 794 inimicos
2065 751 2125 791 se

528 852 836 910 przeparare
863 850 1209 907 nequaquam
1241 833 1516 898 formidet,
1555 842 1609 888 et
1640 831 1840 887 nostris
1873 828 2124 885 ﬁdelibus

529 931 716 988 Romae
743 931 951 1001 legatos
976 929 1308 987 consolando
1337 928 1672 983 transmittat
1697 945 1709 980 :
1733 934 1788 980 et
1817 940 1932 988 vos,
1969 923 2016 979 si
2041 923 2123 978 fas

529 1031 632 1088 est,
665 1031 758 1077 aut
780 1022 910 1077 mihi
935 1022 1076 1093 apud
1099 1036 1196 1076 vos
1216 1029 1300 1075 est
1326 1017 1646 1090 impetrandi
1679 1015 1926 1079 facultas,
1954 1012 2123 1069 Leoni

530 1118 786 1188 episcopo
814 1117 978 1172 misso
1019 1124 1074 1171 et
1101 1114 1454 1185 apocrisiario
1504 1121 1711 1175 nostro,
1743 1121 1797 1165 et
1823 1111 2004 1174 Petro,
2034 1125 2125 1164 su-

528 1223 627 1279 per
653 1208 758 1263 ista
786 1209 1105 1278 eteterisque
1145 1205 1391 1262 ﬁdelibus
1428 1205 1636 1259 litteras
1664 1214 1874 1258 vestras
1902 1203 2119 1266 mittite,

529 1296 898 1355 confortantes
928 1297 1075 1369 ipsos
1103 1306 1163 1353 ut
1191 1296 1344 1352 scitis
1373 1305 1428 1350 et
1456 1293 1635 1348 vultis.

1222 1406 1435 1464 CXXII.

759 1517 828 1557 ΔΙ)
861 1517 1102 1560 IIRONEI
1141 1517 1211 1556 ET
1252 1514 1600 1557 IIUNCFRIDUII
1640 1512 1906 1553 FRATRES.

1137 1595 1329 1665 (Anno
1361 1594 1531 1664 878.)

564 1687 828 1746 Mirantem
865 1697 912 1744 et
949 1687 1311 1758 Huncfridum
1345 1685 1628 1758 multorum
1666 1685 1920 1738 scelerum
1965 1699 2079 1738 reos

943 1759 1013 1812 ad
1042 1756 1298 1830 synodum
1332 1759 1506 1812 venire
1526 1756 1696 1826 jubet.

601 1853 803 1910 MIRONI
841 1862 899 1908 et
936 1852 1249 1908 HUNCFRIDO
1288 1866 1545 1922 germano
1574 1864 1690 1903 suo.

603 1945 817 2014 Quanta
865 1944 932 1999 ad
976 1943 1335 2014 apostolatmn
1380 1950 1627 1996 nostrqu
1673 1939 1936 1993 relatione
1985 1952 2122 2006 qua-

529 2039 780 2093 rumdam
829 2035 1291 2106 trangressionum
1353 2042 1697 2092 vestrarum,
1757 2029 1899 2083 mala
1956 2038 2120 2098 atque

526 2145 784 2202 perversa
817 2128 1039 2184 fuerunt
1064 2128 1346 2191 nuntiata,
1382 2128 1528 2192 Ιιωο,
1565 2125 1758 2189 fateor,
1796 2123 2120 2194 Iacrymabi-

527 2223 658 2278 liter
683 2223 1051 2288 nominamus,
1081 2221 1484 2292 apostolicaque
1510 2219 1838 2274 auctoritate
1858 2217 2122 2272 citissime

527 2313 852 2383 corrigenda
889 2312 1190 2382 jubcmus,
1240 2313 1285 2366 si
1335 2313 1510 2367 sancti
1561 2312 1799 2380 Spiritus
1848 2319 2120 2380 potestate

527 2420 636 2460 non
686 2405 769 2459 vis
819 2413 908 2466 tu,
963 2403 1131 2469 Miro,
1181 2404 1379 2459 merito
1426 2404 1684 2472 ueqttitite
1723 2412 1826 2455 tum
1864 2402 1933 2455 ab
1969 2401 2117 2455 omni

529 2497 809 2553 consortio
837 2496 1272 2553 Christianitatis
1303 2498 1582 2568 separari,
1629 2506 1682 2552 et
1723 2495 1920 2551 inferni
1966 2494 2120 2548 flam-

530 2588 634 2643 mis
662 2588 717 2643 in
757 2597 1076 2659 perpetuum
1119 2590 1497 2644 condeumari.
1541 2588 1889 2658 Septimaniae
1919 2595 2120 2640 terram

526 2679 839 2735 universam
882 2681 1136 2750 redegisti
1182 2681 1235 2734 iu
1283 2680 1674 2735 solitudinem:
1727 2679 2023 2741 ecclesias,
2063 2687 2121 2730 ut

528 2778 816 2835 asserunt,
847 2770 1114 2826 ministris
1138 2771 1423 2840 expoliasti
1451 2787 1466 2837 ;
1500 2769 1720 2826 castella
1750 2769 1918 2840 ipsius
1962 2778 2122 2822 terra:

525 2861 719 2918 callide
756 2877 822 2918 ac
860 2859 1233 2916 fraudulenter
1265 2863 1532 2916 invasisti.
1567 2861 1682 2928 Qua
1711 2859 1974 2930 compulsi
2021 2874 2120 2913 ne-

526 2953 806 3017 cessitate,
826 2952 1077 3008 homines
1096 2951 1358 3007 Bernardi
1389 2952 1607 3022 gloriosi
1641 2951 1968 3005 marchionis
1996 2965 2119 3004 cum

528 3044 878 3100 multitudine
905 3043 1184 3098 hominum
1215 3053 1318 3096 tute
1345 3043 1515 3097 rabiei
1543 3041 1877 3096 oceursando
1899 3081 1911 3105 ,
1941 3040 2120 3108 aliqua

529 3135 586 3190 in
613 3137 805 3191 eadem
839 3144 1301 3205 terra'perperam
1346 3142 1616 3203 egerunt:
1665 3141 1722 3186 ιιι
1772 3132 1918 3186 velut
1965 3131 2120 3186 Jero-

526 3225 688 3282 beam
717 3227 860 3282 ﬁlius
891 3225 1132 3291 Nabath,
1162 3225 1254 3296 qui
1294 3225 1578 3296 peccavit,
1623 3233 1676 3279 et
1716 3238 1944 3294 peccare
1990 3222 2119 3277 fecit

527 3319 692 3374 Israel
712 3362 726 3385 ,
756 3329 946 3376 auctor
971 3321 1212 3376 omnium
1256 3321 1600 3390 peccantium
1627 3320 1853 3374 existas.
1888 3317 2121 3387 Ideoque

527 3413 595 3468 ad
618 3412 980 3469 universalem
999 3414 1265 3484 synodum
1289 3421 1531 3467 nostram
1548 3427 1708 3480 quam
1735 3412 1844 3464 Deo
1867 3420 2111 3474 auctore,

530 3508 583 3563 in
624 3508 872 3578 proximo
911 3523 1098 3562 sumus
1139 3508 1502 3572 celebraturi,
1554 3506 1880 3578 Lugdunum
1934 3505 2123 3561 venire

531 3608 615 3666 te,
645 3600 938 3655 occasione
962 3599 1108 3654 omni
1135 3600 1458 3669 postposita,
1486 3583 1754 3664 volumus,
1785 3599 1828 3652 si
1858 3598 2122 3664 funditus,

529 3703 590 3748 ut
623 3693 825 3748 dictum
861 3701 945 3746 est
966 3733 980 3758 ,
1012 3707 1119 3747 non
1151 3691 1234 3746 vis
1263 3691 1444 3760 gladio
1475 3691 1659 3745 divino
1692 3690 1965 3744 mulctari.
1997 3689 2127 3743 Lin-

531 3786 753 3842 doinum
783 3801 1001 3856 quoque
1029 3785 1404 3841 vicecomitcm
1436 3786 1686 3839 audimus
1712 3792 1980 3854 potestate
2003 3825 2015 3846 ,
2045 3783 2126 3836 uti

532 3876 803 3931 horrende
828 3875 1112 3940 denuntio,
1140 3877 1218 3930 uti
1253 3875 1574 3930 sacerdotali
1605 3876 1656 3928 in
1683 3875 1937 3944 parochia
1971 3873 2127 3944 Sige-

529 3967 656 4025 bodi
683 3967 1053 4022 Narbonensis
1078 3967 1492 4036 archiepiscopi,
1530 3967 1986 4036 presbyterosque
2011 3975 2130 4018 tuos

530 4059 587 4114 in
613 4058 732 4126 ejus
755 4058 958 4112 exteris
983 4059 1279 4127 subrogare
1301 4057 1548 4110 ecclesiis
1575 4074 1586 4110 :
1615 4057 1757 4124 quod
1782 4056 1996 4109 eoneite
2026 4064 2129 4108 tua:

530 4153 656 4206 vita:
689 4148 1056 4215 consulentes,
1081 4149 1358 4218 corrigere
1385 4155 1439 4199 et
1462 4147 1754 4200 emendare
1784 4145 2127 4199 mandamus.

533 4240 612 4298 Te
641 4255 772 4297 vero
797 4238 1155 4295 Huncfridum
1179 4256 1240 4294 ex
1275 4237 1595 4293 diaconatus
1619 4237 1796 4291 oﬁlcio
1825 4246 1880 4290 et
1905 4251 2132 4291 venera-

533 4332 626 4390 bili
672 4333 996 4389 monachico
1041 4331 1226 4386 habitu
1273 4339 1581 4401 apostatam
1619 4330 1872 4383 audimus
1901 4339 1956 4384 et
1987 4329 2134 4384 dole-

534 4445 657 4485 mus
683 4428 957 4485 allectum.
983 4427 1328 4498 Quapropter
1350 4425 1433 4479 vel
1461 4440 1582 4480 sera
1611 4432 1660 4478 te
1689 4424 2010 4493 pmnitentia
2037 4439 2134 4493 per

1816 351 2101 411 JOANNIS
2139 350 2341 408 ΡΑΡᾸΞ
2380 351 2488 408 VIII

523 469 649 522 sine
677 479 828 522 mora
858 463 1110 520 intimare
1139 463 1363 518 minime
1407 461 1686 519 differatis.
1726 463 1994 520 Caeterum
2028 479 2116 519 τοι
2143 468 2195 525 Α

3730 351 3827 406 776

2291 463 2375 534 (S.
2406 466 2593 535 Greg.,
2626 467 2664 519 l.
2693 481 2770 532 IV,
2801 468 2950 537 epist.
2980 465 3093 537 50.)
3124 468 3169 524 Ο
3196 483 3358 540 quam
3395 469 3535 524 bona
3565 476 3661 524 est
3703 469 3833 522 cha-

2231 557 2382 622 ritas,
2412 571 2530 626 qua:
2559 557 2801 612 absentia
2831 571 2928 626 per
2956 558 3245 628 imaginem
3279 560 3561 628 pnesentia
3595 560 3836 614 sibimet

2230 646 2328 716 ipsi
2381 647 2603 702 exhibet
2648 663 2746 717 per
2803 650 3084 701 amorem!
3145 649 3321 702 Divisa
3382 650 3536 711 uuit,
3588 649 3834 703 confusa

2227 738 2484 804 ordinat,
2535 740 2817 809 inaequalia
2864 741 3075 806 sociat,
3115 741 3427 810 imperfecta
3454 751 3834 796 consummat.

2229 829 2400 897 Quam
2434 839 2579 886 recte
2607 832 2931 900 prcedicator
2955 833 3207 904 egregius
3231 833 3499 888 vinculum
3529 833 3837 903 perfectio-

2229 921 2314 976 nis
2342 930 2499 976 vocat
2524 920 2747 992 (Coloss.
2781 925 2904 995 tu);
2939 925 3064 994 quia
3094 926 3326 980 virtutes
3351 926 3564 996 quidem
3613 936 3836 983 cetera

2228 1013 2614 1084 perfectionem
2639 1025 2921 1096 generant,
2948 1015 3042 1071 sed
3067 1025 3248 1071 tamen
3280 1033 3372 1072 cas
3395 1018 3638 1096 charitas
3666 1021 3834 1074 etiam

2227 1105 2388 1176 ligat,
2430 1115 2490 1160 ut
2535 1103 2604 1160 ab
2649 1089 2883 1163 amantis
2922 1118 3101 1164 mente
3147 1109 3371 1164 dissolvi
3411 1089 3523 1180 jam
3560 1123 3832 1179 nequeat.

2227 1196 2342 1253 Hac
2390 1199 2572 1268 itaque
2619 1200 2856 1266 virtute,
2888 1199 3057 1254 frater
3106 1201 3454 1266 charissime,
3502 1201 3741 1270 plenum
3783 1212 3836 1259 te

2227 1305 2346 1346 esse
2373 1292 2681 1362 reperiens,
2714 1307 2836 1347 eum
2868 1309 2967 1364 pro
2999 1304 3312 1349 sanctarum
3343 1295 3434 1349 Dei
3465 1296 3836 1351 ecclesiarum

2228 1382 2629 1439 restauratione
2672 1383 2726 1437 in
2775 1384 3173 1440 Arelatensium
3221 1386 3441 1441 civitate
3479 1388 3834 1456 corporalem

2227 1475 2571 1543 prtescntiam
2602 1476 2987 1541 exbibuissem,
3017 1479 3160 1532 sicut
3187 1479 3319 1532 mihi
3349 1481 3416 1533 de
3443 1489 3493 1532 te
3523 1480 3834 1536 mulloru

2227 1566 2663 1620 testimoniorum
2713 1567 2856 1622 fama
2909 1584 3036 1623 vera
3089 1569 3247 1641 longe
3295 1568 3508 1638 lateque
3544 1580 3829 1626 narraret.

2227 1655 2379 1723 Quod
2426 1672 2555 1713 vero
2590 1657 2742 1726 juxta
2793 1661 3073 1730 antiquum
3121 1677 3329 1716 morem
3379 1677 3534 1716 usum
3577 1662 3740 1732 pallii
3772 1677 3836 1718 ac

2227 1751 2374 1806 vices
2404 1753 2547 1807 sedis
2571 1753 2880 1823 apostolicae
2909 1755 3229 1824 postulasti,
3265 1755 3404 1809 absit
3431 1770 3498 1810 ne
3519 1764 3615 1809 aut
3647 1737 3831 1811 transp

2151 1831 2202 1893 Β
2228 1846 2430 1902 sitorize
2453 1848 2736 1917 potestatis
2757 1848 2992 1913 culmen,
3018 1857 3112 1902 aut
3139 1848 3427 1903 exterioris
3452 1845 3630 1902 cultus
3658 1863 3830 1903 orna-

2225 1952 2498 2007 mentum,
2549 1942 2601 1996 in
2649 1943 2861 1998 vicibus
2904 1943 3106 1998 nostris
3150 1957 3214 1998 ac
3260 1943 3422 2012 pallio
3455 1942 3725 2012 qmesisse
3777 1951 3831 1998 te

2224 2036 2485 2106 suspicer.
2516 2033 2623 2089 Sed
2659 2036 2785 2106 quia
2816 2036 3026 2090 cunctis
3054 2035 3225 2106 liquet
3253 2036 3398 2091 unde
3437 2037 3492 2090 in
3524 2035 3825 2089 Galliarum

2224 2125 2537 2197 regionibus
2563 2124 2694 2180 ﬁdes
2722 2134 2907 2180 sancta
2932 2124 3194 2196 prodierit
3222 2166 3235 2189 ,
3267 2141 3390 2180 cum
3425 2125 3658 2195 priscam
3686 2139 3825 2180 con-

2223 2219 2564 2273 suetudinem
2591 2219 2735 2274 sedis
2771 2218 3081 2289 apostolica:
3106 2228 3286 2274 vestra
3319 2218 3647 2274 fraternitas
3672 2232 3826 2289 repe-

2223 2311 2318 2376 tit,
2346 2311 2473 2380 quid
2503 2310 2648 2364 aliud
2679 2326 2843 2380 quam
2872 2310 3015 2364 bona
3060 2310 3272 2365 soboles
3307 2311 3376 2365 ad
3409 2311 3592 2365 sinum
3637 2309 3828 2366 matris

2223 2403 2497 2458 recurrit?
2536 2401 2747 2457 Libenti
2780 2416 2909 2473 ergo
2939 2403 3120 2456 animo
3142 2404 3414 2472 postulata
3446 2405 3826 2472 concedimus,

2221 2512 2290 2551 ne
2321 2505 2410 2550 aut
2439 2505 2634 2551 vestra:
2676 2496 2933 2552 Ecclesiae
2975 2497 3272 2566 quidquam
3311 2497 3380 2551 de
3406 2497 3599 2551 debito
3627 2499 3830 2554 honore

2222 2590 2574 2656 subtrahere,
2608 2598 2701 2642 aut
2750 2589 3076 2659 condignam
3119 2592 3440 2661 petitionem
3483 2602 3662 2648 vestr:
3709 2608 3826 2648 con-

2224 2679 2543 2755 tempsisse,
2569 2680 2870 2736 videamur.
2902 2679 3009 2735 Sed
3048 2681 3159 2751 jam
3206 2697 3350 2738 nunc
3391 2684 3584 2738 studio
3633 2684 3828 2753 majore

2226 2784 2310 2823 res
2341 2770 2576 2841 indiget,
2607 2779 2665 2826 ut
2691 2785 2815 2825 cum
2847 2770 3282 2837 honorcrescit,
3310 2774 3485 2829 etiam
3523 2774 3828 2830 sollicitdo

2223 2863 2513 2934 proﬁciat,
2552 2873 2606 2919 et
2651 2880 2780 2935 erga
2825 2874 3147 2921 c‘aeterorum
3197 2867 3512 2922 custodiam
3556 2865 3828 2940 vigilantia

2223 2964 2533 3010 excrescat:
2556 2956 2678 3010 vitze
2705 2973 2922 3027 quoque
2943 2959 3134 3013 merita
3157 2958 3421 3028 subjectis
3444 2961 3499 3015 in
3525 2960 3828 3030 exemplum

2221 3047 2440 3102 veniant
2469 3089 2481 3113 ,
2509 3056 2564 3103 et
2593 3065 2870 3119 nunquam
2902 3065 2996 3105 sua
3041 3067 3136 3120 per
3167 3054 3410 3123 suscepti
3457 3055 3690 3110 honoris
3717 3068 3831 3124 gra-

2227 3139 2392 3204 tiam,
2431 3138 2525 3193 sed
2571 3138 2719 3194 lucra
2765 3141 3006 3197 caelestis
3049 3145 3239 3213 patrim
3280 3156 3470 3201 vestra
3519 3145 3830 3202 fraternitas

2147 3200 2193 3262 ί]
2225 3231 2494 3302 exquirat.
2521 3230 2701 3288 Nostis
2725 3235 2869 3288 enim
2902 3235 3031 3304 quid
3062 3237 3250 3292 beatus
3274 3238 3586 3308 Apostolus
3610 3256 3828 3312 gemens

2227 3323 2374 3380 dicat
2403 3343 2414 3377 :
2450 3323 2643 3380 Omnes
2673 3327 2810 3381 enim
2840 3345 2958 3398 qum
2987 3346 3083 3383 sua
3114 3341 3235 3385 sunt
3275 3345 3547 3400 quierunt,
3584 3351 3689 3388 non
3718 3350 3831 3403 qua:

2226 3426 2346 3469 sunt
2395 3414 2520 3469 Iesu
2569 3414 2765 3471 Christi
2804 3416 3029 3489 (Philip.
3078 3423 3150 3492 ι).
3208 3420 3548 3487 Quibusdam
3600 3439 3836 3494 namque

2227 3507 2599 3572 narrantibus,
2632 3510 2828 3580 agnovi
2881 3516 3025 3581 quod
3075 3514 3126 3566 in
3157 3512 3449 3568 Galliarum
3488 3515 3576 3568 vel
3605 3514 3839 3572 Genna-

2229 3599 2444 3654 niarum
2494 3601 2741 3671 partibus
2794 3602 2972 3658 nullus
3027 3606 3093 3659 ad
3152 3622 3355 3660 sacrum
3406 3606 3662 3661 ordinem
3707 3609 3838 3662 sine

2230 3691 2500 3747 commodi
2540 3692 2758 3748 datione
2804 3696 3104 3763 perveniat.
3149 3697 3302 3764 Quod
3331 3697 3373 3751 si
3409 3696 3483 3750 ita
3527 3706 3614 3751 est
3639 3738 3655 3761 ,
3693 3696 3844 3753 ﬁcus

2232 3789 2352 3844 dico
2371 3831 2384 3853 ,
2414 3803 2639 3859 gemens
2664 3789 2924 3844 denuntio
2944 3832 2957 3855 ,
2987 3793 3116 3860 quia
3151 3808 3272 3846 cum
3316 3792 3676 3847 sacerdotalis
3701 3794 3840 3846 ordo

2233 3881 2380 3935 intus
2411 3879 2646 3945 cecidit,
2695 3879 2830 3936 foris
2877 3897 3094 3952 quoque
3138 3885 3228 3937 diu
3265 3893 3414 3938 stare
3453 3899 3563 3937 non
3616 3884 3836 3954 poterit.

2235 3972 2449 4028 Scimus
2471 3974 2668 4044 quippe
2699 3988 2766 4028 ex
2797 3974 3090 4045 Evangelia
3127 3977 3255 4045 quid
3289 3977 3630 4046 Redemptor
3657 3983 3838 4031 uoster

2235 4081 2332 4135 per
2381 4067 2730 4137 semetipsum
2785 4067 3013 4131 fecerit,
3061 4067 3186 4137 quia
3240 4068 3526 4138 ingressus
3582 4067 3836 4138 templum

2237 4160 2514 4214 cathedras
2561 4159 2887 4214 vendentium
2920 4160 3189 4215 columbas
3231 4162 3413 4214 evertit
3445 4159 3670 4231 (.llatth.
3699 4159 3838 4222 ut).

2238 4255 2526 4308 Columbus
2555 4253 2696 4307 enim
2722 4251 2958 4307 vendere
2985 4253 3156 4308 estde
3189 4264 3376 4307 sancto
3412 4252 3650 4322 Spiritu,
3683 4265 3838 4321 quea

2241 4349 2381 4403 Deus
2413 4347 2756 4417 omnipotens
2792 4347 3306 4402 consubstantialem
3336 4345 3441 4400 sibi
3484 4362 3591 4417 per
3628 4343 3841 4415 imposi-

2242 4443 2442 4498 tionem
2502 4456 2765 4495 manuum
2828 4439 3142 4494 hominibus
3199 4439 3433 4502 tribuit,
3491 4438 3839 4494 commodum

535 4523 750 4578 Domini
791 4521 1222 4577 misericordiam
1267 4518 1440 4573 libera
1461 4557 1475 4581 ,
1522 4525 1577 4572 et
1623 4516 1687 4571 ad
1733 4517 2129 4571 monasterium
2162 4561 2211 4618 D
2240 4533 2539 4603 temporale
2568 4531 2870 4602 percipcm
2903 4530 2980 4584 Ex
3012 4545 3139 4600 quo,
3167 4538 3227 4582 ιιι
3264 4529 3522 4598 ρηωηχε,
3557 4529 3706 4582 malo
3736 4527 3842 4596 iam

537 4623 739 4685 quanto
755 4615 916 4670 citius
937 4613 1198 4684 confuge;
1219 4610 1303 4665 vel
1327 4612 1370 4665 si
1395 4610 1461 4664 de
1486 4618 1572 4662 tua
1595 4607 1826 4663 conﬁdis
1849 4607 2132 4662 conscien—

539 4707 638 4769 tia,
662 4708 729 4759 ad
750 4706 1014 4776 synodum
1042 4713 1282 4760 nostram
1309 4703 1375 4757 de
1398 4700 1562 4755 illatis
1595 4699 1688 4753 tibi
1714 4708 1876 4769 atque
1904 4698 2134 4767 objectis

541 4809 595 4856 te
624 4799 966 4870 purgandum
999 4813 1227 4854 occurre
1262 4815 1274 4850 :
1311 4811 1378 4851 ne
1419 4795 1464 4850 si
1513 4792 1963 4865 praetermiseris,
1997 4808 2130 4846 aua-

541 4891 799 4948 thematis
843 4889 1088 4954 vinculo,
1133 4897 1321 4959 utpote
1359 4897 1607 4957 apostata
1638 4895 1692 4940 et
1723 4883 1977 4951 rebellis,
2012 4883 2136 4938 alli-

540 4984 706 5057 geris.
739 4981 874 5037 Data
908 4990 962 5035 ut
993 4997 1175 5050 supra.

1226 5091 1458 5148 CXXIII.

640 5206 710 5246 ΔΙ)
748 5202 1065 5246 ιιοετλϐκωι
1103 5199 1560 5242 Αιιειιιειιιεεοιδυιι
1594 5198 1981 5240 ARELATENSEI
2017 5195 2065 5236 ⁸.

1153 5279 1348 5349 (Αηηο
1383 5276 1534 5346 878.)
2015 5348 2018 5350 Ι

617 5375 762 5433 Suus
788 5375 866 5430 illi
896 5376 1031 5430 vices
1059 5373 1114 5427 in
1144 5370 1323 5427 Gallia
1355 5378 1406 5424 et
1439 5367 1591 5439 pallii
1617 5383 1774 5423 usum
1811 5367 2066 5423 concedit.

617 5467 1083 5525 Reverentissimo
1128 5473 1183 5519 et
1233 5460 1582 5518 sanctissimo
1642 5457 1798 5512 fratri
1851 5456 2140 5513 Rosncuo

546 5561 960 5632 archiepiscopo
988 5554 1314 5613 Arelatensi.

623 5687 648 5714 ι
678 5673 733 5726 In
765 5671 1002 5726 editione
1051 5670 1312 5734 Romana,
1345 5677 1400 5722 et
1438 5680 1502 5719 ex
1552 5680 1614 5720 ea
1661 5663 1715 5716 in
1763 5661 2138 5734 collectionem

549 5743 904 5826 epistularum
931 5741 1156 5826 Joannis
1183 5732 1310 5819 V'lll,
1343 5737 1502 5819 hujus
1527 5735 1767 5826 epistolae
1800 5734 1976 5826 portio
2011 5732 2142 5785 inci-

549 5812 710 5886 piens
737 5813 805 5866 ab
836 5815 1009 5880 itaque
1058 5812 1399 5880 fraternitati,
1445 5817 1576 5874 etc.,
1617 5812 2139 5877 ponituratanquam

2238 4625 2481 4680 inuuitur
2503 4625 2632 4694 quid
2660 4633 2942 4693 sequatur,
2970 4613 3101 4692 quia'
3131 4622 3183 4676 in
3210 4620 3410 4690 templo
3439 4621 3537 4675 Dei
3567 4621 3846 4674 columbas

2239 4719 2476 4774 vendere
2502 4724 2987 4786 prarsumpserunt,
3013 4729 3201 4770 eorum
3229 4712 3545 4782 Deojudice
3576 4709 3848 4767 cathedra

2241 4808 2597 4873 ceciderunt,
2653 4809 2743 4876 qui
2797 4806 3048 4860 videlicet
3109 4819 3266 4859 error
3320 4803 3372 4855 in
3425 4802 3672 4856 subditis
3729 4815 3845 4855 cum

2241 4909 2531 4973 augmento
2572 4883 2922 4969 propagatur.
2971 4897 3103 4950 Nam
3137 4896 3253 4965 ipse
3285 4909 3508 4963 quoque
3543 4895 3638 4962 qui
3677 4893 3850 4962 pretio

2245 4993 2310 5049 ad
2356 5007 2570 5046 sacrum
2620 4992 2867 5044 ordinem
2917 4987 3254 5058 perducitur,
3296 4985 3408 5056 jam
3457 4985 3515 5037 in
3566 4984 3688 5052 ipsa
3735 4997 3851 5052 pro-

2202 5155 2214 5170 ,
2245 5096 2436 5145 vectus
2465 5085 2546 5140 sui
2581 5084 2764 5139 radice
2796 5082 3035 5144 vitiatus,
3071 5079 3314 5150 paratior
3341 5084 3425 5132 est
3467 5075 3597 5130 aliis
3646 5090 3857 5129 venun-

2247 5180 2377 5236 dare
2405 5177 2548 5248 quod
2577 5175 2728 5230 emit.
2758 5173 2858 5230 Ubi
2894 5180 2978 5228 est
3003 5171 3146 5242 quod
3187 5169 3450 5236 scriptum
3494 5175 3582 5220 est
3619 5186 3633 5220 :
3682 5163 3857 5220 Gratis

2245 5269 2552 5339 accepistis,
2599 5268 2764 5338 gratis
2813 5265 2980 5319 date?
3017 5262 3230 5335 (Matth.
3273 5262 3352 5330 Χ.)
3402 5260 3461 5314 ΕΙ
3500 5275 3633 5314 cum
3687 5260 3859 5328 prima

2249 5372 2442 5419 contra
2497 5370 2741 5417 sanctam
2775 5357 2868 5414 Dei
2917 5355 3216 5412 Ecclesiatu
3263 5353 3575 5408 Simoniaca
3633 5350 3862 5406 Ineresis

2249 5457 2320 5510 sit
2359 5462 2579 5519 exorta,
2611 5467 2712 5509 cur
2756 5467 2860 5506 non
2907 5449 3276 5520 perpenditur,
3319 5461 3418 5500 cur
3457 5459 3567 5498 non
3617 5445 3862 5509 videtur,

2251 5548 2376 5618 quia
2406 5563 2528 5602 ettm
2559 5562 2718 5616 quem
2747 5543 2869 5614 quis
2891 5558 3012 5596 cum
3041 5540 3214 5611 pretio
3235 5539 3474 5601 ordinat,
3502 5535 3866 5605 provehendo

2249 5674 2388 5712 nova
2413 5658 2634 5727 epistala
2660 5656 2726 5709 ad
2758 5654 3226 5727 archiepiscopum
3251 5648 3645 5727 _A_relatensetn
3673 5645 3859 5698 missa.

2251 5731 2400 5783 Illam
2447 5722 2547 5783 uos
2588 5730 2642 5782 in
2677 5729 2777 5781 hac
2797 5725 3126 5782 collectione
3155 5722 3439 5778 omisimus
3473 5728 3751 5787 tanquam
3779 5729 3867 5768 su-

2247 5816 2657 5873 pervacaneam.
2688 5798 2881 5854 MANSI.
