3984 5430
174 325 292 382 777

1447 333 1808 395 EPISTOLIE
1856 340 1945 396 ET
1983 341 2320 400 DECRETA.

3337 356 3441 413 778

172 446 296 516 agit
323 452 383 500 ut
410 445 695 541 haereticus
737 449 874 506 ﬁat?
905 450 1090 523 Itaque
1128 453 1453 513 fraternitati
1485 467 1589 514 tua:
1615 460 1764 518 vices
1788 463 1842 524 Α
1867 468 2076 522 recurri
2113 469 2462 541 pmpositus,
2506 471 2708 526 idcirco
2749 478 3108 540 opportunum
3145 484 3266 526 esse
3312 463 3441 541 per;

171 546 401 594 nostras
448 539 503 593 in
547 541 792 597 ecclesiis
821 559 941 613 qua:
981 546 1080 600 sub
1113 561 1281 619 regno
1317 548 1611 608 Galliarum
1637 564 1765 609 sunt

165 625 331 695 juxta
373 629 657 700 antiquum
694 647 899 688 morem
939 635 1050 691 Deo
1079 647 1300 695 auctore
1342 643 1760 710 committimus,

171 720 411 792 singulis
432 721 651 791 quidem
680 725 1037 794 metropolitis
1063 731 1358 788 secundum
1379 735 1615 804 priscam
1641 751 1765 792 con-

171 813 522 869 suetudinem
554 816 773 887 proprio
799 817 1005 874 honore
1033 831 1264 878 servato.
1291 823 1518 880 Pallium
1549 841 1764 896 quoque

170 905 550 960 concessimus
589 921 699 976 quo
746 907 1060 966 fraternitas
1109 921 1199 966 tua
1234 914 1544 972 decoretur.
1577 916 1761 974 Sicubi

170 1005 360 1052 autem
393 997 606 1068 longius
636 1000 1009 1070 episcoporum
1041 1003 1327 1074 quisquam
1356 1022 1584 1078 pergere
1623 1007 1760 1064 forte

167 1088 439 1155 voluerit,
472 1089 591 1145 sine
620 1098 727 1146 tuae
756 1092 1060 1148 sanctitatis
1105 1098 1430 1153 auctoritate
1457 1100 1507 1154 ei
1537 1101 1603 1154 ad
1643 1100 1760 1156 loca

167 1180 279 1236 alia
327 1181 562 1237 transire
603 1197 712 1238 non
755 1183 936 1239 liceat.
971 1186 1027 1240 Si
1073 1201 1178 1243 uua
1209 1202 1338 1243 vero
1379 1190 1657 1259 inquisitio
1694 1191 1760 1246 de

167 1276 280 1332 fide
304 1278 390 1333 vel
414 1277 642 1334 fortasse
667 1278 896 1336 aliarum
922 1297 1101 1336 rerum
1125 1284 1266 1338 inter
1287 1285 1570 1356 episcopos
1593 1302 1757 1343 causa

164 1371 453 1426 emerserit
494 1387 614 1442 qua:
661 1372 894 1428 discerni
941 1373 1216 1431 difficilius
1265 1379 1470 1448 possit,
1519 1379 1758 1434 collectis

164 1461 458 1518 duodecim
492 1463 783 1536 episcopis,
810 1467 1100 1523 ventiletur
1137 1479 1300 1539 atque
1331 1470 1641 1536 decidatur;
1672 1471 1756 1526 sin

160 1563 350 1609 autem
392 1555 570 1611 decidi
613 1558 952 1627 nequiverit,
1001 1559 1240 1615 discussa
1286 1562 1515 1616 veritate
1547 1562 1614 1616 ad
1655 1578 1753 1617 no-

160 1655 342 1700 strum
365 1645 633 1716 judicium
655 1647 924 1703 referatur
941 1647 1088 1720 (Huc
1117 1667 1280 1721 usque
1302 1648 1361 1706 S.
1385 1649 1586 1723 Greg.).
1610 1650 1754 1708 Proh

160 1735 358 1792 dolor!
393 1753 514 1792 cum
549 1736 602 1792 in
630 1737 816 1794 Gallia:
837 1731 1081 1810 partibus
1107 1756 1348 1797 essemus
1381 1743 1524 1798 inter
1557 1753 1751 1798 caetera

156 1842 334 1884 unum
373 1829 530 1885 valde
567 1831 962 1899 prohibendum
999 1832 1340 1888 invenimus:
1373 1833 1748 1904 metropolitae,
1781 1817 1826 1877 Β

157 1927 459 1990 antequam
490 1920 706 1990 pallium
739 1936 769 1974 a
797 1921 923 1976 sede
949 1921 1245 1990 apostolica
1269 1922 1597 1992 suscipiant,
1626 1937 1754 1978 con-

157 2015 528 2069 secrationem
568 2012 748 2069 facere
780 2023 1150 2084 praesumunt,
1195 2016 1339 2084 quod
1381 2025 1752 2073 antecessores

155 2106 338 2162 nostri
389 2114 446 2160 et
486 2121 586 2162 nos
638 2107 898 2162 canonico
947 2108 1167 2162 decreto
1211 2122 1281 2162 ne
1327 2107 1480 2163 fieret
1525 2108 1750 2163 interdi-

154 2199 367 2254 ximus.
395 2197 551 2255 Unde
585 2198 976 2254 fraternitatem
1020 2207 1164 2253 tuam
1212 2207 1452 2254 sanctam
1481 2214 1581 2269 per
1619 2198 1752 2255 Gal-

155 2287 292 2344 liam
334 2299 579 2344 nostram
619 2289 792 2344 vicem
843 2297 1113 2344 tenentem
1155 2289 1457 2355 hortamur,
1487 2299 1751 2360 quatenus

129 2396 329 2450 ,super
355 2382 458 2436 hoc
486 2380 902 2436 sollicitudinem
931 2379 1150 2444 habeas,
1177 2389 1233 2435 et
1257 2395 1325 2435 ne
1347 2380 1489 2436 istud
1516 2379 1746 2446 adoleat,

159 2472 492 2526 auctoritate
536 2470 861 2540 prohibeas,
916 2478 970 2525 et
1016 2483 1076 2525 ut
1124 2471 1417 2526 secundum
1469 2471 1748 2540 antiquum

158 2578 369 2618 morem
397 2578 642 2634 quaerere
666 2562 923 2618 festinent
947 2578 1192 2628 moneas,
1215 2564 1412 2618 incites
1432 2574 1595 2633 atque
1613 2579 1750 2632 pra:-

157 2653 371 2723 cipias;
402 2663 456 2709 et
479 2655 524 2708 si
556 2653 656 2724 ipsi
681 2654 958 2718 obediant,
990 2669 1182 2720 necne,
1213 2662 1401 2709 nostro
1424 2654 1748 2725 apostolatui

155 2759 328 2818 super
369 2747 548 2800 omnia
593 2745 902 2812 renunties,
941 2745 987 2800 si
1025 2755 1176 2816 potes
1210 2745 1264 2800 in
1303 2745 1588 2801 nativitate
1613 2760 1746 2816 apo.

154 2835 456 2903 stolarum,
502 2845 595 2890 aut
638 2852 739 2907 per
782 2850 910 2901 vos,
954 2845 1048 2889 aut
1089 2851 1188 2906 per
1220 2844 1467 2892 nostrum
1514 2835 1747 2906 legatum

156 2926 398 2996 aliquem
425 2929 593 2983 certis
615 2927 808 2984 litteris
830 2929 1105 2993 intimare,
1131 2945 1198 2984 ne
1220 2928 1452 2985 differas.
1487 2929 1747 3000 Omnipo-

153 3027 286 3074 tens
306 3027 486 3075 autem
515 3020 654 3076 Deus
673 3034 769 3078 sua
794 3035 888 3076 vos
907 3022 1244 3092 protectione
1263 3022 1554 3089 custodiat,
1579 3023 1750 3077 hono-

154 3126 388 3182 remque
411 3122 728 3185 perceptum
749 3127 846 3168 vos
875 3113 932 3167 in
951 3112 1194 3168 moribus
1222 3128 1442 3168 servare
1468 3113 1744 3169 concedat.

151 3205 298 3261 Data
328 3215 385 3261 ut
407 3223 588 3277 supra.

839 3300 1072 3358 CXXIV.

481 3407 547 3448 ΔΙ)
578 3405 864 3456 σιεινειιεοε
893 3407 1175 3448 EPISCOPOS
1205 3406 1432 3449 ωιιιι.

776 3482 960 3550 (Anno
996 3483 1143 3552 878.)

149 3571 232 3631 Ut
277 3570 542 3643 Rostagno
587 3571 884 3627 Arelatensi
921 3575 1196 3643 episcopo,
1237 3575 1322 3628 cui
1361 3575 1492 3630 vices
1537 3593 1660 3630 suas
1691 3577 1748 3630 in

447 3642 625 3696 Gallia
669 3642 958 3708 commisit,
996 3660 1171 3699 omnes
1202 3644 1460 3699 obediant.

233 3756 498 3812 Omnibus
524 3754 978 3810 reverentissimis
1007 3764 1062 3810 et
1097 3755 1456 3810 sanctissimis
1482 3755 1751 3827 episcopis

143 3861 216 3912 et
244 3849 502 3906 fratribus
533 3863 630 3919 per
655 3845 858 3902 Gallias
888 3846 1214 3902 constitutis.

233 3943 315 4016 (S.
342 3939 531 4011 Greg.,
563 3939 656 3994 lib.
691 3953 764 4002 tv,
795 3955 873 4008 ep.
903 3938 1018 4008 52.)
1047 3938 1130 3992 Ad
1159 3938 1262 3993 hoc
1299 3938 1493 3994 divinae
1531 3939 1748 4010 dispen-

146 4035 386 4097 sationis
407 4031 645 4103 provisio
666 4031 868 4102 gradus
887 4040 943 4086 et
963 4031 1209 4086 diversos
1231 4031 1510 4085 constituit
1530 4031 1749 4087 ordines

45 4170 56 4175 -
152 4132 306 4188 inter
343 4141 402 4182 se
429 4125 732 4188 distinctos,
760 4132 818 4178 ut
848 4124 974 4178 dum
1006 4122 1362 4180 reverentiam
1390 4124 1628 4179 minores
1653 4121 1750 4196 po-

151 4221 392 4279 tioribus
407 4217 728 4274 exhiberem
739 4256 753 4280 ,
769 4225 825 4271 et
845 4217 1083 4286 potiores
1105 4214 1403 4271 minoribus
1416 4215 1747 4286 diligentiam

152 4309 575 4380 impenderent,
624 4322 730 4361 una
786 4307 1092 4362 concordia:
1144 4304 1301 4360 fieret
1354 4321 1386 4358 a
1435 4305 1748 4360 diversitate

153 4401 453 4466 contextio,
476 4408 530 4453 et
553 4405 698 4454 recte
719 4395 1018 4453 officiorum
1045 4403 1328 4468 gereretur
1349 4397 1747 4452 administratio

151 4493 511 4564 singulorum.
540 4489 728 4560 Neque
759 4492 902 4545 enim
933 4489 1265 4545 universitas
1292 4488 1398 4543 alia
1418 4499 1628 4560 poterat
1662 4504 1749 4544 ra-

152 4584 307 4640 tione
331 4584 644 4647 subsistere,
686 4581 790 4636 nisi
830 4580 1141 4648 hujusmodi
1168 4595 1394 4650 magnus
1431 4596 1551 4636 eam
1598 4578 1749 4636 diffe-

152 4675 350 4732 rentiae
393 4676 525 4730 ordo
568 4681 830 4728 servaret.
883 4671 1021 4739 Quia
1068 4685 1199 4727 vero
1246 4679 1493 4726 creatura
1539 4671 1593 4723 in
1639 4685 1747 4726 una

151 4767 456 4837 eademque
474 4765 784 4838 aequalitate
804 4763 1096 4836 gubernari
1116 4762 1202 4818 vel
1221 4763 1402 4818 vivere
1421 4778 1527 4817 non
1549 4769 1747 4832 potest,

151 4861 460 4921 caelestium
503 4859 825 4915 militiarum
861 4857 1107 4927 exempla
1145 4873 1245 4913 nos
1285 4858 1592 4921 instruunt,
1624 4856 1748 4926 quia

155 4956 289 5012 dum
336 4954 442 5009 sint
471 4952 682 5024 angeli,
728 4951 838 5007 sint
867 4949 1209 5021 archangeli,
1257 4950 1424 5022 liquet
1461 4947 1588 5020 quia
1637 4963 1742 5002 non

1776 4539 1828 4600 D

1863 559 2138 626 speximus
2192 562 2246 616 in
2300 562 2544 619 ecclesiis
2597 579 2717 634 quae
2769 563 2870 618 sub
2926 577 3092 634 regno
3140 563 3436 620 Galliarum

1865 651 2156 705 secundum
2220 645 2496 724 antiquam
2559 654 3002 711 consuetudinem
3056 664 3228 723 sunt,
3280 656 3439 713 fratri

1863 749 2052 796 nostro
2081 741 2356 814 Bostagno
2386 745 2720 802 Arelatensis
2758 747 2990 802 civitatis
3015 747 3267 817 episcopo
3294 747 3439 803 vices

1863 821 2079 890 nostras
2120 836 2383 902 tribuere,
2419 847 2684 908 quatenus
2711 850 2765 895 et
2805 840 3084 895 catholica:
3130 840 3250 896 fidei
3296 841 3436 896 inte-

1861 927 2060 998 gritas,
2102 928 2154 983 id
2189 939 2273 984 est
2309 939 2616 986 sanctarum
2656 941 2886 1003 quatuor
2927 932 3289 1004 synodorum,
3328 934 3438 988 Deo

1861 1027 2198 1090 protegente,
2235 1021 2465 1078 sollicita
2496 1023 2784 1079 devotione
2809 1031 3085 1088 servetur;
3125 1031 3182 1078 et
3221 1024 3266 1077 si
3300 1024 3440 1080 inter

1861 1110 2057 1168 fratres
2106 1116 2627 1186 consacerdotesque
2687 1125 2902 1173 nostros
2958 1116 3136 1187 aliqua
3201 1119 3440 1173 evenerit

1860 1200 1999 1257 forte
2050 1207 2363 1270 contentio,
2412 1209 2752 1263 auctoritatis
2798 1224 2908 1264 sua:
2957 1209 3179 1280 vigore,
3232 1209 3440 1265 vicibus

1860 1308 2052 1364 nempe
2097 1295 2240 1351 sedis
2288 1298 2592 1367 apostolica:
2643 1298 2882 1361 functus,
2923 1301 3152 1356 discreta
3198 1302 3441 1357 modera-

1859 1385 2006 1441 tione
2045 1399 2370 1458 compescat.
2415 1390 2512 1446 Cui
2547 1391 2714 1446 etiam
2759 1391 3090 1460 iniunximus
3135 1394 3265 1448 utsi
3306 1409 3442 1463 qua-

1859 1477 2104 1532 rumdam
2138 1494 2426 1534 causarum
2453 1481 2557 1535 tale
2581 1481 2743 1537 fuerit
2769 1491 3043 1536 certamen
3075 1493 3355 1546 exortum,
3385 1482 3437 1535 in

1857 1579 1964 1634 quo
2011 1567 2240 1623 aliorum
2288 1571 2573 1639 praesentia
2622 1587 2755 1642 opus
2803 1572 2904 1636 sit,
2955 1573 3290 1642 congregatis
3337 1570 3439 1627 sibi

1856 1672 2083 1712 numero
2111 1661 2436 1730 competenti
2471 1659 2730 1716 fratribus
2759 1671 2814 1718 et
2858 1663 3187 1733 coepiscopis
3219 1662 3438 1730 nostris,

1857 1747 2150 1824 salubriter
2187 1759 2402 1805 servata
2449 1751 2551 1806 hoc
2594 1752 2846 1822 aequitate
2877 1752 3163 1817 discutiat,
3194 1762 3249 1807 et
3279 1768 3442 1807 cano-

1855 1835 1978 1890 nica
2017 1839 2341 1893 auctoritate
2369 1839 2613 1895 difliniat.
2661 1839 2716 1896 Si
2764 1857 2923 1910 quam
2970 1857 3101 1896 vero
3131 1842 3436 1896 contentio-

1853 1940 2015 1992 nem,
2058 1929 2202 1998 quod
2246 1929 2402 2001 longe
2446 1927 2609 1987 fa'eiat
2651 1933 2829 1988 divina
2880 1933 3150 2004 potentia,
3203 1933 3268 1989 de
3317 1933 3442 1988 fidei

1855 2029 2018 2071 causa
2059 2019 2278 2073 evenire
2305 2022 2624 2092 contigerit,
2669 2035 2764 2078 aut
2803 2025 3077 2095 negotium
3122 2026 3440 2090 emerserit,

1853 2107 2009 2176 cujus
2046 2111 2339 2166 vehemens
2382 2113 2454 2167 sit
2509 2112 2739 2169 fortasse
2787 2115 3062 2180 dubietas,
3110 2123 3165 2170 et
3213 2133 3312 2186 pro
3357 2115 3440 2170 sui

1853 2201 2222 2273 magnitudine
2245 2202 2447 2271 judicio
2490 2206 2632 2260 sedis
2674 2205 2981 2276 apostolicae
3020 2205 3284 2276 indigeat,
3316 2221 3439 2260 exa-

1854 2294 2057 2348 minata
2084 2293 2391 2366 diligentius
2419 2296 2669 2364 veritate,
2695 2297 2954 2353 relatione
2984 2313 3081 2353 sua
3102 2299 3167 2352 ad
3195 2307 3438 2352 nostram

1852 2385 2068 2440 studeat
2091 2385 2388 2454 perducere
2409 2388 2706 2456 notionem,
2737 2398 3004 2460 quatenus
3025 2406 3054 2444 a
3085 2389 3238 2445 nobis
3259 2390 3440 2446 valeat

1852 2490 2091 2547 congrua
2135 2477 2251 2533 sine
2290 2477 2453 2534 dubio
2486 2481 2751 2536 sententia
2799 2481 3098 2537 terminari.
3133 2481 3229 2537 Cui
3275 2484 3439 2539 etiam

1853 2563 2183 2634 injunximus
2206 2578 2264 2622 ut
2289 2568 2488 2622 nullum
2513 2569 2978 2641 archiepiscopum
3006 2571 3060 2626 in
3085 2571 3168 2626 his
3192 2572 3438 2642 partibus

1856 2656 1974 2711 sine
2014 2656 2177 2726 pallio
2208 2674 2239 2712 a
2267 2657 2511 2715 Romano
2539 2661 2792 2729 pontifice
2837 2654 3048 2716 dilecto
3079 2663 3440 2717 consecratio-

1852 2763 1976 2802 nem
2003 2746 2185 2804 facere
2211 2751 2509 2818 permittat,
2537 2760 2591 2806 et
2616 2749 2876 2806 facientes
2905 2762 3090 2807 nostra
3118 2753 3440 2808 auctoritate

1852 2848 2064 2910 arguat.
2116 2839 2182 2894 Et
2232 2842 2488 2910 quoniam
2545 2854 2767 2898 necesse
2824 2851 2910 2898 est
2956 2851 3016 2897 ut
3059 2843 3126 2898 ad
3179 2857 3303 2897 eum
3352 2841 3442 2897 cui

1853 2941 2068 2988 nostras
2098 2934 2243 2988 vices
2267 2933 2606 3000 indulsimus,
2639 2935 2852 3006 quoties
2881 2944 3130 3005 oportere
3156 2950 3440 3006 perspexe-

1854 3026 1948 3090 rit,
1985 3042 2083 3096 pro
2129 3024 2378 3081 facienda
2419 3026 2707 3082 collatione
2740 3027 2880 3098 aptis
2933 3027 3164 3084 debeant
3205 3027 3439 3097 episcopi

1857 3115 2186 3185 temporibus
2209 3116 2497 3172 convenire
2519 3156 2534 3181 ,
2561 3117 2845 3172 hortamur
2872 3125 2930 3171 ut
2960 3117 3139 3172 nullus
3173 3118 3441 3174 mandatis

1852 3204 1970 3274 ejus
2011 3205 2327 3261 inobediens
2365 3222 2484 3262 esse
2514 3217 2838 3278 praesumat,
2870 3222 2970 3262 nec
3010 3208 3282 3264 communi
3311 3223 3443 3264 con-

1854 3295 2152 3367 gregationi
2200 3296 2470 3352 interesse
2518 3305 2849 3368 postponat,
2897 3297 3004 3352 nisi
3055 3309 3148 3353 aut
3196 3305 3442 3373 corporis

1852 3386 2139 3442 infirmitas
2165 3390 2470 3460 quempiam
2497 3388 2729 3445 fortasse
2755 3391 3018 3456 vetuerit,
3045 3400 3140 3446 aut
3164 3395 3440 3464 cujusdam

1852 3491 1975 3532 eum
2004 3492 2181 3534 causae
2203 3478 2364 3548 justae
2391 3480 2672 3535 excusatio
2700 3481 2923 3536 minime
2959 3483 3144 3536 venire
3175 3487 3437 3553 permise~

1852 3571 1943 3624 rit.
1974 3568 2038 3623 lli
2081 3578 2255 3624 tamen
2269 3571 2722 3641 qui,prohibente
2753 3573 2933 3642 aliqua
2959 3575 3305 3641 necessitate,
3338 3593 3437 3632 ne-

1853 3660 2092 3730 quierint
2115 3661 2166 3714 in
2188 3660 2454 3730 synodum
2475 3662 2788 3728 convenire,
2802 3662 2920 3718 loco
2944 3679 3042 3720 suo
3061 3668 3440 3738 presbyterum

1853 3760 1949 3806 aut
1977 3752 2264 3807 diaconum
2295 3752 2552 3822 dirigant,
2583 3765 2850 3824 quatenus
2880 3771 2999 3826 quae.
3026 3773 3056 3812 a
3088 3767 3274 3814 nostro
3295 3760 3442 3816 vica-

1853 3845 1967 3910 rio,
2014 3844 2125 3900 Deo
2167 3843 2491 3912 auxiliante,
2529 3845 2734 3902 fuerint
2777 3848 3032 3918 definita,
3072 3853 3138 3906 ad
3181 3867 3304 3906 eum
3347 3851 3441 3922 qui

1855 3939 2048 3994 absens
2076 3946 2190 4003 est,
2217 3952 2316 4008 per
2343 3937 2517 4009 ipsum
2566 3955 2729 4010 quem
2767 3943 3006 4009 miserit,
3035 3944 3141 3998 ﬁda
3181 3945 3441 4000 relatione

1851 4028 2207 4104 perveniant,
2257 4037 2317 4082 ut
2369 4028 2683 4085 inconvulsa
2733 4030 2988 4088 firmitate
3033 4044 3337 4101 serventur,
3385 4043 3442 4090 et

1851 4123 2050 4179 nullius
2089 4141 2152 4180 ea
2191 4124 2427 4178 audeant
2472 4124 2776 4180 occasionis
2815 4126 3162 4181 excusatione
3210 4126 3438 4184 violare.

1850 4217 1965 4273 Hoc
1998 4218 2164 4274 etiam
2201 4232 2298 4272 vos
2325 4217 2532 4287 pariter
2572 4218 2920 4286 praevidimus
2947 4219 3346 4284 admonendos,
3380 4229 3443 4276 ut

1851 4308 2030 4363 nullus
2072 4317 2315 4363 vestrum
2364 4307 2432 4362 ad
2487 4306 2862 4377 longinquiora
2909 4308 3026 4363 loca
3071 4308 3186 4364 sine
3229 4309 3442 4378 prmfati

1852 4396 2040 4450 fratris
2068 4405 2125 4450 et
2153 4396 2454 4467 coepiscopi
2483 4397 2654 4450 nostri
2677 4395 2934 4466 Rostagni
2964 4397 3290 4453 auctoritate
3321 4407 3439 4454 ten-

1853 4499 1930 4546 tet
1966 4489 2149 4560 aliquo
2191 4489 2351 4544 modo
2380 4488 2678 4559 proficisci,
2717 4489 2950 4544 scientes
2978 4488 3104 4559 quia
3145 4500 3200 4545 et
3227 4492 3440 4560 praede-

1852 4599 2137 4640 cessorum
2163 4592 2469 4639 nostrorum
2487 4624 2502 4649 ,
2531 4581 2623 4651 qui
2667 4581 2814 4637 vices
2844 4598 2969 4638 suas
3002 4579 3117 4649 ejus
3143 4583 3444 4653 praedeces-

1855 4675 2073 4732 soribus
2125 4680 2545 4736 concesserunt,
2605 4671 2684 4725 sic
2739 4671 2927 4741 procul
2975 4671 3140 4726 dubio
3186 4676 3442 4728 mandata

1855 4764 2142 4822 definiunt.
2188 4763 2482 4819 Hortamur
2518 4770 2780 4832 praeterea
2811 4771 2871 4817 ut
2911 4763 2978 4818 de
3021 4757 3196 4815 ofﬁcio
3237 4775 3339 4817 suo
3377 4761 3449 4815 sit

1854 4858 2092 4930 quisque
2122 4865 2364 4912 vestrum
2390 4853 2683 4918 sollicitus,
2714 4863 2769 4909 et
2811 4855 2903 4926 qui
2932 4851 3256 4925 promissam
3304 4849 3456 4920 cupit

1855 4947 2050 5022 patria:
2097 4947 2404 5003 mercedem
2453 4945 2719 5019 partionis
2762 4949 3045 5018 accipere,
3097 4941 3461 4998 commissum

1855 5042 1958 5101 sibi
2001 5053 2227 5114 gregem
2269 5038 2632 5099 sollicitudine
2671 5049 2726 5094 et
2754 5041 3000 5096 oratione
3044 5029 3333 5087 custodiat
3357 5073 3376 5098 ,
3405 5039 3475 5080 ne

1855 5135 2016 5205 lupus
2053 5131 2321 5188 insidians
2355 5149 2484 5190 oves
2521 5129 2757 5186 creditas
2787 5123 3094 5187 invadendo
3119 5115 3396 5182 dilaniet,
3430 5121 3484 5170 ει

1855 5229 1925 5283 sit
1948 5226 2002 5279 in
2030 5224 2391 5284 retributione
2408 5237 2571 5299 poena
2592 5236 2691 5291 pro
2717 5238 2958 5279 munere.
2980 5216 3254 5285 Optamus
3279 5211 3485 5285 igitur.

1857 5320 2060 5375 fratres
2096 5314 2440 5387 charissimi,
2464 5326 2524 5374 et
2553 5314 2678 5370 totis
2714 5315 3144 5385 omnipotentem
3172 5299 3491 5362 D("Initium

2548 5412 2608 5430 ..ι
2653 5403 2992 5430 ,ιειιηηηηιηκ
3049 5398 3300 5430 vnclrsun
3362 5387 3495 5430 lmni

153 5043 392 5114 aequales
415 5052 564 5108 sunt,
593 5041 686 5097 sed
709 5041 762 5096 in
787 5049 1055 5112 potestate
1079 5050 1134 5096 et
1158 5043 1367 5109 ordine,
1390 5043 1532 5099 sicut
1554 5038 1748 5105 nostis,

154 5135 340 5195 differt
377 5138 513 5192 alter
558 5133 628 5188 ab
669 5134 858 5191 altero.
898 5134 957 5190 Si
999 5149 1127 5206 ergo
1164 5133 1310 5192 inter
1350 5136 1469 5202 hos,
1509 5131 1602 5201 qui
1632 5131 1750 5186 sine

149 5234 378 5301 peccato
403 5233 554 5290 sunt,
586 5224 688 5278 ista
717 5235 930 5282 constat
957 5240 1074 5282 esse
1096 5225 1388 5295 distinctio,
1418 5225 1548 5298 quis
1577 5222 1750 5278 homi-

154 5335 289 5376 num
316 5319 512 5374 abnuat
545 5316 675 5371 huie
696 5333 755 5372 se
783 5318 1013 5375 libenter
1039 5319 1375 5390 dispositioni
1398 5315 1745 5382 submittere,

800 5423 853 5430 Α-
882 5409 1089 5430 -ι.-.12..-

287 5418 408 5430 ΑΔ-Σ.
441 5418 606 5430 -.ξι-αυ-
639 5418 853 5430 Ann—AIA-
882 5418 1134 5430 ‘L-‘:_-“
1166 5418 1226 5430 ΙΙ.
1357 5421 1368 5430 Δ
1391 5428 1396 5430 .
1428 5418 1523 5430 .”.ΑΑ
1561 5421 1663 5430 ὀιΑ-ο
1698 5418 1747 5430 Al
1911 5418 2114 5430 .-ΑΞ-Α.--
2177 5423 2328 5430 ιι-Α--
2357 5428 2364 5430 .
