3984 5430
539 520 643 586 779

1898 507 2176 572 ιοΑΝΝιε
2209 509 2411 568 ΡΑΡᾹΞ.
2451 509 2562 568 VIII
2625 551 2634 560 .
3713 507 3800 564 78ft

539 635 895 695 adducuntur,
920 638 980 688 et
998 630 1101 686 hoc
1121 639 1308 686 sancto
1332 629 1486 685 fratri
1511 638 1568 684 et
1589 630 1907 700 coepiscopo
1926 635 2112 684 nostro
2136 627 2192 687 A
2215 626 2369 682 nobis
2401 638 2671 700 nomen
2699 627 3122 685 mnsionatloas
3163 636 3464 699 praparate
3483 663 3500 692 ,
3529 626 3588 680 id
3629 638 3716 683 est
3753 630 3798 685 ia

537 727 813 796 Rostagno
863 737 962 793 per
1011 723 1192 778 omnia
1247 723 1646 794 prohibendum
1701 723 2110 787 mandavimus;

537 816 679 887 quod
718 823 779 870 ut
823 811 1139 870 fraternitas
1165 821 1346 868 vestra
1392 822 1682 885 cognoscat
1723 822 1779 869 et
1813 811 2112 877 custodiat,

535 909 655 980 ipsa
677 908 831 966 vobis
861 917 945 964 est
972 908 1201 978 epistola
1227 907 1534 980 relegenda.
1570 908 1701 964 Data
1727 915 1785 961 ut
1809 921 1988 976 supra.

1222 1037 1434 1095 CXXV.

1038 1147 1104 1186 AD
1137 1141 1384 1186 CAROLUI
1421 1145 1612 1187 REGEM.

1073 1232 1075 1234 '
1149 1225 1326 1294 (Anno
1357 1222 1504 1294 878.)

531 1336 835 1420 Excusatse
855 1319 993 1420 quod
1006 1337 1074 1420 uti
1098 1353 1214 1390 eum
1229 1337 1455 1420 legatum
1477 1353 1577 1420 non
1600 1334 1817 1420 miserit,
1831 1331 2113 1420 intercl‘usa

600 1407 700 1462 sibi
730 1408 811 1462 via
850 1403 881 1461 ἁ
918 1405 1193 1477 Lamberto
1233 1403 1445 1477 ejusque
1472 1405 1767 1476 fautoribus
1815 1405 1902 1459 aui
1932 1403 2110 1458 urbem

592 1477 820 1532 Romam
850 1477 1090 1532 tenebant
1119 1476 1404 1530 obsessam.

595 1592 813 1652 Canem
841 1591 1074 1665 glorioso
1104 1592 1215 1664 regi
1248 1592 1445 1648 dilecto
1475 1592 1604 1647 lilio.

601 1687 773 1764 Igitur
801 1686 987 1758 gloriae
1017 1695 1212 1741 vestra:
1258 1685 1562 1742 litterarum
1613 1686 1753 1739 serie
1806 1691 2018 1754 recepta
2056 1678 2110 1736 et

525 1780 684 1845 lecta,
716 1789 772 1834 ut
813 1778 880 1834 de
930 1793 1080 1834 more
1108 1786 1512 1833 antecessorum
1563 1793 1746 1849 regum
1777 1776 2024 1831 videlicet
2055 1783 2108 1830 et

525 1872 930 1941 imperatorum,
957 1879 1371 1940 vestrorumque
1393 1871 1652 1925 duntaxat
1679 1876 1956 1940 parentum
1979 1880 2105 1937 erga

525 1962 821 2018 Romanam
887 1961 1204 2027 Ecclesiam,
1253 1961 1406 2031 cujus
1463 1963 1545 2016 Iac
1603 1971 1836 2016 vestram
1902 1959 2180 2039 prolem”

524 2045 788 2107 hactenus
810 2051 1139 2116 educaverit,
1165 2053 1218 2107 in
1244 2054 1452 2109 cunctis
1473 2054 1649 2108 omnia
1679 2069 1772 2108 vos
1795 2053 2100 2108 desiderare

527 2146 583 2202 et
609 2145 823 2215 assequi
852 2146 1119 2213 novimus,
1158 2157 1382 2217 paterno
1427 2145 1618 2202 achctu
1647 2147 1846 2218 gratias
1877 2145 2102 2218 agimus,

520 2244 578 2293 et
611 2235 840 2308 qualiter
869 2237 1165 2308 scripsistis
1196 2238 1303 2292 imo
1334 2246 1593 2294 tenemus.
1630 2236 1893 2292 Caeterum
1931 2237 2105 2307 ponti-

521 2327 704 2383 ficium
731 2335 978 2382 nostrum
1017 2338 1194 2383 vestra
1243 2329 1582 2400 percunctari
1632 2329 1846 2382 dilectio
1902 2327 2107 2381 studuit

519 2432 618 2482 cur
641 2415 794 2473 vobis
824 2434 933 2473 non
970 2417 1217 2473 misimus
1245 2421 1314 2474 ob
1369 2421 1495 2491 quid
1530 2420 1707 2475 taliter
1743 2419 2101 2475 venissemus.

517 2507 586 2564 Et
614 2507 766 2565 vobis
787 2515 839 2564 et
868 2508 1129 2566 fratribus
1160 2511 1355 2566 vestris
1400 2511 1646 2582 gloriosis
1675 2512 1915 2582 regibus,
1957 2519 2106 2565 ante-

517 2615 677 2669 quam
724 2617 790 2654 ex
845 2601 988 2657 Urbe
1041 2602 1349 2667 cxireuuts,
1399 2605 1610 2658 mittere
1660 2603 1959 2668 voluimus,
2012 2601 2104 2658 sed

516 2689 874 2746 olIlcientibus
919 2690 1210 2758 Lamberto
1256 2702 1309 2747 et
1361 2692 1647 2748 Adclberto
1695 2692 2106 2762 fautoribusque

517 2795 704 2837 eorum
759 2783 1265 2847 anathematizatis,
1320 2783 1536 2837 mittere
1586 2781 1943 2853 nequivimus.
1996 2781 2104 2837 Nec

515 2874 715 2929 mirum
767 2873 810 2928 si
840 2874 943 2944 ipsi
975 2875 1128 2928 nobis
1160 2874 1298 2928 viam
1332 2873 1667 2937 sustulerint,
1699 2889 1820 2927 cum
1851 2883 1905 2927 et
1936 2871 2104 2942 ipsius

514 2963 661 3019 beati
714 2961 858 3017 Petri
917 2964 1285 3033 apostolorum
1333 2961 1592 3032 principis
1642 2962 1959 3029 Ecclesiam,
2013 2975 2102 3016 ve-

517 3064 689 3113 stram
720 3055 950 3126 denique
973 3064 1223 3120 matrem,
1256 3062 1308 3109 et
1333 3055 1568 3108 omnium
1605 3053 1698 3108 Dei
1733 3051 2101 3108 Ecclesiat‘um

515 3147 789 3215 tutricem,
823 3147 990 3202 armis
1027 3145 1243 3220 triginta
1274 3147 1466 3202 diebus
1499 3145 1888 3202 circumdatam
1922 3153 2104 3200 tenere

519 3255 624 3295 non
677 3237 1121 3302 formidaverint;
1156 3238 1227 3292 ita
1274 3246 1333 3292 ut
1385 3251 1485 3293 nec
1536 3236 1608 3292 ibi
1657 3236 1888 3305 aliquam
1942 3235 2102 3290 alicui

517 3346 789 3402 lucernam
818 3329 1142 3395 illuminare,
1184 3344 1284 3384 nec
1331 3329 1514 3384 laudes
1559 3327 1665 3384 Deo
1693 3327 1940 3383 conferre
1977 3327 2106 3382 lice-
2134 3341 2180 3404 ο

515 3428 620 3487 ret,
665 3429 861 3491 praeter
910 3429 1200 3492 postquam
1258 3419 1445 3475 urbem
1499 3421 1794 3485 exivimus;
1844 3419 2103 3476 fratribus

512 3514 710 3569 vestris
737 3512 984 3587 gloriosis
1011 3515 1227 3586 regibus
1252 3516 1464 3571 mittere
1516 3515 1832 3587 sategimus,
1868 3525 1924 3568 ut
1952 3514 2102 3570 vobis

513 3621 673 3678 super
696 3606 890 3662 talibus
917 3607 1294 3662 intimaremus
1325 3626 1336 3660 :
1369 3606 1461 3662 sed
1492 3624 1612 3661 cmn
1641 3623 1736 3661 vos
1763 3607 1932 3678 magis
1947 3607 2103 3676 juxta

514 3698 780 3764 audimus,
809 3697 882 3752 ita
920 3699 1136 3753 mittere
1163 3699 1538 3769 cogitavimus.
1572 3698 1689 3766 Quo
1728 3698 1849 3754 loco
1877 3699 1944 3752 ab
1971 3697 2102 3768 ipsis

514 3789 846 3862 significatur
889 3807 987 3861 pro
1017 3789 1166 3862 pacis
1220 3800 1274 3846 et
1322 3790 1543 3846 unitatis
1588 3790 2102 3861 tranquillitatisque

513 3880 754 3936 omnium
803 3879 896 3936 Dei
943 3877 1304 3935 Ecclesiarum
1360 3880 1603 3949 negotio;
1637 3878 1807 3948 primo
1835 3876 2097 3941 venimus,

515 3987 624 4044 quo
648 3987 742 4027 vos
772 3979 998 4040 quatuor
1022 3986 1175 4042 reges
1203 3987 1367 4025 unum
1398 3971 1807 4044 legitimumque
1826 3959 1985 4033 velle,
2006 3984 2100 4022 an-

437 4051 439 4054 .
516 4070 714 4115 nuente
758 4061 890 4123 Deo,
929 4058 1276 4112 nihilominus
1305 4057 1589 4122 faciamus,
1616 4067 1673 4111 ut
1703 4057 1984 4113 Psalmista
2012 4073 2103 4113 ce-

519 4147 652 4202 cinit
681 4161 694 4198 :
723 4144 858 4198 Ecce
886 4159 1040 4215 quam
1074 4141 1267 4198 bonum
1295 4153 1341 4198 et
1365 4161 1520 4215 quam
1535 4145 1830 4214 jucundum
1864 4155 1937 4199 est
1959 4146 2104 4198 habi-

519 4245 630 4289 tare
653 4234 840 4304 fratres
864 4235 918 4289 ιη
936 4249 1118 4298 unum,
1143 4241 1196 4287 ct
1233 4233 1436 4304 reliqua
1457 4234 1624 4305 (Psal.
1645 4234 1870 4307 cxxxn).
1899 4235 2102 4293 Dehinc

517 4325 766 4382 volumus
793 4336 852 4381 ut
879 4325 952 4382 ita
980 4325 1226 4380 conventi
1256 4333 1466 4380 nostras
1495 4325 1874 4394 oppressioues
1915 4325 2100 4379 audire

517 4419 942 4489 'compatiamini.
975 4415 1332 4487 Quapropter,
1366 4415 1439 4469 ﬁli
1467 4415 1807 4479 charissime,
1842 4416 2098 4485 quoniam

517 4510 749 4567 tevalde
774 4509 946 4566 illuxit
995 4508 1156 4580 (deest
1198 4507 1439 4579 aliquid).
1490 4509 1619 4562 Data
1658 4518 1714 4562 ut
1743 4525 1915 4579 supra.

1192 4620 1423 4677 CXXVI.

803 4728 869 4765 AD
906 4728 1056 4768 ISAAC
1093 4727 1383 4768 EPISCOI’UM
1432 4727 1813 4767 LINGONENSEI.

1125 4802 1316 4874 (Anno
1344 4803 1492 4874 878.)

522 4885 590 4946 Ut
630 4887 815 4944 Trecas
851 4890 920 4966 ad
956 4891 1211 4966 synodum
1240 4894 1436 4966 ueniat,
1471 4901 1517 4946 et
1549 4889 1857 4966 Cabilonum
1895 4899 2095 4966 aliquos

798 4959 970 5013 mittat
995 4961 1084 5027 qui
1113 4961 1406 5029 pontiﬁcem
1433 4977 1492 5014 eo
1531 4962 1810 5016 deducant.

2216 717 2341 773 villa
2372 717 2689 786 Har-mania,
2717 720 2772 776 in
2801 735 2938 791 pago
2957 719 3198 776 Albensi.
3229 720 3362 775 Data
3383 730 3440 774 ιιι
3471 733 3672 788 snpm.

2871 827 3126 890 CXXVII.

2665 940 2733 979 ΑΒ
2764 932 2935 980 (λιπες
2965 935 3329 981 CHRISTIANOS.

2816 1014 3004 1086 (Anno
3042 1013 3192 1085 ατε.)

2214 1100 2650 1176 Excommunioat
2688 1117 2774 1159 eos
2807 1107 2898 1174 qui
2931 1106 3029 1159 sibi
3059 1119 3220 1175 equos
3267 1115 3317 1160 et
3357 1116 3676 1176 argenteum
3715 1125 3790 1162 se:

2336 1176 2499 1244 furati
2523 1175 2762 1244 fuerant,
2794 1177 2896 1230 nisi
2914 1176 3063 1230 intra
3093 1188 3202 1231 tres
3228 1177 3341 1231 diu
3372 1175 3684 1232 restituant.

2283 1265 2542 1322 Omnibus
2563 1267 2858 1337 episcopis,
2895 1267 3218 1334 comitibus.
3260 1278 3318 1325 et
3355 1278 3564 1324 cuncto
3614 1269 3794 1341 poplb

2212 1359 2537 1416 Christiano.

2280 1451 2475 1508 Notum
2497 1452 2568 1506 sit
2589 1451 2714 1522 quia
2742 1455 2869 1508 dum
2895 1467 2996 1524 pro
3017 1467 3154 1525 pace
3173 1465 3234 1511 et
3250 1455 3464 1513 unitate
3488 1465 3791 1513 sanctarum

2214 1545 2305 1601 Dei
2333 1544 2695 1602 Ecolesiarum
2729 1546 2786 1599 in
2817 1545 3023 1603 Gallias
3055 1548 3403 1605 veisnemns
3427 1581 3445 1614 ,
3471 1550 3624 1618 apud
3651 1550 3791 1604 Cabi-

2209 1650 2391 1692 .onum
2418 1637 2730 1702 civitatem,
2765 1639 2834 1692 ad
2872 1639 3122 1709 iniuriam
3165 1650 3494 1697 sanctorum
3532 1641 3789 1711 apostoli»

2211 1741 2328 1782 rum
2359 1725 2503 1782 Petri
2533 1737 2589 1783 et
2629 1727 2781 1783 Pauli
2810 1738 2866 1783 et
2902 1738 3181 1807 mtrem,
3228 1729 3463 1785 multam
3515 1732 3790 1787 inhonora-

2211 1815 2406 1872 tionem
2437 1817 2811 1874 sustinuimus.
2851 1817 2996 1874 Inter
3025 1834 3143 1888 quae
3165 1820 3297 1891 equi
3327 1821 3510 1880 noctri
3541 1830 3789 1878 noctune

2209 1909 2451 1975 silentio,
2484 1910 2684 1966 nostris
2721 1909 3030 1966 hominibus
3067 1926 3262 1968 secure
3292 1912 3725 1982 quiescentibus,
3759 1927 3786 1969 ι

2209 2001 2516 2057 concivibus
2529 2002 2797 2072 praedicta
2808 2002 3041 2058 civitatis
3056 2002 3460 2060 latrocinannr
3473 2005 3636 2061 iurati
3651 2014 3784 2061 sunt.

2207 2096 2547 2166 Quapropter
2574 2109 2709 2159 nos,
2750 2095 2842 2164 qui
2887 2097 3182 2151 secundum
3223 2094 3477 2152 oﬂicium
3528 2099 3779 2154 ministerii

2205 2187 2376 2242 nostri
2414 2185 2732 2256 pullulantia
2763 2186 2891 2242 vitia
2921 2187 3098 2257 gladio
3123 2187 3362 2258 spiritali
3399 2205 3656 2247 resecare
3679 2206 3775 2247 na-

2206 2283 2324 2332 ture
2345 2277 2602 2332 debemus
2621 2316 2636 2341 ,
2666 2277 2768 2331 hoc
2798 2277 2997 2332 malum
3024 2277 3233 2334 cmlesti
3258 2295 3541 2337 mucrone
3581 2283 3782 2350 perati-

2207 2384 2363 2432 mus;
2399 2367 2472 2422 ita
2499 2377 2558 2422 ut
2585 2367 2689 2423 nisi
2715 2367 2955 2438 praedicti
2981 2368 3137 2438 equi,
3164 2379 3221 2425 et
3248 2370 3358 2426 alia
3387 2370 3583 2438 furta,
3617 2374 3782 2429 nostri

2206 2458 2511 2514 hominibus
2538 2458 2682 2513 intra
2719 2458 2937 2514 tertium
2963 2459 3104 2514 diem
3139 2460 3360 2515 reddita
3387 2462 3611 2518 fuerint
3630 2505 3643 2527 ,
3669 2479 3778 2533 pre-

2207 2550 2378 2605 dictos
2422 2549 2604 2614 fures,
2647 2565 2768 2605 cum
2810 2550 3060 2606 omnibus
3105 2555 3508 2608 consentaneis
3555 2557 3691 2620 suis,
3730 2570 3782 2609 eo

2207 2641 2348 2709 quod
2383 2640 2680 2696 latronibus
2722 2639 2956 2696 latebras
2987 2641 3303 2712 praebeant,
3333 2650 3395 2698 et
3437 2645 3779 2700 excommuni-

2207 2732 2448 2789 cabimus
2501 2742 2556 2788 et
2609 2732 2942 2788 anathemati
2997 2733 3418 2791 submittemus.
3480 2737 3633 2792 Inter
3690 2738 3780 2792 lac

2204 2826 2549 2882 Aduvardum
2583 2827 2954 2897 presbytenum
2977 2865 2993 2892 .
3030 2828 3122 2896 qui
3168 2828 3332 2884 nobis
3373 2829 3436 2884 in
3483 2829 3783 2884 rnonasterio

2204 2915 2511 2972 Flaviniaco
2547 2917 2906 2983 ministravit,
2938 2916 3091 2985 cujus
3117 2917 3376 2975 homines
3410 2920 3693 2976 scutellam
3716 2935 3782 2974 an

2205 3015 2453 3079 genteam
2482 3008 2656 3064 sancti
2681 3007 2864 3076 Petri,
2895 3009 3077 3066 nescio
3109 3019 3296 3065 ntru
3325 3025 3610 3068 consensu
3646 3012 3778 3074 illius.

2205 3116 2274 3154 an
2301 3115 2438 3167 non,
2473 3099 2635 3155 furati
2669 3108 2832 3166 sunt,
2869 3115 2967 3171 pro
2993 3100 3284 3170 sacrilegio
3313 3101 3456 3157 furti
3497 3119 3782 3159 excommu-

2206 3192 2471 3258 nicamus,
2498 3191 2694 3261 etpari
2723 3193 2993 3248 sententia
3019 3201 3075 3246 ut
3109 3207 3280 3263 supra
3299 3231 3320 3260 ,
3345 3194 3464 3252 nisi
3487 3212 3610 3251 eam
3633 3195 3780 3252 reddi-

2210 3282 2407 3350 derint,
2434 3284 2868 3354 constringimus.
2901 3284 3033 3338 Data
3058 3294 3111 3337 ut
3143 3302 3330 3354 supra.

2849 3409 3125 3474 CXXVIII.

2344 3524 2412 3564 ΔΙ)
2461 3521 2739 3566 Βηθωροῦ
2792 3523 3193 3567 SUi-‘FRRGANEOS

2811 3597 3190 3638 ΑιιιειΑτειιειε.

2809 3672 2997 3743 (Anno
3028 3673 3184 3739 878.)

2201 3763 2356 3818 Iubet
2407 3771 2462 3816 ut
2513 3779 2630 3816 cum
2682 3762 3068 3832 archiepiscopo
3121 3781 3255 3828 suo,
3311 3767 3467 3819 simul
3511 3784 3569 3818 ac
3615 3769 3780 3820 uocati

2375 3834 2603 3903 fuerint,
2635 3834 2702 3887 ad
2745 3833 3046 3888 Trecensem
3086 3835 3349 3906 synodum
3381 3837 3611 3890 ueniant.

2275 3923 2539 3981 Omnibus
2568 3924 2964 3990 venerabilibus
3007 3927 3276 3996 episcopis
3313 3926 3674 4000 sulfraganeis
3700 3942 3780 3983 co-

2202 4016 2438 4086 episcopi
2464 4025 2519 4071 et
2543 4017 2832 4076 confratris
2859 4017 3030 4072 nostri
3060 4017 3318 4089 Rostagni
3343 4019 3697 4075 Arelatensis.

2272 4108 2467 4164 Notum
2507 4109 2577 4164 sit
2611 4110 2853 4165 omnium
2883 4112 3154 4166 sanctitati
3186 4114 3335 4182 quia,
3365 4113 3602 4169 Domino
3624 4114 3779 4184 opitu-

2204 4201 2372 4267 lante,
2420 4203 2877 4272 pernecessariam
2915 4203 3218 4260 universam
3276 4206 3549 4275 synodum
3609 4221 3779 4260 sumas

2203 4292 2565 4348 celebraturi:
2603 4294 2671 4348 ad
2711 4309 2904 4364 quam,
2955 4309 3078 4348 mox
3127 4303 3185 4349 ut
3227 4310 3323 4350 vos
3375 4296 3671 4365 [medietas
3706 4311 3778 4348 ar-

2203 4383 2576 4453 chiepiscopus
2620 4391 2799 4440 vester
2846 4384 3175 4453 apostolatus
3222 4387 3397 4440 nostri
3431 4387 3634 4442 litteris
3671 4401 3777 4439 etni-

2203 4477 2516 4542 vocaverit,
2557 4477 2703 4532 omni
2752 4478 3047 4549 postposita
3094 4479 3385 4534 occasione
3409 4521 3423 4542 ,
3473 4480 3777 4536 obedietiss

2203 4568 2381 4624 vicino
2407 4583 2598 4640 gressu
2631 4585 2921 4626 occurrere
2943 4572 3201 4642 satagatis
3229 4589 3243 4625 :
3279 4575 3544 4641 quoniam
3573 4575 3708 4628 sicut
3732 4573 3777 4625 in

3247 3527 3642 3572 [BCHIEPISCOPI

2125 4683 2182 4749 Β
2204 4661 2476 4716 communi
2514 4668 2812 4726 conventu,
2859 4661 3032 4732 gratia
3075 4661 3277 4716 Christi
3329 4663 3508 4728 duce,
3552 4663 3777 4734 paternis

2204 4753 2520 4824 parentibus
2541 4752 2706 4822 jussis
2733 4753 2840 4809 erit
2875 4753 3154 4820 exaltatio,
3182 4753 3289 4819 ita,
3323 4756 3475 4824 quod
3505 4772 3616 4810 non
3643 4764 3778 4824 opta-

2205 4862 2345 4910 mus,
2378 4845 2822 4904 subtrabentibus
2853 4861 2913 4902 se
2953 4846 3022 4900 ab
3059 4848 3160 4902 boc
3205 4863 3406 4918 magno
3446 4849 3674 4919 collegio
3708 4857 3779 4912 est

2203 4935 2560 4992 subsecutum
2591 4933 2858 4990 confusio.
2896 4936 3048 5022 Apud
3085 4934 3272 4990 urbem
3308 4935 3706 5010 Lingonensem
3735 4951 3778 4988 ιι

2611 5025 2662 5044 η·
2727 5028 2799 5044 ⁵1.-
2892 5027 2930 5044 Λ
