4042 6302
273 383 387 440 785

245 763 407 842 num
436 787 648 830 merces
666 773 850 827 vestra
877 769 1095 840 copiose
1121 775 1414 824 accrescat.
1441 767 1576 822 Data
1596 776 1653 821 ut
1674 763 1850 836 supra.

582 964 584 966 _
928 881 1216 942 CXXXIX.

685 997 753 1038 AD
789 993 1213 1038 CAROLOMANNUM
1251 990 1447 1032 REGEH.

898 1072 1074 1142 (Anno
1107 1068 1258 1139 878.)

1468 363 1824 424 EPlSTOLE
1866 363 1955 422 ΕΤ
2007 363 2321 421 DECRETA
2332 405 2346 420 .

267 509 563 576 postquam
591 499 645 552 iu
675 504 875 550 terram
909 494 1050 549 hanc
1090 491 1366 555 venimus,
1413 503 1535 544 cum
1574 486 1850 542 Ludovico
1875 487 1930 546 Α
2011 472 2026 492 ⁵

267 607 407 664 rege
430 591 577 661 loqui
597 587 877 644 debemus.
899 584 1122 641 Festina
1144 583 1464 654 quantocius
1486 584 1625 639 sicut
1664 581 1856 638 solitus
1940 619 1942 622 -

262 700 355 750 es,
384 688 583 738 nostrae
607 677 865 734 Ecclesia:
887 689 1106 732 causam
1126 683 1404 746 peragere,
1430 682 1492 728 ut
1511 672 1651 744 apud
1674 672 1858 730 Domi-

3431 357 3538 418 7&6

2657 483 2834 539 CXLI.

2421 593 2492 634 AD
2532 591 2832 634 LUDOVICUII
2871 591 3043 633 REGE!
3053 610 3066 622 ο

2560 668 2748 742 (Anno
2775 669 2878 724 878
2902 669 2942 740 .)
3138 741 3140 744 ν

1994 825 1995 828 η
2048 807 2050 810 .
2238 761 2494 832 Ejusdem
2530 779 2592 817 ac
2617 762 2914 832 praecedens
2943 762 3252 834 argumenti.

2020 853 2237 914 Dilecto
2262 853 2374 912 ﬁlio
2397 854 2669 912 Lunovrco
2697 854 2931 925 glorioso
2957 856 3089 928 regi.

2033 947 2188 1017 Quod
2224 932 2494 1020 pro'pace
2531 958 2585 1006 et
2628 952 2836 1008 unitate
2881 960 3188 1007 sanctarum
3219 950 3313 1006 Dei
3360 947 3542 1006 Eccle-

1958 1039 2161 1096 siarum
2192 1043 2539 1114 omniumque
2557 1040 2988 1100 Christianorum
3011 1062 3041 1099 a
3062 1046 3304 1099 Romana
3331 1043 3457 1098 sede
3483 1041 3539 1098 in

259 1165 506 1221 Miratur
525 1164 674 1220 illum
701 1161 769 1218 ad
800 1131 947 1216 binds
974 1160 1170 1215 litteras
1195 1131 1297 1213 non
1323 1159 1665 1228 respondisse.
1703 1131 1857 1214 Vale-
1955 1138 2141 1199 partes
2180 1133 2366 1228 Galliae
2401 1135 2710 1228 νθωῗτίφυξ
2734 1177 2749 1202 ν
2793 1136 2846 1190 in
2877 1137 3120 1228 ίθβίξιθιδ
3159 1151 3321 1206 quam
3357 1133 3541 1228 Gloria

345 1237 578 1290 tudinem
629 1234 742 1304 ejus
794 1231 1065 1304 deplorat;
1113 1229 1260 1284 addit
1315 1225 1631 1290 de'synodo
1680 1229 1856 1286 Tro-eis
1956 1237 2152 1282 ve5tr:e
2199 1226 2444 1282 misimus
2488 1225 2798 1297 plenissime
2843 1226 3148 1298 signiﬁcare
3192 1227 3536 1287 studuimus:

342 1305 672 1362 celebranda.

345 1431 370 1458 ε
414 1417 767 1473 Sabbatinum
807 1417 1140 1486 episcopum.
1185 1433 1188 1440 ·

345 1509 698 1566 Sabbatinum
719 1509 1027 1578 episoOpum
1065 1509 1298 1578 primum
1315 1515 1376 1564 et
1393 1517 1584 1580 postea
1621 1525 1719 1581 per
1738 1508 1850 1565 An-

258 1612 514 1671 spertum
554 1600 1028 1665 Mediolanensem,
1051 1602 1116 1656 de
1149 1616 1255 1672 qua
1300 1603 1527 1657 multum
1563 1602 1850 1670 miramur,

260 1709 371 1749 cur
403 1709 512 1749 non
535 1695 648 1765 jam
674 1708 704 1747 a
732 1691 885 1746 vobis
916 1696 1232 1762 responsum
1265 1694 1349 1748 vel
1392 1695 1586 1750 missos
1635 1696 1849 1766 accepi-

263 1803 433 1845 mus:
457 1803 556 1844 nos
584 1801 706 1842 cum
741 1786 880 1842 foret
907 1787 1159 1858 possibile
1205 1789 1464 1859 primum,
1513 1789 1703 1846 saltem
1733 1791 1851 1859 per

259 1887 476 1956 legatos
499 1886 777 1942 vobiscum
819 1883 962 1954 loqui
993 1899 1332 1954 caperemus,
1367 1885 1560 1941 deinde
1600 1901 1726 1940 cum
1758 1902 1846 1942 re-

225 2026 228 2028 _
257 1977 430 2049 liquis
455 1976 713 2034 fratribus
731 1976 961 2031 vestris:
988 1977 1142 2052 quod.~
1160 1977 1285 2046 quia
1311 1978 1860 2056 vestrainiirmitate,‘

258 2087 431 2142 quam
484 2071 709 2125 nimiutn
763 2067 1025 2135 dolemus,
1076 2078 1160 2124 est
1210 2071 1653 2140 praetermissum,
1703 2087 1846 2127 nunc

257 2164 413 2233 apud
463 2159 684 2228 'l'recas,
738 2159 955 2216 Christo
1002 2159 1334 2232 opitulante,
1365 2161 1625 2233 synodum
1661 2179 1846 2219 sumus

256 2251 612 2316 celebraturi,
665 2251 1057 2322 loquemurque
1079 2267 1201 2306 cum
1231 2252 1503 2310 Ludovico
1531 2263 1585 2310 et
1622 2255 1844 2326 reliquis

255 2344 462 2399 vestris
490 2341 775 2407 fratribus,
803 2352 860 2399 et
889 2353 1011 2414 post
1046 2343 1315 2399 Kalendas
1349 2346 1621 2415 Augustas
1648 2347 1716 2402 ad
1749 2361 1844 2402 vos

257 2444 639 2493 revertemur:
669 2442 875 2490 tantum
901 2434 1076 2506 locum
1102 2434 1259 2491 nobis
1288 2435 1515 2492 dicendo
1544 2439 1610 2492 ad
1635 2445 1844 2507 tempus

254 2529 518 2584 mandate
541 2542 650 2600 quo
677 2526 833 2582 nobis
861 2527 1102 2583 debeatis
1143 2543 1462 2592 occurrere,
1500 2513 1554 2583 et
1601 2526 1842 2583 laborem

251 2637 360 2692 pro
390 2628 572 2677 vestra
624 2628 801 2677 matre
834 2630 1020 2677 sancta
1066 2620 1311 2676 Romana
1343 2619 1586 2676 Ecclesia
1622 2635 1727 2674 non
1758 2636 1843 2675 re-

255 2720 452 2767 cusato
471 2725 771 2779 assumere,
805 2711 934 2780 quia
961 2713 1007 2765 si
1046 2711 1253 2781 fueritis
1274 2713 1401 2764 socii
1438 2710 1652 2776 laboris,
1684 2709 1843 2764 simul

230 2807 406 2860 veritis
435 2815 485 2860 et
511 2804 885 2861 consolationis
913 2803 1005 2879 (II
1047 2802 1180 2860 Cor.
1215 2803 1280 2875 ι),
1313 2804 1448 2878 etin
1481 2803 1604 2868 boc,
1637 2819 1838 2874 quieso,

254 2895 591 2967 perﬁciendo
611 2909 717 2952 non
747 2895 822 2952 sit
853 2895 962 2952 ulla
993 2893 1200 2952 dilatio.
1230 2894 1364 2950 Data
1394 2905 1452 2949 ut
1472 2911 1651 2967 supra.

972 3009 1129 3070 CXL.

753 3121 824 3160 AD
863 3119 1106 3162 οΑιιοιιωι
1145 3117 1344 3163 ιιςςικ.

858 3196 1048 3268 (Anno
1092 3196 1250 3267 878.)

254 3294 382 3364 Agit
435 3293 634 3364 gratias
681 3291 756 3347 de
795 3291 1120 3348 observantia
1161 3301 1283 3362 erga
1329 3288 1622 3344 Romanam
1665 3287 1841 3344 Eccle-

326 3364 465 3416 sium
490 3381 509 3416 :
540 3364 762 3416 miratur
788 3362 925 3416 auod
948 3363 1017 3414 ad
1042 3377 1096 3416 se
1124 3360 1320 3416 leaatos
1349 3375 1451 3414 non
1483 3359 1681 3412 miserit
1710 3375 1727 3412 :
1757 3375 1840 3412 ro-

326 3380 465 3419 stam
490 3381 509 3418 :
540 3377 762 3418 miratur
824 3377 924 3416 uoa
948 3377 1016 3414 aa
1042 3377 1096 3416 se
1124 3377 1320 3430 legatos
1349 3377 1451 3414 non
1483 3377 1681 3412 miserit
1710 3377 1727 3412 :
1757 3377 1840 3412 ro-

331 3444 420 3504 gat
453 3445 507 3486 ut
549 3442 667 3487 ante
706 3379 1021 3502 colyoquium
1068 3431 1208 3504 quod
1268 3447 1382 3504 cum
1423 3429 1685 3504 Ludovico
1724 3445 1840 3499 rege

332 3499 608 3558 habiturus
642 3511 735 3565 est,
760 3499 863 3555 aut
885 3503 995 3572 ipse
1018 3499 1211 3567 veniat,
1239 3511 1328 3554 aut
1353 3499 1550 3571 legatos
1573 3500 1766 3554 mittat.

330 3595 544 3651 Dilecto
568 3591 676 3650 ﬁlio
707 3593 922 3650 Canem
949 3593 1184 3665 glorioso
1203 3593 1336 3663 regi.

331 3688 486 3756 Quod
513 3703 613 3758 pro
641 3703 774 3760 pace
799 3698 854 3742 et
881 3689 1088 3744 unitate
1114 3697 1424 3744 sanctarum
1451 3690 1545 3744 Dei
1570 3689 1840 3745 Ecclesia-

259 3797 384 3837 rum
421 3781 770 3852 omniumque
812 3781 1244 3838 Christianorum
1285 3781 1338 3838 in
1367 3781 1550 3852 priore
1589 3782 1838 3852 epistola,

259 3889 428 3944 quam
476 3881 672 3930 vestrae
731 3874 977 3930 misimus
1025 3873 1332 3940 dilectioni,
1383 3874 1835 3944 signiiicavimus,

259 3965 451 4037 gloriae
496 3966 846 4023 nihilominus
872 3976 1065 4024 vestra:
1094 3968 1289 4025 uberes
1319 3968 1618 4040 gratiarum
1657 3969 1841 4032 laudes

263 4058 642 4130 rependimus;
684 4060 808 4129 quia
858 4074 957 4115 nos
1001 4069 1180 4115 vestra
1217 4059 1442 4128 epistola
1481 4058 1636 4114 valde
1665 4059 1842 4115 laniﬁ-

262 4152 434 4208 oastis
480 4153 534 4208 in
581 4152 683 4209 hoc
730 4153 872 4223 quod
902 4153 1246 4210 dilectionem
1287 4152 1452 4208 animi
1483 4153 1653 4210 vestri
1693 4154 1840 4210 circa

263 4241 568 4298 Romanam
598 4241 915 4307 Ecciesiam,
948 4243 1089 4298 sicut
1108 4243 1273 4299 vestri
1295 4252 1548 4314 parentes
1569 4259 1634 4300 ac
1654 4244 1842 4314 proavi

263 4335 593 4399 habuerunt,
629 4334 827 4390 habere
851 4334 1081 4390 ubertim
1103 4335 1449 4407 signiﬁcatis;
1478 4335 1635 4393 valde
1659 4345 1840 4394 tamen

266 4428 533 4482 miramur
560 4442 658 4483 cur
687 4426 754 4482 ad
799 4441 898 4482 nos
928 4427 1130 4497 legatos
1160 4437 1370 4483 vestros
1394 4441 1502 4484 non
1541 4428 1838 4496 dir-existis,
1873 4430 1875 4432 ’

263 4521 408 4577 sicut
433 4523 634 4592 precati
677 4536 878 4576 sumus.
909 4521 1245 4592 Quapropter
1268 4535 1471 4592 quaeso,
1519 4520 1593 4575 illi
1627 4521 1840 4578 charis-

243 4601 422 4680 sime,
453 4619 513 4666 ut
554 4609 699 4684 (edit.
743 4610 892 4666 Rom.
929 4611 1078 4665 addit
1120 4611 1188 4665 ad
1229 4610 1350 4681 nos)
1403 4610 1472 4666 ad
1511 4609 1839 4686 colloquium

262 4701 408 4772 quod
436 4717 556 4757 cum
583 4701 856 4759 Ludovico
881 4715 1010 4772 rege
1031 4701 1208 4758 Caroli
1235 4703 1580 4772 imperatoris
1606 4703 1754 4773 regis
1778 4695 1846 4757 lil-

264 4791 338 4848 iio
367 4792 508 4862 apud
538 4791 738 4849 Trecas
761 4793 1000 4848 habituri
1045 4807 1251 4859 sumus,
1279 4792 1326 4848 si
1363 4792 1700 4862 possibilitas
1736 4808 1842 4847 non

262 4877 502 4947 obsistit,
526 4883 716 4937 venire
758 4883 1102 4948 acceleretis;
1133 4882 1217 4936 vel
1254 4883 1300 4938 si
1341 4882 1525 4953 aliquo
1560 4882 1842 4938 obstaculo

261 4972 654 5042 prmpedimini,
682 4981 744 5028 ut
763 4989 870 5029 non
890 4982 1162 5045 optamus,
1191 4981 1442 5030 strenuos
1463 4973 1668 5044 legatos
1687 4973 1848 5029 nobis

262 5061 502 5133 dirigite,
534 5079 634 5136 per
655 5080 792 5135 quos
818 5065 1006 5136 glorise
1032 5072 1229 5120 vestra:
1255 5065 1438 5119 omnia
1461 5072 1695 5130 secreta,
1723 5080 1847 5136 quae

261 5157 446 5212 animo
471 5167 656 5213 nostro
682 5159 945 5223 resident,
983 5157 1210 5212 ﬁdenter
1251 5159 1514 5213 mandare
1534 5157 1844 5225 valeamus;

259 5248 442 5302 locum
487 5248 644 5304 nobis
671 5249 831 5304 simul
873 5248 1250 5324 nominetenus
1279 5247 1558 5320 designate
1599 5263 1710 5318 quo
1735 5246 1841 5304 frui

259 5347 449 5394 vestro
474 5340 744 5410 colloquio
772 5349 831 5397 et
853 5342 1096 5414 germani
1127 5341 1294 5396 vestri
1327 5340 1586 5396 Ludovici
1615 5339 1843 5410 gloriosi

261 5430 412 5501 regis
449 5432 758 5497 valeamus,
792 5434 1048 5504 quoniam
1077 5433 1146 5488 de
1186 5434 1290 5488 hac
1330 5440 1478 5488 terra
1506 5431 1652 5488 nullo
1685 5432 1846 5486 modo

265 5521 656 5593 regrediemur,
685 5525 1018 5594 priusquam,
1046 5525 1154 5580 Deo
1174 5524 1493 5590 auxiliante,
1508 5538 1845 5594 percongrua

260 5624 320 5670 et
353 5621 539 5670 mutua
565 5617 842 5671 vobiscum
887 5618 1214 5673 misceamus
1256 5617 1542 5687 colloquia.
1586 5614 1854 5684 Optamus

219 5710 222 5712 ’
260 5707 491 5780 gloriam
509 5708 874 5779 vestram-piis
895 5707 1092 5766 ﬂorere
1120 5709 1481 5767 successibus.

334 5809 819 5904 ‘Desuntaliqua.
992 5827 996 5834 ’
1055 5815 1057 5820 ‘
1340 5825 1341 5828 ‘
1409 5821 1413 5824 ·

1955 1318 2229 1372 nescimus
2252 1325 2432 1372 tamen
2451 1331 2559 1387 quo
2579 1326 2822 1387 tempore
2833 1319 2900 1374 ad
2919 1333 3015 1373 vos
3034 1319 3297 1388 pervenit,
3315 1327 3370 1373 et
3391 1321 3537 1376 deeo

1957 1424 2064 1479 qua
2089 1423 2153 1463 re
2185 1408 2347 1463 nobis
2367 1421 2480 1463 non
2519 1407 2670 1464 dedit
2713 1407 2930 1484 dilectio
2971 1417 3150 1465 vestra
3196 1424 3536 1480 responsum.

1955 1499 2295 1570 Quapropter
2321 1514 2523 1570 quaeso,
2551 1499 2629 1554 ﬁli
2649 1499 2998 1568 citatissime,
3021 1499 3089 1555 ad
3113 1514 3211 1554 nos
3240 1509 3298 1554 ut
3323 1501 3390 1555 ad
3429 1499 3540 1555 coi-

1927 1593 2192 1664 -loquium
2216 1594 2360 1664 quod
2379 1607 2504 1650 cum
2523 1593 2796 1667 Ludovico
2825 1609 2951 1666 rege
2980 1592 3159 1650 Caroli
3194 1595 3535 1664 imperatoris

1951 1689 2066 1745 lilio
2095 1691 2237 1760 apud
2267 1689 2468 1745 Trecas
2488 1691 2726 1748 habituri
2751 1706 2958 1756 sumus,
2991 1692 3035 1748 si
3063 1692 3389 1763 possibilitas
3422 1707 3528 1746 non

1954 1783 2204 1848 obsistat,
2233 1783 2422 1837 venire
2451 1783 2804 1849 acceleretis;
2836 1783 2918 1838 vel
2949 1785 2994 1838 si
3023 1783 3206 1853 aliquo
3250 1781 3530 1838 obstaculo

1879 1850 1928 1912 Β
1950 1877 2342 1947 praepedimini,
2368 1885 2430 1931 ut
2447 1892 2554 1932 non
2577 1885 2850 1947 optamus,
2875 1850 3129 1932 strenuos
3144 1877 3350 1948 legatos
3371 1874 3528 1930 nobis

1952 1973 2167 2043 dirigite
2193 1987 2294 2042 per
2318 1987 2455 2042 quos
2477 1971 2660 2042 gloriae
2689 1981 2886 2028 vestrae
2924 1969 3106 2026 omnia
3150 1978 3386 2036 secreta,
3413 1983 3532 2038 quae

1951 2066 2133 2120 animo
2161 2075 2348 2120 nostro
2378 2066 2634 2129 resident,
2669 2065 2900 2120 ﬁdenter
2924 2065 3180 2120 mandare
3217 2063 3528 2128 valeamus;

1949 2155 2127 2211 locum
2157 2156 2316 2210 nobis
2337 2155 2497 2209 simul
2542 2155 2919 2208 nominetenus
2954 2155 3251 2223 designate,
3280 2168 3385 2222 quo
3426 2152 3530 2206 frui

1947 2260 2130 2306 vestro
2151 2250 2418 2320 colloquio
2446 2257 2503 2303 et
2522 2247 2764 2319 germani
2789 2247 2952 2302 vestri
2981 2246 3159 2300 Caroli
3189 2244 3407 2315 gloriosi
3439 2258 3526 2295 rc-

1943 2345 2028 2414 gis
2055 2345 2345 2399 valeamus.
2373 2342 2639 2409 Quoniam
2670 2342 2737 2395 de
2769 2340 2873 2395 hac
2909 2348 3052 2394 terra
3081 2337 3228 2392 nullo
3254 2337 3412 2392 modo
3445 2351 3530 2388 re-

1948 2437 2290 2507 grediemur,‘
2309 2435 2624 2505 priusquam
2644 2474 2661 2499 ,
2691 2433 2804 2487 Deo
2833 2431 3128 2488 auxiliante
3147 2471 3164 2495 ,
3192 2442 3527 2500 percougrua

1945 2539 2001 2584 et
2046 2537 2231 2584 mutua
2279 2529 2557 2582 vobiscum
2611 2528 2936 2582 misceamus
2964 2523 3250 2593 colloquia.
3283 2521 3418 2576 Data
3473 2525 3532 2574 ut

1944 2639 2124 2694 supra.

2637 2691 2836 2748 CXLII.

2442 2807 2511 2848 AB
2547 2806 2793 2850 CAROLUI
2831 2803 3029 2845 REGEI.

2541 2885 2735 2958 (Anno
2772 2883 2932 2955 s73.)

1942 2980 2129 3054 Arguit
2170 2981 2309 3052 quod
2339 2989 2550 3054 uocatus
2587 2979 2656 3034 ad
2683 2995 2737 3033 se
2782 2994 2886 3032 non
2917 2973 3116 3054 penerit
3141 3016 3156 3040 ,
3185 2975 3318 3054 sicut
3355 2971 3531 3054 Ludo-

2011 3046 2154 3108 uicus
2182 3046 2294 3106 ’τως
2341 3050 2575 3119 fecerat,
2622 3058 2792 3103 monet
2843 3047 2938 3101 sub
2983 3046 3532 3119 excommunicqtionir

2012 3137 2186 3190 paena,
2209 3129 2272 3173 ut
2301 3113 2383 3174 sui
2423 3113 2568 3190 regni
2589 3119 2782 3188 finibus
2816 3125 3088 3172 contentus
3114 3115 3314 3170 nullam
3338 3113 3531 3169 Bosoni

1785 3263 1787 3266 ι
1866 3207 1913 3270 c
2014 3192 2304 3244 molestiam
2330 3190 2588 3244 exhibeat.

2014 3281 2224 3337 Dilecto
2251 3280 2468 3337 CanoLo
2495 3281 2732 3351 glorioso
2759 3282 2892 3352 regi.

2014 3371 2248 3428 Servans
2300 3372 2459 3428 iidem
2520 3372 2852 3428 Francorum
2920 3373 3180 3444 regibus,
3234 3375 3528 3428 secundum

1940 3463 2396 3535 praedecessorum
2420 3477 2663 3519 meorum
2686 3463 3042 3534 pontificium,
3073 3463 3270 3519 multos
3295 3473 3348 3518 et
3369 3465 3533 3522 duros

1942 3553 2152 3612 labores
2179 3555 2234 3610 in
2269 3555 2408 3610 mari
2434 3561 2488 3610 et
2514 3555 2569 3610 in
2611 3562 2757 3612 terra
2785 3555 3017 3626 pertuli;
3058 3556 3125 3609 ab
3163 3557 3297 3610 urbe
3335 3565 3392 3613 et
3417 3555 3528 3614 Ro-

1941 3660 2102 3702 mana
2135 3647 2262 3702 sede
2287 3648 2343 3702 in
2371 3647 2658 3704 Franclam
2695 3648 2815 3703 veni
2844 3665 2860 3701 :
2889 3663 3080 3703 omnes
3106 3661 3202 3702 vos
3227 3647 3525 3718 legatorum

1941 3749 2052 3796 tam
2073 3743 2196 3796 viva
2219 3755 2352 3798 voce
2384 3755 2546 3812 quam
2592 3741 2830 3812 epistolis
2876 3742 3053 3796 studui
3097 3757 3394 3798 convocare
3419 3783 3434 3808 ,
3469 3750 3530 3800 ut

1941 3842 2155 3902 pactum
2187 3832 2328 3903 quod
2374 3831 2461 3887 avi
2498 3841 2556 3888 et
2591 3842 2775 3903 patres
2815 3833 2978 3887 vestri
3027 3841 3227 3889 saneta
3270 3834 3528 3892 Romana:

1940 3925 2196 3982 Ecclesiae
2231 3925 2586 3997 jurejurando
2627 3926 3027 3996 promiserunt,
3063 3926 3358 3998 adimplere
3400 3941 3534 3984 con—

1944 4019 2256 4074 tenderetis.
2306 4016 2414 4074 Sed
2452 4018 2580 4084 beu,
2609 4019 2744 4089 proh
2785 4019 2968 4074 dolor!
3001 4020 3181 4074 cuncti
3223 4018 3410 4074 venire
3439 4033 3536 4088 per

1944 4109 2362 4182 inobedientiam
2393 4109 2729 4181 neglexistis,
2760 4116 2962 4179 praeter
2989 4109 3319 4165 Ludovrcum
3351 4123 3532 4180 regem

1945 4202 2081 4258 divae
2110 4203 2387 4259 memoria:
2415 4201 2594 4258 Caroli
2621 4202 2967 4271 imperatoris
2998 4201 3190 4268 tilium,
3223 4199 3378 4271 cujus
3402 4216 3534 4258 con-

1944 4296 2066 4352 silio
2115 4305 2274 4366 atque
2297 4295 2534 4358 hortatu,
2579 4293 2842 4349 Bosonem
2889 4294 3185 4365 gloriosum
3235 4294 3534 4364 principem

1945 4401 2042 4458 per
2070 4385 2380 4456 adoptionis
2409 4384 2638 4456 gratiam
2666 4383 2834 4439 tilium
2861 4398 3042 4440 meum
3065 4383 3250 4450 eﬁ‘eci;
3281 4393 3344 4439 ut
3367 4384 3453 4438 ille
3478 4385 3532 4438 in

1946 4475 2233 4535 mundanis
2253 4475 2610 4539 discursibus,
2639 4490 2738 4529 nos
2763 4474 2930 4530 libere
2951 4474 3006 4528 in
3028 4473 3114 4528 bis
3128 4488 3248 4542 qua:
3274 4473 3342 4530 ad
3363 4475 3532 4533 Deum

1864 4565 1920 4628 D
1943 4571 2218 4645 pertinent
2243 4611 2262 4630 .
2313 4578 2510 4622 vacare
2547 4565 2842 4620 valeamus.
2901 4562 3238 4633 Quapropter
3291 4572 3531 4624 contenti

1956 4665 2189 4721 termino
2218 4662 2368 4734 regni
2397 4659 2584 4725 vestri,
2613 4666 2800 4730 pacem
2832 4663 2886 4714 et
2923 4655 3160 4726 quiet‘em
3198 4657 3396 4715 habere
3433 4671 3522 4716 stu
3585 4707 3590 4712 .

1953 4757 2095 4825 dcte,
2123 4756 2248 4828 quia
2289 4754 2531 4810 modo-et
2551 4751 2806 4824 deinceps
2837 4753 3372 4816 excomunicamus
3417 4769 3533 4808 om-

1953 4868 2049 4908 nes
2073 4853 2165 4923 qui
2194 4858 2380 4907 contra
2409 4847 2726 4920 praedictum
2767 4847 2937 4904 ﬁlium
2971 4855 3216 4904 nostrum
3252 4847 3532 4915 insurgere

1953 4945 2295 5002 tentaverint.
2335 4943 2468 4998 Data
2494 4953 2548 4997 tu
2574 4958 2758 5013 supra.

2623 5059 2847 5116 CXLIII.

2253 5169 2322 5208 ΔΙ)
2348 5168 2699 5210 LIUTBERTUH
2727 5163 3199 5208 ARCBIEPISCOPUI.

2573 5246 2733 5302 Anno
2769 5245 2892 5301 878.

1952 5335 2128 5393 Monet
2157 5345 2214 5390 ut
2237 5335 2463 5392 Bosonis
2489 5245 3082 5407 βὲἱῖὺῗιῖοὴιῗνῖῗᾶἱὶατεηι
3114 5321 3315 5386 restitui
3342 5329 3526 5401 faciat.

2025 5429 2482 5484 Reverentissimo
2535 5435 2592 5483 et
2641 5425 2965 5482 sanctissino
3022 5421 3285 5479 confratri
3336 5430 3524 5479 nostro

1951 5521 2265 5580 Lw'rsnaro
2292 5519 2718 5591 archiepiscopo.

2024 5613 2446 5670 Fraternitatem
2494 5619 2642 5664 tuam
2688 5605 2961 5664 recordari
3010 5607 3257 5662 volumus
3297 5603 3529 5675 qualiter

1945 5704 2060 5776 jam
2072 5703 2140 5762 de
2153 5699 2571 5781 proprietatibus
2580 5697 2810 5758 Bosonis
2829 5707 2884 5756 et
2895 5697 3235 5771 Engeltrudis
3253 5697 3344 5753 tibi
3361 5698 3529 5771 scrip-
3631 5729 3637 5740 ι
