4042 6302
513 398 616 457 Ἷ8¹1

1802 382 2082 440 JOANNIS
2111 382 2345 443 .MPA‘i
2368 381 2480 442 Vill

3705 381 3808 440 ἴε

516 511 781 572 serimus,
814 512 1091 560 tribuentes
1122 510 1182 556 ιιι
1213 501 1391 571 ipsas,
1433 515 1566 569 quas
1606 513 1702 554 vos
1745 499 1975 553 allodum
2019 497 2096 550 di-
2123 497 2177 570 Α
2204 505 2459 556 vestram.
2521 497 2859 569 Quapropter
2910 507 3016 556 tua
3073 499 3403 558 fraternitati
3460 501 3806 558 auctoritate

517 603 672 664 citis,
732 598 939 652 ﬁliabus
983 609 1169 648 eorum
1219 607 1361 662 saepe
1408 590 1828 646 reclamantibus
1874 589 2102 645 reddere

519 691 816 749 deberitis:
849 687 1105 757 quoniam
1154 685 1396 739 omnium
1448 684 1625 754 legum
1667 682 1990 736 auctoritate
2030 680 2104 735 le-

518 783 690 858 gitimi
723 781 816 834 ﬁlii
861 786 987 833 sunt
1013 778 1125 832 veri
1155 777 1399 832 hmredcs
1427 776 1506 848 (in
1527 776 1766 834 authent.
1797 775 1860 829 de
1883 773 2100 828 Ha’red.

516 875 583 932 ab
609 876 759 928 intes.
789 888 922 934 vcn.,
952 868 980 941 ᾗ
1012 870 1126 939 1.),
1178 876 1236 926 ut
1279 878 1456 930 vestra
1499 871 1636 928 bene
1677 867 1850 929 noscit
1889 866 2103 936 religio-

517 963 1009 1032 sitas,.iterumque
1039 962 1320 1018 hortantes
1362 975 1664 1024 monemus.
1703 957 2108 1035 apostolicaque

527 1056 854 1114 auctoritate
883 1068 1139 1124 expresse
1162 1054 1417 1123 iubemus
1441 1070 1455 1119 ;
1483 1051 1593 1120 iam
1621 1053 1747 1122 quia
1781 1061 1996 1116 uestras
2024 1051 2106 1114 lit-

520 1162 669 1208 teras
707 1151 894 1205 audire
933 1148 1260 1212 distuleras,
1301 1156 1358 1210 Cl.
1396 1162 1558 1216 super
1599 1147 1683 1204 his
1728 1146 1992 1208 hactenus
2021 1158 2105 1205 re-

512 1241 782 1312 spondere
831 1238 1184 1308 neglexeras.
1217 1235 1464 1297 volumus
1501 1244 1560 1298 ut
1600 1234 1666 1298 ad
1709 1250 1806 1296 GOr
1849 1233 2101 1298 rediens.

515 1331 662 1402 ipsas
701 1345 844 1399 saepe
883 1327 1324 1392 reclamatrices,
1358 1335 1452 1390 aut
1478 1326 1728 1390 homines
1756 1325 1993 1393 ipsarum
2025 1323 2104 1382 in-

519 1426 723 1483 vestire
746 1427 812 1480 de
829 1423 944 1493 jam
970 1423 1129 1480 dictis
1155 1421 1582 1492 proprietatibus
1608 1428 1850 1489 satagas,
1875 1426 2108 1478 vestros-

517 1532 625 1588 que
648 1531 840 1572 earum
867 1524 924 1572 et
951 1514 1091 1572 alios
1115 1513 1396 1573 invasuros
1424 1510 1675 1574 similiter
1706 1509 1982 1572 facturos,
2009 1521 2105 1566 no-

519 1616 633 1665 stra
658 1607 981 1662 auctoritate
1018 1603 1543 1670 exeqmnmnicando
1577 1614 1901 1671 permaneas
1932 1617 1944 1652 :
1974 1612 2104 1668 quo-

518 1699 668 1756 niam
692 1698 872 1768 justus
896 1697 1156 1751 Dominus
1178 1695 1445 1766 justitiam
1472 1693 1695 1756 dilexit,
1719 1700 1773 1744 et
1793 1690 2105 1762 aequitatem

516 1791 654 1846 vidit
682 1790 862 1850 vultus
891 1786 1026 1856 ejus.
1073 1801 1099 1828 ⁸
1129 1787 1198 1846 Et
1231 1788 1276 1842 si
1309 1785 1450 1842 forte
1501 1784 1718 1858 spurius
1745 1780 2102 1848 Godefredus,

2205 592 2374 648 nostri
2403 591 2734 661 apostolatus
2757 592 3037 663 jubemus.
3067 593 3327 655 attemius
3360 595 3610 666 pt'aadicti
3639 593 3806 666 geni-

2207 686 2310 748 tori
2340 700 2561 744 causam
2587 685 2916 750 sacerdotali
2939 687 3248 750 succinctus
3281 688 3467 758 rigore
3489 688 3807 760 inquirere,

2203 777 2360 846 eique
2405 777 2566 836 linem
2598 778 2948 850 legaiiterque
2993 779 3283 844 terminum
3311 781 3443 842 dare
3464 822 3482 848 ,
3513 782 3560 838 si
3584 784 3810 852 negotii

2206 878 2379 923 status
2396 869 2738 942 inambiguus
2754 871 2951 936 futuris
2971 873 3316 944 prospicitur.
3346 873 3498 940 Quod
3522 875 3563 928 si
3587 889 3808 948 anceps

2205 968 2386 1015 vestro
2430 959 2592 1016 fuerit
2636 963 2749 1020 visa
2794 952 3085 1040 libramini,
3135 973 3394 1040 utrasque
3439 977 3632 1037 partes
3690 969 3810 1025 suis

2207 1049 2617 1122 allegationibus
2655 1053 2949 1116 instruetas
2983 1056 3168 1114 venire
3218 1057 3271 1112 in
3312 1040 3662 1127 praesentiam
3709 1074 3812 1115 no-

2206 1148 2375 1208 stram
2412 1145 2635 1200 omnino
2683 1155 2890 1212 mature
2947 1150 3288 1216 mandamus.
3329 1150 3462 1218 Data
3505 1161 3561 1206 ut
3607 1169 3805 1232 supra.

2874 1273 3101 1334 CXLVI.

2281 1381 2347 1420 AD
2380 1381 2758 1425 THEODOBICUI
2795 1386 3244 1427 ABCHIEPISCOPUII
3281 1375 3733 1430 BISUNTISENSSE.

2821 1464 3013 1531 (Anno
3037 1465 3162 1519 878.
3185 1467 3204 1534 )

2207 1548 2365 1624 lubet
2392 1561 2455 1624 ut
2480 1554 2863 1622 quamprimum
2912 1555 3084 1606 veniat
3122 1564 3170 1608 ct
3199 1555 3492 1624 episcopum
3535 1557 3588 1607 in
3633 1556 3811 1610 eccle-

2281 1622 2360 1696 sia
2426 1622 2751 1678 Lousaaenst'
2779 1665 2792 1688 ,
2823 1635 3066 1696 __propter
3127 1622 3406 1680 electorum
3463 1627 3756 1683 division“
3788 1667 3809 1696 ,

2275 1693 2584 1764 priusquam
2614 1711 2718 1748 una
2749 1693 3141 1766 colloquantur,
3171 1696 3413 1752 ordinari
3443 1708 3600 1761 vetat.

2283 1805 2746 1864 lieverentissimo
2783 1817 2837 1872 et
2858 1809 3202 1866 sanctissimo
3230 1809 3584 1866 Tnsonomco
3625 1808 3808 1866 archi-

514 1891 609 1942 aut
636 1853 1050 1952 aliquibusvipsa
1081 1881 1362 1946 inorchans
1402 1853 1784 1950 Engeltrudis,
1834 1876 1952 1930 sine
1999 1873 2101 1929 viri
2134 1853 2185 1930 Β

518 1990 787 2030 consensu
811 1988 1028 2042 quoquo
1058 1973 1216 2039 modo
1247 1971 1552 2044 donaverit,
1572 1969 1899 2026 contendere
1928 1967 2105 2022 volue-

519 2069 628 2134 rit;
655 2078 836 2123 nostra
861 2068 1156 2138 apostolica
1179 2067 1526 2129 auctoritate,
1548 2066 1719 2118 donec
1744 2062 2103 2125 reddiderint,

517 2162 643 2231 quia
672 2161 1041 2232 sancientibus
1061 2159 1271 2215 Joanne
1293 2174 1429 2229 papa
1451 2158 1696 2212 Romano
1722 2163 1776 2210 et
1799 2153 2105 2210 Justiniauo

518 2251 846 2321 imperatore
873 2252 1133 2321 scriptum
1163 2258 1246 2306 est
1277 2248 1295 2322 (
1323 2249 1660 2322 ln‘authent.
1700 2246 1852 2304 Bona
1887 2247 2108 2302 damna-

515 2351 720 2408 torum,
750 2343 937 2398 codice
965 2342 1030 2397 de
1057 2342 1183 2396 don.
1233 2358 1407 2412 prose.
1459 2323 1549 2396 seu
1586 2339 1766 2402 damn.
1796 2338 1850 2409 ),
1891 2336 2106 2410 spurios

514 2437 652 2493 satis
682 2437 999 2508 injuriosos,
1021 2435 1265 2505 satisque
1297 2435 1525 2490 acerbos
1544 2474 1559 2499 ,
1591 2444 1644 2492 et
1674 2430 1875 2492 nostris
1904 2440 2108 2502 tempo-

516 2528 668 2585 ribus
689 2543 904 2598 semper
929 2530 1180 2600 indignos
1209 2544 1331 2584 esse
1357 2529 1747 2599 dijudicamus:
1777 2534 2109 2596 quapropter

516 2619 772 2674 convenit
793 2619 1157 2674 reverentiam
1185 2628 1424 2672 vestram
1451 2618 1598 2672 illum
1629 2631 1841 2685 semper
1862 2628 2104 2668 monere.

519 2711 691 2767 Porro
719 2713 1002 2767 hortamur
1048 2722 1107 2766 ut
1151 2719 1369 2783 quoquo
1398 2712 1556 2766 modo
1607 2709 1918 2766 monuimus
1960 2721 2108 2761 com-

517 2800 699 2871 pleas,
732 2803 987 2872 quoniam
1029 2803 1075 2861 si
1120 2802 1280 2864 aliter
1317 2801 1514 2863 feceris
1536 2841 1552 2866 ι
1582 2801 1725 2862 scias
1768 2808 1820 2854 te
1847 2797 2107 2852 canonica

525 2890 894 2944 damnandum
941 2907 1172 2947 censura
1197 2934 1210 2958 ,
1244 2902 1303 2946 ut
1344 2892 1540 2952 debeas
1582 2890 1698 2944 illos
1739 2885 2108 2944 excommuni-

516 2993 660 3035 care.
694 2979 826 3036 Data
859 2991 914 3034 ut
944 2998 1123 3052 supra.

1205 3070 1431 3127 CXLIV.

964 3180 1032 3220 AD
1069 3154 1395 3220 uirrasnon
1434 3177 1674 3221 cclt'rsn

1117 3259 1306 3328 (Anno
1354 3257 1515 3328 878.)

521 3351 700 3405 Monet
729 3362 782 3405 ut
815 3351 1036 3405 Bosom’s
1077 3352 1279 3406 comitis
1306 3351 1519 3420 ﬁliabus
1559 3349 1916 3408 [nereditatem
1961 3350 2109 3409 reati-

1248 3432 1416 3475 tuat.'

594 3513 893 3569 Mnsnsoo
923 3513 1118 3568 illustri
1147 3514 1352 3568 comiti.

590 3606 1019 3679 Suggerentibus
1040 3605 1295 3660 videlicet
1322 3603 1534 3661 ﬁliabus
1563 3604 1793 3660 Bosonis
1821 3620 1992 3675 nuper
2018 3619 2110 3658 co-

518 3698 686 3764 mitis,
719 3708 773 3753 et
811 3698 1156 3769 Engeltrudis
1183 3697 1447 3768 conjugis,
1475 3697 1737 3767 proxima:
1765 3707 1981 3761 vestrm,
2018 3713 2110 3750 au-

519 3789 754 3844 divimus
785 3798 843 3842 ut
873 3788 1075 3843 allodes
1122 3803 1249 3843 suos
1279 3802 1376 3842 vos
1419 3788 1733 3842 invadentes
1781 3797 1962 3841 tenere
2001 3802 2106 3840 non

518 3880 840 3938 formidetis.
875 3881 1049 3951 Super
1079 3896 1186 3951 quo
1218 3881 1483 3934 miramur
1504 3895 1604 3934 cur
1634 3888 1799 3933 tantae
1831 3880 2109 3949 sapientiae

518 3975 603 4028 vir
633 3975 736 4029 hoc
768 3973 946 4028 facere
974 3988 1080 4026 non
1113 3973 1422 4026 erubescas.
1453 3969 1640 4023 Nonne
1677 3969 1830 4023 scitis
1855 3969 2108 4038 quoniam

519 4067 575 4121 in
607 4065 920 4119 haereditate
964 4061 1305 4129 suscipienda
1347 4061 1596 4112 omnibus
1637 4059 1879 4127 cognatis
1919 4059 2108 4128 praefe-

521 4155 674 4209 rendi
708 4161 834 4206 sunt
881 4149 1013 4202 ﬁlii?
1047 4149 1138 4202 Illa
1177 4164 1306 4202 vero
1337 4149 1617 4201 moechans
1655 4147 1812 4200 alicui
1845 4149 1961 4200 sine
1985 4164 2110 4200 con-

523 4259 686 4301 sensu
729 4241 829 4294 viri
860 4255 926 4294 ex
959 4240 1045 4294 his
1077 4239 1280 4309 aliquid
1322 4239 1454 4293 dare
1481 4237 1724 4306 nequivit
1755 4238 1996 4292 omnium
2045 4239 2110 4293 le-

520 4352 649 4410 gum
700 4334 1042 4389 auctoritate.
1101 4332 1254 4389 Unde
1303 4348 1397 4388 vos
1451 4347 1772 4396 monemus,
1830 4332 2113 4386 hortamur

521 4429 925 4500 apostolicaque
950 4426 1279 4482 auctoritare
1312 4424 1585 4494 jubemus,
1612 4433 1670 4478 ut
1697 4425 1841 4494 ipsas
1865 4427 2110 4495 proprio-

519 4532 660 4579 tates
709 4524 815 4578 illis
862 4521 1076 4578 ﬁliabus
1132 4537 1319 4576 eorum
1377 4519 1604 4574 reddere
1654 4534 1752 4589 pro
1809 4520 2107 4574 reverentia

517 4617 821 4688 principmn
864 4616 1225 4687 apostolorum
1254 4657 1268 4681 ,
1321 4631 1350 4668 a
1405 4614 1602 4684 quibus
1644 4628 1740 4682 per
1770 4627 1856 4666 me
1905 4613 2108 4682 petiere

521 4708 800 4772 auxilium,
830 4709 1048 4763 minime
1077 4707 1316 4774 diii‘cras,
1345 4708 1597 4777 quoniam
1627 4705 1670 4759 si
1707 4704 1863 4758 aliter
1895 4703 2105 4771 feceris,

521 4797 665 4856 scias
688 4806 741 4852 te
759 4798 1015 4853 canonica
1043 4798 1342 4853 feriendum
1371 4811 1618 4852 censura.
1648 4795 1784 4848 Data
1810 4802 1872 4847 ιιι·
1890 4812 2068 4864 supra.

1219 4889 1420 4944 CXLV.

1084 4996 1149 5033 AD
1187 4994 1563 5033 VALDEBAMUM.

1137 5071 1322 5142 (Auno
1349 5071 1505 5142 8.78.)

524 5160 703 5218 Monet
739 5173 796 5218 ut
825 5162 1127 5224 Valderami
1159 5179 1372 5226 cautam
1419 5164 1486 5224 ad
1523 5167 1716 5228 exitum
1759 5163 2007 5232 perducat
2039 5160 2113 5216 vel

1104 5235 1172 5288 ad
1196 5249 1250 5287 se
1282 5234 1530 5298 remittat.

594 5322 926 5399 Vicncmuo
973 5325 1288 5384 venerabili.

598 5416 950 5486 Pneseutium
978 5421 1114 5474 lator
1137 5419 1455 5480 litterarum,
1494 5417 1712 5484 nomine
1736 5416 2107 5480 Valderamus,

525 5515 594 5569 ad
622 5524 860 5570 vestram
887 5514 1278 5569 fraternitatem
1305 5528 1488 5572 coram
1515 5511 1669 5567 nobis
1692 5513 1912 5568 veniens
1940 5510 2113 5580 lacry-

527 5607 796 5664 mabiliter
815 5617 1039 5678 ques-tus
1067 5618 1150 5663 est
1172 5617 1380 5678 patrem
1411 5621 1566 5670 suum
1601 5620 1631 5660 a
1659 5606 1888 5675 quodam
1917 5601 2116 5671 injuste
2211 5669 2216 5674 ι

526 5699 766 5762 carceris
789 5699 1030 5756 custodia
1077 5701 1250 5756 teneri
1291 5701 1570 5770 detrusum
1612 5699 1755 5768 intra
1799 5701 2112 5772 parochiam

2278 1990 2446 2061 Igitur
2469 1991 2594 2060 quia
2624 1991 2938 2052 fraternitas
2968 1999 3057 2048 tua
3095 1991 3404 2063 apostolicae
3433 2001 3489 2048 et
3525 1994 3805 2052 universa-

2207 2082 2273 2142 lis
2336 2083 2428 2138 Dei
2476 2083 2733 2140 Ecclesiae
2781 2085 3190 2154 persecutiones
3237 2085 3512 2151 audiens.
3563 2090 3803 2158 compati

2207 2178 2383 2235 modis
2413 2177 2667 2233 omnibus
2706 2178 2919 2235 distulit
2941 2219 2956 2243 ,
2990 2194 3196 2248 nosque
3221 2219 3238 2245 ,
3262 2194 3360 2250 pro
3401 2195 3472 2239 eo
3498 2190 3558 2235 et
3595 2182 3805 2240 cumis

2210 2269 2333 2324 aliis
2353 2268 2617 2342 laborem
2647 2278 2924 2326 sumentes
2947 2311 2961 2334 ,
3008 2285 3227 2340 quoquo
3259 2271 3420 2328 modo
3453 2272 3688 2328 visitare
3709 2289 3803 2328 nep

2209 2365 2376 2437 glexit
2401 2406 2415 2430 ,
2456 2366 2589 2421 satis
2639 2365 2902 2419 miramur
2939 2373 2993 2420 et
3028 2380 3095 2420 ex
3135 2373 3297 2436 parte
3333 2363 3650 2432 turbamur,
3689 2382 3804 2422 cum

2211 2459 2264 2513 in
2293 2467 2348 2513 te
2381 2459 2560 2514 taliter
2587 2457 2910 2514 charitatem
2938 2457 3141 2528 frigere
3176 2459 3588 2529 cognoscimus.
3621 2457 3805 2514 Nonne

2212 2548 2425 2606 Veritas
2455 2551 2567 2605 ait:
2600 2548 2662 2606 Si
2698 2550 2864 2622 frater
2888 2551 3105 2620 fratrem
3134 2551 3440 2621 adjuverat,
3477 2552 3646 2607 ambo
3670 2551 3806 2606 ard-

2210 2644 2462 2698 tabantur
2475 2644 2502 2698 Ρ
2521 2642 2703 2715 (Prov.
2724 2646 2900 2714 xvnt.)
2915 2643 2982 2698 Et
3010 2642 3284 2714 Sapientia
3301 2643 3554 2713 loquitur
3577 2662 3594 2700 ε
3618 2641 3808 2698 Frater

2195 2744 2258 2790 'et
2290 2736 2491 2791 amicus
2532 2737 2588 2790 in
2634 2737 2898 2792 laboribus
2928 2737 3296 2807 comprobatur
3325 2733 3520 2807 (Prae.
3556 2739 3716 2809 un).
3743 2736 3808 2793 Et

2209 2829 2577 2898 praedecessor
2603 2837 2788 2886 noster
2833 2828 3080 2884 Gelasius
3114 2844 3274 2900 papa,
3314 2829 3580 2885 ternario
3618 2831 3674 2884 in
3701 2829 3809 2887 sui

2213 2920 2572 2982 decretalibus
2600 2962 2614 2986 ,
2678 2921 2948 2992 episCOpis
3001 2921 3526 2992 parvipendentibus
3583 2922 3810 2980 fratrum

2213 3013 2527 3067 vexationes
2565 3013 2749 3067 scribit
2777 3032 2788 3067 :
2821 3013 2931 3067 Cur
2967 3029 3074 3080 non
3103 3016 3371 3085 compassi
3402 3016 3581 3071 estis?
3601 3025 3660 3071 et
3689 3015 3808 3071 reli—

2217 3119 2339 3172 qua.
2366 3103 2703 3174 Quapropter
2736 3121 3018 3174 incitemus
3056 3117 3114 3168 ut
3148 3107 3414 3176 hactenus
3447 3118 3499 3164 te
3532 3110 3805 3180 negligen-

2137 3222 2181 3290 C
2216 3206 2322 3290 tem
2359 3211 2678 3290 pernoscas,
2705 3205 2766 3290 et
2799 3200 2868 3252 ad
2892 3201 3200 3270 ‘despectam
3239 3200 3572 3290 charitatem
3614 3202 3807 3257 nihilo-

2214 3288 2413 3352 minus,
2435 3287 2856 3360 postpositisquc
2884 3289 3138 3354 omnibus
3164 3289 3333 3355 euris,
3360 3289 3432 3352 ad
3455 3306 3562 3358 nos
3587 3292 3809 3358 visitan-

2212 3377 2311 3433 dos
2341 3394 2443 3432 ima
2471 3393 2594 3434 cum
2635 3379 2740 3434 hoc
2765 3388 2952 3442 nostro
2981 3379 3150 3438 misso
3167 3379 3597 3449 praesentialiter
3627 3383 3812 3439 venire

2211 3479 2444 3542 satagas.
2487 3471 2751 3526 Caeterum
2785 3471 3107 3535 audivimus,
3138 3480 3192 3527 et
3215 3471 3397 3525 auditu
3437 3473 3713 3540 dolemus,
3749 3482 3812 3530 ut

2213 3567 2266 3621 in
2298 3565 2537 3620 Ecclesia
2567 3565 2922 3626 Lausanensi,
2956 3581 3076 3636 quae
3117 3565 3236 3620 sine
3262 3563 3411 3624 Patre
3435 3581 3584 3630 nunc
3614 3569 3808 3622 cerni-

2214 3667 2319 3721 tur,
2351 3659 2420 3711 sit
2450 3667 2568 3711 orta
2609 3658 2904 3724 contentio,
2935 3639 3162 3727 ejusque
3188 3656 3406 3710 ﬁliorum
3438 3656 3492 3710 in
3527 3655 3809 3726 electione

2215 3750 2472 3803 antistitis
2527 3749 2598 3802 sit
2648 3749 2874 3802 nefanda
2920 3749 3132 3816 divisio.
3186 3747 3337 3818 Unde
3379 3762 3665 3802 mouemus
3709 3765 3813 3820 per

2215 3843 2381 3896 Deum
2429 3841 2665 3906 Patrem,
2696 3849 2750 3895 et
2780 3833 2998 3910 Filium,
3028 3851 3081 3895 et
3111 3849 3358 3895 sanctum
3402 3837 3672 3909 Spiritum
3711 3842 3809 3895 ob—

2215 3943 2480 3988 testamur
2503 3976 2516 3995 ,
2567 3934 2964 4015 apostolicaque
2994 3934 3315 3989 auctoritate
3349 3948 3617 4003 expresse
3659 3934 3812 4016 jube-

2216 4043 2372 4104 mus,
2406 4037 2459 4082 et
2489 4027 2895 4094 interdicimus,
2947 4034 3006 4081 ut
3037 4027 3211 4096 quoad
3255 4026 3322 4079 ad
3360 4029 3660 4081 cbmmune
3704 4025 3810 4081 elo-

2213 4120 2398 4188 quium
2431 4128 2672 4174 uostrum
2697 4120 2999 4189 pervenias,
3024 4119 3099 4188 ibi
3120 4121 3431 4189 epiSCOpum
3458 4135 3642 4192 neque
3663 4121 3811 4190 jussu

2215 4211 2354 4281 regis
2388 4225 2559 4280 neque
2590 4225 2657 4263 ex
2704 4212 2872 4280 petitu
2906 4211 3078 4281 plebis
3116 4226 3446 4280 consecrare
3487 4227 3808 4281 praesumas,

2215 4313 2480 4373 quatenus
2540 4319 2660 4368 cum
2713 4293 2823 4356 una
2877 4303 3092 4370 allocuti
3154 4301 3462 4370 fuerimus,
3515 4304 3809 4372 auxiliante

2215 4383 2340 4462 Deo,
2377 4413 2496 4451 cum
2522 4398 2794 4452 communi
2820 4398 3086 4463 consulto,
3120 4413 3278 4467 quem
3304 4397 3584 4453 utiliorem
3625 4401 3806 4470 [ineri-

2212 4489 2472 4557 derimus,
2501 4506 2824 4546 consecrare
2851 4491 3227 4574 permittamus
3260 4491 3326 4546 de
3356 4507 3536 4545 more.
3571 4492 3701 4559 Quae
3732 4494 3811 4546 hic

2136 4578 2452 4648 Dseribere
2507 4583 2826 4650 omisimus,
2882 4581 3007 4647 huic
3051 4581 3229 4653 legato
3276 4590 3463 4636 nostro
3523 4581 3811 4636 Deusdedit

2215 4675 2448 4744 glorioso
2494 4676 2752 4746 magistro
2794 4676 3047 4740 militum,
3099 4684 3153 4730 et
3197 4675 3342 4738 duci,
3386 4675 3810 4745 consiliarioque

2214 4775 2436 4842 nostro,
2466 4775 2523 4820 ut
2568 4751 2747 4822 rerbis
2786 4767 2928 4820 dicat
2970 4765 3301 4834 injunximus
3331 4783 3344 4819 :
3377 4779 3543 4846 quem
3589 4765 3810 4836 benigne

2213 4861 2457 4934 recipite,
2491 4867 2543 4913 et
2564 4875 2683 4938 qum
2712 4861 2864 4916 vobis
2897 4875 2963 4914 ex
3009 4868 3194 4922 nostra
3223 4867 3374 4940 parte
3407 4858 3618 4926 tulerit,
3661 4854 3810 4916 indif-

2212 4950 2450 5006 ferenter
2472 4951 2672 5006 audite.
2706 4950 2837 5005 Data
2866 4961 2921 5004 ut
2946 4968 3124 5021 supra.

2883 5061 3018 5132 CXL
3024 5060 3141 5128 VII...

2615 5171 2681 5218 ΑΒ
2718 5171 2964 5226 Αυεᾙυι
2999 5169 3405 5222 ΡΠΕΨΠΒΜΙᾹ

2863 5275 3018 5328 Διιηο
3043 5273 3168 5329 εἴθ.

2294 5367 2630 5436 Privilegiam
2659 5382 2752 5435 pro
2779 5275 3095 5438 agnouerit)
3127 5273 3314 5422 Sinti
3339 5363 3494 5432 Pleni
3513 5368 3572 5420 in
3601 5385 3746 5438 pago

2822 5435 3191 5498 Nemausemi.

2221 5535 2397 5610 [Apud
2430 5535 2491 5588 D.
2523 5563 2546 5586 ι
2567 5541 2790 5603 anguet,
3192 5530 3513 5596 Historians.
3547 5541 3686 5596 tona,
3721 5531 3807 5588 il.

2289 5697 2520 5753 Joasass
2546 5697 2832 5774 episcopus
2855 5736 2869 5775 ,_
2911 5709 3100 5750 servus
3146 5707 3428 5766 servorum
3475 5691 3610 5757 Dei,
3649 5702 3806 5762 rese,-

603 5824 629 5852 ει
663 5810 792 5867 Erat
842 5815 1164 5870 adulterium
1216 5816 1455 5870 delatum
1498 5816 1552 5870 in
1597 5815 1892 5884 judicium,
1943 5826 2003 5872 ut
2043 5830 2112 5874 ex
2142 5815 2299 5891 epist.
2336 5814 2438 5871 145
2464 5824 2710 5887 apparet.
