4042 6302
212 408 345 470 ’νεα

1428 399 1786 460 Ειηετοιιᾱ
1821 400 1910 463 ET
1950 398 2289 461 DECRETA.

3385 405 3497 465 τω

216 523 557 584 magis.
583 518 954 581 mamilius
986 518 1195 579 Διειιο
1214 517 1532 589 prosliytero
1558 525 1612 573 et
1637 516 1808 592 [non
1837 520 1887 587 Α
1911 516 2092 582 ditiis;
2124 530 2219 571 seu
2255 513 2541 573 ecclesiam
2571 512 2757 571 Sancti
2798 512 3055 587 Stephani
3087 532 3212 574 cum
3243 522 3493 583 omnibus

217 615 409 675 aurati

286 705 453 775 Quod
473 702 792 767 mutastis
811 717 847 761 ια
875 702 1055 767 nobis,
1085 700 1433 763 concedimus
1469 701 1815 774 religiositati-

217 811 421 858 vestrtn
445 795 839 861 monasterium
861 794 1047 855 Sancti
1068 794 1211 853 Petri
1234 810 1359 855 eum
1377 796 1629 854 omnibus
1651 794 1811 855 cellis

219 902 279 954 et
303 894 476 950 rebus
501 886 1059 961 sibipertinentibus,
1089 888 1147 944 in
1188 902 1297 957 quo
1332 888 1566 962 quiescit
1588 888 1810 958 corpus

218 984 371 1043 beati
399 981 601 1053 Egidii
620 980 678 1037 in
699 977 853 1038 Valle
878 977 1137 1038 Flaviana
1156 1019 1171 1045 ,
1192 979 1248 1037 in
1269 995 1406 1050 pago
1427 978 1801 1043 Nemausensi,

222 1075 279 1129 in
318 1073 517 1129 ﬁnibus
556 1069 771 1131 Cutiliae
798 1086 812 1123 :
843 1084 1007 1139 quam
1040 1067 1244 1127 Vadam
1283 1069 1498 1127 Flavius
1527 1069 1800 1139 quondm

221 1181 363 1230 rex,
414 1162 640 1233 praefato
682 1162 841 1216 beato
883 1157 1105 1232 Egidio
1154 1160 1394 1215 donavit.
1445 1160 1545 1227 Qui
1582 1170 1803 1217 sanctus

218 1254 469 1327 Egidius
494 1253 690 1317 exinde
719 1252 1062 1317 donationem
1099 1252 1381 1327 integriter
1412 1250 1674 1315 Romanae
1700 1251 1802 1306 Ec-

219 1347 405 1403 clesiae
433 1344 581 1410 fecit,
615 1350 670 1398 et
696 1344 767 1397 ibi
800 1342 854 1405 in
882 1342 1226 1405 veneratione
1253 1343 1555 1413 principum
1586 1352 1802 1414 aposto-

220 1441 400 1497 lorum
436 1438 579 1497 Petri
610 1446 665 1499 et
690 1434 841 1497 Pauli
868 1435 1255 1497 monasterium
1290 1435 1594 1509 aediﬁcavit.
1628 1435 1801 1493 Porro

220 1534 352 1589 dum
375 1532 608 1603 spatium
635 1538 794 1585 terra:
825 1528 956 1587 illud
985 1529 1290 1587 cmnobium
1318 1544 1348 1583 a
1374 1529 1614 1585 Romana
1646 1543 1803 1600 sepa-

222 1632 374 1681 raret
407 1621 687 1693 Ecclesia,
732 1620 858 1693 quia
898 1635 999 1692 pro
1044 1620 1166 1680 aliis
1197 1621 1343 1685 curis
1388 1620 1516 1679 illuc
1563 1620 1800 1695 legatum

221 1716 439 1773 mittere
490 1714 852 1787 nequiverat,
907 1711 1291 1773 Nemausensis
1338 1712 1567 1773 antistes
1625 1713 1802 1787 ipsum

219 1807 455 1878 quadam
484 1804 784 1869 temeritate
810 1802 1072 1863 invadens
1093 1802 1421 1865 sustulerat:
1451 1802 1640 1863 deinde
1664 1817 1801 1873 prat-

1907 607 2018 669 suis
2046 606 2401 677 appenditiis;
2434 604 2520 665 vel
2556 607 2705 681 ipsos
2733 602 2924 666 alodes
2956 607 3052 683 qui
3072 609 3142 667 ad
3167 610 3342 682 ipsum
3369 628 3503 670 tuo-,

1906 698 2205 769 nasterium
2240 698 2436 755 debent
2472 712 2592 755 esse
2627 699 2994 771 pertinentes;
3030 699 3258 763 Seuram
3302 703 3491 771 villam

1908 804 2031 849 cum
2051 790 2376 863 appenditiis
2394 791 2526 858 suis,
2542 792 2626 849 vel
2649 794 2820 851 servis
2842 794 3038 869 ibidem
3059 796 3487 868 pertinentibus;

1904 884 2162 947 Braseam
2189 899 2313 943 cum
2342 884 2665 955 appenditiis
2692 886 2837 952 suis;
2870 886 3093 945 Bionum
3132 902 3252 947 cum
3284 904 3488 961 appen-

1906 973 2052 1031 ditiis
2086 974 2233 1040 suis;
2265 973 2321 1033 in
2346 974 2614 1033 Bruciano
2659 974 2843 1037 hortos
2885 985 2939 1032 et
2989 991 3241 1048 campos;
3280 977 3497 1048 Luvam,

1906 1080 2030 1123 cum
2071 1066 2395 1139 appenditiis
2437 1066 2582 1133 suis;
2612 1067 2784 1138 ripam
2814 1066 3135 1135 Gothicam;
3167 1069 3488 1145 Aspiranum

1906 1172 2031 1215 cum
2054 1158 2309 1227 Omnibus
2344 1158 2664 1233 appenditiis
2702 1158 2846 1224 suis;
2882 1159 2933 1215 in
2960 1159 3239 1219 Generaco
3271 1178 3492 1233 campos

1904 1259 1961 1311 et
1983 1251 2172 1309 vineas
2192 1266 2318 1311 cum
2356 1251 2605 1311 terminis
2634 1252 2774 1317 suis;
2806 1254 2859 1309 in
2885 1253 3278 1315 Costaballenis
3302 1258 3491 1315 vineas

1904 1359 2029 1401 cum
2061 1343 2309 1413 terminis
2334 1342 2479 1410 suis;
2507 1344 2561 1403 in
2591 1343 2786 1416 Gurgis
2817 1361 3037 1419 campos
3065 1357 3119 1407 et
3144 1348 3329 1404 vineas
3361 1364 3490 1411 cum

1903 1436 2153 1495 terminis
2174 1435 2319 1505 suis;
2343 1435 2399 1491 in
2426 1434 2645 1497 Tovana
2667 1450 2885 1506 campos
2900 1445 2957 1497 et
2968 1439 3187 1507 vineas;
3221 1438 3275 1495 in
3304 1440 3459 1510 Aqua

1905 1529 2025 1587 viva
2052 1543 2273 1600 campos
2298 1538 2355 1585 et
2375 1535 2591 1594 vrneas;
2619 1528 2672 1585 in
2702 1529 2945 1591 Alburno
2972 1513 3191 1601 campos
3213 1539 3268 1586 et
3292 1531 3483 1589 vineas

1905 1636 2028 1679 cum
2044 1621 2295 1677 omnibus
2308 1621 2420 1676 suis
2430 1621 2769 1693 pertinentiis
2789 1637 2807 1688 ;
2828 1622 2882 1679 in
2900 1621 3018 1679 loco
3040 1621 3131 1695 qui
3146 1620 3343 1679 dicitur
3356 1620 3483 1680 Sta-

1905 1713 2175 1771 cioncnsis
2187 1727 2406 1785 campos
2416 1722 2472 1768 et
2484 1712 2670 1786 vineas
2688 1728 2810 1770 cum
2821 1714 3072 1775 omnibus
3083 1715 3194 1773 suis
3213 1716 3492 1788 pertineno‘

1908 1807 2023 1873 tiis;
2054 1807 2325 1869 Coconem
2350 1822 2473 1863 cum
2500 1806 2755 1865 omnibus
2781 1808 2894 1867 suis
2913 1809 3420 1871 consuetudinariis.

221 1907 439 1969 ceptum
487 1910 557 1954 ex
604 1910 732 1971 rege
772 1893 1105 1955 Francorum
1138 1901 1454 1965 exceperat;
1485 1894 1541 1951 in
1566 1908 1674 1969 quo
1701 1907 1802 1953 nec
1829 1886 1877 1946 Β
1975 1900 2313 1972 Quapropter
2340 1899 2586 1956 volumus
2616 1909 2669 1955 ct
2695 1900 3034 1973 praecipimus
3066 1910 3128 1957 ut
3148 1911 3340 1959 cuncta
3371 1903 3494 1981 haec

222 1986 534 2049 ﬁrmitatem
550 1986 801 2051 credens.
814 1984 1119 2047 Romanum
1130 1984 1445 2057 pontiﬁcem
1457 1984 1620 2049 adiit;
1649 1998 1811 2057 super
1909 1992 2153 2063 praefata,
2185 1994 2270 2049 vel
2302 2011 2421 2065 quae
2449 1995 2630 2053 oti‘erri
2660 1997 2947 2069 contigerit
2971 1997 3321 2071 subsequenti
3351 2006 3491 2057 tem-

220 2076 327 2141 hoc
354 2078 520 2135 etiam
555 2076 933 2137 auctoritatem
968 2076 1187 2143 furtim,
1226 2076 1382 2151 quasi
1402 2075 1479 2140 de
1504 2074 1649 2142 suis,
1680 2090 1811 2147 apo-
1910 2095 2062 2152 pore,
2094 2082 2298 2139 illibata
2328 2094 2384 2141 et
2412 2086 2527 2141 sine
2560 2087 2931 2157 inquietudine
2960 2088 3014 2143 in
3044 2102 3203 2143 usum
3232 2080 3491 2159 coenobii,’

222 2166 468 2223 stolieam
490 2167 808 2238 exquisivit.
829 2165 935 2229 Sed
957 2175 1156 2224 sanctae
1176 2165 1568 2229 recordationis
1582 2166 1808 2225 domnus

222 2256 494 2320 Nicotaus.
542 2258 670 2315 licet
715 2258 877 2329 huius
927 2257 1132 2315 fraudis
1176 2266 1320 2317 esset
1347 2257 1594 2331 ignarus,
1626 2256 1807 2319 divino

220 2356 403 2407 tamen
429 2348 635 2419 Spiritu
659 2349 875 2420 plenus,
903 2363 1093 2405 omnes
1115 2349 1181 2407 de
1194 2350 1295 2409 hoc
1316 2348 1489 2423 legem
1503 2355 1807 2419 quaerentes

219 2456 483 2515 excusare
531 2442 747 2515 sategit.
803 2440 911 2501 Sed
943 2456 1045 2497 nos
1078 2456 1203 2499 cum
1249 2441 1306 2498 in
1356 2450 1542 2501 nostro
1586 2440 1806 2499 archiva

220 2532 548 2588 monimenta
580 2532 892 2591 chartarum
930 2532 1369 2603 requireremus,
1397 2530 1471 2593 ibi
1506 2529 1638 2585 illud
1665 2544 1805 2603 pra».

220 2630 434 2693 ceptum
488 2622 646 2677 beato
689 2620 909 2692 Egidio
940 2621 1198 2697 traditum
1244 2620 1563 2691 reperimus.
1597 2621 1805 2681 Dehinc

219 2725 341 2773 cum
392 2709 663 2773 Arelatem
702 2710 1026 2775 .maritimali
1065 2710 1265 2767 itinere
1290 2726 1388 2787 pro
1423 2710 1803 2777 universarum

219 2801 585 2860 Ecclesiarum
609 2801 703 2861 Dei
729 2803 944 2873 negotio
964 2803 1292 2867 veniremus,
1310 2803 1414 2863 ltoc
1432 2790 1801 2873 recordantes,

221 2898 397 2971 ipsum
429 2897 819 2955 monasterium
851 2912 946 2970 per
977 2896 1188 2955 Deusde
1218 2897 1407 2955 ducem
1435 2895 1799 2967 Ravennates.

221 2988 539 3049 advocatum
560 2997 831 3054 nostrum.
846 2996 1037 3050 contra
1048 2986 1357 3047 Girbertum
1382 2985 1800 3049 Nemausensem

219 3078 531 3153 episcopum
563 3077 930 3147 quaesivimus.
969 3076 1081 3133 lmo
1119 3076 1403 3135 ambarum
1429 3076 1667 3151 partium
1700 3077 1797 3141 ad-

1909 2179 1964 2226 et
2016 2172 2069 2228 in
2116 2174 2314 2230 salario
2342 2176 2485 2233 beati
2510 2176 2656 2233 Petri
2696 2178 2924 2248 apostoli
2966 2178 3363 2246 possideantur.
3392 2176 3493 2257 Ve:

1909 2270 2217 2319 rumtamen
2245 2273 2305 2320 ut
2349 2266 2449 2323 sibi
2479 2281 2577 2335 pro
2612 2266 2975 2339 quorumlibet
3007 2268 3405 2325 sustentatione
3425 2282 3488 2337 ac

1909 2355 2299 2427 gubernatione
2319 2372 2576 2414 concessa
2595 2368 2738 2423 sunt,
2767 2359 2896 2413 [iant
2923 2359 3099 2415 modis
3120 2359 3368 2421 omnibus
3392 2374 3489 2431 pro
3564 2392 3578 2403 ο

1907 2445 2115 2515 futura,
2152 2465 2215 2504 ea
2241 2450 2549 2509 conditione
2578 2461 2635 2506 ut
2663 2450 2840 2505 nullus
2868 2464 3241 2507 successorum
3279 2442 3490 2508 nostrai

1907 2557 2025 2597 rum
2050 2544 2102 2597 in
2142 2544 2243 2600 hac
2266 2554 2450 2600 sancta
2478 2545 2625 2610 sede,
2650 2545 2737 2600 cui
2765 2553 2986 2601 auctore
3014 2544 3262 2612 Domino,
3294 2544 3485 2623 deseri

1906 2630 2102 2695 vimus,
2135 2647 2368 2702 unquam
2411 2634 2492 2687 vel
2524 2649 2746 2707 usquam
2778 2633 2977 2704 aliquid
3005 2635 3071 2689 de
3098 2634 3290 2690 iisdem
3326 2633 3487 2711 rebus

1904 2721 2251 2789 aneiiciare,
2280 2731 2631 2789 commutare,
2664 2740 2727 2779 ac
2753 2724 2852 2782 sub
2882 2739 3044 2779 censu
3073 2722 3367 2781 concedere
3392 2726 3489 2796 per

1905 2810 2086 2866 futura
2117 2821 2355 2883 tempora
2383 2814 2641 2887 patiatur,
2662 2813 2766 2869 nisi
2795 2812 3062 2868 Amclium
3088 2815 3489 2895 presbyterum,

1902 2902 1994 2973 qui
2042 2910 2226 2957 noster
2280 2904 2499 2959 omnino
2552 2904 2900 2977 dignoscitur.
2955 2903 3127 2978 Hujus
3177 2902 3258 2960 rei
3313 2905 3489 2979 gratia

1904 2995 2344 3074 commendamus
2376 2996 2525 3053 Vobis
2567 2997 2707 3055 hanc
2735 2997 2980 3053 notitiam
3011 2998 3078 3054 ad
3106 2998 3397 3070 regendum
3435 2986 3491 3056 et

1902 3087 2159 3142 tuendum
2203 3099 2259 3143 et
2298 3089 2433 3145 bene
2462 3090 2835 3145 aediﬁcandum
2879 3090 3207 3171 cmnobium,
3239 3092 3315 3148 ita
3358 3108 3489 3171 sane

217 3167 428 3224 vocatis
447 3181 545 3243 per
568 3166 937 3241 ﬁdeiussorem
960 3163 1799 3260 legaliS.e!SeCulor8_duntaxat
1829 3244 1867 3260 ﬂ
1902 3188 1962 3233 ut
2009 3196 2037 3233 a
2086 3182 2268 3246 vobis,
2300 3182 2522 3253 singulis
2561 3183 2968 3254 quibuscunqne
2992 3163 3489 3260 annis,‘pensionis

216 3260 453 3334 Georgio
479 3259 766 3323 scriniario
785 3300 803 3329 ,
832 3268 887 3317 et
928 3258 1139 3315 Deusde
1167 3267 1392 3328 agente.
1440 3257 1636 3353 ῑῐοιιιίιΔ
1655 3260 1794 3319 idem
1823 3244 1872 3315 (ἶ
1902 3271 2118 3325 nomine
2139 3312 2154 3336 ,
2200 3244 2260 3325 in»
2296 3244 2595 3327 rationibus
2641 3244 3022 3330 ecclesiasticis
3051 3291 3085 3328 χ
3110 3244 3317 3348 argenti
3360 3276 3483 3353 soli:

216 3352 502 3416 Girbertus
546 3352 830 3429 episcenos
877 3366 973 3429 per
1021 3360 1348 3423 praeceptum
1375 3350 1556 3407 domui
1591 3348 1796 3415 Nicolai

217 3445 321 3516 pia:
351 3444 627 3505 memoria:
654 3443 727 3505 ibi
753 3442 1014 3498 relectum
1052 3458 1111 3496 se
1135 3441 1443 3501 defendere.
1476 3441 1581 3501 Sed
1610 3443 1800 3501 Resta-

217 3549 359 3608 gnus
383 3533 717 3593 Arelatensis
758 3532 1215 3605 archiepiscopus,
1243 3541 1297 3588 et
1332 3532 1629 3605 Sigebodus
1662 3531 1795 3593 Nar-

186 3656 190 3659 -
218 3627 478 3695 bonensis
506 3626 946 3705 archiepiscOpus
964 3666 981 3693 ,
1002 3633 1061 3685 et
1087 3623 1368 3681 Aribertus
1398 3624 1799 3683 Ebredunensis

219 3719 702 3797 archiepiscopus,
751 3715 1062 3783 Walbertus
1110 3716 1421 3773 Portuensis
1474 3718 1757 3793 episcopus
1782 3758 1799 3787 ,

219 3808 497 3873 Paschalis
542 3811 833 3875 Amerinus
881 3811 1194 3887 episcopus,
1230 3810 1515 3875 ltatbertus
1540 3809 1801 3877 Valentia:

217 3903 528 3979 episcopus,
550 3901 856 3967 Litidumus
886 3901 1237 3958 Massiliensis
1264 3903 1569 3981 episcopus,
1595 3903 1799 3965 Alicta-

220 3995 337 4052 rius
363 3995 694 4055 Vivariensis
713 3995 1021 4073 episcopus,
1036 4005 1092 4059 et
1111 3994 1199 4051 alii
1222 3995 1459 4071 episc0pi
1480 3996 1798 4067 provinciae;

218 4096 278 4143 et
300 4087 525 4157 iudices,
545 4085 780 4146 Joannes
801 4088 907 4150 dux
933 4096 989 4144 et
1013 4087 1263 4163 princeps
1285 4088 1576 4155 Ravennte,
1604 4088 1797 4165 Ardus,

219 4177 515 4245 Adbertus,
545 4177 899 4246 Giselt‘redus,
929 4180 1254 4249 Alderadus,
1276 4178 1589 4247 Godultius,
1618 4190 1673 4237 et
1711 4181 1799 4241 alii

220 4268 465 4335 nonnulli
498 4269 855 4347 provinciales
894 4269 1127 4343 iudices,
1162 4280 1220 4326 ut
1249 4280 1574 4347 praeceptum
1604 4270 1800 4327 lectum

220 4360 531 4426 audierunt,
560 4376 685 4423 mox
716 4370 1084 4433 cognoverunt
1109 4362 1457 4433 apostolicam
1488 4363 1669 4423 domui
1710 4361 1804 4417 Ni-

220 4456 362 4520 wlai
399 4472 687 4521 censuram
720 4473 982 4521 excusare
1021 4459 1091 4519 de
1119 4460 1223 4517 hoc
1265 4460 1435 4532 legem
1480 4468 1802 4535 quaerentes,

218 4557 274 4604 et
302 4549 554 4609 dixerunt
596 4564 695 4625 per
739 4541 869 4613 illud
912 4559 1239 4625 praeceptum
1283 4553 1385 4607 hoc
1418 4552 1802 4615 monasterium

219 4654 331 4694 non
364 4653 520 4715 posse
547 4637 797 4709 defendi;
838 4639 1146 4711 iudicantes
1193 4641 1376 4699 statim
1418 4650 1476 4697 ut
1520 4640 1801 4711 praefatum

216 4730 611 4793 inoiiasterium
662 4730 868 4789 Amelio
928 4732 1246 4805 presbytero
1303 4740 1358 4787 et
1411 4731 1576 4793 Leoni
1624 4732 1801 4793 abbati

216 4818 510 4885 Girbertus
540 4822 829 4902 episcopus
872 4824 1143 4890 redderet,
1170 4833 1223 4879 et
1249 4839 1464 4899 poenam
1509 4824 1802 4879 invasionis

217 4913 383 4977 nobis.
407 4925 774 4989 componeret.
814 4916 925 4977 Nos
952 4933 1167 4993 pinnam
1205 4933 1303 4989 pro
1332 4917 1449 4988 ejus
1487 4926 1801 4989 paupertate

219 5005 329 5072 illi,
365 5007 413 5062 si
454 5008 687 5083 amplius
716 5024 824 5069 non
855 5011 1193 5087 peceaverit,
1225 5009 1571 5087 reliquimus;
1604 5016 1659 5064 et
1685 5023 1799 5064 mo—

216 5099 526 5159 nasterium
572 5101 672 5161 sub
699 5102 848 5163 omni
893 5101 1201 5177 integritate
1248 5102 1584 5172 recepimus;
1628 5102 1800 5175 ipsum

216 5188 550 5244 advocatum
596 5197 845 5255 nostrum
886 5189 1096 5249 Deusde
1144 5188 1335 5251 ducem
1367 5188 1494 5244 illuc
1523 5190 1803 5255 transmit-

218 5289 437 5347 tentes,
486 5283 578 5359 qui
625 5298 789 5361 super
829 5283 931 5343 hoc
967 5281 1301 5355 corporalem
1348 5282 1686 5345 traditionem
1736 5284 1801 5345 de

215 5374 480 5439 omnibus
514 5375 680 5441 rebus
703 5377 947 5448 praedicti
979 5375 1296 5437 monasterii
1340 5391 1370 5435 a
1415 5373 1641 5445 praelato
1679 5374 1802 5435 Girv

214 5465 383 5520 berto
435 5467 645 5536 accepit
703 5467 997 5545 episeopo;
1048 5466 1228 5525 villam
1280 5465 1619 5539 Agarnellam
1677 5482 1800 5525 eum

216 5553 456 5611 ecclesia
484 5554 669 5621 Sancti
695 5554 905 5627 Jacobi,
934 5557 1016 5613 vel
1041 5572 1165 5617 cum
1190 5557 1439 5620 clunibus
1464 5556 1577 5615 suis
1606 5570 1802 5628 appen-

217 5646 407 5716 ditiis;
442 5647 690 5709 similiter
739 5650 1022 5710 ecclesiam
1073 5650 1259 5707 Sancti
1287 5648 1515 5709 Andron:
1541 5664 1665 5707 cum
1690 5649 1801 5730 suis

216 5740 606 5810 pertinentiis;
655 5751 710 5798 et
748 5742 1035 5807 ecclesiam
1085 5742 1301 5805 sanetae
1343 5740 1613 5807 Caeciliae.
1641 5748 1802 5815 atque

215 5831 512 5909 ecclesiam
547 5833 729 5899 Sancti
756 5835 1035 5901 Saturnini
1052 5851 1175 5896 cum
1196 5835 1447 5899 limitibus
1472 5834 1584 5893 suis
1607 5847 1804 5917 appen-

1902 3361 2099 3426 diana,
2161 3362 2414 3416 denarios
2455 3377 2531 3416 xu
2580 3363 2946 3432 accipientes,
2996 3365 3097 3436 pia:
3144 3367 3486 3437 paternitatis

1901 3449 2214 3523 sullragium
2231 3452 2405 3510 eidem
2421 3453 2747 3508 monasterio
2763 3462 2950 3511 contra
2969 3470 3156 3511 omnes
3169 3454 3488 3527 infestantes

1902 3543 2214 3616 impendere
2244 3545 2512 3600 studeant.
2543 3544 2781 3620 Itemque
2817 3546 3103 3602 statuimus
3125 3558 3220 3614 ut,
3250 3548 3486 3609 obeunte

1903 3634 2098 3691 abbate
2126 3636 2365 3707 praedicti
2391 3636 2725 3701 monasterii,
2756 3652 2861 3692 non
2890 3638 3028 3693 alius
3053 3636 3126 3693 ibi
3151 3628 3485 3713 quocunque

1888 3726 2233 3797 'obreptionis
2279 3727 2456 3782 studio
2500 3727 2797 3793 ordinetur,
2832 3727 2933 3782 nisi
2979 3742 3141 3797 quem
3187 3742 3484 3785 consensus

1901 3816 2313 3882 monachorum,
2345 3817 2638 3871 secundum
2670 3816 2919 3871 timorem
2945 3814 3161 3871 Domini
3184 3827 3239 3872 et
3272 3817 3486 3873 institu-

1903 3907 2103 3962 tionem
2134 3906 2331 3977 regulm
2380 3906 2551 3961 sancti
2598 3905 2897 3971 Benedieti,
2940 3905 3182 3975 elegerit,
3231 3914 3286 3963 et
3328 3906 3485 3976 hujus

1903 3996 2212 4068 apostolicae
2232 3996 2375 4053 sedis
2395 3995 2636 4071 pontifex
2660 3997 2958 4068 providerit
2981 3997 3359 4067 ordinandum,
3391 4008 3486 4054 aut

1903 4090 2178 4161 suggestio
2221 4090 2612 4144 monachorum
2646 4089 2985 4145 consenserit
3023 4089 3329 4146 ordinatum
3374 4088 3483 4146 Ro—

1903 4194 2047 4236 mam
2079 4178 2291 4235 adduci.
2340 4177 2452 4234 Hoc
2492 4192 2706 4251 quoque
2749 4179 2985 4249 capitulo
3011 4181 3263 4250 praesenti
3293 4180 3488 4251 adjun-

1904 4272 2112 4343 gimus,
2142 4278 2201 4325 ut
2243 4270 2420 4326 locum
2470 4269 2712 4325 avaritiae
2760 4271 3131 4337 recludamus,
3176 4271 3384 4328 nullum
3419 4272 3487 4329 de

1904 4363 2149 4432 regibus,
2181 4361 2384 4423 nullum
2429 4361 2496 4417 de
2544 4360 2950 4427 sacerdotibus,
2979 4361 3063 4416 vel
3107 4377 3487 4437 quemcunque

1906 4451 2166 4516 ﬁdelium,
2186 4466 2284 4522 per
2303 4450 2633 4523 suppositam
2656 4449 2737 4507 vel
2754 4464 2850 4521 per
2869 4449 3149 4507 suﬂ'ectam
3169 4467 3482 4523 personam,

1908 4545 1974 4599 de
2000 4543 2334 4601 ordinatione
2373 4544 2610 4616 ejusdem
2655 4543 2882 4609 abbatis,
2917 4544 2999 4600 vel
3028 4542 3369 4615 clericorum,
3398 4547 3485 4604 vel

1829 4606 1883 4677 θ
1908 4634 2365 4711 presbyterorum,
2387 4606 2470 4689 vel
2496 4635 2561 4689 de
2581 4606 3214 4705 largitionevchrismatis,
3240 4649 3332 4693 aut
3355 4606 3486 4696 con-

1909 4726 2207 4780 secratione
2231 4725 2487 4789 basilicae,
2521 4734 2615 4780 aut
2641 4725 2707 4780 de
2729 4741 3053 4796 quacunque
3102 4731 3484 4788 commoditate

1908 4815 2201 4887 spiritualis
2232 4815 2315 4871 vel
2344 4815 2656 4888 temporalis
2693 4816 2937 4887 obsequii
2959 4857 2975 4882 ,
3006 4816 3119 4874 sive
3161 4820 3227 4875 de
3265 4820 3481 4899 quibus-

1906 4926 2120 4981 cunque
2157 4913 2334 4967 causis
2367 4901 2441 4966 ad
2463 4912 2601 4967 idem
2641 4913 3027 4968 monasterium
3068 4915 3480 4985 pertinentibus,

1905 4999 1958 5055 in
1991 5015 2117 5066 aere,
2150 5002 2205 5055 in
2247 5017 2410 5068 auro,
2438 5000 2525 5056 vel
2564 5001 2667 5057 alia
2699 5003 2938 5075 qualibet
2973 5005 3172 5077 specie,
3208 5002 3481 5075 commodi

1904 5089 1989 5145 vel
2013 5092 2187 5145 exenii
2232 5091 2370 5159 loco,
2408 5092 2699 5167 quidquam
2732 5096 3001 5168 accipere,
3025 5111 3200 5167 neque
3232 5097 3481 5160 eumdem

1906 5181 2175 5248 abbatem,
2203 5183 2555 5239 ordinationis
2581 5199 2692 5240 sua:
2720 5201 2912 5254 causa,
2946 5187 3079 5251 dare
3116 5201 3479 5261 praesumere;

1904 5288 1973 5328 ne
1999 5274 2103 5328 hac
2129 5274 2412 5330 occasione
2440 5291 2527 5343 ea,
2558 5293 2678 5354 quae
2722 5292 2752 5332 a
2800 5277 3046 5335 ﬁdelibus
3069 5293 3168 5355 pro
3197 5278 3316 5335 loco
3348 5277 3480 5341 clie-

1906 5375 2120 5431 runtur,
2153 5377 2246 5422 aut
2280 5367 2391 5438 iam
2434 5368 2612 5425 oblata
2652 5379 2809 5436 sunt,
2840 5379 3243 5429 consumantur.
3294 5370 3480 5441 Neque

1907 5458 2190 5530 episcopus
2227 5457 2461 5517 civitatis
2493 5460 2660 5535 ipsius
2696 5459 3002 5534 parochias,
3030 5459 3134 5517 nisi
3178 5459 3246 5516 ab
3287 5461 3482 5523 abbate

1907 5548 2076 5620 ipsius
2103 5550 2421 5633 monasterii
2465 5551 2737 5614 invitatus,
2782 5549 2980 5610 ibidem
3013 5551 3256 5624 publicas
3288 5551 3483 5609 missas

1907 5655 2053 5718 agat,
2083 5659 2256 5717 neque
2277 5644 2537 5705 stationes
2566 5643 2618 5698 in
2650 5643 2896 5705 coenobio
2924 5646 3112 5702 eodem
3140 5645 3383 5711 inducat,
3414 5659 3483 5703 ne

1906 5749 2186 5793 servorum
2225 5736 2318 5792 Dei
2356 5736 2510 5808 quies
2537 5736 2913 5807 quoquomodo
2938 5736 3178 5813 populari
3215 5747 3480 5803 conventu

1905 5829 2084 5887 valeat
2103 5830 2444 5903 perturbari;
2468 5843 2641 5903 neque
2660 5830 2931 5906 paraticas
2950 5837 3041 5887 aut
3063 5828 3482 5889 mansionaticas
