4042 6302
517 391 611 504 ὲθι

523 559 718 620 exinde
740 558 1034 627 praesumat
1052 548 1269 617 exigere
1293 536 1747 608 subscriptionem
1770 524 2104 627 autemﬁde-
2130 525 2183 584 Α

521 615 654 710 lium
699 615 758 704 et
802 615 1171 712 religiosorum
1200 649 1266 689 ac
1293 628 1704 691 beneﬁciorum,
1751 635 1914 692 quam
1953 615 2107 687 jubet

525 707 815 814 Apostolus
843 707 1053 791 cunctis
1076 726 1456 786 exhibendam,
1486 734 1583 789 pro
1617 711 1973 814 possibilitate
2004 707 2106 762 loci

524 804 875 892 tet-facultate,
899 839 1004 880 non
1027 820 1186 877 modo
1210 816 1406 872 ibidem
1430 810 1598 882 gratis
1619 805 1737 860 ﬁeri
1758 804 2106 869 denegamus,

525 942 712 986 verum
743 924 908 982 etiam
955 927 1015 974 ut
1053 917 1148 970 ﬁat
1199 912 1519 972 suademus;
1568 903 1664 960 sed
1714 909 1772 956 et
1817 896 2007 952 modus
2057 891 2110 947 in

531 1033 757 1082 numero
803 1007 1235 1084 congregationis
1288 1002 1422 1058 adeo
1465 1001 1851 1053 conservetur,
1905 997 1968 1042 ut
2012 998 2113 1040 nec

529 1079 812 1186 plu‘ralitas
850 1078 934 1161 adv
958 1078 1264 1173 penuriam,
1290 1092 1376 1151 vel
1403 1089 1648 1162 paucitas
1693 1078 2113 1186 inhabitantium

459 1190 462 1193 1
529 1167 600 1264 ad
626 1167 1042 1259 destitutionem
1083 1191 1189 1246 loci
1235 1185 1496 1242 accedere
1537 1178 1736 1234 valeat.
1784 1171 1909 1228 Haec
1951 1167 2109 1239 igitur

518 1297 711 1358 omnia
741 1308 862 1364 qua:
905 1288 1065 1358 hujus
1107 1280 1359 1356 przecepti
1389 1273 1697 1342 decretique
1722 1265 1890 1323 nostri
1920 1261 2118 1334 pagina

534 1391 776 1463 continet
798 1426 814 1452 ,
843 1380 1054 1441 cunctis
1080 1355 1201 1448 post
1238 1388 1336 1428 nos
1376 1361 1790 1426 succedentibus
1814 1400 1829 1424 ,
1871 1355 1964 1426 qui
1999 1368 2118 1408 mo-

517 1449 834 1542 nasterium
886 1494 918 1532 a
969 1474 1126 1530 nobis
1176 1466 1501 1538 acquisitnm
1557 1460 1657 1515 sub
1714 1446 2120 1510 usnfructuario

537 1577 806 1639 retinetis,
835 1571 919 1626 vel
960 1570 1039 1626 eis
1067 1577 1295 1636 quorum
1339 1559 1600 1613 interesse
1629 1549 1885 1621 potuerit,
1923 1543 1975 1597 in
2007 1555 2122 1611 per.

537 1681 759 1741 petuum
797 1661 1063 1720 servanda
1109 1652 1468 1710 decernimus.
1508 1645 1563 1698 Si
1595 1641 1716 1712 quis
1765 1651 1895 1690 vero
1945 1646 2125 1741 sacer-

1757 373 2037 471 JOANNlS
2083 367 2286 461 eam:
2320 369 2432 458 au
2479 389 2483 394 ’
2565 385 2570 390 ’

3690 383 3808 442 ’δᾶ

2201 519 2421 590 iustitiae
2450 516 2840 580 intercedente,
2877 508 3076 567 illaesus
3125 516 3183 564 et
3229 507 3497 564 innocens
3537 505 3814 559 recedere

2208 609 2406 666 valeas.
2439 607 2552 665 Hoc
2590 604 2906 662 reverentiae
2930 613 3038 659 tuae
3061 601 3404 658 consulentes
3437 599 3641 655 damus
3664 611 3814 652 con-

2209 699 2411 765 silium,
2425 713 2494 753 ne
2512 696 2811 753 absentiam
2835 701 2984 749 tuam
2997 692 3096 748 tibi
3117 690 3319 760 aliquid
3329 695 3490 759 putes
3505 686 3811 758 prodesse,

2212 791 2306 846 sed
2358 791 2466 844 imo
2515 787 2809 844 secundum
2848 783 3070 838 Patrum
3098 787 3325 844 statuta,
3353 777 3534 849 magis
3577 776 3814 832 obesse.

2211 878 2558 948 Privilegium
2585 887 2759 948 atque
2778 875 3078 945 scripturas
3119 871 3186 927 de
3211 871 3420 927 sedinm
3445 867 3809 932 ’mutatione,

2213 974 2260 1029 si
2289 987 2394 1043 qua
2417 986 2448 1026 a
2465 971 2623 1026 nobis
2651 969 2741 1026 vei
2759 964 3248 1040 praedecessorlbus
3267 963 3470 1018 nostris
3492 960 3719 1016 habere
3737 961 3814 1016 sic

2215 1061 2482 1126 fatemini,
2505 1059 2785 1116 vobiscum
2812 1059 2933 1114 sine
2952 1070 3104 1112 mora
3131 1054 3346 1111 deferre
3381 1052 3638 1107 studeas.

2342 1268 2688 1318 PRIVILEGIUII
2728 1276 2830 1317 pao
2866 1273 3203 1316 IONASTERIO
3239 1270 3430 1313 sanari
3468 1269 3691 1311 sanun.

2836 1353 3013 1425 (Anno
3042 1349 3189 1421 878.)

2259 1447 2436 1521 [Apud
2465 1447 2528 1504 D.
2555 1446 2726 1517 Bouq.
2768 1443 2974 1499 Recueil
3019 1444 3119 1567 ita;
3143 1440 3472 1586 gfistoriens,
3505 1446 3649 1493 tom.
3679 1435 3784 1501 I'X,

2855 1530 2978 1585 pag.
3128 1552 3142 1566 .

2855 1530 2978 1585 pag.
3020 1530 3142 1567 τω.

2293 1633 2528 1689 Joannes
2553 1631 2854 1701 episcopus,
2885 1641 3075 1683 servus
3100 1638 3378 1679 servorum
3409 1622 3534 1685 Dei,
3566 1621 3824 1674 omnibus

539 1713 747 1822 gotum,
771 1756 1015 1824 judicum
1063 1757 1227 1816 atque
1254 1737 1574 1798 secularinm
1602 1739 1955 1804 personarum
1986 1724 2128 1777 hanc
2226 1726 2493 1797 episcopis
2525 1739 2619 1794 per
2651 1724 2929 1776 universas
2957 1717 3141 1774 Gallire
3162 1715 3477 1785 provincias
3516 1713 3820 1767 consisten-

2258 1819 2287 1824 -_
2473 1815 2520 1824 ..
2603 1816 2634 1824 ..
2911 1811 2925 1824 .
2986 1820 2996 1824 _
3070 1810 3081 1821 .
3552 1803 3711 1824 ,μηι
3744 1818 3798 1824 Α,

541 1803 747 1822 υν......,
771 1803 1013 1824 ,-.-_._-_,--
1143 1803 1157 1816 _
1608 1803 1611 1804 ν

541 1860 742 1908 nostra:
769 1839 1172 1901 constitutionis
1191 1833 1441 1906 paginam
1463 1835 1776 1897 agnoscens,
1795 1824 1981 1872 contra
2005 1827 2124 1867 eam

2257 1819 2396 1880 ibus,
2436 1815 2721 1870 abbatibus
2742 1855 2756 1878 ,
2785 1810 3142 1882 presbyteris,
3187 1807 3511 1875 cunctisque
3546 1803 3711 1858 simul
3740 1818 3824 1855 or-

545 1879 742 1908 uuauw
769 1879 1172 1901 ιυιιυιιιυιιιν---υ
1194 1879 1440 1906 ιη-ο-----η
1497 1879 1526 1897 υ
1765 1879 1773 1884 _
2385 1879 2389 1880 γ
2789 1879 2799 1882 -
2951 1879 2963 1882 ἰ

545 1943 732 1997 venire
755 1932 1062 1993 tcntavcrit,
1089 1923 1373 1996 potestatis
1395 1917 1718 1982 honorisque
1741 1909 1820 1963 sui
1848 1904 2127 1978 dignitate,
2162 1879 2204 1936 Β
2235 1909 2450 1964 mnibus
2477 1906 2656 1963 divino
2697 1903 2997 1960 ministerio
3026 1899 3366 1970 mancipat“,
3401 1911 3622 1951 nemo“
3666 1894 3818 1947 ωτιὶὶ-

547 2048 841 2106 percussus
875 2023 1172 2098 apostolico
1213 2017 1586 2074 anathemate,
1629 2013 1834 2068 careat,
1870 2009 2134 2066 reumque

549 2099 610 2183 se
658 2125 840 2181 divino
875 2119 1078 2187 judicio
1111 2114 1344 2169 existere
1388 2109 1453 2161 de
1496 2107 1801 2174 perpetrate
1833 2099 2130 2165 agnoscat:

549 2228 605 2274 et
649 2217 752 2272 nisi
794 2184 1025 2280 vel‘quaa
1065 2209 1132 2262 ab
1159 2204 1249 2258 illo
1277 2210 1403 2255 sunt
1432 2196 1568 2252 male
1596 2193 1773 2248 ablata
1814 2184 2135 2248 restituerit,

552 2311 638 2366 vel
659 2277 986 2379 praesumpta
1006 2297 1329 2357 correxerit,
1346 2291 1427 2346 vel
1449 2289 1604 2358 digna
1622 2281 1935 2356 poenitentia
1955 2277 2138 2330 illicite

551 2416 674 2462 acta
702 2400 999 2461 defleverit,
1032 2413 1062 2451 a
1083 2389 1450 2451 sacratissimo
1476 2396 1701 2452 corpore
1729 2376 1939 2434 Domini
1968 2369 2138 2426 nostri

517 2535 524 2546 ν
554 2499 682 2556 Iesu
713 2495 914 2554 Christi
938 2492 1145 2546 alienus
1169 2486 1285 2547 ﬁat,
1307 2490 1362 2537 et
1388 2493 1508 2535 cum
1538 2471 1753 2529 diabolo
1779 2477 1832 2522 et
1861 2462 2133 2521 atrocissi-

558 2595 661 2650 mis
681 2591 893 2662 pompis
917 2587 1032 2642 eius
1056 2584 1111 2640 in
1132 2590 1378 2638 extremo
1397 2571 1647 2630 examine
1667 2564 1925 2620 districta:
1952 2557 2141 2613 ultioni

557 2685 856 2754 subiaceat.

631 2743 856 2829 Cunctis
880 2777 1061 2824 autem
1081 2764 1256 2820 eidem
1279 2761 1397 2815 loco
1415 2757 1533 2812 haec
1552 2761 1749 2809 nostrae
1770 2743 2145 2829 praeceptionis
2201 2793 2208 2806 ,

557 2865 682 2938 jura
711 2861 1056 2919 servantibus
1085 2857 1156 2912 sit
1177 2869 1282 2924 pax
1308 2847 1520 2907 Domini
1565 2843 1736 2901 nostri
1765 2839 1889 2895 .lesu
1919 2824 2142 2898 Christi,

565 2925 832 3027 quatenus
859 2951 934 3008 illi
966 2950 1134 3005 fotum
1163 2945 1319 3000 bona:
1348 2937 1578 2995 actionis
1602 2933 1896 3002 recipiant,
1927 2936 1980 2982 ct
2008 2925 2150 2995 apud

567 3048 873 3104 districtum
894 3041 1135 3112 judieem
1159 3034 1380 3110 praemia
1420 3039 1637 3087 mternm
1676 3025 1824 3096 pacis
1853 3020 2148 3077 inveniant.

567 3141 716 3196 Bene
741 3139 938 3194 valete.

641 3233 914 3302 Scriptum
942 3243 1039 3300 per
1062 3240 1255 3284 manus
1279 3219 1492 3292 Georgii
1524 3213 1793 3273 scriniarii
1821 3193 2020 3266 sanctae
2046 3206 2160 3261 Ro-z
2181 3247 2230 3311 α
2255 3193 2310 3241 in
2352 3193 2547 3239 "nibus
2577 3193 2954 3256 δθβιῖπιδηπεν
2985 3196 3148 3251 quam
3186 3193 3386 3234 Vallem
3425 3193 3642 3233 “3"“15
3666 3193 3826 3247 QW‘I‘

641 3339 744 3346 η..
770 3321 1024 3346 πμιηεηη
1077 3319 1130 3346 ε..
1161 3329 1345 3346 ..ωηο
1382 3313 1614 3346 suam...
2199 3283 2201 3286 ⁴
2260 3278 2382 3334 dam
2411 3276 2712 3333 Gothorum
2741 3291 2839 3331 rex
2879 3273 3160 3346 prmlibato
3193 3272 3355 3328 beato
3400 3269 3622 3342 Algidio
3665 3269 3826 3335 dedit;

510 3357 518 3360 -
572 3339 748 3381 ruanae
770 3321 1046 3383 Ecclesiae,
1077 3319 1134 3374 in
1159 3329 1345 3372 mense
1373 3313 1634 3382 Augusto.

644 3419 839 3472 Datum
879 3430 957 3470 xu
1003 3412 1124 3469 Kal.
1174 3410 1475 3479 Augustas,
1513 3418 1611 3474 per
1654 3413 1846 3454 manus
1890 3390 2156 3450 Walberti

574 3509 861 3565 humillimi
889 3506 1125 3576 episcopi
1167 3510 1368 3557 sanetae
1387 3494 1698 3551 Portuensis
1723 3488 1985 3549 ecclesize,
2017 3500 2158 3539 anno

575 3601 806 3657 Domino
849 3599 1083 3670 propitio
1131 3592 1474 3663 pontificatus
1500 3584 1703 3640 domini
1738 3579 1907 3636 nostri
1937 3575 2160 3630 Joannis

518 3723 520 3726 ν
577 3693 771 3746 summi
805 3688 1074 3760 pontiﬁcis
1095 3693 1146 3740 el
1179 3677 1500 3738 universalis
1521 3689 1673 3746 papte
1703 3673 1755 3725 in
1787 3665 2158 3726 sacratissima

580 3783 707 3840 sede
737 3781 878 3837 beati
906 3776 1047 3833 Petri
1078 3773 1304 3845 apostoli
1330 3787 1404 3836 v1,
1433 3766 1728 3824 indictione
1753 3777 1829 3816 ιι.

1236 3923 1508 3982 CXLVIII.

672 4043 738 4082 AD
775 4036 1086 4082 FROTABIUM
1123 4029 1565 4074 ARCHIEPISCOPUM
1607 4019 2058 4066 BURDIGALENSEM.

1197 4109 1374 4178 (Anno
1402 4103 1550 4174 878.)

587 4232 654 4287 Ut
681 4231 748 4285 ad
780 4225 1034 4299 synodum
1060 4231 1249 4299 veniat,
1281 4232 1328 4274 et
1357 4217 1681 4299 priyilegium
1712 4215 1776 4270 de
1812 4214 2013 4268 aedium
2044 4228 2130 4266 mu

1151 4294 1345 4346 talione
1358 4289 1578 4360 VII/ferat.

656 4415 936 4471 Fsonmo
964 4406 1258 4466 venerabili
1279 4404 1688 4475 archiepisc0po
1714 4399 2108 4469 Burdigalensi.

655 4510 735 4565 Ad
758 4506 1018 4579 synodum
1046 4501 1228 4573 igitur,
1255 4513 1438 4569 quam,
1466 4497 1576 4550 Deo
1599 4503 1842 4558 auctore,
1872 4493 2014 4561 apud
2036 4491 2167 4545 Tre-

2237 2001 2399 2066 tibus,
2437 1998 2864 2059 vicecomitibus,
2890 1994 3127 2056 vicariis,
3153 1989 3508 2051 centenari‘is,
3529 1985 3817 2056 iudicibus,

2235 2102 2293 2148 et
2320 2089 2570 2146 omnibus
2621 2089 2676 2143 in
2725 2085 3081 2158 potestatibus
3109 2081 3438 2144 constitutis,
3469 2091 3531 2134 et
3561 2079 3701 2134 omni
3727 2091 3820 2148 pe-

2236 2183 2382 2255 pulo,
2412 2191 2464 2237 et
2492 2188 2698 2236 cuncta:
2727 2177 2885 2233 simul
2909 2174 3145 2248 generali
3174 2172 3452 2228 Ecclesiae.

2308 2276 2544 2328 Auctore
2575 2271 2942 2341 omnipotente
2978 2267 3106 2330 Deo,
3139 2265 3435 2326 mediante,
3463 2275 3617 2316 anno
3654 2260 3819 2314 incar-

2239 2363 2475 2419 nationis
2519 2355 2730 2416 Domini
2774 2357 2943 2412 nostri
2997 2355 3122 2410 Jesu
3157 2352 3360 2409 Christi
3404 2351 3548 2413 8’18,
3601 2365 3672 2402 xv
3711 2346 3818 2402 Kal.

2242 2453 2617 2528 Septembris,
2671 2451 2964 2505 indictione
3025 2461 3110 2513 χι,
3169 2445 3399 2501 Domino
3460 2443 3724 2507 feliciter,
3771 2441 3819 2495 in

2242 2543 2529 2615 praesentia
2560 2539 2742 2598 domui
2772 2539 3031 2596 Ludovici
3063 2535 3397 2594 serenissimi
3429 2536 3585 2607 regis
3611 2535 3666 2588 in
3703 2549 3823 2604 prmo

2244 2638 2382 2694 senti
2410 2633 2644 2692 concilio
2678 2633 2988 2699 residentis,
3021 2644 3126 2688 etc.

2317 2727 2513 2783 Notum
2548 2728 2620 2782 sit
2648 2725 2902 2781 omnibus
2939 2723 3179 2794 praefatis
3209 2723 3354 2792 quod
3383 2722 3680 2776 retroactis
3709 2731 3826 2774 tern-

2245 2823 2490 2895 poribus,
2507 2838 2627 2877 cum
2649 2820 2916 2875 Arelatem
2933 2816 3240 2872 maritimali
3263 2815 3460 2870 itinere
3483 2831 3587 2886 pro
3605 2814 3826 2868 omnium

2249 2913 2614 2969 Ecclesiarum
2656 2897 2872 2980 negotio
2898 2909 3225 2970 veniremus,
3269 2907 3628 2961 recordantes
3666 2911 3831 2958 mona-

2252 3004 2474 3059 sterium
2523 3002 2583 3056 S.
2641 3000 2829 3065 Petri,
2886 2999 2940 3054 in
2994 3010 3102 3069 quo
3153 2997 3383 3066 quiescit
3442 3009 3645 3066 corpus
3699 2991 3830 3047 beati

2254 3093 2474 3164 Egidii,
2509 3091 2563 3146 in
2589 3091 2740 3147 Valle
2764 3089 3044 3153 Flaviana,
3073 3089 3127 3142 in
3156 3085 3829 3151 comitatu,Nemausense,

2255 3186 2310 3241 in
2352 3185 2547 3239 ﬁnibus
2577 3182 2954 3256 Septimanire,
2985 3196 3148 3251 quam
3180 3178 3386 3234 Vallem
3424 3178 3642 3233 Flavius
3666 3179 3831 3247 quen-

2257 3385 2314 3431 et
2339 3376 2536 3429 iterum
2575 3379 2792 3427 sanctus
2820 3367 3069 3440 Egidius
3100 3358 3550 3438 apostolicresedi
3591 3362 3838 3418 Romae

2260 3467 2543 3537 integriter
2567 3463 2912 3519 donationem
2938 3459 3086 3515 fecit.
3116 3460 3253 3514 Dum
3275 3468 3450 3512 autem
3473 3456 3836 3524 longinquitas

2261 3567 2419 3612 terrae
2461 3555 2593 3609 illud
2623 3553 2930 3609 cinnohium
2963 3567 2993 3604 a
3041 3560 3229 3604 nostra
3272 3549 3536 3618 separaret
3565 3545 3836 3607 Ecclesia,

2261 3652 2388 3722 quia
2421 3663 2517 3720 pro
2565 3647 2686 3703 aliis
2730 3646 2875 3702 curis
2919 3645 3152 3715 legatum
3183 3643 3306 3698 illuc
3334 3641 3538 3696 mittere
3579 3636 3840 3706 nequive-

2263 3757 2478 3806 ramus,
2523 3738 2906 3795 Nemausensis
2949 3737 3180 3791 antistes
3225 3736 3395 3805 ipsum
3443 3729 3839 3786 monasterium

2262 3849 2460 3906 magna
2490 3831 2796 3888 temeritate
2821 3844 3088 3899 usurpare
3113 3834 3550 3898 prmsumpserat.
3592 3822 3701 3878 Sed
3745 3833 3837 3874 nos

2265 3940 2388 3981 cum
2417 3925 2469 3978 in
2498 3932 2683 3979 nostro
2722 3921 2944 3977 archivo
2971 3919 3273 3975 munimina
3315 3919 3634 3972 chartarum
3677 3911 3838 3980 inqui-

2265 4033 2528 4082 reremus,
2579 4016 2652 4071 ibi
2700 4025 2756 4072 et
2799 4014 2929 4068 illud
2971 4021 3300 4085 praeceptum
3351 4025 3382 4064 a
3440 4012 3605 4064 beato
3639 4004 3836 4075 Egidio

2266 4111 2523 4166 traditum
2556 4108 2878 4164 invenimus.
2911 4103 3064 4160 Tunc
3109 4104 3239 4159 illud
3275 4117 3373 4174 per
3411 4110 3668 4156 nostrum
3700 4096 3838 4152 advo-

2270 4211 2448 4258 catum
2481 4199 2693 4263 Deusde
2721 4199 2915 4254 ducem
2969 4191 3835 4251 Ravennates'contra-Girbertum

2268 4297 2690 4352 Nemausensem
2724 4293 3056 4363 episc0pum,
3104 4291 3195 4361 qui
3244 4291 3296 4342 in
3344 4288 3609 4357 praesenti
3636 4282 3836 4340 concilio

2272 4388 2500 4453 residet,
2551 4387 2917 4457 quaesivimus.
2955 4382 3142 4438 Voluit
3187 4381 3329 4436 idem
3378 4378 3673 4435 Girbertus
3715 4371 3834 4448 [per]

2269 4486 2597 4550 praeceptum
2633 4476 2814 4532 domni
2843 4474 3047 4530 Nicolai
3071 4470 3212 4543 quod
3243 4470 3429 4526 furtim
3461 4470 3630 4539 quasi
3659 4467 3722 4522 de
3743 4465 3840 4520 suis

585 4617 679 4658 cas
713 4566 1221 4658 oelehramus,vcum
1244 4566 1467 4660 reliquis
1495 4595 1700 4658 septem
1725 4584 2016 4640 Galliarum
2043 4597 2167 4652 proa-
2191 4609 2248 4671 Β
2271 4587 2338 4626 ex
2366 4569 2658 4641 apostolica
2707 4567 2835 4623 sede
2877 4566 3244 4630 fraudaverat,
3287 4571 3344 4618 et
3384 4577 3483 4634 per
3534 4569 3841 4633 praeceptum

2396 4660 2412 4671 .
2675 4660 2688 4671 .
2983 4656 3026 4671 ..
3176 4669 3224 4671 ,_
3466 4667 3565 4671 μμ
3615 4670 3638 4671 η
3669 4648 3827 4671 Δ-

587 4691 889 4746 vinciarum
918 4684 1283 4743 confratrihus
1303 4688 1357 4734 et
1387 4676 1740 4747 coepiscopis,
1771 4673 2168 4728 fraternitatem

592 4793 744 4840 tuam
763 4797 887 4836 cum
910 4781 1014 4833 tuis
1035 4773 1389 4843 suﬁ‘raganeis
1419 4767 1707 4841 episcopis,
1734 4775 1842 4820 tam
1880 4765 1999 4818 viva
2043 4775 2175 4816 voce

592 4887 753 4943 quam
778 4869 1020 4931 litterali,
1043 4867 1332 4921 admonere
1355 4870 1415 4916 ut
1436 4861 1668 4924 venires,
1700 4855 1846 4910 omni
1879 4853 2174 4924 postposita

590 4942 879 5021 occasione
909 4956 1273 5026 cujuscunque
1317 4950 1619 5007 occasionis
1674 4946 1999 5010 studuimus,
2045 4942 2176 4997 fate-

591 5068 734 5116 mur,
759 5051 875 5119 jam
906 5047 1089 5111 tertio,
1119 5053 1179 5099 ut
1205 5041 1366 5096 simul
1396 5039 1557 5110 positi
1584 5035 1979 5108 emergentium
2022 5050 2171 5104 qua}-

591 5146 796 5203 stiones
823 5153 1110 5196 causarum
1154 5135 1372 5190 statutis
1397 5131 1676 5188 canonicis
1704 5129 2063 5186 demerentur,
2120 5133 2175 5179 et

593 5235 932 5294 sacerdotum
977 5228 1188 5286 Domini
1233 5241 1340 5282 una
1388 5222 1673 5281 concordia
1730 5219 1969 5274 omnium
2021 5215 2177 5270 ﬁeret

594 5323 918 5381 dilectionis.
944 5321 1050 5377 Sed
1081 5335 1176 5375 cur
1203 5319 1388 5373 venire
1417 5311 1710 5378 distuleris,
1743 5309 1968 5364 moleste
1996 5306 2176 5362 cuncti

515 5483 518 5486 ,
593 5418 819 5474 ferimus
835 5423 892 5470 et
908 5413 1063 5467 valde
1089 5411 1370 5465 miramur.
1388 5405 1746 5474 Quapropter,
1773 5400 1982 5472 repulsa
1999 5413 2172 5465 mora,

593 5509 938 5582 praesentiam
971 5516 1116 5560 tuam
1158 5516 1281 5558 cum
1322 5498 1594 5570 praedictis
1622 5493 1974 5566 suﬁ‘raganeis
2019 5489 2175 5546 nobis

595 5611 654 5656 et
669 5609 873 5658 sancta:
895 5594 1098 5667 synodo
1126 5591 1386 5648 citissime
1411 5586 1625 5643 exhibe.
1656 5584 1747 5641 Sic
1773 5593 1951 5638 tamen
1974 5582 2176 5636 instru-

597 5700 738 5758 ctus,
766 5699 826 5746 ut
848 5703 972 5744 cum
994 5686 1061 5740 de
1097 5682 1394 5738 mutatione
1451 5683 1642 5734 contra
1671 5690 1906 5730 canones
1948 5672 2174 5737 sedium,

549 5851 552 5853 Α
597 5791 658 5840 et
701 5781 769 5838 de
797 5780 916 5836 aliis
957 5777 1286 5841 excessibus,
1319 5772 1533 5844 quibus,
1582 5769 1723 5843 quod
1755 5784 1862 5824 non
1905 5777 2176 5837 optamus,

597 5869 824 5930 Patrum
851 5867 1051 5936 regulis
1077 5866 1226 5922 feriri
1253 5864 1448 5936 possis,
1473 5861 1752 5934 impetitus
1777 5856 1964 5922 fueris,
2011 5869 2176 5916 causa

2273 4660 2414 4733 quod
2439 4677 2506 4717 ex
2548 4660 2782 4730 quodam
2822 4673 2947 4729 rege
2983 4656 3342 4720 Francorum,
3370 4655 3426 4708 in
3455 4667 3576 4722 quo
3613 4651 3751 4708 nulla
3768 4648 3844 4702 ﬁr-

2272 4755 2435 4810 mitas
2481 4752 2827 4816 subsistebat,
2858 4749 3054 4805 falsum
3093 4751 3382 4818 exceperat
3408 4745 3717 4801 vindicare.
3755 4737 3844 4793 Sed

2273 4863 2374 4919 ego
2399 4841 2588 4902 omnes
2617 4846 2902 4916 episcopos
2948 4850 3003 4896 et
3043 4841 3256 4911 iudices
3296 4835 3483 4892 Romte
3529 4837 3626 4892 vel
3661 4834 3847 4906 provin-

2275 4939 2458 5003 ciales,
2492 4936 2592 4992 sub
2618 4931 3194 4990 exeommnnicationis
3217 4929 3595 4993 anathemate,
3619 4921 3845 4982 admonui

2276 5031 2344 5088 de
2385 5030 2491 5085 hoc
2526 5038 2732 5084 rectam
2775 5026 2951 5099 legem
2996 5025 3238 5080 dicturos
3283 5033 3337 5077 et
3393 5021 3666 5077 facturos.
3717 5017 3846 5072 Tunc

2280 5121 2586 5192 Rostagnus
2635 5116 2968 5173 Arelatensis
3022 5114 3489 5183 archiepiscopus,
3560 5109 3848 5165 Walhertus

2279 5212 2596 5269 Portuensis
2644 5211 2961 5280 episcopus,
3007 5205 3283 5262 Paschalis
3325 5203 3628 5259 Amerinus
3665 5203 3850 5271 episco-

2281 5319 2420 5377 pus,
2491 5301 2797 5357 Radbertus
2851 5298 3121 5354 Valenciae
3177 5297 3494 5367 episcopus.
3567 5293 3850 5349 Litidumus

2283 5393 2632 5452 Massiliensis
2675 5392 2994 5463 episcopus,
3039 5387 3266 5443 lctarius
3293 5385 3644 5441 Vivariensis
3671 5385 3851 5454 episco-

2282 5502 2403 5560 pus,
2437 5495 2492 5542 ct
2517 5485 2608 5540 alii
2627 5481 2874 5554 episcopi
2895 5475 3228 5544 ’Proiincize,
3255 5485 3308 5533 et
3332 5471 3546 5549 iudices
3563 5518 3580 5542 ,
3606 5477 3848 5535 'Joannes,

2285 5581 2392 5637 dux
2417 5587 2473 5635 et
2505 5575 2726 5631 Bativus
2763 5573 3055 5638 Ravennae,
3099 5570 3314 5635 Ardus,
3337 5569 3649 5634 Adbertus,
3690 5564 3850 5623 Cisal-

2285 5669 2488 5734 fredus,
2516 5665 2846 5732 Arderadus,
2885 5661 3170 5726 Godulfus,
3213 5670 3268 5716 et
3313 5661 3404 5715 alii
3453 5659 3701 5716 nonnulli
3741 5669 3855 5727 pro-

2283 5762 2542 5818 vinciales
2583 5758 2824 5828 iudices;
2867 5763 2928 5811 ut
2965 5763 3294 5827 praeceptum
3329 5753 3529 5810 lectum
3555 5753 3850 5814 audierunt,

2283 5869 2411 5915 mox
2438 5859 2808 5924 cognoverunt
2843 5845 3192 5920 apostolicam
3227 5847 3413 5904 domui
3439 5846 3650 5903 Nimiai
3681 5857 3852 5901 censu
