4042 6302
257 395 368 454 193

1464 377 1822 452 EPISTOLAE
1856 377 1948 466 pr
1981 377 2339 472 DECBET'A.‘

3422 381 3528 438 794

258 519 674 568 ra-tnexcusare
719 505 914 575 legem,
941 508 1232 574 querentes
1277 499 1528 556 dixerunt
1569 513 1667 568 per
1707 496 1839 552 illud
1941 499 2308 565 comminans,
2343 509 2549 583 omnes
2591 510 2688 567 per
2711 495 3049 569 ’prophetam
3085 498 3396 570 alloquitur,
3441 479 3526 557 di-

257 610 590 674 pneceptum
621 600 723 654 hoc
751 594 1138 653 monasterium
1170 608 1277 649 non
1300 605 1458 662 posse
1490 589 1724 655 defendi,
1756 591 1844 660 ju-

257 694 510 750 dieantes
535 691 718 746 statim
743 698 806 744 ut
829 687 1112 759 praefatum
1137 684 1524 740 monasterium
1562 681 1846 738 Cirbertus

253 789 550 858 episcopus
574 784 825 842 redderet
849 781 1104 848 nobis,.et
1125 793 1341 850 penam
1378 777 1672 834 invasionis
1714 775 1846 832 mihi

253 887 634 950 componeret.
664 877 776 934 Nos
796 891 1016 948 prunam
1055 888 1154 944 pro
1182 872 1301 944 ejus
1327 879 1644 944 paupertate
1671 870 1774 943 illi,
1799 870 1847 928 si

255 971 496 1043 amplius
523 985 632 1028 non
663 969 988 1040 peccaverit,
1013 966 1352 1037 reliquimus,
1377 974 1434 1020 et
1458 963 1846 1021 monasterium

255 1065 364 1119 sub
414 1063 562 1120 omni
598 1061 924 1132 integritate
978 1043 1310 1127 recepimus;
1361 1056 1646 1126 ipsumque
1688 1055 1848 1112 advo-

255 1165 444 1210 catum
496 1151 706 1213 Deusde
786 1151 978 1204 ducem
1048 1148 1172 1203 illuc
1226 1148 1699 1213 transmittentes,
1752 1147 1844 1216 qui

237 1259 426 1323 .super
453 1243 556 1298 hoc
585 1240 918 1310 corporalem
950 1240 1291 1294 traditionem
1318 1239 1386 1294 de
1410 1239 1662 1294 omnibus
1685 1240 1846 1294 rebus

254 1325 502 1406 praadicti
527 1331 843 1388 monasterii
889 1347 919 1385 a
941 1329 1165 1401 praefato
1197 1328 1450 1385 Girberto
1492 1330 1700 1399 accepit
1727 1329 1843 1399 epi-

253 1443 448 1500 scOpo.

329 1520 412 1576 Ob
445 1520 499 1574 id
530 1519 690 1573 etiam
721 1517 904 1572 divino
927 1515 1098 1571 fretus
1121 1515 1420 1585 juvamine,
1447 1530 1546 1585 ego
1579 1523 1634 1569 et
1655 1528 1845 1569 omnes

247 1613 494 1684 episcopi
521 1612 682 1683 hujus
710 1610 947 1677 concilii,
975 1627 1042 1665 ex
1070 1611 1391 1665 auctoritate
1428 1608 1644 1664 Domini
1675 1607 1845 1664 nostri

250 1703 385 1762 .Iesu
412 1704 636 1768 Christi,
659 1718 755 1772 per
783 1719 963 1773 quem,
991 1711 1048 1758 et
1070 1719 1164 1774 per
1190 1704 1388 1774 ipsum,
1418 1702 1549 1756 etin
1575 1716 1680 1770 quo
1711 1715 1842 1755 con-

252 1804 407 1853 stant
432 1795 634 1859 omnia,
673 1795 773 1852 sub
815 1795 964 1850 omni
991 1795 1339 1850 anathemate
1384 1794 1746 1858 detestamus,
1792 1802 1846 1847 ct

1950 607 2079 648 cens
2107 609 2120 645 :
2155 590 2318 657 Deus,
2343 581 2414 645 ne
2451 597 2625 645 taceas
2653 591 2768 658 tibi,
2797 609 2860 646 ne
2885 590 3042 648 sileas
3061 634 3076 658 ,
3109 603 3157 648 et
3183 603 3262 648 ne
3290 595 3527 665 quiescas

1947 681 2113 745 Deus,
2139 689 2246 737 etc.
2269 680 2329 736 In
2356 681 2582 752 epistola
2611 696 2763 753 papae
2789 680 3100 753 Symmachi
3127 699 3146 739 :
3182 702 3202 736 ε
3232 683 3375 740 Nulli
3404 699 3530 756 apo-

1948 773 2151 829 stolica:
2200 773 2343 828 sedis
2371 773 2586 845 praesuli
2615 789 2645 828 a
2685 775 2940 844 praesenti
2971 775 3081 842 die,
3105 775 3296 844 donec,
3340 777 3525 850 dispo-

1950 876 2112 921 nente
2157 865 2420 931 Domino,
2470 866 2716 921 doctrina
2759 866 3046 922 catholica:
3093 867 3219 924 ﬁdei
3263 873 3528 928 manserit

1950 957 2278 1025 Salvatoris,
2317 957 2578 1030 praedium
2613 959 3060 1030 ecclesiasticum,
3092 973 3528 1037 quantaecdnque

1948 1051 2018 1106 sit
2044 1050 2426 1124 magnitudinis
2453 1051 2539 1107 vel
2579 1053 2923 1123 exiguitatis,
2956 1056 3057 1111 sub
3097 1065 3357 1128 perpetua
3400 1059 3529 1116 alie-

1948 1143 2167 1200 natione
2193 1145 2278 1200 vel
2307 1144 2726 1201 commutatione
2766 1145 2835 1202 ad
2875 1144 3162 1217 cujuslibet
3188 1149 3313 1218 jura
3359 1155 3530 1208 trans-

1948 1233 2094 1290 ferre
2137 1234 2317 1289 liceat.
2359 1255 2378 1288 ι
2410 1234 2478 1289 Et
2506 1251 2572 1289 ex
2620 1237 2845 1306 epistola
2885 1252 3038 1309 papae
3079 1237 3363 1310 Simplicii.
3407 1261 3425 1294 ι
3459 1239 3532 1298 lit

1946 1342 2055 1381 non
2084 1326 2243 1380 liceat
2272 1326 2585 1396 episcopum
2621 1328 2898 1384 titulorum
2925 1343 3151 1386 suorum
3179 1333 3399 1402 praedia,
3428 1347 3528 1390 seu

1948 1417 2208 1489 quidquid
2233 1418 2373 1488 juris
2399 1432 2585 1473 eorum
2613 1415 2795 1486 fuerit,
2823 1421 3064 1490 quolibet
3098 1423 3260 1479 modo
3289 1424 3530 1480 alienare

1945 1511 2030 1564 vel
2062 1520 2394 1566 commutare
2438 1529 2452 1565 :
2487 1511 2577 1580 qui
2617 1519 2746 1565 vero
2785 1512 2890 1568 hoc
2915 1525 3077 1583 agere
3105 1517 3412 1581 tentaverit,
3439 1529 3531 1571 or-

1947 1604 2088 1658 dinis
2137 1603 2217 1658 sui
2267 1601 2591 1659 detrimento
2634 1603 2921 1673 plectatur.
2959 1623 2978 1657 ›
3007 1605 3139 1660 Item
3191 1607 3246 1661 in
3292 1607 3526 1662 eodem:

1951 1716 1972 1749 ι
2009 1695 2111 1765 Qui
2160 1697 2378 1767 petierit
2424 1697 2684 1766 praedium
2733 1697 3004 1764 ecclesiae,
3045 1707 3101 1752 et
3153 1699 3424 1768 acceperit
3474 1699 3529 1753 in

1952 1804 2173 1860 proprio
2212 1789 2364 1858 jure;
2394 1797 2486 1843 aut
2514 1789 2557 1845 si
2586 1790 2706 1859 quis
2751 1792 3188 1861 presbyterorum
3221 1800 3314 1846 aut
3355 1793 3531 1847 diaco-

252 1887 656 1952 interdicimus,
715 1895 771 1944 et
819 1887 1372 1952 excommunicamus,
1418 1897 1476 1940 ut
1519 1885 1696 1942 nullus
1726 1865 1920 1942 suc-:3
1950 1894 2175 1944 norum,
2221 1893 2320 1934 nec
2373 1894 2476 1932 non
2521 1875 2865 1934 defensorum
2917 1881 3063 1935 denti
3118 1881 3528 1950 subscripserit,

251 1969 537 2035 cesserunt
568 1986 875 2035 nostrorum
898 1977 953 2032 in
984 1979 1085 2033 hac
1127 1984 1315 2033 sancta
1355 1977 1646 2048 apostolica
1690 1977 1841 2042 sede,

245 2072 342 2128 cui
369 2080 590 2126 auctore
611 2069 863 2136 Domino,
885 2069 1242 2135 deservimus,
1258 2085 1496 2139 unquam
1519 2069 1600 2124 vel
1619 2082 1859 2138 usquam’

253 2161 616 2232 praesentibus
663 2159 748 2216 vel
797 2158 992 2215 futuris
1043 2159 1376 2230 temporibus
1431 2158 1724 2230 quidquam
1779 2157 1846 2212 de

253 2253 452 2325 iisdem
498 2253 659 2309 rebus
689 2292 703 2318 ,
755 2266 855 2308 nec
900 2253 1221 2322 imperator,
1271 2266 1370 2306 nec
1411 2267 1540 2317 rex,
1586 2265 1687 2305 nec
1740 2249 1844 2306 ulla

255 2341 550 2400 mundialis
578 2350 816 2414 potestas
865 2342 1212 2408 beneficiare,
1255 2351 1620 2404 commutare,
1653 2355 1718 2395 ac
1747 2339 1847 2395 sub

239 2451 427 2492 censu
451 2435 750 2490 concedere
776 2450 874 2507 per
900 2435 1078 2490 futura
1104 2443 1345 2504 tempora
1375 2433 1574 2503 possit;
1597 2449 1695 2490 nec
1719 2449 1848 2503 pon-

258 2527 389 2584 tifex
419 2526 662 2595 ejusdem
693 2528 966 2594 dioecesis,
994 2528 1062 2582 ad
1088 2528 1242 2599 cujus
1272 2527 1584 2596 parochiam
1615 2527 1850 2597 pertinet

254 2617 410 2674 locus
442 2620 570 2689 ipse,
605 2634 706 2674 nec
733 2634 914 2674 comes
950 2619 1190 2687 ejusdem
1238 2620 1524 2690 potestatis
1554 2619 1846 2692 quidquam

255 2727 327 2770 ex
362 2715 624 2770 monitate
670 2714 914 2784 accipere
961 2714 1129 2784 ipsius
1171 2715 1486 2770 monasterii
1533 2715 1748 2768 audeat.
1782 2711 1848 2766 Et

257 2805 483 2877 insuper
532 2805 660 2861 nulli
699 2807 921 2862 omnino
961 2806 1122 2861 liceat
1172 2821 1390 2878 quoquo
1446 2806 1605 2861 modo
1662 2805 1714 2861 in
1764 2805 1848 2860 his

256 2898 510 2954 omnibus
557 2898 793 2970 aliquam
839 2897 1256 2953 minorationcm
1301 2897 1384 2952 vel
1427 2895 1656 2952 forciam
1703 2895 1849 2967 inge-

256 3003 406 3048 rere.
446 2987 634 3044 Potius
662 2997 843 3044 autem
885 3002 914 3042 a
950 2988 1202 3059 praesenti
1237 2986 1468 3044 concilio
1513 2987 1693 3048 omnia
1735 2987 1849 3042 haec

255 3081 326 3136 ad
351 3077 468 3149 jam
495 3080 699 3138 dictum
740 3081 1132 3136 monasterium
1179 3095 1302 3135 cum
1350 3079 1604 3136 omnibus
1651 3095 1849 3150 appert-

253 3182 432 3247 ditiis,
475 3190 535 3236 et
558 3181 848 3246 cathedra,
881 3180 986 3234 alia
1025 3179 1142 3235 loca
1173 3177 1392 3235 mobilia
1425 3177 1844 3248 immobiliaque,

257 3287 381 3344 qua:
401 3288 498 3343 per
522 3272 687 3328 Deum
716 3273 1019 3327 timentium
1041 3271 1348 3343 largitatem
1371 3269 1503 3326 inibi
1514 3269 1708 3324 collata
1729 3283 1854 3324 esse

217 3407 222 3412 ς
257 3375 586 3432 noscuntur,
620 3366 745 3421 huic
769 3365 989 3427 Amulio,
1010 3365 1331 3436 presbytero
1379 3373 1434 3420 et
1463 3363 1848 3419 archidiacono

262 3457 601 3516 Uzeticensis
623 3455 866 3514 ecclesiae
899 3456 1306 3511 confirmamus.
1353 3453 1524 3523 Hujus
1565 3454 1644 3509 rei
1675 3453 1846 3526 gratia

257 3551 710 3608 wmmendamus
739 3549 895 3606 vobis
923 3549 1070 3604 hanc
1101 3548 1350 3604 notitiam
1382 3548 1447 3602 ad
1479 3546 1773 3620 regendum
1792 3553 1848 3602 et

259 3644 517 3701 tuendum
530 3652 585 3699 et
608 3644 743 3699 bene
763 3640 1136 3697 aedificandum
1158 3639 1503 3706 coenobium;
1529 3641 1605 3694 ita
1631 3653 1760 3696 sane
1787 3646 1848 3695 ut

257 3752 292 3790 a
321 3735 493 3799 vobis,
517 3733 747 3804 singulis
763 3733 1178 3804 quibuscunqne
1198 3732 1355 3788 annis
1372 3772 1388 3798 ,
1423 3731 1697 3802 pensionis
1749 3745 1848 3786 no-

259 3827 432 3892 mine,
454 3827 507 3880 in
533 3825 832 3881 rationibus
857 3824 1240 3880 ecclesiasticis
1262 3840 1296 3878 x
1323 3825 1531 3896 argenti
1558 3824 1843 3889 solidiana,

261 3921 515 3976 denarios
545 3936 619 3975 xu
646 3918 1006 3991 accipientes,
1037 3919 1139 3990 piae
1165 3918 1506 3990 paternitatis
1532 3915 1845 3990 suffragium

261 4013 439 4068 eidem
479 4011 804 4068 monasterio
835 4020 1026 4074 contra
1064 4025 1251 4066 omnes
1299 4009 1620 4065 infestantes
1648 4010 1848 4078 impen-

261 4105 395 4159 dere
435 4104 706 4160 studeant.
739 4100 882 4156 Nulli
913 4117 1044 4157 vero
1073 4101 1294 4156 dubium
1325 4111 1425 4164 est,
1457 4099 1672 4168 fratres,
1704 4098 1846 4169 quod

263 4195 558 4265 apostolica
604 4194 841 4252 Ecclesia
883 4203 1059 4249 mater
1088 4194 1160 4248 sit
1197 4193 1439 4248 omnium
1473 4192 1845 4258 ecclesiarum,

263 4303 296 4342 a
341 4288 495 4358 cujus
524 4302 619 4342 nos
649 4286 848 4357 regulis
889 4285 1195 4340 nullatenus
1220 4285 1472 4344 convenit
1498 4285 1764 4358 deviare:
1795 4293 1850 4339 et

264 4381 409 4437 sicut
455 4379 622 4434 Filius
667 4377 761 4432 Dei
789 4378 940 4436 venit
971 4377 1152 4433 facere
1186 4378 1518 4434 voluntatem
1547 4376 1746 4444 Patris,
1772 4377 1851 4433 sic

262 4480 323 4530 et
346 4486 444 4551 vos
472 4472 802 4526 voluntatem
832 4478 1027 4525 vestrae
1071 4469 1339 4540 impleatis
1364 4469 1580 4536 matris,
1625 4485 1745 4541 qua:
1771 4479 1853 4525 est

265 4566 535 4630 Ecclesia,
566 4564 721 4635 cujus
746 4573 939 4636 caput,
989 4572 1052 4618 ut
1093 4563 1410 4634 praedictum
1454 4571 1568 4628 est,
1603 4562 1850 4620 Romana

265 4649 454 4714 éxistit
470 4657 728 4714 Ecclesia.
753 4655 915 4712 Pater
939 4670 1070 4725 ergo
1112 4662 1297 4709 noster
1324 4654 1442 4711 sine
1483 4653 1646 4709 dubio
1684 4637 1845 4721 Deus,

263 4751 362 4822 qui
389 4765 486 4806 nos
510 4750 745 4817 creavit,
773 4758 826 4805 et
851 4757 1026 4803 mater
1066 4757 1252 4804 nostra
1283 4746 1557 4812 Ecclesia,
1600 4762 1721 4817 quae
1749 4761 1848 4801 nos

270 4845 326 4900 in
364 4843 632 4914 baptismo
669 4843 987 4914 spiritaliter
1031 4842 1407 4912 regeneravit,
1475 4849 1532 4896 et
1583 4840 1705 4895 ideo
1754 4840 1845 4909 qui

268 4933 472 4991 Christi
517 4935 773 5005 pecunias
816 4941 872 4987 et
918 4931 1172 4988 Ecclesia:
1216 4931 1414 4998 aufert,
1454 4930 1738 4986 fraudatur
1793 4939 1847 4985 et

272 5029 435 5099 rapit,
465 5027 736 5084 homicida
766 5027 820 5081 in
845 5032 1137 5094 conspectu
1155 5022 1354 5091 judicis
1370 5021 1504 5092 justi
1535 5036 1654 5078 esse
1681 5020 1851 5090 depu-

271 5120 493 5176 tabitur.
539 5117 693 5175 Unde
741 5119 1002 5187 sCriptum
1049 5124 1177 5170 est:
1225 5115 1320 5184 qui
1377 5115 1519 5185 rapit
1564 5113 1850 5188 pecuniam

273 5213 504 5283 proximi
534 5212 620 5267 sui
664 5211 1002 5280 iniquitatem
1055 5206 1215 5271 facit;
1245 5207 1339 5277 qui
1365 5214 1548 5268 autem
1597 5205 1852 5277 pecunias

270 5312 368 5359 aut
393 5317 484 5359 res
512 5301 770 5358 Ecclesia:
817 5300 1022 5366 tulerit,
1046 5297 1388 5370 sacrilegium
1435 5297 1594 5363 facit;
1627 5299 1766 5354 unde
1791 5307 1852 5365 et

269 5393 437 5450 ludas
462 5394 556 5464 qui
583 5393 864 5464 pecuniam
891 5390 1180 5454 fraudavit,
1209 5405 1329 5461 quae
1357 5390 1544 5446 usibus
1573 5389 1848 5456 Ecclesiae,

273 5487 327 5540 id
355 5495 436 5541 est
459 5485 806 5557 pauperibus,
837 5499 973 5554 quos
998 5481 1241 5538 Ecclesia
1275 5496 1504 5551 pascere
1538 5482 1718 5548 debet,
1749 5481 1852 5536 dis-

272 5579 614 5634 tribuebatur
653 5579 808 5649 jussu
847 5575 1178 5640 Salvatoris,
1219 5573 1374 5642 cujus
1399 5572 1572 5630 vicem
1614 5571 1851 5642 episcopi

273 5679 490 5736 tenent,
538 5683 640 5725 nec
669 5668 840 5724 solum
886 5666 992 5734 fur,
1035 5668 1130 5724 sed
1171 5674 1228 5722 et
1267 5666 1443 5732 latro,
1474 5674 1529 5724 et
1560 5667 1853 5736 sacrilegus

274 5762 499 5823 eﬂ‘ectus
540 5769 644 5818 est.
671 5760 752 5816 De
788 5759 990 5818 talibus
1025 5759 1204 5826 enim,
1232 5759 1283 5815 id
1324 5769 1410 5815 est
1436 5759 1530 5828 qui
1571 5757 1854 5816 facultates

277 5856 531 5916 Ecclesiae
571 5855 817 5925 rapiunt,
851 5851 1105 5914 fraudant
1152 5851 1239 5911 vel
1281 5849 1552 5912 auferunt.
1597 5850 1856 5910 Dominus

1873 3230 1920 3293 ϐ

1951 1969 2296 2022 anathemate
2343 1965 2589 2022 feriatur.
2627 1988 2647 2020 ι
2700 1968 2831 2023 Item
2885 1968 2938 2022 in
2984 1969 3286 2023 canonibus
3337 1985 3352 2021 :
3400 1988 3422 2021 ε
3473 1968 3531 2024 Si

1949 2060 2232 2130 cpisc0pus
2261 2058 2478 2113 condito
2509 2065 2830 2113 testamento
2851 2057 3052 2128 aliquid
3087 2060 3153 2114 de
3179 2057 3533 2116 ecclesiastici

1941 2152 2082 2220 juris
2128 2150 2458 2221 proprietate
2505 2149 2784 2220 legaverit,
2833 2149 2994 2205 aliter
3024 2165 3132 2206 non
3167 2150 3396 2216 valebit,
3425 2147 3532 2206 nisi

1951 2251 2159 2297 tantum
2199 2239 2266 2296 de
2283 2239 2423 2310 juris
2446 2241 2649 2311 proprii
2671 2239 2930 2294 facultate
2953 2240 3300 2310 suppleverit.
3341 2258 3358 2293 ι

2019 2334 2185 2404 Igitur
2216 2342 2325 2387 tam
2357 2341 2466 2402 'ego
2504 2345 2666 2401 quam
2708 2343 2894 2386 omnes
2939 2331 3174 2400 episcopi
3205 2329 3363 2401 hujus
3407 2344 3534 2386 con-

1951 2421 2083 2490 cilii,
2123 2423 2470 2479 insidiatores
2499 2437 2566 2478 ex
2595 2423 2700 2478 hoc
2735 2423 3066 2477 monasterio
3095 2420 3408 2491 apostolica:
3447 2434 3534 2478 se-

1951 2519 2050 2581 dis,
2089 2527 2145 2574 et
2172 2516 2299 2572 huic
2325 2517 2648 2590 presbytero
2693 2515 2740 2571 si
2770 2516 2964 2585 aliquis
2995 2514 3315 2570 adversatus
3342 2512 3533 2580 fuerit,

1953 2609 2057 2663 tale
2121 2609 2296 2665 scelus
2345 2615 2756 2679 perpe‘trantes,
2814 2621 3000 2662 omnes
3059 2622 3091 2661 a
3151 2606 3534 2664 communione

1950 2704 2152 2760 Christi
2175 2703 2422 2774 corporis
2467 2717 2532 2758 ac
2571 2700 2929 2756 fraternitatis
2958 2700 3253 2764 consortio,
3282 2699 3395 2755 sive
3419 2714 3538 2755 ont-

1953 2797 2101 2851 nium
2131 2795 2551 2851 christianorum
2578 2792 2804 2864 collegio
2845 2800 3274 2863 sequestramus,
3317 2791 3535 2846 damna-

1952 2905 2108 2955 mus,
2155 2897 2210 2944 et
2247 2887 2346 2943 sub
2391 2887 2540 2944 omni
2589 2885 2938 2941 anathemate
2978 2884 3533 2940 excommunicamus.

1953 2981 2073 3037 Sint
2122 2980 2201 3036 illi
2245 2979 2516 3036 maledicti
2557 2977 2614 3034 in
2660 2977 2903 3043 civitate,
2931 2975 3225 3031 maledicti
3271 2974 3326 3030 in
3373 2989 3532 3045 agro;

1945 3073 2266 3130 ’maledictus
2311 3071 2518 3128 fl'uctus
2541 3080 2700 3127 terra:
2741 3083 2952 3126 eorum.
2987 3067 3117 3124 Sint
3139 3066 3426 3122 maledicta
3457 3067 3537 3121 in-

1951 3169 2150 3222 teriora
2180 3182 2368 3222 eorum
2398 3175 2452 3222 et
2480 3165 2772 3221 exteriora.
2804 3163 3012 3220 Cwlum
3038 3161 3183 3232 quod
3223 3176 3386 3230 super
3409 3159 3530 3215 illos

1951 3269 2055 3325 est,
2091 3258 2162 3313 sit
2207 3269 2439 3323 azreum;
2491 3264 2548 3311 et
2570 3264 2719 3310 terra
2753 3264 2921 3324 quam
2950 3253 3185 3318 calcant,
3227 3252 3298 3307 sit
3333 3251 3532 3307 ferrea.

1951 3353 2140 3410 Oratio
2166 3366 2354 3408 eorum
2383 3355 2510 3404 ante
2538 3349 2710 3403 Deum
2734 3349 2919 3402 veniat
2953 3347 3008 3402 in
3033 3355 3320 3416 peccatum
3350 3360 3368 3399 :
3397 3345 3537 3401 sicut

1951 3444 2124 3498 Datan
2164 3449 2217 3498 et
2249 3440 2455 3496 Abiron
2500 3446 2630 3495 eant
2653 3438 2898 3494 viventes
2923 3437 2977 3491 in
3004 3435 3299 3492 infernum.
3337 3435 3538 3491 Omnes

1949 3535 2042 3606 qui
2090 3547 2211 3588 cum
2259 3532 2363 3588 illis
2407 3529 2887 3602 participaverint,
2935 3535 3028 3583 aut
3075 3542 3201 3582 cum
3243 3526 3325 3581 eis
3353 3526 3537 3582 cibum

1887 3629 1892 3632 ’
1950 3626 2320 3696 sumpserint,
2371 3632 2463 3677 aut
2513 3622 2726 3677 cantica
2776 3635 2963 3676 eorum
3015 3617 3300 3673 maledicta
3349 3616 3539 3672 audire

1947 3717 2308 3781 decreverint,
2334 3715 2569 3770 scientes
2597 3714 2738 3768 hanc
2769 3710 3228 3776 maledictionem,
3250 3723 3373 3763 cum
3393 3706 3533 3763 Juda

1949 3809 2198 3866 Scarioth
2249 3808 2530 3873 traditore,
2581 3804 2782 3861 Christi
2828 3803 3122 3874 participes
3169 3801 3323 3856 flant.
3380 3799 3535 3871 Aqua

1946 3919 2135 3959 eorum
2178 3899 2470 3975 putrefiat;
2521 3900 2708 3954 vinum
2759 3911 2946 3952 eorum
2991 3894 3284 3960 scaturiat;
3338 3907 3536 3964 panem

1949 4011 2138 4052 eorum
2185 3993 2380 4065 rubigo
2425 3997 2741 4054 consumat,
2791 3986 3115 4042 vestimenta
3158 3997 3346 4039 eorum
3389 3983 3535 4037 tinea

1949 4083 2218 4140 comedat.
2247 4081 2313 4134 Et
2353 4078 2483 4149 quid
2511 4075 2701 4147 plura?
2724 4073 2925 4131 Omnes
2962 4070 3375 4127 m‘a.edictiones
3399 4067 3534 4126 Novi

1950 4192 2014 4232 ac
2061 4173 2276 4230 Veteris
2323 4169 2652 4227 Testamenti
2700 4167 2922 4222 veniant
2966 4179 3130 4234 super
3183 4163 3322 4228 illos,
3365 4177 3537 4232 usque

1951 4269 2077 4325 dum
2125 4267 2193 4323 ad
2222 4267 2436 4338 dignam
2474 4261 2900 4320 satisfactionem
2928 4266 2983 4314 et
3021 4257 3344 4329 cendignam
3371 4256 3538 4326 pmnio

1953 4363 2177 4419 tentiam
2201 4358 2392 4413 matris
2423 4354 2678 4410 Ecclesiae
2701 4353 2942 4407 veniant.
2970 4347 3208 4406 Joannes
3229 4349 3536 4418 apostolica:

1953 4451 2096 4507 sedis
2137 4447 2283 4504 Petri
2315 4444 2567 4516 apostoli,
2596 4444 2848 4499 omnibus
2876 4440 3076 4496 Christi
3113 4440 3360 4496 ecclesiis
3397 4441 3535 4495 bene

1953 4541 2129 4598 valete
2152 4540 2283 4596 dicit
2306 4540 2408 4593 ista
2439 4536 2802 4592 servantibus.

1877 4604 1930 4664 Ῑ)
1985 4641 1990 4648 ’
2023 4631 2346 4687 Ilincmarus
2372 4626 2693 4684 Rhemensis
2725 4624 3166 4696 archiepiscopus
3201 4623 3402 4689 ﬁrmat,
3429 4623 3537 4678 An-
3627 4611 3644 4619 ’

1955 4723 2493 4802 sigisusSenonensis
2523 4721 2962 4793 archiepiscopus
2986 4719 3185 4786 ﬂrmat,
3213 4716 3534 4774 Aurelianus

1955 4818 2327 4893 Lugdunensis
2356 4813 2793 4883 archiepiscopus
2834 4811 3031 4877 ﬁrmat,
3063 4811 3374 4882 Rostagnus
3404 4808 3536 4862 Are-

1952 4915 2176 4974 latensis
2230 4909 2669 4980 archiepiscopus
2713 4907 2928 4973 firmat,
2973 4903 3274 4974 Sigebodus
3333 4899 3537 4956 Narbo-

1951 5008 2136 5066 nensis
2179 5003 2613 5072 archiepisc0pus
2648 5001 2860 5066 firmat,
2885 4997 3216 5054 Teudericus
3255 4991 3536 5048 Besantio-

1952 5101 2135 5158 nensis
2181 5074 2618 5167 archiepiscopus
2649 5095 2856 5156 firmat,
2894 5091 3240 5147 Auterannus
3266 5084 3536 5139 Viennen-

1953 5194 2030 5250 sis
2078 5191 2512 5261 archiepisc0pus
2565 5187 2765 5252 firmat,
2811 5183 3134 5240 Frotharius
3177 5177 3533 5233 Bituricensis

1955 5284 2391 5356 archiepiscopus
2418 5283 2615 5353 signat,
2646 5275 2936 5334 Adalaldus
2975 5270 3309 5329 Turonensis
3359 5267 3534 5323 archi-

1954 5361 2240 5450 episcopus
2270 5374 2467 5440 firmat,
2497 5373 2672 5427 Berno
2698 5364 3102 5425 Catalaunensis
3120 5362 3404 5450 episcopus
3448 5357 3534 5412 ﬁr-

1954 5449 2088 5533 mat,
2121 5466 2356 5523 Joannes
2396 5461 2818 5521 Rodomacensis
2845 5455 3281 5525 archiepiscopus
3319 5449 3532 5518 ﬁrmat,

1953 5561 2273 5617 Aldebertus
2315 5554 2736 5613 Silvanectcnsis
2787 5551 3071 5621 episcOpus
3118 5543 3329 5600 firmat.
3383 5541 3534 5596 Isaac

1957 5639 2320 5727 Lingonensis
2367 5650 2651 5719 episcopus
2719 5645 2934 5709 firmat,
2997 5637 3302 5727 lngelvinus
3357 5632 3535 5690 Parisi

1958 5750 2242 5820 episcopus
2276 5744 2478 5808 firmat,
2509 5739 2720 5797 Otulfus
2759 5735 3080 5794 Trecassine
3117 5735 3400 5808 episcopus
3447 5727 3536 5784 fir-

1961 5819 2115 5914 mat,
2175 5839 2489 5912 Ingomarus
2550 5831 2924 5912 Laudunensis
2974 5831 3255 5902 episcopus
3309 5819 3535 5882 (irruat.
