4042 6302
249 344 363 400 '19"

1454 328 1813 389 EPIBTOLJE
1851 326 1938 388 ET
1985 327 2327 388 DECRETA.

3421 339 3522 400 798

247 458 512 524 Cunctis_
528 463 709 512 autem
765 454 942 528 eidem
981 450 1223 522 praefata
1262 448 1513 512 Ecclesia!
1555 447 1678 519 iura
1727 461 1814 508 ser
1867 447 1913 518 Α
1943 449 2234 512 secundum
2259 449 2500 522 regulam
2528 448 2702 508 Patris
2725 449 3022 522 Benedicti,
3049 454 3333 526 apropriis
3357 454 3524 510 abba-
3595 439 3598 442 ’

246 550 515 608 vantibus
539 550 612 608 sit
645 562 752 618 pax
786 545 995 604 Donnini
1038 545 1210 602 nostri
1239 542 1364 600 Jesu
1394 541 1620 610 Christi,
1651 549 1842 611 quate.

247 659 363 701 nus
389 652 448 699 et
493 643 582 698 hic
627 640 863 698 fructum
913 640 1070 694 boum
1107 636 1438 706 operationis
1467 634 1753 705 recipiant,
1789 643 1843 690 et

245 736 400 805 apud
425 748 694 790 summum
715 731 994 786 Arbitrum
1018 730 1237 799 praemia
1259 737 1476 788 atterunt
1507 728 1658 799 pacis
1689 729 1838 786 iuve-

247 828 433 882 niant.
465 825 598 880 Data
641 837 704 880 ιιι
747 823 1016 882 Kalendas
1061 822 1398 891 Septembris
1442 821 1736 882 indictione
1762 837 1838 887 ιιι,

251 917 470 974 Trecis.

966 1003 1118 1063 CLII.

468 1114 536 1154 ω
556 1112 830 1156 IPlﬂCOI‘Qi
860 1112 960 1158 κιι
987 1111 1215 1154 GALLI“!
1244 1110 1625 1158 αοκετιτυτειε.

893 1189 1074 1260 (Anno
1101 1188 1248 1257 878.)

247 1289 598 1360 Priuilegiunt
619 1286 935 1408 monasten'lo
955 1285 1285 1367 Floriacensi
1310 1286 1617 1344 conceditur
1639 1301 1837 1355 syriaco

937 1373 1212 1408 HCUSSUIG.

937 1373 1212 1420 rtcassttta.

321 1473 555 1530 Joannes
596 1471 902 1540 episcopus,
939 1484 1130 1526 servus
1173 1483 1452 1524 servorum
1503 1467 1619 1530 Dei,
1665 1467 1836 1520 omni-

243 1569 354 1623 bus
386 1564 655 1636 episcopis
701 1571 864 1635 atque
909 1561 1028 1622 aliis
1073 1561 1167 1624 Dei
1199 1560 1444 1618 fidelibus
1467 1574 1566 1630 per
1608 1557 1833 1613 Galliam

242 1660 580 1722 constitutis.

324 1752 589 1819 Quoniam
623 1747 914 1819 apostolica
967 1745 1310 1808 successione
1352 1744 1416 1816 [Γ.
1467 1743 1831 1816 suggestione]

1947 541 2112 609 tibus,
2159 542 2439 600 monachis
2472 542 2718 602 videlicet
2749 559 2814 602 ex
2848 545 3036 608 eodem
3086 545 3334 600 ccenobio
3367 561 3524 618 regu-

1942 632 2131 698 lariter
2158 633 2343 690 electis
2366 673 2381 700 ,
2433 635 2484 694 in
2529 645 2844 710 perpetuum
2881 640 3226 708 gubernetur.
3262 637 3369 693 Nec
3405 637 3522 696 illa-

1944 743 2061 790 rum
2090 742 2271 786 rerum
2283 743 2402 798 quae
2430 728 2579 786 veliu
2603 729 2879 800 praelibato
2905 741 3174 804 praecepto
3202 732 3520 790 nominatim

1943 820 2288 880 continentur
2320 819 2461 876 vela
2491 821 2748 892 praedicto
2791 825 2983 880 abbate
3032 825 3324 886 venerabili
3377 841 3522 882 nunc

1942 909 2181 982 ejusdem
2225 912 2325 966 loci
2367 912 2692 978 Theotberto
2723 914 2930 983 praefati
2977 919 3286 976 monasterii
3333 918 3521 994 ciliciis

1942 1004 2207 1076 deputata:
2237 1005 2524 1072 habentur,
2551 1006 2710 1062 ullam
2742 1009 2810 1064 ab
2841 1008 3017 1077 aliquo
3046 1025 3280 1080 unquam
3307 1013 3516 1082 patian-

1941 1101 2030 1150 tur
2051 1093 2495 1160 immunitionem,
2514 1106 2568 1151 et
2583 1098 2746 1156 etiam
2771 1100 2931 1155 rebus
2951 1117 3070 1170 quae
3091 1102 3342 1178 deinceps
3359 1117 3389 1156 a
3405 1103 3520 1178 qui-

1939 1185 2174 1248 buslibet
2206 1188 2470 1258 religiosis
2491 1190 2799 1252 hominibus
2821 1194 3010 1252 eodem
3032 1193 3150 1252 loco
3177 1180 3521 1268 pervenerint

1940 1275 2275 1336 condonatae.
2325 1277 2477 1346 Quod
2530 1281 2575 1334 si
2632 1281 2753 1352 quis
2782 1283 2884 1344 hoc
2915 1293 3161 1346 nostrum
3197 1279 3517 1348 beneficium

1941 1369 2245 1438 irrumpere
2266 1374 2692 1442 praesumpserit,
2716 1385 2770 1433 et
2809 1377 3073 1446 stipendia
3113 1394 3392 1440 servorum
3425 1379 3520 1436 Dei

1941 1460 1993 1527 in
2026 1459 2158 1522 alios
2182 1476 2312 1516 usus
2342 1464 2690 1531 converterit.
2729 1464 2796 1520 ab
2826 1467 3116 1542 apostolica
3143 1469 3519 1532 communione

1940 1550 2299 1616 anathematis
2345 1553 2813 1616 animadversione
2869 1555 3017 1612 illum
3066 1573 3403 1632 separamus,
3463 1568 3520 1613 ut

1940 1639 2044 1704 nisi
2070 1642 2371 1706 admonitus
2390 1659 2420 1699 e
2446 1645 2672 1718 vestigio
2694 1661 2751 1701 se
2766 1651 3078 1713 correxerit,
3095 1667 3215 1712 cum
3235 1652 3519 1724 rapacibus

1942 1745 1972 1784 a
1998 1747 2165 1800 regno
2195 1733 2288 1788 Dei
2317 1734 2586 1800 exclusus,
2612 1753 2730 1807 quin
2759 1748 2996 1801 meretur
3024 1751 3285 1802 tormenta
3317 1744 3518 1818 perSol-

242 1810 671 1908 δαιῇείιυάίῂῥηί
713 1810 964 1899 (Summus
1006 1838 1267 1900 [ecclesiis
1316 1810 1593 1900 (ιξιλθηιιῖέ
1621 1810 1831 1908 imper]:
1865 1811 1912 1884 Β
1943 1834 2050 1906 vat.
2081 1823 2152 1881 Ut
2172 1835 2354 1888 autem
2379 1828 2479 1883 hoc
2497 1829 2836 1902 privilegium
2861 1842 3063 1892 certam
3078 1810 3512 1900 oblineulvﬁdem,

240 1938 402 1999 dere.
442 1936 521 1998 sic
554 1935 800 2003 cupimus
843 1931 1083 2003 generali
1104 1931 1385 1988 consulere
1415 1929 1746 1994 necessitati,
1776 1935 1834 1986 ut

238 2027 416 2088 etiam
438 2039 882 2097 quorumcuuque
911 2023 1215 2100 singulares
1237 2037 1426 2082 causas
1459 2022 1575 2086 sine
1615 2021 1834 2086 fastidio

241 2134 656 2191 ougnoseatnus.
682 2118 847 2188 igitur
862 2133 984 2178 cum
1002 2126 1222 2191 propter
1245 2116 1570 2193 multiplices
1580 2116 1834 2174 Ecclesiae

239 2209 346 2266 Dei
386 2226 550 2270 cuias
590 2209 920 2270 Gallicanam
970 2210 1230 2268 adeuntes
1268 2209 1546 2280 regionem
1574 2251 1588 2275 ,
1634 2209 1834 2268 Trecas

241 2301 524 2364 civitatem
546 2301 968 2368 tlevenissemus,
997 2316 1135 2360 anno
1166 2299 1555 2363 incarnationis
1586 2299 1830 2356 Domini-

238 2391 459 2458 w878,
477 2398 530 2452 et
558 2392 624 2446 atl
652 2390 941 2452 resecanda
957 2389 1206 2467 quaelibet
1222 2390 1429 2452 inutilia
1446 2389 1528 2452 t'el
1545 2391 1830 2452 statuenda

239 2485 614 2546 ecclesiastica
638 2485 782 2554 jura,
830 2483 1095 2554 synodum
1124 2483 1428 2562 generalem
1475 2484 1830 2560 plut'imorum

239 2571 645 2644 celebraretnus
709 2575 1086 2653 episcOporum
1117 2614 1130 2638 ,
1191 2574 1332 2632 inter
1399 2573 1504 2630 alia
1567 2574 1834 2650 suggessit

241 2670 562 2734 auctoritati
609 2677 808 2732 nostrae
854 2667 1182 2732 venerabilis
1228 2667 1461 2736 partium
1527 2674 1830 2735 vestrarum

242 2762 434 2826 abbas.
454 2763 670 2826 nomine
688 2759 1067 2828 Tlteotbertus.
1086 2773 1152 2824 ex
1178 2757 1425 2823 coenobio
1441 2759 1583 2828 quod
1609 2765 1831 2826 vocatur

243 2854 529 2920 Floriacus
560 2854 614 2912 in
644 2867 780 2928 pago
799 2850 1194 2916 Aurelianensi,
1224 2851 1366 2922 quod
1388 2849 1527 2916 idem
1562 2856 1832 2916 monaste-

240 2937 387 3012 rium
411 2947 628 3020 quidam
664 2945 945 3014 religiosus
970 2942 1160 3018 abbas,
1196 2943 1549 3010 Leodebodus
1589 2944 1824 3012 nomine,

241 3038 548 3106 monachus
567 3036 895 3102 exstruxerit
922 3035 974 3094 in
997 3035 1198 3098 honore.
1228 3035 1322 3090 Dei
1365 3044 1419 3092 et
1446 3043 1646 3102 sanctae
1674 3036 1826 3107 genio

241 3129 398 3188 tricis
428 3126 632 3192 Mariae,
665 3141 765 3182 nec
816 3140 922 3180 non
971 3125 1112 3180 beati
1154 3125 1411 3196 principis
1463 3125 1824 3204 apostolorum

242 3219 391 3284 Petri
449 3238 461 3272 :
505 3219 647 3288 quod
677 3217 1004 3286 revelationc
1032 3216 1210 3270 divina
1243 3232 1340 3288 per
1367 3216 1659 3282 monachos
1688 3217 1831 3290 ejus-

241 3312 365 3373 dem
410 3311 512 3368 loci
540 3327 568 3364 ει
619 3309 995 3374 Beneventana
1031 3306 1307 3391 provincia
1351 3322 1546 3376 corpus
1593 3306 1718 3370 illuc
1769 3307 1825 3360 S.

240 3403 520 3468 Benedicti
545 3403 850 3482 pervenerit
870 3402 998 3466 olim
1027 3400 1274 3466 allatum,
1306 3400 1486 3478 ibique
1518 3410 1829 3466 reverenter

240 3497 550 3566 humatum,
575 3496 714 3564 sicut
744 3492 1182 3558 manifestissima
1209 3499 1423 3556 constat
1465 3492 1731 3562 veritate;
1775 3499 1828 3547 et

237 3590 382 3660 quod
397 3597 614 3668 propter
637 3586 1058 3652 stabilimentum
1077 3585 1384 3648 monasticae
1405 3585 1692 3654 religionis,
1723 3584 1825 3653 piae

242 3681 518 3736 memorial
565 3680 832 3749 gloriosus
882 3681 1178 3747 imperator
1227 3677 1451 3734 Carolus
1501 3686 1825 3750 praeceptum

239 3789 354 3828 sum
384 3771 722 3826 auctoritatis
758 3771 931 3824 eidem
983 3768 1105 3834 loco
1141 3782 1229 3822 res
1274 3769 1644 3821 denominatas
1683 3766 1827 3820 dele-

239 3866 470 3936 gaverit,
501 3863 697 3934 partim
747 3876 777 3915 a
827 3860 1090 3934 religiosis
1140 3858 1470 3921 hominibus,
1499 3873 1594 3928 pro
1637 3869 1824 3909 amore

239 3957 337 4010 Dei
369 3955 477 4008 illic
501 3954 852 4015 contributas,
878 3961 936 4008 ut
983 3952 1181 4007 victum
1207 3959 1366 4018 atque
1420 3950 1658 4003 vestitum
1709 3963 1823 4002 mo-

239 4047 402 4107 nachi
447 4047 644 4114 ibidem
689 4044 916 4106 Domino
961 4043 1252 4102 militantes
1286 4042 1543 4096 deberent
1571 4043 1770 4101 habere
1804 4059 1817 4095 :

237 4154 341 4196 nec
367 4154 470 4198 non
495 4146 550 4193 et
587 4138 687 4202 hoc
717 4136 858 4206 quod
889 4136 1058 4194 beatae
1093 4133 1481 4188 recordationis
1511 4141 1665 4202 pater
1705 4131 1821 4200 ejus

235 4226 904 4298 serenissimusAugustus
921 4225 973 4278 iu
992 4225 1107 4295 ipso
1133 4225 1246 4277 loco
1269 4223 1526 4294 hospitale
1541 4223 1818 4289 nobilium,

235 4321 384 4398 quod
397 4322 554 4386 Porta
571 4317 1056 4398 appellatur-Juxta
1080 4316 1375 4392 regularem
1404 4316 1814 4383 insliiutioncm,

235 4413 475 4483 itemque
526 4411 786 4481 hospitale
828 4423 1148 4484 pauperum,
1203 4408 1253 4460 in
1305 4408 1384 4472 sui
1427 4417 1819 4478 parentumque

234 4523 463 4571 suorum
478 4507 818 4584 electuosyna
835 4503 1106 4574 statuerit,
1131 4510 1184 4562 et
1199 4515 1284 4555 res
1308 4501 1372 4564 ad
1402 4500 1502 4560 hoc
1521 4509 1818 4572 opportune

235 4599 528 4672 agendum,
560 4611 658 4652 nec
688 4611 791 4656 non
823 4593 956 4652 alias
981 4593 1044 4646 ad
1088 4591 1267 4652 lumen
1303 4591 1556 4654 Ecclesim
1587 4591 1816 4650 admini-

233 4690 771 4770 strandtmtdusserit
792 4687 1058 4758 tleputari.
1079 4685 1205 4756 Quae
1217 4687 1393 4750 omnia
1411 4703 1504 4756 per
1517 4684 1627 4762 jam
1643 4688 1816 4742 dictos

236 4786 534 4846 monachos
561 4784 822 4851 hactenus
851 4781 1046 4843 ibidem
1099 4778 1458 4856 comperimus
1511 4778 1806 4842 observari.

234 4875 389 4942 Nunc
420 4885 530 4936 tatu
559 4874 791 4956 seipsutu
824 4887 984 4942 quam
1008 4870 1314 4934 unanimem
1348 4868 1811 4946 congregationem

233 4970 338 5028 sibi
372 4967 719 5034 commissam
748 4965 1021 5028 humiliter
1045 4962 1334 5042 postulare,
1367 4963 1612 5038 quamvis
1643 4962 1810 5032 privi-

234 5059 376 5136 legia
422 5059 715 5122 multorum
762 5056 1058 5120 meruerint
1103 5055 1497 5125 episcoporum,
1547 5053 1612 5114 ad
1643 5053 1811 5130 repri-

232 5154 484 5218 t'ncndam
508 5149 867 5228 quorumlibet
901 5147 1139 5210 illicitum
1164 5147 1530 5216 Cupiditatem,
1558 5155 1614 5206 ut
1647 5159 1809 5218 super

233 5243 431 5306 abbate
464 5243 697 5312 regulari
742 5257 806 5296 ex
836 5243 914 5297 eis
941 5239 1187 5310 eligendo
1207 5239 1368 5294 etiam
1402 5249 1596 5294 no:trze
1623 5247 1808 5302 aucto-

233 5335 417 5398 ritatis.
440 5334 714 5410 privilegia
753 5343 1172 5403 consequantur.
1206 5331 1470 5397 Quocirca
1518 5346 1616 5385 nos
1661 5341 1808 5402 pote-

231 5435 452 5490 statem,
482 5441 640 5494 quam
665 5425 833 5496 g‘ratis
860 5439 890 5478 a
913 5423 1126 5488 Christo
1151 5423 1478 5492 accepimus,
1511 5423 1802 5489 secundum

229 5517 597 5590 evangelicum
653 5516 1028 5580 aucwa‘itatem
1081 5516 1248 5588 gratis
1278 5514 1530 5585 prodesse
1559 5515 1806 5572 omnibus

229 5609 528 5680 cupientes,
557 5610 674 5678 vice
706 5609 854 5672 beati
875 5608 1018 5668 Petri
1041 5607 1266 5676 apostoli
1296 5607 1634 5668 decernimus
1664 5616 1721 5662 ut
1749 5607 1803 5676 in

231 5716 374 5772 μορε
399 5712 693 5767 memorato
721 5702 837 5764 loco
864 5701 1006 5760 servi
1051 5700 1143 5756 Dei
1191 5703 1394 5771 absque
1439 5700 1803 5771 inquietudine

231 5795 477 5862 debitum.
517 5814 625 5860 suae
654 5797 926 5876 religionis
950 5797 1256 5874 persolvere
1292 5794 1802 5872 Possmt‘servitiulp

1939 1929 1995 1974 et
2017 1918 2110 1974 Dei
2133 1918 2348 1976 famulis
2372 1921 2424 1976 in
2445 1922 2556 1998 jam
2572 1925 2718 1980 dicto
2740 1924 3068 1986 Floriacensi
3092 1930 3340 1985 emnobio
3356 1946 3516 1986 secu-

1939 2012 2442 2083 ritatemjconferat,
2459 2018 2694 2088 quandiu
2717 2017 2858 2081 Deus
2879 2029 2933 2074 et
2954 2021 3211 2078 Dominus
3227 2031 3409 2082 uoster
3423 2024 3516 2080 Ec.-

1939 2104 2162 2164 clesiam
2185 2121 2336 2162 suam
2355 2109 2550 2164 durare
2566 2109 2814 2176 voluerit,
2838 2122 3025 2172 nostra
3053 2115 3103 2168 id
3125 2115 3517 2186 subscriptione

1939 2196 2330 2254 roberavimus.
2360 2197 2630 2272 Scriptum
2657 2216 2752 2271 per
2785 2217 2974 2258 manus
3004 2205 3216 2276 Georgii
3249 2207 3516 2262 scriniarii

1938 2295 2140 2341 sanctae
2162 2289 2302 2343 sedis
2325 2290 2651 2362 apostolicae,
2669 2293 2720 2346 in
2740 2308 2923 2348 mense
2947 2295 3206 2366 Augusto,
3224 2297 3515 2368 indictione

1939 2392 2013 2430 ιιι.
2044 2376 2187 2432 Bene
2217 2379 2409 2434 valete.
2448 2382 2581 2436 Data
2612 2381 2777 2438 Nonis
2816 2383 3150 2456 Septembris
3168 2402 3263 2460 per
3292 2404 3512 2444 manum

1935 2465 2199 2527 Walberti
2248 2471 2528 2528 humillimi
2580 2475 2816 2552 episcopi
2843 2486 3041 2532 sanctae
3066 2476 3375 2536 Portuensis
3416 2479 3514 2554 Ec-

1937 2558 2135 2625 clesiae,
2167 2576 2307 2620 anno
2331 2562 2442 2619 Deo
2475 2565 2706 2638 propitio
2732 2567 3075 2636 pontificatus
3107 2568 3308 2626 domini
3339 2557 3512 2625 nostri

1935 2647 2158 2712 Joannis
2182 2655 2374 2716 summi
2398 2654 2682 2724 pontiﬁcis
2715 2667 2768 2711 et
2795 2659 3113 2715 universalis
3142 2677 3316 2732 papae,
3345 2663 3398 2718 in
3428 2677 3515 2718 sa-

1937 2742 2240 2807 cratissima
2283 2745 2408 2808 sede
2458 2745 2596 2810 beati
2649 2748 2796 2805 Petri
2846 2751 3071 2820 apostoli
3122 2762 3312 2830 sexto,
3368 2753 3512 2812 indi-

1937 2832 2112 2886 ctione
2140 2849 2194 2887 χι

2637 2929 2806 2986 CLIII.

2007 3031 2074 3070 an
2122 3032 2316 3072 war.“
2357 3033 2454 3075 seu
2493 3037 2752 3077 WALONEI
2791 3038 3083 3093 uersus“
3122 3017 3435 3084 sciscerent.

2568 3114 2690 3184 (An.
2738 3115 2885 3186 878.)

1855 3171 1902 3248 c
2006 3202 2251 3258 Concedit
2289 3205 2366 3258 illi
2410 3171 2628 3274 palliu‘m
2665 3209 2816 3270 certis
2859 3171 3037 3263 diebus
3077 3211 3435 3280 deferendum.

2001 3293 2236 3350 Joannes
2271 3296 2580 3369 episcopus,
2629 3313 2817 3360 servus
2855 3315 3134 3360 servorum
3176 3302 3294 3368 Dei,
3327 3304 3508 3360 WAL£

1931 3386 2220 3440 venerabili
2252 3387 2503 3457 episcopo
2533 3387 3059 3444 Mediomatricorum
3084 3391 3358 3459 Ecclesiae,
3393 3411 3511 3465 quae

1930 3487 1985 3532 ct
2029 3478 2207 3533 Mcttis
2245 3487 2504 3545 vocatur,
2550 3480 2603 3534 in
2650 3481 2854 3546 honore
2911 3482 3116 3548 scilicet
3165 3485 3340 3539 sancti
3387 3485 3508 3548 Stc-

1931 3573 2093 3643 phani
2123 3572 2281 3641 primi
2309 3572 2582 3643 martyris.

2001 3667 2056 3721 Si
2087 3648 2331 3738 pastores
2377 3670 2557 3724 ovium
2589 3667 2755 3724 solem
2802 3669 3030 3748 geluque
3066 3685 3165 3744 pro
3205 3671 3384 3748 gregis
3424 3672 3507 3726 sui

1927 3757 2168 3812 custodia
2201 3759 2287 3811 die
2326 3773 2390 3812 ac
2424 3768 2581 3813 nocte
2609 3757 2751 3814 ferre
2790 3760 3027 3813 contenti
3052 3767 3196 3825 sunt,
3222 3776 3282 3816 ac
3309 3775 3374 3815 ne
3403 3775 3506 3840 qua

1925 3859 1992 3900 ex
2019 3844 2098 3899 eis
2129 3851 2222 3898 aut
2249 3845 2481 3899 errando
2511 3853 2716 3916 pereat,
2755 3854 2845 3899 aut
2868 3844 3053 3909 ferinis
3093 3847 3287 3900 laniata
3315 3847 3508 3902 morsi-

1925 3935 2024 3988 bus
2053 3935 2315 4012 rapiatur,
2349 3934 2518 3990 oculis
2551 3949 2764 4006 semper
2791 3936 3136 4008 vigilantibus
3173 3938 3503 4014 circumspe-

1926 4035 2099 4098 ctant,
2132 4036 2333 4096 quanto
2374 4027 2569 4082 sudore
2600 4037 2912 4099 quantaque
2949 4045 3078 4086 cura
3102 4029 3357 4086 debemus
3385 4045 3505 4088 esse

1923 4121 2230 4193 pervigiles,
2260 4137 2357 4176 nos
2386 4121 2472 4192 qui
2502 4130 2745 4191 pastores
2792 4122 3091 4177 animarum
3118 4123 3382 4178 dicimur?
3409 4123 3504 4178 At-

1923 4214 2210 4267 tendamus
2289 4214 2355 4267 ad
2409 4225 2713 4284 susceptum
2778 4213 3010 4268 cilicium
3068 4217 3322 4274 exhibere
3374 4232 3500 4288 erga

1923 4307 2221 4360 custodiam
2248 4306 2648 4360 Dominicarum
2687 4307 2868 4359 ovium
2900 4322 3006 4361 non
3037 4322 3332 4374 cessemus,
3357 4310 3500 4374 nein

1922 4397 2010 4451 die
2055 4396 2220 4450 divini
2260 4396 2525 4450 examinis
2568 4409 2665 4465 pro
2703 4396 2905 4450 desidia
2951 4406 3135 4451 nostra
3175 4406 3302 4456 ante
3347 4413 3497 4454 sum-

1927 4503 2070 4542 mum
2119 4495 2390 4557 pastorem
2437 4487 2774 4557 negligentiae
2815 4497 2995 4541 reatus
3030 4489 3320 4552 excruciet,
3353 4491 3498 4546 unde

1923 4583 2081 4637 modo
2112 4582 2332 4637 honoris
2378 4582 2675 4636 reverentia
2721 4579 3064 4635 sublimiores
3103 4581 3244 4636 inter
3276 4591 3498 4641 caeteros

1912 4671 2237 4740 judicamur.
2267 4670 2492 4726 Pallium
2540 4678 2721 4724 autem
2745 4668 3075 4726 fraternitati
3114 4678 3215 4726 tua:
3245 4686 3310 4727 ex
3347 4689 3496 4730 more

1918 4773 1985 4824 ad
2016 4771 2304 4824 missarum
2334 4768 2592 4823 solemnia
2630 4767 2949 4824 celebranda
2981 4770 3363 4837 concessimus,
3389 4771 3493 4828 die-

1919 4864 2020 4917 bus
2046 4861 2168 4916 vitze
2194 4860 2566 4915 tantummodo
2590 4877 2602 4912 :
2624 4858 2766 4932 quod
2792 4859 2909 4925 tibi,
2952 4875 3055 4914 non
3086 4861 3338 4916 Ecclesiae
3366 4868 3486 4927 tum,

1920 4956 2078 5010 aliter
2103 4953 2397 5026 privilegiis
2421 4953 2474 5006 in
2506 4968 2604 5012 suo
2632 4959 2776 5010 statu
2799 4952 3160 5020 manentibus.
3193 4953 3268 5014 uti
3297 4967 3491 5010 conce-

1918 5048 2110 5102 dimus.
2144 5045 2407 5112 Quoniam
2438 5043 2732 5098 indumenti
2773 5042 2946 5098 honor
2993 5044 3229 5097 modesta
3271 5050 3486 5100 actuum

1915 5138 2202 5194 vivacitate
2250 5135 2542 5194 servandus
2588 5144 2689 5199 est,
2743 5135 3020 5194 hortamur
3063 5140 3118 5186 ut
3168 5131 3216 5185 ei
3276 5148 3484 5188 morum

1917 5244 2126 5292 tuorum
2181 5238 2500 5285 ornamenta
2549 5229 2898 5292 conveniant,
2931 5236 3217 5296 quatenus,
3266 5234 3486 5294 auctore

1913 5328 2041 5394 Deo,
2073 5326 2314 5406 utrisque
2337 5324 2512 5394 possis
2533 5337 2649 5377 esse
2673 5321 3011 5389 conspicuus.
3048 5317 3233 5388 Itaque
3258 5318 3362 5371 vita
3395 5329 3479 5371 tua

1913 5421 2038 5486 filiis
2063 5420 2170 5482 tuis
2202 5403 2271 5474 sit
2300 5403 2503 5488 regula.
2531 5415 2586 5468 In
2621 5415 2730 5483 ipsa
2761 5427 2816 5468 se
2849 5426 3060 5482 semper
3087 5409 3481 5466 considerando

1911 5514 2223 5588 proficiunt,
2277 5520 2337 5567 ut
2383 5519 2532 5564 tuum
2578 5517 2701 5578 post
2742 5506 3024 5570 Dominum
3065 5503 3308 5558 videatur
3363 5519 3484 5559 esse

1910 5609 2048 5670 bene
2102 5607 2245 5686 quod
2291 5601 2545 5678 vixerint.
2595 5599 2898 5674 Corrigant,
2937 5611 3004 5650 ne
3042 5610 3320 5666 prospera,
3363 5612 3480 5686 qute

1912 5683 2279 5774 temperanter
2318 5694 2694 5760 blandiuntur,
2731 5689 3012 5760 extollant,
3052 5703 3224 5758 neque
3255 5683 3479 5764 adversa

1900 5793 2193 5876 deﬁciant;
2225 5793 2318 5860 sed
2343 5787 2606 5869 quidquid
2625 5785 2752 5852 illud
2774 5783 2955 5852 fuerit,
2984 5783 3182 5846 virtute
3207 5783 3479 5864 patientiae
