3984 5430
152 254 264 313 801
327 295 330 302 ι

1337 255 1702 316 EPISTOLxE
1739 211 1836 320 Et
1866 195 2206 322 oscitat.

3309 251 3416 309 802

151 367 417 424 moderns
435 366 687 422 concedit
713 383 726 421 :
753 368 848 424 ubi
873 381 1007 423 vero
1042 381 1132 424 res
1167 368 1460 426 nominata:
1499 367 1738 440 antiqui-
1761 367 1819 428 Α
1909 368 2145 448 principi:
2168 375 2224 450 ut
2247 364 2295 422 ei
2308 325 2558 450 deinceps
2588 325 2804 436 pareant
2829 375 2878 422 et
2901 327 3213 450 delictorum
3247 365 3430 448 abillo

153 466 248 516 tus
269 459 586 514 condonatae
611 468 665 513 et
693 459 956 516 moderno
998 466 1242 530 tempore
1285 459 1575 518 abstractae
1617 473 1742 516 esse

149 550 432 618 videntur,
479 551 775 621 pontiﬁcali
805 552 1131 608 auctoritate
1177 561 1235 609 et
1266 552 1436 626 regali
1474 560 1742 624 potestate

153 644 276 700 sine
306 660 460 700 mora
483 645 662 714 aliqua
691 654 786 699 aut
807 647 1059 701 tarditate
1088 645 1462 702 restituantur.
1494 644 1605 702 Nos
1623 644 1742 701 illo-

153 753 281 792 rum
311 737 564 807 precibus
608 736 880 804 inclinati,
910 736 1179 804 volumus,
1203 736 1605 808 apostolicaque
1640 751 1740 792 au-

155 829 412 886 ctoritate
455 843 712 898 expresse
764 826 1037 898 iubemus,
1069 837 1130 884 ut
1177 827 1400 900 prmfata
1446 828 1670 898 scripta,
1710 841 1743 882 a

153 931 348 978 nostro
389 922 666 992 pontiﬁcio
714 921 908 987 delata,
959 939 989 978 a
1040 922 1380 996 coepiscopis
1425 922 1658 988 firmata,
1709 938 1740 978 a

152 1022 378 1094 regibus
399 1022 569 1092 iussa,
587 1023 696 1078 sint
717 1031 834 1078 rata
848 1024 1098 1080 et-modis
1109 1023 1366 1080 omnibus
1379 1023 1740 1080 observanda.

154 1111 220 1168 Si
265 1112 386 1184 quis
416 1111 576 1182 hujus
618 1114 926 1184 apostolicae
976 1128 1223 1170 censurae
1267 1114 1560 1169 temerario
1605 1128 1746 1170 ausu

150 1202 386 1260 violator
403 1204 692 1269 exstiterit,
723 1204 768 1259 si
794 1203 1254 1271 sacerdos-fuerit,
1285 1204 1509 1275 proprio
1533 1204 1742 1259 honore

149 1296 420 1366 privetur,
458 1305 513 1351 et
544 1297 852 1354 Christiana
880 1298 1260 1356 communione
1293 1312 1484 1354 cassus
1513 1298 1740 1353 anathe-

151 1386 321 1442 matis
341 1384 559 1443 vinculo
582 1386 908 1454 innodetur;
932 1389 979 1443 si
1001 1387 1194 1454 laicus,
1219 1387 1469 1444 similiter
1481 1396 1741 1458 perpetua

151 1479 504 1536 damnatione
532 1495 655 1534 cum
685 1477 823 1536 Juda
847 1480 1110 1536 traditore
1139 1488 1456 1551 torqueatur
1483 1502 1498 1535 :
1523 1493 1746 1536 conser-

149 1580 316 1627 vator
334 1587 464 1630 vero
481 1572 706 1643 perenni
733 1572 1112 1629 benedictione
1135 1571 1504 1643 apostolorum
1535 1573 1740 1644 princi-

149 1680 285 1734 pum
307 1665 458 1722 Petri
486 1673 541 1723 et
567 1665 719 1721 Pauli
740 1667 916 1722 modis
941 1666 1193 1722 omnibus
1213 1663 1548 1736 perimatur.

837 1777 1059 1835 CLVIII.

613 1885 681 1926 AD
717 1885 974 1926 DIVERSOS
1006 1884 1302 1927 EPISCOPOS.

757 1963 934 2032 (Anno
983 1962 1135 2031 878.)

147 2052 228 2112 Ut
272 2057 535 2112 incusares
579 2057 830 2109 bonorum
888 2053 1142 2109 Ecclesiae
1191 2054 1508 2125 Turonensis
1558 2061 1746 2125 cogant

374 2126 618 2190 reddere,
658 2135 709 2180 et
749 2142 914 2180 nonas
946 2142 1010 2179 ac
1046 2125 1278 2180 decimas
1313 2123 1528 2180 solvere.

232 2217 718 2276 ﬂeverendissimis
751 2225 806 2273 et
845 2217 1199 2274 sanctissimis
1239 2215 1520 2272 Faenum
1562 2216 1744 2274 archi-

150 2312 416 2384 episcopo
471 2309 796 2381 Biturigensi
832 2350 848 2375 ,
906 2319 961 2365 et
1014 2311 1265 2366 Assumo
1316 2308 1687 2366 Lemovicensi
1725 2326 1744 2374 ;

151 2403 437 2460 Hscntoo
459 2401 783 2467 Pictavensi,
807 2403 1011 2458 Dones:
1030 2401 1422 2467 Andecavensi,
1450 2400 1748 2456 Romano

152 2491 580 2558 Cenomanensi,
620 2490 1000 2548 HILDEPRANDO
1028 2490 1275 2561 Sagiensi
1308 2490 1595 2561 episcopis,
1644 2504 1748 2550 nec

151 2599 274 2639 non
308 2591 364 2638 et
405 2582 524 2638 aliis
549 2583 796 2638 omnibus
813 2582 1080 2654 episcopis
1104 2590 1161 2638 et
1187 2582 1496 2648 comitibus,
1520 2581 1747 2652 aliisque

148 2672 409 2744 personis
433 2672 748 2738 illustribus,
777 2681 979 2728 sancta:
1026 2671 1124 2727 Dei
1172 2671 1426 2729 Ecclesiae
1471 2671 1742 2737 ﬁdelibus,

150 2764 217 2819 in
241 2780 470 2834 quorum
492 2764 758 2835 parochiis
779 2764 952 2820 sancti
973 2764 1218 2820 Mauricii
1240 2764 1400 2836 (nunc
1423 2764 1481 2820 S.
1508 2764 1744 2832 Gatiani,

150 2853 364 2925 Hann.)
398 2854 726 2912 Turonensis
755 2853 1005 2910 Ecclesiae
1035 2855 1233 2925 prazdia
1261 2869 1381 2912 esse
1407 2856 1673 2911 videntur.

231 2945 474 3011 Quorum
527 2946 768 3002 omnium
837 2944 1160 3016 religiositas
1218 2962 1313 3004 seu
1373 2947 1743 3002 universorum

149 3047 453 3110 pernoscat
519 3036 750 3092 ﬁdelitas
805 3037 1059 3106 quoniam
1093 3077 1109 3102 ,
1165 3046 1425 3091 narrante
1477 3037 1746 3093 Adelardo

147 3102 461 3186 venerabili
495 3102 927 3200 archiepiscopo,
955 3128 1291 3200 pontiﬁcium
1325 3135 1568 3183 nostrum
1605 3129 1742 3183 didi-
1775 3102 1820 3165 (οἶ

151 3225 237 3278 cit
263 3221 496 3292 qualiter
517 3224 759 3294 quidam,
790 3221 996 3292 absque
1036 3222 1214 3292 legum
1241 3222 1485 3278 omnium
1515 3222 1750 3278 auctori-

153 3323 300 3381 tate,
333 3323 442 3370 tam
485 3315 711 3372 comites
753 3329 1022 3386 quamque
1066 3308 1268 3370 subditi
1315 3329 1524 3379 eorum,
1575 3314 1751 3370 sancti

127 3405 412 3462 .Maurieii
435 3403 764 3462 Turonensis
781 3404 1035 3460 Ecclesiae
1063 3420 1153 3460 res
1180 3406 1399 3460 invasas
1423 3420 1557 3462 ausu
1585 3414 1754 3461 teme-

151 3499 312 3554 rario
339 3506 574 3553 teneant.
617 3495 768 3551 Unde
791 3497 1108 3551 mandamus
1136 3506 1430 3568 nostraque
1455 3498 1752 3568 apostolica

151 3589 491 3646 auctoritate
510 3603 766 3658 expresse
786 3585 1040 3655 iubemus
1072 3597 1133 3641 ut
1175 3603 1269 3644 eos
1316 3590 1593 3645 invasores
1642 3590 1754 3660 pri-

154 3679 336 3736 mitus
356 3680 640 3742 manicatis,
665 3687 726 3734 ut
745 3679 892 3749 ipsas
909 3693 1019 3742 res,
1045 3679 1192 3738 omni
1214 3680 1500 3736 occasione
1521 3689 1751 3747 remota,

119 3765 124 3770 ’
157 3770 270 3844 ipsi
300 3769 538 3842 praefata;
580 3769 834 3834 Ecclesiae
879 3770 1108 3826 reddere
1142 3779 1422 3842 satagant;
1468 3782 1524 3826 et
1556 3772 1603 3829 si
1649 3772 1754 3844 ipsi

159 3862 308 3922 torte
344 3863 531 3920 audire
559 3861 846 3928 noluerint,
892 3877 989 3920 vos
1013 3863 1298 3920 unanimes
1324 3879 1514 3921 omnes
1540 3881 1753 3937 unoque

160 3966 436 4019 conventu
479 3972 582 4029 pro
626 3970 787 4026 posse
833 3955 1066 4020 collecti,
1115 3964 1302 4018 nostra
1352 3972 1588 4014 censura
1625 3959 1755 4016 illos

160 4048 639 4108 excommunicare
665 4047 921 4110 debeatis,
965 4063 1242 4119 usquequo
1288 4050 1437 4120 ipsas
1467 4065 1559 4106 res
1583 4051 1652 4106 ab
1675 4053 1755 4108 eis

165 4141 367 4210 injuste
396 4149 640 4198 retentas
675 4139 922 4196 reddant.
959 4139 1028 4196 Et
1056 4141 1124 4206 si,
1151 4143 1293 4211 quod
1319 4157 1434 4198 non
1457 4144 1751 4211 credimus,

166 4235 255 4312 bis
282 4234 526 4289 censuris
564 4232 935 4289 inobedientes
966 4231 1181 4298 fuerint,
1231 4242 1288 4289 et
1327 4235 1396 4288 ad
1425 4234 1756 4291 satisfactio-

135 4339 296 4386 .nem
338 4325 525 4380 venire
559 4324 891 4388 distulerint,
921 4333 976 4380 et
1004 4323 1269 4393 justitiam
1318 4325 1385 4380 de
1429 4326 1756 4396 perpetratis

167 4413 352 4473 facere
391 4417 679 4481 noluerint,
719 4416 789 4469 ab
830 4414 976 4472 omni
1025 4414 1334 4472 Christiana
1373 4419 1756 4474 communione

170 4507 295 4564 illos
320 4519 501 4565 nostra
528 4507 850 4564 auctoritate
865 4505 1104 4574 judicate
1132 4523 1252 4564 esse
1283 4509 1570 4566 immunes.
1606 4511 1753 4568 Inter

172 4597 292 4656 haec
319 4601 482 4655 etiam
513 4600 632 4656 illos
662 4606 876 4656 monete
909 4607 968 4653 ut
995 4615 1173 4655 nonas
1197 4609 1254 4656 et
1273 4603 1756 4666 decimas,-secun-

175 4690 304 4744 dum
342 4692 620 4762 antiquam
644 4690 1122 4758 consuetudinem,
1151 4693 1346 4762 quibus
1373 4695 1502 4752 dare
1529 4696 1754 4761 debent,

177 4786 485 4854 postpositis
521 4784 722 4840 illicitis
751 4783 1150 4852 occasionibus,
1173 4787 1304 4842 dare
1333 4787 1556 4844 minime
1595 4786 1753 4844 dill‘e-

181 4883 316 4928 rant.
353 4874 574 4930 Domum
597 4872 972 4934 indicimusut
988 4890 1180 4934 omnes
1202 4893 1290 4934 res
1311 4876 1551 4948 praefatae
1577 4877 1758 4934 Eccle-

181 4964 269 5018 sia:
305 4963 480 5028 sancti
512 4962 779 5028 Mauricii,
815 4978 938 5032 qua:
985 4966 1038 5021 in
1072 4969 1268 5024 vestris
1311 4969 1554 5030 existunt
1597 4982 1762 5038 paro-

167 5056 328 5124 .cbiis,
355 5056 642 5116 defendere
667 5056 738 5112 ab
763 5057 1016 5125 omnibus
1047 5057 1284 5120 inimicis
1310 5060 1589 5127 debeatis;
1621 5074 1761 5131 quo-

182 5146 316 5204 niam
362 5148 407 5203 si
461 5145 621 5210 aliter
667 5144 960 5216 feceritis,
999 5157 1056 5205 et
1103 5161 1303 5210 nostra:
1349 5166 1598 5212 censura:
1652 5166 1760 5208 non

180 5237 501 5307 obedieritia,
551 5237 820 5307 canonico
865 5241 1090 5304 saneitu,
1131 5242 1425 5306 ferietuini.

874 5355 1055 5411 (suis.

1915 437 2118 491 veniam
2143 446 2337 508 petant.

1914 545 2106 603 Massa
2139 547 2354 604 Dolensi
2383 547 2659 620 episcopo,
2688 563 2788 604 nec
2812 563 2921 604 non
2957 556 3012 603 et
3042 547 3291 605 omnibus
3319 545 3434 619 epi-

1843 640 2023 710 scopis
2049 639 2392 707 Britannicis,
2417 655 2513 698 seu
2535 641 2804 698 universis
2829 649 3034 698 sanctae
3056 639 3150 696 Dei
3175 637 3436 697 Ecclesiae

1846 717 2132 788 ﬁdelibus.
2600 783 2606 794 ,

1917 822 2275 882 Sanctitatem
2303 837 2400 879 seu
2431 824 2750 880 ﬁdelitatem
2791 823 3034 879 omnium
3084 836 3245 880 nosse
3278 822 3434 878 volu-

1845 930 1966 972 mus
1989 916 2114 987 quia
2143 916 2270 972 dum
2310 914 2496 971 Treeis
2535 916 2802 989 synodum
2843 914 3266 982 celebraremus,
3313 929 3441 985 sug-
3517 909 3524 916 ’

1844 1006 2087 1076 gestione
2112 1005 2366 1063 Adelardi
2396 1006 2784 1079 archiepiscopi
2807 1005 3209 1064 consacerdotis
3234 1005 3431 1074 nostri,

1845 1098 2151 1154 audivimus
2193 1100 2334 1170 quod
2381 1115 2478 1156 vos
2517 1107 2746 1155 matrem
2791 1111 3029 1156 vestram
3061 1100 3436 1157 Turonensem

1843 1191 2146 1248 Ecclesiam
2177 1193 2556 1264 despicientes,
2587 1195 2883 1252 secundum
2909 1195 3186 1266 antiquam
3204 1210 3437 1251 consue-

1846 1285 2088 1342 tudinem
2117 1284 2191 1340 illi
2215 1285 2437 1342 obedire
2465 1284 2714 1354 dill'ertis,
2749 1296 2804 1342 et
2835 1287 3181 1358 privilegium
3212 1302 3242 1342 a
3279 1287 3440 1344 beato

1843 1377 2008 1435 Petro
2031 1378 2277 1450 apostolo
2300 1379 2380 1435 illi
2410 1394 2574 1450 supra
2602 1395 2702 1436 vos
2729 1396 3048 1437 concessum
3071 1381 3321 1452 frangere
3345 1374 3447 1435 co-'

1835 1465 2094 1537 "nemini,
2163 1471 2515 1541 debitumque
2565 1471 2826 1526 honorem
2878 1472 2980 1542 ipsi
3034 1471 3442 1542 archiepisc0po

1843 1571 2027 1617 vestro
2053 1562 2345 1618 observare
2387 1561 2675 1634 negligitis,
2707 1571 2762 1617 et
2789 1562 2991 1616 malum
3031 1577 3190 1632 supra
3237 1561 3439 1616 malum

1847 1654 2138 1721 addentes,
2167 1654 2426 1726 praedicto
2457 1654 2623 1725 capiti
2648 1663 2830 1710 vestro
2858 1655 3059 1724 praedia
3089 1656 3306 1711 auferre
3332 1669 3438 1708 non

1767 1739 2164 1804 Bformidatis.
2211 1747 2359 1802 later
2411 1747 2533 1803 haec
2581 1747 2771 1814 etiam,
2822 1754 2876 1802 et
2921 1747 3146 1816 praefato
3199 1747 3443 1802 antistite

1844 1847 2126 1905 narrante,
2150 1847 2205 1894 et
2233 1839 2355 1894 aliis
2373 1838 2708 1909 coepiscopis
2729 1838 2980 1894 similiter
3001 1838 3436 1904 conferentibus,

1844 1930 2152 1986 audivimus
2182 1938 2242 1986 ut
2262 1945 2358 1985 vos
2388 1945 2497 1985 non
2527 1930 2751 2000 antiquo
2777 1945 2930 1985 more
2965 1946 2995 1985 a
3028 1941 3210 1987 vestro
3249 1940 3445 1988 metro-

1843 2022 2088 2096 politano
2123 2022 2426 2078 consecrati
2468 2022 2731 2089 fuissetis,
2769 2024 2864 2079 sed
2909 2022 3150 2093 expulsis
3190 2022 3442 2091 legitimis

1845 2114 2113 2186 episcopis
2141 2114 2209 2170 de
2253 2112 2491 2178 sedibus,
2523 2113 2637 2168 sola
2666 2114 2907 2184 potentia
2940 2112 3092 2167 ducis
3117 2111 3284 2166 vestri
3305 2111 3443 2167 alter

1847 2204 1915 2260 ab
1953 2191 2125 2262 altero
2164 2215 2515 2260 consecratus
2555 2201 2676 2258 fuit.
2716 2201 3091 2271 Quodimirati
3119 2200 3339 2266 fuimus,
3365 2211 3440 2269 et,

1848 2299 1894 2355 si
1923 2299 1996 2354 ita
2027 2306 2132 2363 est,
2161 2307 2369 2356 tantum
2391 2297 2544 2354 nefas
2573 2297 2890 2364 delebimus,
2916 2305 2970 2353 et
2991 2297 3307 2362 vindictam,
3340 2295 3442 2350 nisi

1848 2390 2244 2457 satisfeceritis,
2283 2390 2636 2447 nihilominus
2661 2389 2906 2445 dabimus
2934 2407 2948 2444 :
2973 2389 3099 2460 quia
3127 2405 3234 2446 non
3263 2396 3445 2460 pasto-

1847 2484 2083 2550 res,.sed
2110 2483 2388 2538 invasores
2422 2482 2589 2538 fuisse
2615 2483 2920 2538 cernimini.
2959 2481 3298 2560 Quapropter
3327 2499 3445 2538 mo—

1848 2592 2059 2644 nemus,
2111 2576 2515 2647 apostolicaque
2552 2576 2876 2631 auctoritate
2911 2591 3165 2646 expresse
3197 2575 3445 2648 praecipi-

1848 2686 1989 2734 mus,
2018 2678 2080 2724 ut
2107 2668 2174 2724 ad
2207 2685 2302 2726 cor
2333 2670 2641 2736 redeuntes,
2683 2671 2749 2724 ad
2776 2677 3004 2723 matrem
3032 2677 3269 2724 vestram
3318 2684 3445 2723 san~

1849 2773 1991 2820 ctam
2020 2763 2393 2819 Turonensem
2422 2761 2719 2819 Ecclesiam
2748 2762 3115 2828 revertamini,
3153 2771 3209 2817 et
3250 2775 3445 2817 secun-

1849 2854 1976 2910 dum
2005 2853 2285 2924 antiquam
2316 2852 2764 2909 consuetudinem
2806 2853 2883 2908 illi
2911 2853 3131 2909 obedire
3162 2853 3443 2923 satagatis,

1849 2946 1993 3000 etde
2021 2953 2333 3014 perpetrato
2362 2943 2626 2999 hactenus
2666 2943 2769 3014 ipsi
2808 2951 2988 3000 vestro
3039 2943 3444 3014 archiepiscopo

1849 3035 2118 3090 Adelardo
2165 3035 2592 3090 misericordiam
2642 3035 2920 3104 quaeratis,
2969 3043 3238 3105 quatenus
3285 3051 3446 3103 super

1852 3126 2104 3183 omnibus
2126 3127 2467 3198 negligentiis
2480 3127 2620 3198 apud
2639 3142 2910 3181 summum
2927 3128 3210 3183 Arbitrum
3232 3128 3443 3181 veniam

1852 3217 2052 3274 habere
2081 3217 2324 3289 possitis.
2371 3217 2636 3286 Quoniam
2679 3216 2725 3272 si
2778 3216 2936 3271 aliter
2975 3216 3234 3284 feceritis,
3285 3233 3446 3272 cano-

1853 3310 1976 3365 nica
2032 3311 2354 3366 auctoritate
2408 3309 2563 3367 eritis
2613 3311 2962 3366 nihilominus
3008 3309 3279 3376 feriendi,
3321 3320 3374 3366 et
3417 3327 3446 3365 a

1853 3410 2039 3456 nostra
2080 3401 2458 3457 communione
2516 3402 2690 3458 modis
2747 3402 2997 3456 omnibus
3045 3399 3338 3467 alienandi,
3395 3411 3449 3454 et

1853 3493 2031 3548 omnis
2065 3503 2246 3548 vestra
2267 3493 2538 3548 ordinatio
2573 3510 2602 3548 a
2632 3509 2842 3549 summa
2864 3495 2991 3550 sede
3021 3492 3310 3566 apostolica
3337 3485 3444 3550 sci-

1856 3586 1984 3642 licet
2021 3587 2343 3657 respuenda.
2396 3587 2531 3643 Data
2561 3597 2617 3643 ut
2644 3606 2822 3659 supra.

2575 3701 2730 3758 CLX.
3089 3753 3092 3756 .

1893 3811 1962 3851 AD
1998 3808 2386 3870 Αωλτειςβεκ
2421 3809 2494 3850 ΕΤ
2531 3810 2914 3852 NABDONENSEI
2951 3810 3408 3862 Λιωιιιειιιθοοιδοε,

2461 3886 2640 3955 (Anno
2678 3886 2829 3958 878.)

1860 3979 1930 4036 Ut
1953 3996 2168 4036 causam
2191 3980 2326 4034 inter
2349 3977 2700 4035 Uceticemem
2732 3989 2782 4032 et
2815 3979 3224 4043 Avempueuscm
3245 3983 3450 4042 euiacoo

2319 4067 2411 4120 pos
2435 4050 2682 4104 canonice
2708 4050 2983 4117 deﬁniant.

1931 4145 2219 4199 Rosraoso
2255 4140 2553 4196 venerabili
2589 4141 2996 4214 archiepiscopo
3031 4147 3353 4211 ArctatenSI,
3394 4153 3452 4200 et

1861 4237 2128 4292 SIGEBODO
2165 4232 2519 4288 Narbonensi.
3313 4284 3316 4288 ,

1932 4324 2217 4380 Sanctitati
2243 4333 2434 4378 vestrae
2480 4331 2668 4380 notum
2712 4333 2797 4380 est
2836 4326 3069 4396 qualiter
3110 4324 3452 4384 Walefredus

1861 4418 2194 4475 Uceticensis
2236 4416 2491 4473 Ecclesia:
2534 4417 2818 4489 cpiscopus
2848 4420 2916 4475 ad
2951 4419 3214 4492 synodum
3263 4435 3450 4490 quam,

1861 4513 1972 4566 Deo
2003 4517 2243 4574 auctore,
2273 4508 2412 4578 apud
2439 4507 2641 4564 Trecas
2660 4509 3079 4576 celebravimus,
3107 4510 3452 4566 reclamatio-

1858 4603 1944 4659 nis
1987 4600 2222 4657 libellum
2273 4599 2468 4658 obtulit
2509 4616 2672 4670 super
2717 4601 3043 4662 Raetefredo
3081 4604 3458 4661 Avenionense

1859 4694 2138 4768 episcopo,
2165 4696 2309 4761 quod
2338 4694 2389 4764 ei
2399 4695 2711 4764 quamdam
2743 4698 2922 4754 villam
2951 4697 3024 4753 ad
3061 4681 3215 4751 suam
3254 4693 3458 4757 sedem,

1862 4787 1976 4842 sive
2004 4783 2347 4856 parochiam,
2395 4783 2771 4858 pertinentem
2806 4789 3140 4846 abstulisset.
3191 4782 3297 4838 Sed
3333 4781 3463 4848 quia

1865 4874 2246 4939 Ractefredus,
2301 4880 2366 4935 de
2405 4889 2517 4949 quo
2563 4882 2790 4945 querela
2845 4890 2980 4944 erat,
3031 4874 3234 4945 synodo
3281 4869 3469 4936 defuit,

1866 4967 2070 5028 idcirco
2128 4964 2474 5028 fraternitati
2509 4978 2738 5048 .vestrge
2800 4967 3098 5046 apostolica
3157 4963 3478 5020 auctoritate

1866 5062 2193 5124 mandamus
2215 5073 2308 5132 ut,
2336 5061 2648 5122 coadunato
2674 5080 2900 5124 numero
2949 5058 3349 5131 episcoporum,
3390 5069 3483 5110 eo-

1866 5167 1985 5210 rum
2009 5163 2238 5210 eausam
2274 5155 2544 5222 canonico
2567 5147 2780 5218 iudicio
2804 5154 3022 5216 ﬁniatis,
3050 5148 3124 5203 ita
3152 5145 3488 5218 (liseiitiendo

1867 5255 1925 5306 et
1964 5243 2402 5323 determinando,
2446 5249 2619 5316 tanta:
2663 5238 3108 5318 praesumptionis
3137 5236 3492 5302 invasionern,

1829 5394 1832 5396 _
1867 5351 1928 5399 ut
1980 5354 2149 5402 nemo
2190 5347 2591 5416 episcoporum
2638 5352 2952 5400 vestrorum
3004 5339 3196 5430 centra
3228 5329 3498 5430 canonica
