4042 6302
477 461 582 527 sos
1727 482 1731 486 -
1783 447 2051 517 totum

2163 453 2307 515 ipsi
2341 449 2451 515 viil
2479 462 2488 468 ·
2570 446 2582 454 “
3651 459 3783 522 set

477 585 678 654 absque
717 575 970 637 diiatiOne
1016 569 1285 639 debeatis,
1324 583 1394 630 ne
1441 572 1717 642 querendo
1760 570 2050 626 assumatis
2080 569 2266 632 Alam
2290 571 2355 625 de
2384 572 2651 642 epiScopts
2671 577 2736 628 Ve
2788 571 3160 630 eaeerdotibIIs
3190 613 3206 640 ,
3265 573 3346 630 vel
3403 575 3473 632 de
3530 577 3788 646 quibur

2165 671 2374 732 cunque
2404 659 2673 730 ﬁdelibus,
2712 669 2812 734 per
2847 671 2927 731 se,
2976 665 3380 736 suppositamve
3433 681 3786 738 personam,

475 680 709 738 laborem
737 691 832 745 pro
863 672 952 726 tali
987 671 1217 741 negotio.
1259 668 1518 739 Optamus
1537 667 1930 723 fraternitatem
1958 680 2055 719 ve—

475 776 641 825 stram
669 765 718 820 in
750 763 964 820 Christo
988 763 1122 817 bene
1151 751 1347 814 valere.

649 980 992 1024 PRIVILEGIUI
1019 979 1117 1020 PRO
1147 977 1483 1019 MONAB'I‘EMO
1509 977 1891 1017 VIZELIACENSI.

1113 1049 1288 1128 (Anno
1314 1047 1462 1126 878.)

650 1145 1045 1225 Con/innatum
1064 1141 1419 1202 immunitates
1441 1143 1565 1199 olim
1588 1147 1862 1200 concessis.

873 1233 1046 1313 (Apud
1076 1234 1363 1293 Acherinm
1394 1233 1673 1306 Spicileg.)

543 1335 774 1393 lamnas
818 1311 1104 1404 episcopus
1153 1331 1341 1384 servus
1384 1327 1660 1382 servdrum
1706 1317 1802 1381 Dei
1853 1311 2077 1381 Eunoni

474 1423 770 1487 venerabili
820 1415 1003 1480 abbati
1052 1411 1433 1477 Vizeliacensis
1483 1409 1752 1483 coenobii,
1800 1417 2058 1487 oniniQue

476 1511 880 1589 congregationi
909 1507 1147 1583 ejusdem
1171 1505 1486 1563 monasterii
1512 1499 1564 1561 i‘n
1590 1505 1930 1577 perpetuum.

545 1609 767 1679 Quoties
797 1605 886 1665 illa
918 1602 1077 1661 tribui
1103 1621 1132 1658 a
1164 1595 1321 1658 nobis
1361 1603 1639 1672 optantur,
1693 1615 1813 1670 quae
1859 1595 2090 1656 rationi.

474 1705 850 1760 incunctanter
881 1697 1230 1759 conveniunt,
1279 1691 1461 1747 animo
1511 1703 1610 1747 nos
1660 1689 1819 1746 debet
1871 1689 2056 1746 libenti

474 1798 792 1860 concedere,
837 1804 892 1849 et
944 1791 1241 1863 petentium
1295 1785 1579 1843 desideriis
1624 1801 1918 1856 congruum
1959 1785 2059 1840 im-

472 1890 662 1962 pertiri
685 1883 1020 1958 suffragium.
1051 1883 1226 1952 Atque
1250 1881 1373 1935 ideo
1414 1879 1541 1950 quia
1593 1877 1874 1948 postulasti
1900 1893 1930 1931 a
1957 1884 2054 1932 'no-

473 1982 557 2038 bis
584 1991 848 2052 quatenus
874 1975 1212 2048 privilegium
1245 1971 1390 2027 sedis
1425 1963 1733 2041 apostolicae
1783 1975 2056 2024 monaste-

474 2073 556 2128 rio
577 2065 868 2133 Vizeliaco,
899 2067 986 2123 cui
1013 2080 1244 2136 praeesse
1273 2058 1635 2141 dignOScei-is,‘
1655 2063 1796 2130 quod
1843 2063 2072 2117 constat

473 2163 602 2222 olim
628 2179 656 2216 a
683 2159 926 2217 Gerardo
948 2150 1281 2213 nobilissimo
1314 2159 1368 2209 et
1415 2147 1877 2210 ChristianiSSimo
1919 2153 2052 2218 viro,

475 2269 684 2314 necnon
713 2262 767 2308 et
802 2246 964 2307 Berta
1012 2264 1180 2304 uxore
1224 2247 1341 2318 ejus
1395 2246 1445 2300 in
1492 2246 1698 2300 honore
1751 2241 1962 2300 Domini
2001 2249 2058 2300 et

476 2345 776 2404 Salvatoris
806 2342 977 2399 nostri
1005 2335 1132 2396 Jcsu
1165 2337 1366 2394 Christi
1391 2345 1442 2392 et
1467 2337 1817 2392 veneratione
1853 2333 2055 2392 beatis-

472 2441 625 2498 sima:
654 2452 866 2508 semper
894 2432 1120 2505 virginis
1148 2426 1330 2485 Mariae
1359 2427 1636 2500 genitricis
1668 2425 1907 2497 ejusdem
1947 2423 2054 2484 Do-

473 2531 606 2586 mini
639 2527 808 2583 nostri
831 2523 958 2581 Jesu
987 2517 1188 2579 Christi
1217 2525 1620 2586 constructam;
1666 2519 1720 2574 in
1746 2527 1911 2591 regno
1952 2520 2058 2575 sci-

472 2624 602 2680 licet
630 2619 972 2693 Burgundize,
997 2620 1051 2673 in
1073 2633 1209 2688 pago
1250 2609 1502 2669 Avalensi
1535 2613 1785 2683 quodque
1808 2625 1836 2666 a
1863 2611 2054 2682 praefa-

473 2717 546 2772 tis
573 2707 948 2770 fundatoribus
991 2710 1151 2766 beato
1192 2704 1354 2761 Petro
1406 2704 1773 2775 apostolorum
1820 2703 2053 2773 principi

472 2808 564 2882 pia
584 2805 869 2864 devotione
893 2809 948 2858 et
974 2799 1281 2858 testamenti
1308 2787 1500 2868 pagina
1522 2793 1776 2850 collatum
1825 2797 1924 2858 est,
1974 2788 2055 2848 fa-

473 2913 600 2956 cere
639 2897 961 2952 deberemus
1021 2895 1034 2945 ξ
1087 2888 1324 2945 inclinati
1377 2887 1629 2957 precibus
1674 2887 1796 2949 tuis,
1830 2884 2058 2940 libenter

475 2988 592 3045 ﬁeri
623 2983 982 3048 decrevimus,
1008 2993 1104 3052 per
1129 2979 1272 3050 quod
1322 2973 1578 3031 nimirum
1624 2975 1933 3046 apostolicae
1972 2989 2056 3031 se-

479 3081 561 3138 dis
611 3076 950 3150 privilegium
1000 3069 1406 3134 conﬁrmamus,
1447 3071 1610 3139 atque
1650 3068 1956 3134 statuimus,
1999 3071 2057 3122 ut

476 3169 604 3227 nulli
631 3185 837 3240 regunt,
873 3163 1002 3220 nulli
1027 3161 1353 3224 antistitum,
1413 3157 1541 3213 nulli
1599 3157 1880 3225 comitum,
1924 3156 2054 3212 nulli

475 3264 726 3334 cuiquam
756 3259 844 3314 alii
888 3253 1048 3312 liceat
1075 3254 1250 3324 ipsum
1282 3251 1670 3307 monasterium
1715 3251 2051 3323 perturbare,

2161 756 2228 811 de
2255 755 2598 814 ordinatith
2617 757 2856 828 ejusdem
2881 758 3116 827 abbatis,
3152 761 3234 818 vel
3268 762 3628 830 clericus-um,
3671 771 3782 822 aut

2162 849 2621 919 presbyterorum,
2673 848 2760 906 vel
2805 849 2873 907 de
2929 851 3216 923 largitione
3255 854 3605 923 chrismatis,
3672 855 3778 912 aut

2161 940 2572 996 consecratione
2603 941 2859 1008 basilicae,
2890 941 2976 998 vel
2999 943 3065 999 de
3111 938 3537 1016 quibuscunque
3578 949 3778 1003 censis

2161 1031 2227 1084 ad
2251 1032 2394 1087 idem
2414 1033 2803 1090 monasterium
2831 1035 3251 1105 pertinentibus,
3277 1037 3481 1092 audere
3529 1039 3589 1092 in
3630 1047 3780 1108 qua-

2073 1136 2075 1138 ·
2157 1119 2291 1176 libet
2316 1123 2496 1192 specie
2516 1124 2694 1178 exenii
2743 1122 2862 1179 loco
2909 1125 3202 1195 quidquam
3252 1127 3532 1198 accipere,
3587 1141 3780 1200 neque

2158 1213 2408 1267 eumdem
2435 1212 2683 1268 abbatem
2708 1229 2810 1284 pro
2844 1215 3190 1271 ordinatione
3216 1227 3313 1272 sua
3362 1218 3581 1289 aliquid
3631 1217 3780 1276 dare

2157 1315 2485 1370 praesumere
2510 1341 2526 1370 ,
2567 1317 2636 1359 ne
2674 1306 2776 1360 hac
2825 1307 3133 1373 occasione,
3185 1321 3249 1363 ea
3291 1323 3415 1378 quae
3440 1324 3471 1364 ι
3507 1310 3780 1368 ﬁdelibts

2159 1393 2247 1462 pio
2273 1392 2391 1448 loco
2422 1392 2723 1450 oﬁ'eruntur
2747 1406 3152 1453 consumantur.
3223 1398 3411 1468 Neque
3464 1401 3776 1471 episcopo

2159 1483 2392 1540 civitatis
2421 1485 2592 1555 ipsius
2615 1487 2906 1556 parochias,
2926 1488 3032 1544 nisi
3054 1489 3124 1544 ab
3147 1488 3342 1544 abbate
3367 1490 3550 1560 ipsius
3567 1507 3769 1546 mona-

2158 1575 2309 1629 sterii
2335 1576 2614 1642 invitatus,
2656 1577 2859 1633 ibidem
2884 1579 3132 1648 publicas
3167 1580 3364 1636 missas
3397 1589 3554 1652 agat,
3581 1594 3772 1653 neque

2158 1666 2420 1721 stationes
2449 1667 2504 1721 in
2554 1667 2743 1724 eodem
2787 1669 3039 1724 cmnobio
3076 1669 3302 1737 indicat,
3347 1685 3419 1726 ne
3469 1685 3764 1728 servorum

2163 1756 2259 1810 Dei
2283 1758 2440 1826 quies
2493 1763 2873 1830 qucquomodo
2920 1761 3166 1832 populari
3213 1748 3490 1819 conventu
3540 1773 3758 1832 pertur-

2158 1846 2278 1901 bari
2299 1848 2497 1916 valeat,
2525 1864 2700 1921 neque
2719 1860 2964 1922 paratas,
2992 1860 3087 1907 aut
3112 1854 3542 1910 mansionaticos
3559 1856 3758 1910 exinde

2161 1949 2452 2006 prmsumat
2471 1942 2710 2012 exigere.
2749 1942 3159 2015 Susceptionem
3209 1953 3400 2000 autem
3427 1945 3666 2000 ﬁdelium
3699 1956 3757 2002 et

2161 2031 2540 2102 religiosorum
2590 2036 2834 2091 virorum
2886 2044 3050 2108 atque
3101 2037 3544 2104 beneﬁcentiam,
3595 2053 3750 2108 qua

2155 2119 2313 2191 jubet
2338 2122 2629 2193 Apostolus
2653 2126 2862 2181 cunctis
2889 2126 3249 2182 exhibendam
3271 2143 3372 2198 pro
3395 2128 3755 2196 possibilitate

2161 2211 2264 2266 loci
2290 2222 2345 2267 et
2379 2213 2726 2282 facultatum,
2756 2231 2865 2272 non
2895 2217 3056 2272 modo
3082 2217 3282 2273 ibidem
3312 2218 3441 2273 ﬁeri
3469 2217 3636 2290 [non]
3661 2220 3752 2274 de-

2161 2324 2442 2379 negamus,
2469 2325 2655 2366 verum
2680 2313 2845 2367 etiam
2872 2313 3197 2370 suademus:
3229 2318 3325 2372 sed
3346 2325 3407 2371 et
3463 2317 3663 2372 modus
3705 2321 3754 2372 ia

2162 2415 2388 2458 numero
2420 2406 2860 2475 congregationis
2909 2407 3048 2461 adeo
3093 2417 3480 2474 conservetur,
3543 2420 3609 2464 ut
3663 2425 3756 2466 nec

2159 2494 2441 2564 pluralitas
2467 2498 2774 2567 penuriam,
2799 2509 2901 2554 nec
2927 2500 3178 2568 paucitas
3205 2501 3645 2558 inhabitantium
3673 2504 3762 2560 do-

2163 2585 2499 2644 stitutionem
2527 2587 2633 2650 loci
2667 2589 2924 2646 inducere
2968 2591 3164 2646 valeat.
3218 2576 3588 2665 Privilegium
3627 2611 3757 2666 quo-

2162 2693 2267 2748 que
2290 2696 2322 2734 a
2354 2682 2757 2750 pmdecessore
2789 2692 2978 2739 nostro
3001 2684 3102 2753 pia:
3147 2685 3433 2741 memorias
3464 2701 3611 2758 papa
3663 2687 3760 2743 Ni-

2161 2773 2314 2828 colao
2339 2775 2518 2829 cidem
2545 2777 2874 2832 monasterio
2902 2776 3158 2832 collatum
3189 2786 3380 2834 nostra
3433 2781 3764 2838 auctoritate

2162 2861 2565 2930 conﬁrmamus,
2610 2873 2839 2935 excepto
2877 2865 3140 2921 duntaxat
3165 2869 3309 2936 quod
3338 2869 3461 2939 ipse
3511 2871 3617 2926 sub
3671 2885 3764 2928 no-

2161 2953 2309 3008 mine
2339 2954 2657 3011 ancillarum
2682 2957 2777 3012 Dei
2801 2973 2922 3027 quae
2944 2958 3143 3014 ibidem
3195 2975 3297 3030 pro
3352 2963 3573 3018 crebris
3622 2965 3764 3021 info-

2163 3046 2484 3102 stationibus
2543 3048 2722 3103 saeculi
2779 3063 2924 3104 nunc
2972 3047 3352 3106 ordinabiliter
3405 3065 3760 3111 auersae-

2160 3144 2386 3205 queunt,
2413 3137 2544 3192 illud
2575 3138 2844 3209 delegavit
2879 3154 3018 3195 :nos
3055 3155 3186 3196 vero
3219 3143 3459 3212 aptioris
3509 3144 3755 3201 utilitatis

2161 3230 2354 3299 gratia,
2400 3232 2501 3286 sub
2549 3231 2735 3288 habitu
2790 3235 3179 3291 monachorum
3235 3251 3362 3293 esse
3392 3251 3760 3311 congruum:-

475 3301 560 3320 νυ,
889 3301 1048 3312 ..ννη
1076 3301 1249 3324 τη---
1715 3301 2051 3323 τηηηπη,

473 3301 663 3410 νθιῚεει
694 3363 811 3421 quae
849 3345 919 3402 ibi
971 3363 998 3400 a
1047 3343 1160 3412 jam
1215 3341 1371 3398 dictis
1415 3339 1814 3405 fundatoribus,
1859 3339 1940 3395 vel
1988 3340 2051 3396 ab

2163 3322 2526 3380 decernimus.
2556 3325 2614 3380 Si
2641 3326 2765 3397 quis
2794 3341 2924 3385 vero
2967 3345 3174 3402 regum,
3212 3301 3618 3402 episcoporum,
3668 3347 3760 3389 εει

473 3445 596 3502 aliis
623 3439 867 3498 ﬁdelibus
887 3437 1065 3494 oblata
1089 3443 1232 3501 sunt,
1256 3433 1337 3488 vel
1371 3433 1425 3488 in
1455 3432 1696 3487 futuram
1716 3429 1902 3487 offerri
1929 3447 2055 3488 con-

472 3537 680 3611 tigerit,
725 3533 824 3589 sub
850 3527 1137 3598 cujuslibet
1185 3539 1383 3590 causae,
1437 3524 1805 3580 occasionisve
1857 3525 2054 3593 specie,

472 3631 738 3689 minuere,
774 3624 856 3679 vel
881 3621 1115 3685 auferre,
1150 3619 1263 3674 sive
1286 3617 1399 3672 suis
1426 3617 1615 3671 usibus
1638 3614 1930 3686 applicare,
1958 3615 2054 3672 sed

472 3726 590 3782 sine
623 3719 992 3791 inquietudine
1034 3715 1087 3769 in
1137 3709 1532 3769 sustentatione
1572 3709 1815 3780 ejusdem
1863 3721 2053 3767 mona-

472 3816 646 3879 sterii,
676 3822 731 3869 et
761 3813 944 3868 usibus
975 3810 1229 3865 abbatum
1271 3811 1325 3862 et
1376 3795 1764 3860 monachorum
1807 3799 1907 3858 Sub
1972 3819 2055 3858 rc-

472 3909 595 3981 gula
621 3907 792 3962 sancti
821 3903 996 3958 Patris
1024 3895 1302 3957 Benedicti
1330 3898 1402 3952 ibi
1427 3898 1539 3952 Deo
1581 3896 1934 3951 militantium
1964 3911 2056 3952 vo-

421 4034 427 4042 -
470 4003 649 4055 lumus
678 4011 740 4052 ea
777 4005 832 4050 et
855 3995 1204 4064 praecipimus
1223 3991 1487 4061 possideri
1517 4007 1530 4042 :
1556 4003 1620 4044 ea
1643 3989 1898 4045 videlicet
1935 4005 2056 4044 con-

472 4095 697 4154 ditione,
727 4098 785 4142 ut
821 4087 999 4140 nullus
1060 4093 1434 4139 successorum
1483 4093 1792 4138 nostrorum
1843 4087 2054 4154 pontiﬁ-

472 4198 594 4238 cum
625 4182 676 4233 in
708 4180 810 4232 hac
840 4185 1022 4231 saneta
1053 4176 1199 4238 sede,
1227 4175 1334 4230 cni'
1355 4183 1573 4230 auctore
1610 4173 1743 4244 Deo,
1767 4178 2052 4246 servimus,

472 4286 711 4340 unquam
736 4269 821 4322 vel
845 4279 1073 4337 usquam
1102 4263 1356 4335 quiddam
1379 4281 1445 4320 ex
1478 4266 1680 4321 eisdem
1724 4268 1887 4323 rebus
1940 4269 2054 4323 cui-

471 4371 634 4433 Quam
660 4358 1002 4423 beneﬁciare,
1036 4363 1392 4420 commutare,
1424 4365 1515 4408 aut
1547 4357 1644 4410 sub
1673 4369 1835 4412 censu
1879 4358 2051 4428 quoli-

471 4454 563 4509 bet
589 4451 887 4508 concedere
925 4464 1023 4519 per
1047 4448 1228 4501 futura
1256 4457 1494 4515 tempora
1523 4447 1778 4517 patiatur,
1807 4449 1900 4504 sed
1925 4463 2050 4504 cen-

470 4561 590 4604 sum
622 4544 993 4600 tantutnmodo
1024 4543 1077 4598 in
1117 4547 1439 4598 testamento
1465 4539 1772 4596 traditionis
1801 4557 1830 4595 a
1853 4541 2048 4598 funda-

391 4691 396 4696 .
468 4642 676 4698 toribus
716 4639 806 4710 qui
859 4651 924 4694 ex
977 4636 1166 4692 eodem
1218 4629 1548 4688 monasterio
1612 4632 1748 4688 hanc
1801 4643 2045 4689 sanctam

469 4731 739 4792 haeredem
769 4729 1064 4784 Romanam
1104 4727 1346 4783 fecerunt
1372 4721 1668 4781 Ecclesiam
1693 4727 1854 4782 etiam
1904 4728 2049 4783 dele-

468 4833 674 4899 gatum,
709 4835 870 4876 unam
903 4817 1153 4874 videlicet
1178 4815 1370 4872 libram
1403 4817 1610 4888 argenti
1635 4818 1793 4873 annis
1819 4817 2045 4889 singulis

467 4925 809 4978 successores
832 4913 1002 4967 nostri
1021 4909 1362 4979 accipientes,
1388 4921 1484 4980 per
1498 4909 1842 4978 paternitatis
1859 4907 2047 4964 suifra-

467 5013 614 5086 gium
643 5009 817 5065 eidem
842 5001 1173 5061 monasterio
1202 4998 1562 5056 sollicitudine
1603 4997 1865 5070 pastorali
1906 4998 2044 5071 vigi-

467 5107 642 5161 lanter
661 5109 847 5159 contra
871 5109 1061 5154 omnes
1083 5092 1401 5149 infestantes
1418 5091 1730 5164 impendere
1763 5093 2016 5149 studeant

464 5187 597 5256 item
619 5191 1018 5256 conStituimus,
1059 5195 1118 5244 ut
1145 5189 1378 5244 obeunte
1405 5185 1596 5241 abbate
1629 5185 1878 5256 praedicti
1926 5199 2016 5242 mo

465 5285 712 5355 naSterii,
744 5302 848 5344 non
877 5283 1014 5342 alius
1043 5281 1114 5339 ibi
1136 5289 1458 5351 quacunque
1505 5278 1837 5351 obreptionis
1894 5287 2042 5335 astu-

463 5377 538 5438 tia
568 5381 864 5444 ordinetur,
890 5377 992 5432 nisi
1015 5385 1174 5447 quem
1203 5381 1498 5430 consensus
1527 5371 1915 5429 monachorum
1961 5383 2041 5428 se-

464 5475 697 5533 cundum
731 5475 979 5530 timorem
1006 5469 1120 5537 Dei,
1151 5479 1203 5526 et
1245 5467 1641 5523 institutionem
1669 5466 1868 5539 regulte'
1905 5473 2037 5522 ‘San-

462 5570 534 5628 cti
565 5563 839 5625 Benedicti
874 5557 1116 5636 elegerit,
1145 5569 1200 5618 et
1229 5557 1387 5631 hujus
1410 5559 1717 5630 apostolicae
1749 5558 2038 5628 sedispon-

461 5659 594 5718 tifex
632 5651 942 5733 praeviderit
963 5649 1342 5721 ordinandum,
1374 5657 1465 5708 aut
1487 5649 1830 5725 silggestlone
1850 5656 2039 5705 mona-

459 5753 683 5816 chorum
721 5745 1056 5809 consenserit
1077 5741 1404 5804 ordinatum.

535 5841 646 5898 Hoc
675 5855 887 5912 quoque
919 5837 1155 5908 capitulo
1174 5837 1426 5909 praesenti
1457 5833 1850 5904 subiungimus,
1875 5837 1933 5885 ut
1953 5830 2034 5886 Io—

463 5952 584 5991 cunt
616 5929 858 5988 avaritiae
889 5925 1247 5990 secluduntus,
1280 5925 1482 5981 nullum
1511 5926 1574 5981 dc
1626 5925 1860 5994 regibus.
1916 5922 2035 5979 nul-

2161 3415 2460 3481 cerdotum,
2488 3414 2765 3484 abbatum,
2784 3418 3049 3489 iudicum,
3076 3421 3354 3486 comitum,
3400 3433 3498 3476 aut
3537 3424 3762 3478 secula—

2160 3507 2300 3561 rium
2322 3521 2699 3576 personarum,
2731 3519 2921 3566 contra
2952 3512 3092 3567 hanc
3121 3522 3315 3568 nostra
3372 3513 3760 3568 institutionis

2158 3597 2409 3668 paginam
2456 3598 2642 3654 venire
2690 3601 2982 3656 tentaverit
3004 3639 3021 3668 ,
3097 3617 3366 3673 percussus
3427 3604 3748 3674 apostolico

2160 3689 2524 3755 anathemate,
2555 3691 2843 3759 potestatis
2875 3693 3166 3749 honorisve
3217 3693 3295 3749 sui
3336 3694 3592 3764 dignitate
3643 3710 3757 3749 ca-

2160 3791 2302 3846 reat,
2333 3795 2600 3851 reumque
2628 3796 2689 3837 se
2717 3797 2903 3838 coram
2929 3784 3112 3838 divino
3162 3785 3367 3853 judicio
3419 3795 3754 3858 cognoscat,

2159 3881 2215 3928 et
2241 3872 2346 3931 nisi
2365 3887 2431 3928 ea
2453 3888 2572 3943 qua:
2596 3889 2627 3928 a
2654 3889 2714 3929 se
2746 3875 2886 3930 male
2912 3885 3035 3933 acta
3092 3885 3221 3931 sunt
3269 3875 3565 3941 deﬁeverit,
3595 3893 3625 3931 ι
3656 3892 3762 3934 ει-

2160 3965 2462 4022 cratissimo
2488 3979 2715 4036 corpore
2741 3966 2954 4022 Domini
2979 3968 3152 4022 nostri
3181 3966 3312 4040 Iesu
3361 3968 3563 4024 Christi
3616 3969 3761 4026 alie-

2159 4071 2259 4111 nus
2287 4057 2400 4122 ﬁat,
2427 4067 2592 4128 atque
2619 4068 2822 4114 aeterno
2844 4060 3083 4114 examini
3109 4060 3368 4116 districta
3381 4060 3604 4116 ultionis
3624 4064 3760 4117 sub-

2151 4147 2349 4216 jaceat.
2377 4147 2598 4205 Cunctis
2622 4158 2804 4205 autem
2835 4150 3010 4205 eidem
3036 4149 3153 4205 loco
3195 4149 3346 4218 justa
3403 4154 3760 4210 servantibus

2157 4239 2228 4294 sit
2253 4256 2358 4309 pax
2382 4240 2595 4298 Domini
2623 4241 2794 4296 nostri
2818 4239 2945 4296 Jesn
2981 4240 3208 4306 Christi,
3237 4247 3509 4312 quatenus
3552 4252 3604 4296 et
3654 4243 3760 4299 hic

2156 4328 2389 4386 fructum
2416 4331 2570 4386 bonae
2596 4319 2828 4388 actionis
2856 4332 3141 4402 recipiant,
3167 4341 3223 4386 et
3246 4334 3387 4402 apud
3437 4334 3756 4390 districtum

2149 4422 2385 4491 judicent
2409 4425 2630 4495 pmmia
2658 4434 2874 4481 aeterna:
2903 4425 3052 4494 pacis
3077 4424 3373 4480 inveniant.

2226 4515 2417 4570 Datum
2445 4531 2542 4584 per
2581 4530 2798 4571 manum
2849 4514 3118 4585 Walperti
3164 4515 3451 4572 humillimi
3501 4516 3757 4589 episcopi

2153 4615 2353 4662 sanctae
2403 4607 2721 4663 Portuensis
2764 4605 3022 4663 Ecclesia
3073 4623 3134 4662 ut
3177 4606 3403 4662 Kalend.
3454 4606 3756 4671 Octobris,

2153 4713 2297 4754 anno
2319 4713 2372 4753 vi
2399 4698 2639 4769 ejusdem
2667 4699 2881 4754 Domini
2921 4698 3146 4755 Joannis
3182 4713 3334 4768 papa:
3368 4696 3502 4760 Vill,
3557 4699 3752 4754 indiet.

2153 4807 2248 4846 xu.
2303 4789 2574 4860 Scriptum
2616 4805 2746 4848 vero
2775 4807 2874 4861 per
2916 4806 3136 4845 manum
3177 4788 3396 4860 Georgii
3425 4790 3624 4844 notarii
3653 4807 3754 4845 re-

2150 4884 2380 4956 gionarii
2407 4892 2463 4940 et
2487 4884 2762 4940 scriniarii
2792 4894 2992 4940 sanctae
3020 4883 3280 4938 Romans:
3302 4880 3584 4937 Ecclesiae.

2572 5101 2638 5139 AD
2671 5097 2954 5141 WYBBODUI
3005 5093 3312 5142 ειιιθηονυιι

2741 5182 2758 5243 t
2774 5180 2928 5234 Anno
2973 5181 3134 5251 878.)

2143 5291 2482 5349 Coinmendat
2513 5292 2654 5347 illius
2695 5293 2845 5358 ﬁdem
2869 5336 2882 5358 ,
2919 5291 3162 5346 hortatur
3205 5298 3260 5345 tit
3305 5286 3532 5362 legatam
3567 5289 3754 5362 mitte!

2213 5375 2487 5435 antequam
2521 5377 2636 5416 cum
2667 5361 3054 5418 Cut‘oloﬂtauno
3095 5365 3150 5416 in
3187 5362 3503 5432 colloquium
3543 5361 3750 5422 cuius,

2213 5437 2295 5488 cui
2323 5453 2440 5488 eum
2468 5451 2670 5505 quoque
2709 5437 2954 5488 interesse
2971 5435 3138 5503 jubet.

2219 5546 2687 5602 Reverendissimo
2731 5555 2785 5599 et
2821 5544 3164 5599 sanctissimo
3203 5541 3462 5598 Wmaono
3509 5552 3745 5592 venera-

2145 5638 2238 5695 bili
2266 5639 2516 5708 episcopo

2216 5730 2272 5784 In
2334 5728 2562 5784 lcetione
2612 5727 2912 5780 litterarum
2970 5735 3271 5781 vestrarum
3300 5765 3314 5788 ,
3369 5731 3421 5776 et
3463 5722 3515 5776 in
3561 5717 3748 5773 relatu

2145 5839 2332 5880 earum
2360 5821 2530 5894 geruli
2559 5820 2794 5876 hominis
2818 5821 3008 5885 vestri,
3038 5828 3091 5876 et
3128 5834 3225 5875 vos
3249 5815 3648 5876 devotissimos,
3690 5825 3754 5868 ct

2145 5928 2207 5976 ut
2233 5929 2463 5987 semper,
2494 5916 2616 5970 novi
2651 5913 2968 5978 ﬁdisSimos;
3005 5926 3106 5982 pro
3128 5913 3322 5982 quibus
3347 5909 3498 5964 vobis
3523 5909 3750 5977 gratias
