3984 5430
105 340 385 474 80's..

104 732 283 788 quam
321 715 771 772 Carolomannum
799 716 1159 786 alloquamur,
1190 724 1435 773 vestrum
1468 715 1703 785 legatum

104 825 246 867 cum
272 810 469 866 litteris
501 809 713 865 mittere
739 819 976 881 satagas,
1007 818 1063 865 et
1087 808 1144 864 in
1173 809 1444 880 colloquio
1468 808 1559 864 ubi
1588 807 1705 863 fue-
1744 848 1749 851 ν

106 904 217 968 ris,
252 911 342 959 tua
370 904 656 975 pnesentia
702 917 823 959 esse
868 903 1105 959 studeat.
1147 901 1408 973 Optamus
1445 899 1704 955 sanctita-

104 1002 227 1050 tem
272 1003 420 1051 tuam
453 995 509 1050 in
547 992 765 1051 Christo
803 995 940 1051 bene
970 993 1185 1060 valere,
1228 992 1464 1051 maxime
1495 991 1549 1046 in
1580 990 1701 1045 hoc.

102 1085 252 1142 Data
281 1090 343 1142 sit
373 1100 550 1158 supra.

584 1248 594 1260 ο
623 1216 846 1275 CLXIII.
874 1249 945 1260 --
971 1214 1200 1275 CLXIV.

164 1400 167 1403 Δ
228 1337 573 1381 Ρωγιιιεαιηκ
596 1338 698 1377 PRO
731 1330 1064 1378 IONAS'I‘ERIO
1095 1330 1282 1377 SANCTI
1306 1330 1593 1375 κληδειιι.

708 1436 908 1506 ’(Αηηο
939 1435 1089 1505 878.)

105 1546 304 1621 [Apud
344 1548 541 1618 Pcrry,
589 1544 825 1621 Histoire
867 1546 931 1601 de
971 1508 1521 1621 Ch_a_lop-sttr-Saone,
1566 1546 1703 1600 inter

671 1616 857 1686 prato“
881 1631 1005 1688 pag.
1034 1606 1151 1687 52.]

154 1760 157 1763 η
185 1733 421 1791 Joannes
437 1724 743 1803 episcopus,
766 1745 956 1788 servus
976 1745 1253 1786 servorum
1282 1729 1398 1795 Dei,
1442 1729 1699 1783 Dsonno

103 1826 413 1881 venerabili
464 1825 642 1880 levita:
698 1832 752 1879 et
809 1822 1097 1893 praeposito
1151 1822 1460 1877 monasterii
1527 1823 1696 1877 sancti

1319 364 1674 474 ams
1716 402 1804 473 ET
1842 380 2186 476 occurri.

102 534 372 605 agimus,
425 541 482 588 et
535 534 646 589 Deo
709 533 1025 600 auxiliante,
1058 532 1437 590 retribuemus.
1498 532 1704 588 interea
1737 522 1829 595 A"

103 633 402 682 monentes
442 625 722 681 hortantur
766 632 825 680 ut
869 634 1104 697 emptum
1149 626 1438 697 perﬁcias,
1471 633 1528 680 et
1556 633 1706 680 ante-
1756 682 1759 685 _

3272 421 3375 483 806

2492 524 2691 589 CLXV.

2247 628 2313 680 is
2349 634 2617 680 Surenam
2656 634 2893 681 centrum
2919 674 2925 680 .

2414 714 2589 790 (Anno
2615 708 2762 789 8⁸78.)
2854 732 2855 739 ‘

1807 802 2028 873 Mandat
2061 819 2115 863 ut
2139 810 2207 863 ad
2231 816 2453 864 montem
2476 806 2703 881 Cinisem
2726 802 3030 881 [Cinisittm]
3050 806 3251 864 obvium
3281 809 3380 881 sibi

1877 882 2099 945 veniens,
2126 881 2499 951 imperatricem
2520 879 2975 951 Angelbergantm
2998 879 3246 949 prsentes
3268 879 3381 935 Μαι

1876 949 2228 1006 dictamnum
2251 962 2300 1005 et
2327 949 2665 1007 Pomerium
2690 949 2826 1021 idem
2862 951 3033 1018 facere
3067 960 3296 1021 moueat,
3322 961 3378 1006 ut
3432 980 3435 985 -

1876 1022 2033 1143 simul
2060 1038 2178 1094 quia
2195 1022 2266 1076 ad
2291 1020 2565 1077 utilitatem
2599 1020 2849 1076 Ecclesia:
2874 1022 3130 1090 pertinent
3154 1020 3380 1076 tractare

1876 1108 1938 1143 va
1961 1102 2103 1143 eam.

1875 1102 2103 1146 valeant.

1841 1188 2235 1244 .Dilectissimo
2267 1174 2377 1243 tilio
2408 1174 2635 1243 Suarum
2668 1176 2904 1258 glortnso
2950 1178 3155 1242 comiti.

1878 1280 2013 1348 Quia
2028 1295 2147 1346 nos,
2162 1280 2215 1334 in
2241 1280 2457 1350 quibus,
2475 1280 2586 1334 Deo
2612 1277 2973 1349 dispensante,
2992 1272 3127 1333 lines
3150 1274 3377 1335 secuit»

1807 1388 1926 1426 rum
1973 1364 2335 1437 devenerunt,
2375 1386 2473 1441 pro
2522 1368 2831 1425 sanctarum
2866 1368 2973 1424 Dei
3016 1362 3380 1425 Is‘cclesiarum

1806 1472 1948 1520 statu
1978 1465 2141 1519 variis
2168 1464 2406 1520 motibus
2443 1463 2691 1518 ducimur
2710 1503 2725 1529 ,
2758 1463 3093 1532 diversisque
3118 1454 3378 1518 ﬂUcttmm

1805 1556 2055 1628 procellis
2103 1556 2453 1627 impellimur,
2494 1550 2589 1610 sed
2640 1552 2820 1609 tamen
2863 1570 2969 1610 non
3016 1555 3379 1619 destituimur,

1801 1659 2026 1722 propter
2078 1664 2221 1704 eum.
2250 1648 2343 1719 ’qui
2393 1656 2492 1703 nos
2539 1647 2812 1703 confortat
2854 1648 3130 1703 Christum
3174 1647 3377 1710 Jesum,

1802 1749 2015 1796 servata
2043 1742 2503 1810 praedecessorum
2529 1748 2835 1794 nostrorum
2859 1740 2964 1794 ﬁde
2990 1740 3128 1809 proli
3147 1738 3383 1829 Fran'co-

1804 1847 1946 1896 rum,
1996 1833 2066 1885 ad
2115 1828 2319 1886 Gallias
2367 1840 2719 1901 properantes
2761 1830 2965 1885 idcirco
3002 1825 3384 1891 minimumuti

105 1915 351 1971 Marcelli
380 1916 485 1970 site
512 1916 567 1969 in
608 1884 883 1970 territorio
908 1884 1277 1976 éabilonensi,
1305 1913 1421 1968 loco
1453 1913 1697 1968 Floriaco

1812 1924 1956 1996 pacis
1981 1933 2141 1995 atque
2168 1923 2394 1978 unitatis
2424 1922 2638 1977 vinculo
2658 1917 2860 1993 'regum
2893 1912 3055 1993 corda
3089 1927 3383 1975 cunueCte-

100 2013 164 2061 et
197 2004 364 2062 Vallis
390 2004 891 2076 Magnimontensis,
943 2010 1105 2072 atque
1142 2002 1533 2067 Gibriacensis,
1577 2018 1697 2057 cum

96 2098 365 2153 omnibus
410 2096 479 2151 ad
536 2108 597 2151 se
626 2094 1028 2165 subiacentibus
1084 2106 1141 2151 et
1186 2095 1585 2165 pertinentibus
1633 2095 1699 2150 ad

98 2188 431 2263 praedictum
472 2190 648 2246 locum
674 2189 979 2245 Floriacum
1006 2189 1417 2261 aspicientibus,
1442 2199 1497 2245 et
1524 2190 1576 2245 in
1601 2191 1703 2246 Ca-

111 2281 391 2338 hiionensl
421 2280 673 2337 similiter
700 2281 1126 2337 Boscronteusis.
1448 2283 1455 2299 '

181 2372 323 2441 Quia
344 2372 660 2443 suppliciter
702 2374 857 2444 petiit
901 2388 1021 2428 cum
1048 2367 1245 2429 cuncta
1270 2374 1702 2445 congregatione

102 2466 285 2523 sancti
335 2460 571 2520 Marcelli
628 2474 719 2519 tua
778 2465 1028 2528 devotio,
1087 2474 1354 2535 quatenus
1407 2465 1701 2536 apostolica

107 2556 437 2612 auctoritate
479 2554 710 2626 benigna
762 2555 1134 2624 compassione
1163 2555 1337 2611 eidem
1386 2556 1503 2612 loco
1533 2557 1699 2627 privi-

104 2648 312 2719 legium
361 2647 667 2702 de-cunctis
711 2646 873 2701 rebus
912 2646 985 2702 ibi
1034 2648 1244 2716 positis,
1297 2646 1456 2703 cultis
1507 2648 1589 2702 vel
1619 2648 1700 2702 in-

107 2736 278 2792 cultis
315 2738 491 2808 aquis,
527 2750 899 2808 aquarumque
956 2734 1294 2802 decursibus,
1339 2746 1446 2791 tam
1489 2738 1545 2792 in
1591 2737 1695 2793 Ca—

106 2830 378 2886 bilonensi
421 2845 580 2901 quam
627 2830 876 2884 Belnensi
901 2870 916 2894 ,
949 2837 1110 2900 atque
1153 2826 1603 2900 Magnimontensi
1638 2840 1696 2886 ut

111 2935 280 2990 supra
309 2920 537 2986 dictum,
561 2928 618 2976 et
664 2919 973 2976 Divionensi
1011 2930 1065 2975 et
1107 2918 1454 2994 Lugdunensi
1502 2922 1695 2976 contir-

104 3025 409 3078 ntaremus,
435 3019 656 3083 propter
691 3014 857 3066 Deum
882 3013 983 3082 piis
1013 3012 1362 3082 petitionibus
1390 3012 1583 3070 vestris
1614 3012 1695 3068 in-
1756 3010 1757 3013 “

103 3102 296 3160 clinati
308 3144 323 3169 ,
337 3102 683 3159 concedimus
695 3114 793 3172 pro
806 3104 955 3159 vobis
967 3105 1272 3175 vestrisque
1291 3106 1694 3162 successoribus

102 3210 277 3266 supra
304 3196 449 3251 dicto
472 3196 590 3250 loco
630 3209 796 3249 novas
831 3210 1045 3264 quoque
1069 3205 1124 3249 et
1168 3196 1405 3252 decimas
1443 3210 1509 3252 eo
1533 3198 1692 3254 modo

107 3303 227 3359 quo
297 3288 516 3356 antiqua
582 3284 913 3343 Consuetudo
985 3282 1404 3357 praecedentium
1479 3296 1695 3345 ctutstat

105 3380 489 3452 episcoporum
528 3389 621 3435 aut
650 3384 1001 3449 exspectatur
1057 3378 1124 3435 ab
1169 3379 1254 3434 his
1290 3379 1431 3435 intra
1464 3390 1693 3450 quorum

100 3470 400 3543 parochias
444 3478 585 3541 saepe
615 3466 744 3524 dicti
768 3467 871 3524 loci
921 3468 1257 3526 habitatores
1302 3469 1427 3540 jure
1476 3464 1695 3541 proprio

100 3564 311 3622 habere
344 3554 598 3618 videntur
627 3561 899 3632 Quidpiam
934 3562 1230 3618 secundum
1288 3570 1558 3634 praecepta
1611 3574 1696 3619 rc-

95 3651 259 3733 gum,
297 3651 745 3725 singulorumque
777 3653 1059 3707 hominum
1098 3652 1437 3716 donationes,
1482 3664 1604 3721 qum
1627 3652 1697 3707 ab

96 3749 233 3805 aliis
266 3740 514 3818 legariter
560 3752 685 3797 ante
716 3742 1085 3809 donationem,
1116 3742 1201 3798 vel
1228 3746 1353 3812 post
1394 3741 1542 3810 juste
1568 3755 1697 3797 con.

98 3853 265 3897 cessa
293 3834 565 3898 ridentur,
596 3832 1160 3903 supranominatornm
1188 3850 1201 3885 :
1232 3830 1343 3886 Sed
1364 3838 1426 3886 ut
1453 3831 1696 3886 securius

102 3949 175 3990 ac
225 3928 463 4002 quietius
492 3927 543 3982 in
572 3926 664 3982 Dei
697 3923 920 3982 servitio
964 3925 1177 3980 valeant
1231 3936 1569 3995 permanere,
1626 3926 1695 3980 ab

102 4017 259 4078 omni
290 4015 538 4073 volutans
588 4020 682 4071 eus
713 4013 911 4071 fratres
958 4027 1022 4070 ac
1071 4013 1382 4085 spirituales
1416 4013 1697 4069 cohabita-

102 4120 258 4171 tores
299 4108 545 4167 malestia
606 4110 896 4180 persistere
928 4150 941 4172 ,
1019 4106 1304 4176 nullusque
1362 4107 1428 4161 de
1478 4106 1697 4176 regibus

109 4198 511 4274 comitibusque
558 4196 787 4272 allii-tque
840 4200 988 4272 regni
1039 4200 1366 4272 primoribus
1410 4199 1698 4269 cujuslibet

108 4294 328 4370 cingulo
356 4292 634 4367 dignitatis
658 4292 999 4366 prmpollens,
1049 4292 1245 4347 audeat
1294 4289 1377 4345 vel
1405 4297 1697 4359 praesumat

108 4391 201 4448 bis
255 4389 455 4445 nostris
504 4394 725 4458 propter
786 4383 954 4439 Deum
1023 4381 1296 4437 concessis
1344 4379 1693 4451 petitionibus

107 4495 437 4552 quocunque
460 4477 727 4534 resultare
758 4475 915 4529 modo
941 4480 1104 4543 atque
1136 4472 1388 4542 ingenio;
1419 4471 1563 4540 quod
1594 4483 1693 4526 nos

107 4578 354 4643 paterna:
409 4566 799 4641 compassionis
852 4564 1043 4619 aﬂ'ectu
1100 4563 1406 4627 innuimus,
1458 4560 1692 4616 ﬁliorum

111 4670 423 4719 nostrorum
458 4658 619 4717 debet
634 4657 864 4715 iassensu
894 4652 1103 4708 ﬁrmari
1127 4660 1334 4719 etnon,
1358 4652 1503 4722 quod
1528 4651 1690 4718 absit,

108 4769 350 4825 superna
388 4753 681 4811 rebellione
716 4752 771 4806 in
804 4748 986 4818 aliquo
1022 4748 1298 4814 temerari,
1348 4755 1403 4801 et
1443 4743 1695 4822 resultari

106 4838 369 4918 proterva
408 4842 859 4914 transgressione.
913 4838 1240 4896 Concessum
1269 4852 1299 4894 a
1328 4838 1567 4894 Deodato
1605 4838 1692 4892 ina

107 4937 353 4994 dictione
388 4935 707 4995 duodecima
736 4942 791 4989 et
824 4938 1033 4989 cuncta
1059 4931 1469 5003 congregationi
1497 4943 1688 4999 supra-

107 5028 252 5084 dicti
290 5028 391 5087 loci
418 5073 434 5097 ,
495 5026 769 5083 residente
830 5024 887 5078 in
943 5024 1071 5079 sede
1126 5022 1420 5094 apostolica
1493 5022 1693 5075 domne

118 5119 314 5146 iisan—4a
386 5116 533 5146 l—A-‘A
587 5128 735 5146 nlla.“

910 5118 1027 5146 mih
1078 5125 1263 5146 nraner
1314 5119 1413 5146 “nn
1445 5124 1687 5146 ηΛοΙιδηηι

1806 2030 2007 2071 remus.
2048 2015 2154 2070 Sed
2185 2012 2511 2083 completum
2546 2012 2792 2068 videmus
2820 2013 2965 2083 quod
2994 2010 3050 2066 in
3087 2004 3381 2082 Evangelia

1803 2106 2032 2178 legimus
2076 2125 2088 2160 :
2135 2106 2395 2173 Quoniam
2444 2104 2727 2159 abundavit
2780 2105 3046 2176 iniquitas,
3098 2102 3385 2173 refrigescit

1803 2202 2034 2256 charitas
2061 2198 2347 2253 multorum
2388 2194 2601 2270 (Matth.
2632 2196 2801 2267 utv).
2833 2196 3171 2265 QuaprOpter
3190 2203 3385 2249 vestras

1803 2291 2078 2347 dilectioni
2104 2289 2456 2344 ﬁdentissime
2476 2296 2531 2343 et
2555 2288 2795 2359 probatae
2816 2284 2938 2340 fidei
2963 2284 3304 2351 mandamus,
3325 2290 3386 2338 ut

1802 2388 1958 2442 nobis
1988 2400 2110 2440 cum
2139 2382 2313 2440 otiicio
2342 2380 2599 2438 decentiae
2625 2386 2815 2436 vestrae
2860 2374 2927 2434 ad
2973 2382 3209 2433 moment
3238 2372 3385 2432 Cini-

1802 2494 1916 2534 sem
1971 2478 2117 2533 obvii
2170 2474 2491 2549 quantocius
2547 2460 2797 2537 veniatis,
2829 2468 2884 2527 ut
2939 2457 3143 2541 pariter
3185 2476 3384 2526 convo-

1802 2569 2032 2636 nientes,
2064 2584 2183 2640 quae
2209 2564 2277 2622 ad
2318 2566 2601 2621 utilitatem
2641 2570 2977 2635 congruunt,
3008 2559 3235 2617 Domino
3256 2568 3383 2631 pet—

1801 2662 2071 2726 mittente,
2089 2669 2324 2715 tractare
2344 2657 2638 2714 valeamus.
2668 2654 2948 2726 Simulque
2962 2655 3063 2709 hoc
3080 2646 3384 2724 precamtni

1801 2753 2050 2809 dilectam
2078 2752 2240 2806 ﬁliam
2266 2758 2506 2806 nostram
2535 2748 2931 2820 Angelbergam
2962 2740 3382 2815 imperatricem,

1801 2856 1963 2918 atque
2021 2840 2347 2915 Anspertum
2391 2840 2858 2911 archiepiscopum
2904 2830 3380 2900 Mediolanensem,

1800 2939 2237 3010 Wibbodumque
2274 2937 2628 2993 Parmensem
2666 2933 3014 3005 episcOpum,
3042 2924 3284 2999 aliusque
3315 2925 3379 2981 il-

1798 3030 1945 3087 deles
1971 3039 2132 3100 atque
2161 3029 2379 3085 amicos.
2404 3028 2538 3083 Data
2564 3036 2617 3080 ut
2637 3042 2818 3096 supra.

2461 3142 2690 3199 CLXVI.

1721 3243 1767 3311 ο
1837 3253 1904 3294 an
1942 3248 2258 3301 manebunt.
2301 3249 2548 3300 PAULUI,
2587 3249 2657 3287 ar
2692 3247 2907 3290 raucum
2941 3246 3008 3288 ac
3046 3246 3341 3289 LUIDOINUI

2441 3312 2719 3360 EPISCOPOS
2730 3344 2740 3355 .

2442 3397 2599 3452 Anno
2626 3388 2777 3468 878.)

1999 3494 2155 3548 lubet
2186 3504 2237 3547 ut
2267 3490 2492 3561 Papiam
2514 3489 2582 3544 ad
2612 3488 2867 3560 synodum
2907 3482 3175 3540 accedant.

1869 3585 2358 3643 Reverendissimis
2396 3594 2449 3638 et
2482 3581 2839 3639 sanctissimis
2867 3568 3131 3635 Wtesouo
3158 3582 3381 3633 venera-

1796 3682 1890 3739 bili
1920 3682 2171 3753 episcopo
2216 3678 2531 3743 Parmensi,
2582 3685 2636 3731 et
2694 3675 2859 3732 Paulo
2908 3670 3221 3728 Placentino
3262 3710 3277 3738 ,
3324 3676 3382 3725 et

1797 3775 1965 3832 Paulo
1992 3773 2268 3843 Regicnsi,
2302 3779 2357 3825 et
2376 3769 2639 3825 Liudoino
2673 3767 2960 3823 Mutinensi
2984 3760 3270 3836 episcopis.

1870 3867 2224 3922 Sanctitalem
2238 3873 2474 3921 vestram
2499 3862 2639 3919 scire
2659 3861 2904 3931 cupimus
2918 3857 3170 3932 quoniam
3189 3862 3383 3913 octavo

1796 3960 2066 4019 Kalendas
2087 3956 2402 4014 Decembris
2441 3954 2737 4010 Taurinum
2758 3954 3028 4018 venimus,
3076 3948 3216 4015 inde,
3267 3942 3381 4005 Deo

1798 4055 1955 4119 duce,
1982 4052 2202 4122 Papiam
2228 4050 2525 4112 veniemus,
2565 4057 2621 4104 et
2672 4048 2746 4104 ibi
2788 4040 3050 4119 synodum
3084 4060 3182 4117 pro
3239 4048 3381 4100 statu

1795 4147 1893 4203 Dei
1922 4141 2718 4202 Ecclesiarumcelebrabimus.
2743 4140 3084 4209 Quapropter
3120 4132 3382 4207 mittimus

1799 4239 2199 4309 apostolicaque
2225 4236 2553 4291 auctoritate
2575 4246 2833 4303 expresse
2842 4222 3097 4299 iubemus
3109 4236 3167 4281 ut
3189 4234 3382 4295 quarto

1797 4331 1979 4386 Nonas
2012 4329 2326 4384 Decembris
2362 4326 2455 4391 ibi,
2489 4324 2636 4379 omni
2688 4325 2977 4381 occasione
3031 4329 3278 4381 remota,
3317 4314 3387 4369 ad

1798 4423 2061 4494 synodum
2086 4437 2207 4478 esse
2239 4419 2509 4476 debeatis.
2536 4417 2604 4471 Et
2621 4416 2717 4486 qui
2735 4417 2912 4486 primo
2936 4416 3081 4470 hanc
3104 4406 3388 4478 epistolam

1796 4514 1999 4586 egerit,
2022 4514 2129 4569 alio
2148 4513 2249 4567 sub
2267 4511 2417 4568 omni
2442 4506 2802 4564 festinatione
2818 4502 3173 4563 transmittat.
3200 4496 3390 4552 Videte

1718 4597 1772 4657 D
1797 4620 1866 4661 ne
1888 4605 2044 4659 aliter
2074 4603 2286 4659 faciatis
2311 4618 2326 4669 ;
2368 4599 2628 4670 quoniam
2655 4596 2711 4652 si
2742 4598 2902 4655 aliter
2948 4589 3211 4653 feceritis,
3238 4598 3401 4641 cano-

1797 4697 1920 4754 nico
1958 4693 2471 4772 feriemini‘vigore.
2502 4687 2634 4741 Data
2666 4698 2735 4742 ut
2775 4706 2958 4765 supra.

2384 4874 2412 4893 ,
2488 4814 2773 4876 emit.

2134 4957 2204 4998 an
2234 4938 2493 4997 summ-iit
2530 4938 2901 5003 insnum
2922 4930 3113 4993 metu.

2424 5036 2610 5106 (Anno
2633 5031 2715 5086 8‘7
2728 5034 2790 5091 8
2808 5045 2870 5115 ,δ

2438 5124 2613 5146 n.-.:.....
2668 5118 2783 5146 hi,
2850 5137 2872 5146 -

2511 5124 2613 5146 ,,,,,,
2668 5088 2783 5146 hi
2808 5088 2872 5146 ’ζ
3020 5122 3058 5146 ,.
3098 5088 3312 5146 minoia:
3348 5100 3381 5131 α
3421 5095 3475 5129 at!
