4042 6302
564 401 669 460 80⁸1
693 399 701 406 ’

1868 408 2168 496 tomus
2189 408 2392 466 PAPE
2429 409 2540 476 vui

562 526 734 597 piaris
756 525 1014 583 instinctu
1039 525 1288 590 fortasse,
1313 539 1434 594 qua:
1455 525 1679 581 minime
1713 525 2006 593 credimus,
2043 541 2144 599 pro
2169 532 2222 590 Α
2245 527 2460 583 obviam
2489 541 2596 582 non
2623 526 2982 591 co‘ncurreris,
3012 525 3293 594 miramur,
3321 541 3447 584 cum
3476 542 3607 583 eam
3639 529 3705 584 in
3738 547 3860 587 om-

559 626 718 687 parte
739 616 1150 672 Mediolanensis
1175 617 1589 694 archiepiscopi,
1619 618 1873 686 quoniam
1930 618 2143 687 specia-

561 710 688 766 liter
708 720 892 765 noster
915 717 1052 766 eset
1074 710 1361 765 manualis.
1395 710 1462 764 Et
1517 709 1643 780 quia
1679 709 1748 766 de
1798 709 1998 766 nullius
2037 711 2142 766 nisi

561 810 747 858 nostra
787 803 989 858 ditioue
1015 803 1268 859 consistis
1319 801 1500 876 [deest
1521 801 1687 871 jubeo
1715 801 1792 858 uel
1830 804 1958 874 quid
1979 803 2142 873 hujus

559 893 748 968 modi]
804 903 864 949 ut
911 895 1192 966 epistolam
1241 911 1404 964 quam
1469 893 1825 965 sull'raganeis
1877 895 2143 965 episcOpis

558 983 889 1040 Ravennatis
902 985 1179 1050 Ecclesia,
1197 985 1364 1040 Paulo
1391 985 1736 1050 Placentinae,
1751 993 1809 1040 et
1828 984 1954 1040 item
1977 984 2142 1039 Paulo

558 1075 813 1149 Regiensi
852 1085 1018 1148 atque
1039 1076 1304 1132 Liudoino
1331 1076 1643 1142 Mutinensi,
1689 1091 1812 1131 cum
1863 1076 2142 1131 celeritate

557 1167 778 1224 mittere
808 1168 1133 1238 procuretis,
1162 1175 1222 1222 ut
1267 1177 1470 1223 statuto
1517 1168 1602 1222 die
1653 1166 1873 1236 Papiam
1923 1168 2143 1222 veniant

561 1271 832 1331 quatenus
884 1261 950 1316 de
981 1269 1291 1316 sanctorum
1350 1260 1478 1316 item
1543 1260 1637 1315 Dei
1682 1259 2041 1315 Ecclesiarum
2087 1267 2142 1314 et

558 1353 830 1410 communi
857 1362 1020 1424 atque
1039 1354 1333 1411 universali
1353 1353 1527 1410 salute
1580 1361 1814 1409 tractare
1843 1353 2137 1409 valeamus.

555 1443 689 1500 Data
710 1455 768 1500 ut
792 1462 974 1516 supra.

1207 1558 1459 1616 CLXVIII

869 1667 940 1708 AD
982 1668 1295 1710 ΔΝΒΡΕΙΠὍΙ
1343 1667 1815 1709 ARCHIBPISCOPUM.

1156 1748 1333 1818 (Anno
1382 1746 1531 1816 878.)

551 1833 759 1891 Narrat
779 1836 981 1893 labores
1012 1856 1106 1908 pro
1131 1839 1362 1893 Ecclesia
1401 1849 1666 1907 susceptos
1689 1854 1709 1893 :
1733 1847 1903 1892 mouet
1936 1845 1990 1890 ut
2033 1837 2134 1890 sibi

647 1909 1036 1966 cumtomnibus
1074 1909 1322 1979 episcopis
1360 1911 1468 1963 suis
1507 1908 1729 1979 Papiam
1775 1918 2033 1962 occurrat.

621 2001 1090 2058 Reverendissimo
1110 2012 1164 2058 et
1186 2003 1526 2058 sanctissimo
1557 2001 1814 2058 confratri
1844 2002 2128 2056 Ansrsu'ro

548 2095 841 2149 venerabili
863 2094 1266 2165 archiepiscopo
1296 2094 1699 2150 Mediolanensi.

620 2183 887 2250 Quantum
919 2201 1016 2254 pro
1044 2186 1207 2240 totius
1234 2193 1432 2240 sanctae
1461 2186 1553 2240 Dei
1593 2183 1847 2240 Ecclesiae
1875 2194 2040 2248 statu,
2073 2192 2129 2239 et

545 2289 645 2344 pro
666 2283 859 2328 cuncto
879 2289 1039 2346 grege
1068 2274 1365 2340 Dominico,
1391 2292 1488 2346 pro
1504 2291 1611 2345 quo
1626 2276 1964 2346 omnipotens
1985 2276 2128 2356 Deus

543 2365 764 2436 proprio
791 2365 928 2421 Filio
956 2381 1055 2421 suo
1083 2382 1186 2421 non
1215 2368 1471 2437 pepercit,
1505 2366 1599 2422 sed
1631 2381 1728 2437 pro
1757 2367 1913 2420 nobis
1952 2367 2128 2420 omni~

543 2463 645 2518 bus
697 2463 917 2518 tradidit
950 2464 1123 2529 illum,
1157 2473 1214 2521 et
1256 2463 1491 2520 Joannes
1528 2465 1800 2535 apostolus
1833 2465 2126 2519 exhortans

543 2565 642 2607 nos
673 2551 748 2605 ait
776 2570 789 2605 :
818 2551 1078 2618 Quoniam
1100 2553 1187 2608 ille
1205 2571 1300 2624 pro
1324 2554 1468 2608 nobis
1505 2555 1735 2608 animum
1760 2571 1910 2607 suam
1932 2552 2121 2622 posuit,

542 2653 590 2696 et
614 2660 708 2696 nos
729 2643 972 2698 debemus
1010 2661 1105 2715 pro
1141 2645 1393 2714 fratribus
1414 2647 1646 2699 animam
1672 2662 1860 2715 ponere
1886 2644 1936 2715 (1
1961 2643 2121 2698 Joan.

542 2733 651 2803 ιιι),
681 2733 930 2789 laborare
967 2750 1032 2790 ac
1072 2736 1295 2806 vigilare
1335 2751 1548 2805 semper
1574 2737 1851 2800 debemus,
1883 2737 2124 2791 omnium

543 2834 784 2879 vestrum
813 2825 934 2881 luce
960 2827 1156 2882 clarius
1185 2829 1331 2882 novit
1369 2829 1453 2898 pia
1491 2827 1819 2882 fraternitas.
1876 2827 2121 2896 Quapro-

541 2925 682 2987 pter,
716 2927 975 2987 quantum
1005 2935 1070 2974 ex
1097 2921 1280 2974 divina
1319 2920 1490 2991 gratia
1527 2921 1579 2975 in
1608 2921 1762 2976 nobis
1807 2919 1908 2974 fuit
1945 2930 2000 2976 et
2041 2930 2122 2976 est

539 3022 606 3062 ex
640 3024 746 3077 quo
776 3024 875 3064 nos
919 3025 1148 3078 superna
1198 3011 1470 3065 miseratio
1503 3027 1613 3066 suae
1649 3011 1898 3066 Ecclesiae
1931 3010 2121 3081 praefe—

540 3098 633 3164 cit,
663 3099 858 3154 animae
885 3109 1082 3156 nostra:
1110 3117 1381 3171 nunquam
1428 3103 1791 3172 pepercimus,
1842 3119 2119 3174 nunquam

539 3191 670 3244 dura
706 3191 944 3260 pericula
985 3193 1398 3259 declinavimus;
1428 3195 1523 3250 sed
1547 3195 1632 3250 die
1669 3203 1956 3267 noctuque,
1983 3205 2114 3252 aestu

537 3289 592 3336 et
611 3280 728 3352 gelu
761 3281 956 3352 exusti,
986 3298 1054 3337 ne
1073 3283 1202 3352 quid
1229 3292 1440 3355 captum
1476 3299 1508 3338 a
1535 3285 1707 3341 bestia
1737 3295 1830 3340 aut
1856 3287 2114 3342 dilacera-

541 3379 652 3424 tum
681 3370 907 3427 Domino
933 3374 1356 3440 ostenderemus,
1391 3375 1632 3431 marinos
1661 3375 1853 3431 ﬂuctus
1895 3378 2115 3447 pertuli-

536 3475 657 3515 mus
678 3477 774 3532 pro
802 3463 1043 3517 omnium
1082 3472 1318 3519 vestrum
1360 3465 1676 3522 liberatione
1703 3477 1863 3538 atque
1892 3469 2064 3523 salute
2097 3487 2110 3523 :

536 3552 588 3608 in
613 3552 897 3610 Franciam
926 3570 1139 3626 quoque
1165 3555 1461 3623 venientes,
1502 3566 1557 3612 et
1586 3561 1780 3629 regum
1815 3559 1950 3615 ﬁlios
1985 3577 2108 3631 par-

537 3645 632 3699 tim
659 3645 780 3700 viva
807 3660 958 3712 voce,
985 3646 1182 3718 partim
1208 3647 1447 3717 epistolis
1487 3656 1649 3719 atque
1675 3650 1864 3720 legatis
1891 3651 2110 3708 allocuti

535 3753 720 3794 sumus
767 3754 974 3806 omnes,
1031 3741 1083 3796 id
1126 3751 1228 3798 est‘
1254 3751 1509 3815 utrosque
1546 3742 1867 3814 Ludovicos,
1898 3747 2115 3804 Carolo-

533 3848 812 3899 mannum,
839 3843 894 3888 et
917 3833 1189 3902 Carolum,
1215 3846 1542 3908 acceptoque
1563 3841 1836 3894 communi
1881 3841 2109 3896 consilio

532 3926 608 3980 uti
634 3925 773 3980 Boso
802 3926 1062 3996 gloriosus
1091 3930 1339 3999 princeps
1367 3946 1549 3987 comes
1591 3941 1734 3987 esset
1777 3934 1983 3990 itineris
2016 3951 2112 3990 uo-

533 4016 652 4079 stri,
679 4015 870 4080 donec,
901 4018 1116 4072 Christo
1150 4035 1306 4087 opem
1353 4020 1576 4086 ferente,
1622 4034 2017 4080 reverteremur
2045 4027 2110 4080 ad

533 4098 758 4158 Urbem.
810 4104 875 4158 Et
897 4106 1020 4174 quia
1050 4107 1117 4161 de
1155 4116 1298 4161 statu
1326 4119 1526 4165 sancta:
1552 4109 1805 4168 Ecclesiae
1841 4124 1966 4169 sunt
1991 4131 2111 4184 quas

534 4196 890 4251 communiter
918 4205 1149 4253 tractare
1179 4199 1452 4269 debemus,
1507 4211 1612 4258 tua:
1662 4206 1934 4260 sanctitati
1983 4222 2107 4276 apo.

532 4286 720 4341 stolica
752 4288 1069 4343 auctoritate
1099 4292 1412 4348 mandamus
1453 4309 1574 4348 cum
1619 4297 1827 4351 cunctis
1857 4297 2110 4369 suﬂraga-

531 4382 648 4437 ueis
689 4382 792 4437 tuis
836 4390 892 4438 et
936 4384 1267 4455 coepiscopis
1305 4387 1460 4443 nobis
1515 4387 1729 4460 Papiam
1759 4396 1990 4449 secunda
2021 4396 2109 4451 die

529 4485 651 4543 post
679 4473 873 4530 festum
904 4477 1073 4531 sancti
1112 4475 1339 4533 Andreae
1385 4494 1690 4536 occurrere.
1740 4483 1807 4536 Et
1852 4485 2104 4553 quoniam

531 4565 752 4630 probata
788 4565 917 4619 ﬁdes
941 4567 1181 4621 omnium
1206 4569 1664 4637 praedecessorum
1707 4581 1918 4626 tuorum
1962 4589 2104 4629 sem-

529 4669 626 4723 per
653 4654 749 4708 fuit
773 4671 897 4728 erga
925 4656 1223 4712 Romanum
1262 4660 1600 4729 pontiﬁcem,
1654 4672 1744 4717 tua
1796 4664 2104 4722 fraternitas

528 4745 850 4801 omnimodis
875 4749 1084 4802 studeat
1107 4763 1292 4805 eorum
1323 4752 1375 4805 in
1404 4753 1655 4808 omnibus
1686 4756 1901 4824 assequi
1935 4758 2101 4812 vesti-

528 4835 638 4907 gia,
661 4836 805 4906 quia,
828 4841 969 4906 quod
990 4841 1148 4906 absit,
1171 4841 1216 4896 si
1237 4843 1391 4897 aliter
1421 4843 1604 4909 fuerit,
1637 4846 1788 4916 vigor
1809 4849 2103 4905 canonicus

525 4944 688 4998 super
723 4929 1090 4987 inobedientes
1134 4938 1410 4990 remanere
1449 4918 1556 4991 non
1597 4937 1814 5008 poterit.
1865 4937 2000 4995 Data
2041 4950 2102 4995 ut

522 5035 706 5088 supra.

1200 5131 1428 5189 CLXIX.

979 5242 1047 5284 AD
1073 5241 1345 5284 SUPPONEI
1376 5242 1634 5286 COIITBI.

1151 5321 1327 5394 (Anno
1353 5319 1502 5390 878.)

520 5435 750 5492 Miratur
777 5454 895 5492 eum
926 5439 1047 5506 sibi,
1072 5450 1125 5494 ut
1153 5442 1382 5509 decebat,
1417 5460 1519 5498 non
1560 5428 1884 5509 occurrisse}
1911 5444 2097 5499 certio-

589 5524 695 5563 rem
722 5509 890 5588 reddit
916 5510 978 5562 de
1001 5512 1079 5588 his
1104 5528 1221 5581 qua:
1249 5529 1367 5568 cum
1398 5513 1662 5572 Ludovico
1687 5531 1800 5588 rege
1827 5515 1927 5586 egit
1950 5531 1968 5570 :
1992 5531 2098 5570 mo-

588 5590 671 5633 net
699 5589 755 5632 ut
778 5580 847 5633 ad
869 5597 922 5634 se
947 5580 1131 5636 veniat.

660 5671 864 5727 Dilecto
895 5671 1004 5729 ﬁlio
1031 5673 1256 5732 Servom
1296 5676 1490 5735 illustri
1522 5684 1725 5739 comiti.

587 5761 716 5826 Cur,
741 5763 816 5816 ﬁli
839 5763 1181 5834 charissime,
1211 5771 1364 5826 nobis
1387 5772 1490 5828 iter
1517 5784 1605 5831 tua
1635 5776 1856 5834 dilectio
1883 5780 2090 5839 clause-

515 5851 610 5915 rit,
655 5865 859 5921 curque
887 5863 945 5908 ut
971 5857 1198 5914 audistis
1229 5877 1328 5919 nos
1362 5865 1417 5918 in
1447 5873 1565 5924 tuos
1594 5869 1824 5927 honores
1852 5877 2084 5945 venisse,

2241 616 2402 672 nibus
2437 616 2640 672 nostris
2685 617 2916 686 negotiis
2951 633 3137 672 curam
3162 618 3395 690 gessisse
3431 634 3673 689 seraper
3706 622 3859 676 novi-

2240 725 2360 765 mus
2392 726 2408 776 ;
2435 718 2490 766 ct
2509 710 2600 765 ubi
2628 725 2727 766 nos
2759 725 2926 782 prope
2953 708 3119 766 fuisse
3145 711 3415 776 audieras,
3457 711 3571 766 tuis
3627 713 3855 768 univer-

2240 803 2317 858 sis
2343 803 2653 874 postpositis
2677 803 2850 869 seriis,
2875 804 2942 858 ad
2960 820 3060 860 nos
3076 803 3398 860 festinanter
3416 822 3854 877 proper-avens.

2241 893 2396 950 Unde
2424 896 2696 950 cernimus
2724 895 2979 965 quoniam
3008 895 3149 951 istud
3171 912 3276 951 non
3307 913 3375 952 ex
3399 898 3595 963 corde,
3627 901 3737 956 sed
3758 917 3846 966 pro

2241 985 2500 1042 ﬁdelitate
2528 988 2605 1042 tui
2632 986 2862 1042 senioris
2890 987 3074 1042 taliter
3120 996 3336 1056 tecerts,
3368 991 3516 1059 quod
3557 991 3707 1046 ideo
3736 1009 3852 1062 par-

2239 1079 2412 1135 cimus
2441 1096 2455 1143 ;
2487 1094 2616 1134 ecce
2643 1078 2808 1142 enim,
2862 1089 2921 1133 ut
2955 1080 3201 1146 audistis,
3241 1090 3294 1135 et
3339 1097 3439 1137 nos
3479 1084 3666 1138 etiam
3701 1084 3848 1139 vobis

2234 1172 2347 1242 jam
2391 1171 2585 1227 litteris
2630 1172 3083 1244 signiﬁcavimus,
3135 1189 3234 1244 pro
3297 1176 3497 1244 quibus
3535 1177 3600 1231 in
3666 1177 3848 1232 Galli:

2239 1261 2484 1333 partibus
2515 1262 2778 1332 synodum
2807 1262 3220 1318 celebravimus.
3254 1263 3319 1319 Et
3347 1265 3710 1340 Lpdovicum
3737 1268 3846 1338 glo-

2239 1355 2442 1410 riosum
2469 1371 2649 1426 regem
2672 1353 2818 1409 allati
2847 1354 3067 1422 fuimus,
3095 1357 3185 1426 qui
3217 1358 3372 1412 nobis
3393 1359 3540 1413 hunc
3566 1360 3842 1415 Bosonem

2237 1447 2536 1516 principem
2568 1446 2741 1500 virum
2772 1446 3255 1513 consultissimum,
3304 1448 3520 1518 sibique
3577 1466 3653 1504 ex
3699 1452 3842 1505 omni

2237 1541 2392 1604 parte
2422 1534 2769 1603 conjunctum
2799 1534 2966 1601 dedit,
3008 1545 3066 1590 ut
3090 1552 3190 1590 nos
3237 1536 3414 1590 salvos
3439 1538 3561 1592 sine
3611 1540 3845 1609 impedi-

2239 1634 2419 1681 mento
2443 1625 2705 1680 maledicti
2733 1623 3008 1681 Lamberti
3057 1629 3108 1682 in
3141 1626 3342 1684 Urbem
3383 1630 3666 1695 mitteret,
3715 1646 3836 1690 ann

2237 1731 2346 1786 quo
2363 1732 2459 1771 nos
2481 1716 2700 1786 paciﬁce
2721 1732 2820 1787 pro
2842 1725 2990 1773 certo
3009 1719 3275 1786 venimus,
3301 1718 3579 1777 Cancrum
3608 1740 3838 1781 monen-

2240 1816 2322 1863 tes
2348 1809 2614 1864 mittimus
2639 1820 2691 1864 et
2720 1819 2970 1880 rogantes
3017 1811 3300 1865 hortamur
3349 1823 3630 1882 quatenus
3657 1826 3839 1871 vestro

2163 1889 2207 1947 Β
2235 1908 2302 1956 de
2327 1916 2500 1967 more,
2537 1901 2740 1957 relictis
2764 1901 2882 1958 aliis
2906 1903 3154 1958 omnibus
3183 1904 3351 1968 curis,
3375 1906 3633 1977 omnique
3660 1923 3832 1962 occa-

2230 1996 2382 2050 sione
2411 2005 2637 2050 remota.
2665 1997 2738 2052 ad
2769 2012 2865 2052 nos
2893 1999 3306 2068 praesentialiter
3349 2001 3557 2065 venias,
3583 2001 3830 2057 incitans

2227 2088 2392 2142 etiam
2420 2084 2574 2152 alios,
2604 2089 2799 2157 quibus
2823 2090 3143 2160 apostolicae
3177 2089 3389 2146 litteras
3427 2093 3721 2157 mittimus,
3763 2102 3824 2149 ut

2228 2187 2284 2234 ct
2304 2176 2409 2249 ipsi
2440 2175 2688 2233 similiter
2715 2178 2934 2234 faciant.
2968 2180 3255 2248 Quoniam,
3286 2183 3393 2237 scit
3414 2180 3589 2244 Deus,
3622 2199 3730 2238 non
3757 2182 3828 2238 ob

2229 2269 2374 2325 aliud
2395 2285 2490 2325 vos
2515 2270 2710 2341 alloqui
2735 2273 2982 2341 cupimus
3005 2272 3106 2326 nisi
3139 2283 3196 2326 ut
3223 2283 3547 2327 sanctarum
3591 2274 3688 2328 Dei
3717 2271 3817 2330 Kc-

2231 2361 2519 2417 clesiarum
2549 2372 2750 2418 statum
2770 2371 2824 2416 et
2861 2363 3168 2432 reipublicae
3215 2365 3461 2434 quietem
3511 2380 3625 2419 una
3644 2363 3819 2422 vobis-

2228 2468 2350 2506 cum
2373 2453 2815 2521 consideremus;
2850 2463 3028 2509 tamen
3057 2466 3181 2510 ante
3222 2455 3354 2509 alios
3390 2471 3588 2512 ventre
3619 2467 3817 2528 satage,

2227 2551 2286 2596 ut
2313 2543 2574 2613 quidquid
2603 2560 2726 2599 cum
2767 2545 2887 2600 aliis
2923 2545 3230 2610 fecerimus,
3266 2555 3452 2602 tecum
3483 2547 3822 2603 familiariter

2227 2643 2385 2690 antea
2411 2636 2701 2692 terminare
2721 2652 3002 2707 queamus.
3034 2637 3165 2692 Data
3192 2648 3247 2691 ut
3277 2655 3467 2709 supra.

2921 2752 3126 2828 chx.

2641 2859 2708 2899 AD
2739 2860 3108 2900 BERENGARIUI
3143 2861 3406 2902 COMI'I'EI.

2829 2939 3006 3006 (Auno
3043 2938 3191 3007 878.)

2221 3027 2526 3097 Berengarii
2548 3031 2854 3084 charitatem
2874 3048 2995 3097 erga
3024 3030 3314 3086 Romanam
3350 3031 3643 3088 Ecclesium
3680 3053 3823 3089 com-

2293 3101 2826 3173 tnendat;signiﬁcat
2873 3101 3182 3154 celebratam
3232 3104 3286 3156 iu
3333 3101 3514 3157 Gallia
3540 3108 3823 3173 synodum,

2289 3187 2444 3308 irque
2474 3171 2788 3226 incolumem
2817 3187 3077 3225 reversum
3103 3188 3121 3226 :
3162 3186 3334 3228 monet
3364 3186 3419 3228 ut
3451 3176 3520 3228 ad
3561 3171 3613 3230 se
3649 3179 3825 3230 renire

2323 3250 2521 3294 estmet.

2323 3250 2521 3294 estmet.

2361 3331 2565 3388 Dilecto
2590 3333 2702 3391 ﬁlio
2739 3334 3078 3393 Βειιεκωιιιο
3115 3339 3311 3394 illustri
3333 3342 3538 3397 comiti.

2287 3423 2476 3480 Relatu
2537 3428 2917 3484 nonnullorum
2974 3431 3316 3497 audivimus,
3366 3435 3606 3489 maxime
3665 3436 3829 3506 hujus

2215 3517 2463 3574 Widonis
2503 3521 2717 3576 comitis
2742 3522 2912 3576 nostri
2945 3523 3258 3589 consiliarii,
3284 3533 3335 3576 ut
3366 3532 3537 3578 vestra
3591 3526 3831 3583 demtio

2217 3609 2535 3666 charitatem
2578 3628 2741 3683 quam
2794 3630 2925 3685 erga
2973 3631 3072 3670 nos
3105 3626 3429 3684 nostramque
3455 3615 3816 3685 Ecclesiam,

2214 3709 2453 3756 vestram
2477 3703 2728 3759 videlicet
2765 3715 3016 3772 matrem,
3063 3722 3275 3778 semper
3298 3709 3579 3768 habueras,
3617 3713 3818 3781 magis

2214 3794 2492 3864 magisque
2527 3796 2737 3852 adoleat
2772 3815 2784 3852 :
2819 3799 2874 3853 iu
2905 3815 3014 3870 quo
3042 3801 3245 3871 gratias
3281 3801 3485 3872 agimus
3507 3813 3567 3855 et
3593 3812 3658 3855 ut
3688 3819 3827 3872 pro-

2214 3882 2365 3938 ﬁcias
2413 3885 2713 3940 hortamur.
2765 3887 2906 3943 Ecce
2951 3891 3096 3945 enim
3149 3890 3372 3947 audistis
3401 3907 3498 3962 pro
3526 3892 3740 3961 quibus
3768 3896 3821 3947 in

2213 3972 2400 4031 Galliae
2445 3979 2691 4046 partibus
2717 3981 2982 4051 synodum
3034 3973 3445 4048 celebravimus,
3482 3994 3538 4038 et
3569 3983 3816 4040 Ludovi-

2211 4083 2334 4122 cum
2365 4083 2545 4139 regem
2577 4069 2867 4140 gloriosum
2905 4069 3053 4126 aﬂati
3099 4074 3317 4136 fuimus,
3350 4075 3440 4143 qui
3479 4074 3635 4128 nobis
3665 4075 3815 4129 hunc

2211 4158 2473 4215 Bosonem
2507 4163 2803 4232 principem
2848 4165 3025 4220 virum
3069 4167 3558 4231 consultissimum,
3589 4167 3813 4237 sibique

2210 4269 2274 4307 ex
2299 4254 2443 4307 omni
2471 4263 2624 4322 parte
2649 4256 2995 4326 conjunctum
3047 4259 3216 4324 dedit,
3243 4269 3306 4312 ut
3345 4274 3466 4324 nos,
3513 4261 3815 4315 auxiliante

2209 4343 2342 4409 Deo,
2365 4345 2546 4399 salvos
2568 4347 2684 4401 sine
2708 4347 3094 4416 impedimento
3117 4349 3394 4405 Lamberti
3423 4350 3729 4414 maledicti,
3759 4361 3812 4405 et

2209 4453 2240 4491 a
2266 4445 2452 4493 sancta
2489 4439 2584 4492 Dei
2611 4439 2850 4495 Ecclesia
2881 4443 3344 4505 anathematizati,
3386 4443 3443 4497 in
3475 4444 3672 4499 urbem
3703 4444 3812 4500 Ro-

2209 4545 2352 4583 mam
2379 4531 2640 4594 mitteret,
2669 4547 2794 4586 cum
2823 4549 2931 4601 quo
2957 4550 3056 4588 nos
3080 4534 3302 4608 paciﬁce
3327 4549 3428 4604 pro
3450 4544 3605 4589 cerui
3656 4537 3809 4589 veni-

2132 4628 2183 4687 1)
2210 4637 2348 4675 mus.
2397 4621 2663 4678 Caeterum
2696 4634 2977 4680 monentes
3009 4627 3293 4691 minimus,
3321 4634 3376 4680 et
3399 4637 3658 4696 rogantes
3688 4628 3810 4681 Ιππ-

2211 4721 2408 4779 tamur,
2429 4714 2630 4770 relictis
2653 4715 2772 4771 aliis
2785 4717 3034 4771 omnibus
3059 4719 3226 4782 curis,
3258 4717 3324 4771 ad
3354 4731 3453 4770 nos
3484 4717 3811 4786 praesentia—

2207 4802 2332 4858 liter
2381 4804 2568 4859 veuire
2611 4815 2845 4878 satagas.
2890 4807 3178 4874 Quoniam,
3229 4811 3334 4864 scit
3386 4808 3553 4873 Deus,
3600 4825 3713 4861 non
3741 4809 3808 4862 ob

2206 4894 2352 4948 aliud
2380 4910 2477 4950 vos
2525 4897 2727 4967 alloqui
2768 4898 3036 4970 cupimus,
3083 4901 3188 4954 nisi
3231 4909 3291 4954 ut
3338 4909 3663 4954 sanctarum
3715 4899 3807 4952 Dei

2202 4985 2569 5042 Ecclesiarum
2604 4999 2806 5044 statum
2835 4997 2890 5043 et
2911 4991 3147 5060 quietem
3188 4990 3497 5061 reipublicae
3527 5005 3656 5044 cum
3704 4990 3809 5045 ho—

2205 5094 2339 5135 nore
2362 5097 2466 5135 uua
2495 5083 2774 5140 vobiscum
2816 5093 3128 5140 tractemus.
3161 5085 3296 5140 Data
3326 5096 3381 5138 ut
3423 5102 3610 5155 supra.

2879 5195 3108 5253 CLXXI.

2294 5305 2363 5344 AD
2398 5305 2711 5347 ANSPERTUI
2747 5305 3200 5346 ARCHIEPISCOPUI
3231 5305 3712 5346 κευιοωειῑδει.

2807 5383 2996 5455 (Anno
3031 5380 3180 5453 87s.)

2203 5467 2450 5547 Increpat
2487 5491 2608 5530 eum
2651 5473 2789 5547 quod
2814 5472 3212 5547 _sibi_aua;ilium
3238 5488 3341 5525 non
3368 5471 3584 5547 tulerit;
3610 5466 3666 5526 et
3681 5473 3807 5547 jar:

2273 5542 2424 5598 tertio
2461 5555 2632 5600 mouet
2663 5542 2734 5598 'ut
2779 5543 2877 5598 sibi
2925 5542 3151 5613 Papiam
3198 5554 3338 5598 certa
3382 5544 3466 5597 die
3511 5559 3638 5597 cum
3688 5542 3807 5598 suis

2272 5615 2622 5685 stt/fraganeis
2666 5623 2926 5668 occurrat.

2269 5703 2742 5764 Reverendissimo
2765 5716 2820 5762 et
2849 5706 3189 5763 sanctissimo
3211 5704 3468 5763 eonfratri
3495 5706 3807 5764 Assumo

2199 5795 2488 5850 venerabili
2511 5798 2916 5870 archiepiscopo
2935 5798 3338 5855 Mediolancnsi.

2269 5881 2541 5948 Quantum
2569 5883 2801 5955 benigna
2841 5888 3152 5946 fraternitas
3190 5898 3367 5946 vestra
3412 5896 3628 5945 sancta
3677 5883 3802 5944 sedi
