3984 5430
107 329 216 388 309.

1325 311 1689 373 EPISTOLE
1729 309 1818 367 ET
1855 309 2197 368 DECRETA.

3265 304 3370 363 8l0

104 436 400 512 apostolicae
435 449 760 504 concurrere
787 448 850 490 ac
877 429 1206 492 concordare
1234 428 1447 494 debeat,
1479 423 1679 497 praade-
1705 424 1755 484 Α
1781 421 2103 478 auctoritate
2136 423 2414 478 hortantes
2433 419 2546 512 jam
2589 419 2749 512 tertio
2777 419 3095 475 mandamus
3126 427 3184 474 ut
3227 397 3366 491 pne;

105 544 277 586 eessor
326 533 510 582 noster
555 526 747 582 beatus
799 522 1046 579 Gelasius
1088 536 1224 592 papa
1283 519 1352 573 ad
1400 517 1681 587 episcopos

106 619 543 690 parvipemlentes
574 616 907 672 vexationem
939 613 1166 668 fratrum
1198 611 1280 665 his
1327 609 1506 665 verbis
1535 622 1681 662 com-

108 710 350 766 minando
397 709 603 772 scribit,
653 708 877 763 dicens:
911 706 1020 760 Cur
1073 719 1178 759 non
1236 699 1501 772 compassi
1552 699 1684 754 estis

106 803 262 858 tantis
309 800 563 854 fratribus
609 798 840 854 vestris?
883 795 990 851 Cur
1021 811 1126 849 non
1166 793 1354 848 adistis
1397 792 1684 861 imperato-

109 893 254 950 rem?
294 893 402 948 Cur
445 908 548 946 non
590 891 844 961 posuistis
891 888 1126 944 animam
1168 902 1265 957 pro
1295 883 1682 948 confralribus,

106 1000 256 1057 quam
315 997 641 1055 prmeeptum
693 982 901 1037 habetis
952 995 1152 1050 ponere
1198 994 1296 1050 pro
1339 993 1502 1049 grege
1534 969 1684 1030 vobis

105 1075 436 1133 commisso?
468 1074 577 1130 Cur
606 1091 708 1128 non
737 1072 990 1143 posuistis
1019 1086 1114 1125 vos
1157 1084 1256 1140 pro
1308 1069 1471 1124 domn
1521 1065 1684 1122 lsrael

106 1184 334 1231 murum,
365 1177 424 1221 ut
457 1167 675 1222 staretis
700 1150 756 1219 in
787 1165 1064 1237 praeliisqin
1098 1165 1235 1218 diem
1263 1161 1475 1217 Domini
1499 1161 1522 1214 ?
1543 1159 1688 1229 Qua-

103 1266 317 1328 propter
364 1259 577 1311 tandem
625 1255 865 1310 discussa
915 1253 1234 1324 negligentia
1281 1253 1347 1306 ad
1399 1250 1684 1321 pristinum

107 1366 198 1406 vos
228 1349 520 1404 reformate
565 1355 864 1410 certamen,
902 1343 1164 1400 fratribus
1191 1343 1447 1398 auxilium
1476 1340 1688 1396 concite

105 1441 452 1496 afferendum.
511 1438 637 1494 “me
683 1446 735 1492 et
779 1437 970 1491 horum
1011 1435 1205 1490 similia
1233 1432 1467 1490 vestram
1495 1431 1689 1486 frater—

106 1536 330 1590 nitatem
371 1533 668 1588 debuerant
692 1529 937 1598 exempla
964 1543 1277 1599 provocare,
1309 1535 1364 1581 et
1391 1525 1544 1580 nobis
1589 1537 1688 1594 pro

107 1627 272 1679 totius
301 1633 504 1678 sanctae
537 1623 629 1677 Dei
679 1620 931 1676 Ecclesia!
977 1628 1115 1675 statu
1167 1618 1538 1673 laborantibus
1582 1631 1686 1669 non

104 1725 308 1774 tantum
342 1716 489 1792 inyiti
515 1716 650 1785 jam,
687 1714 781 1770 sed
824 1712 987 1769 etiam
1021 1720 1211 1783 Sponte
1241 1725 1566 1766 concurrere
1596 1709 1688 1763 de-

106 1809 326 1864 betisac
355 1782 636 1864 debuistis.
693 1805 799 1862 Sed
843 1808 956 1877 jam
1005 1782 1148 1859 nunc
1190 1810 1310 1872 post
1350 1801 1562 1854 tertiam
1599 1782 1768 1880 τισὶ-,Β

107 1897 452 1952 munitionem
483 1896 638 1952 nobis
671 1911 792 1950 cum
821 1895 1186 1950 confratribus
1215 1891 1412 1947 vestris
1435 1899 1486 1945 et
1511 1888 1690 1958 coepi-

105 1985 280 2054 scopis
303 1985 516 2040 studete
547 1984 768 2054 Papiam
807 1984 909 2038 hac
950 1982 1137 2052 quinta
1165 1978 1299 2034 feria
1329 1979 1573 2048 proxima
1603 1975 1695 2028 ad-

106 2075 356 2129 veniente
399 2088 686 2130 oecurrere
717 2114 731 2134 ,
785 2073 960 2126 zelum
1008 2071 1135 2136 Dei,
1189 2085 1348 2139 quem
1397 2084 1496 2140 pro
1541 2066 1695 2121 vobis

105 2163 356 2228 omnibus
397 2163 594 2233 patior,
641 2172 803 2233 atque
855 2161 1092 2218 dolorem
1137 2160 1433 2223 audientes,
1463 2165 1523 2212 ut
1552 2155 1695 2226 quod

108 2253 362 2322 deinceps
392 2253 533 2310 Deus
569 2253 910 2321 omnipotens
951 2251 1223 2308 communi
1253 2258 1434 2304 vestro
1472 2245 1696 2302 consilio

108 2343 426 2410 decreverit,
451 2343 627 2399 facere
650 2344 942 2400 valeamus.
966 2343 1145 2408 Nulla,
1168 2343 1335 2398 frater
1354 2339 1694 2404 charissime,

107 2435 289 2491 animo
317 2443 498 2490 vestro
518 2435 763 2490 dubietas
780 2434 1037 2504 insideat,
1065 2435 1118 2489 in
1149 2448 1266 2488 mea
1294 2432 1397 2487 fide
1416 2439 1472 2485 et
1493 2432 1544 2484 in
1577 2443 1697 2484 meo

109 2526 412 2582 sacerdotio
449 2527 702 2590 credite;
745 2527 816 2581 nil
859 2535 1046 2582 contra
1105 2535 1339 2581 vestram
1394 2522 1697 2577 decentiam

109 2629 269 2687 atque
314 2618 575 2673 honorem
611 2617 762 2672 vobis
812 2617 1152 2688 aliquatenus
1192 2623 1495 2686 opponetur
1538 2612 1694 2681 quia,

109 2711 249 2779 quod
279 2726 388 2765 non
410 2718 679 2780 optamus,
709 2710 753 2764 si
783 2711 899 2764 base
924 2708 1312 2779 parvipendere
1341 2703 1698 2786 tentaveritis,

110 2808 231 2868 post
261 2808 464 2854 tantam
494 2799 830 2870 patientiam,
857 2797 1118 2853 canonica
1145 2796 1298 2852 eritis
1335 2808 1430 2848 ι...
1465 2867 1471 2872 _

774 2907 1027 2964 CLXXII.

524 3065 590 3102 AD
623 3064 994 3104 BERENGARIUM
1025 3060 1287 3101 ΟΟΙΙῙΤΕΙ.

346 3142 548 3197 Narrat
578 3141 781 3194 labores
810 3156 904 3208 pro
931 3135 1167 3192 Ecclesia
1193 3146 1477 3207 susceptos.

179 3254 391 3312 iniecto
423 3255 532 3311 lilio
574 3255 919 3308 BERENGANO
960 3251 1196 3322 glorioso
1222 3250 1430 3314 comiti,
1457 3264 1552 3304 seu
1584 3262 1705 3302 om-

113 3348 274 3402 nibus
293 3346 648 3416 optimatibus
667 3342 1146 3415 Langobardorum
1174 3341 1322 3412 regni
1369 3349 1570 3406 sancta;
1610 3341 1705 3395 Dei

113 3434 374 3494 Ecclesiae
398 3434 664 3491 ﬁdelibus.
1633 3501 1635 3504 ⁴

181 3527 402 3596 Quanta
427 3525 684 3596 etqualia
719 3525 965 3580 Romana
997 3521 1258 3587 Ecclesia,
1293 3530 1471 3576 vestra
1514 3520 1708 3576 videli-

109 3628 202 3674 cet
226 3626 429 3680 mater,
457 3619 726 3672 hactenus
747 3617 815 3670 ab
841 3614 1178 3684 impiissimis
1201 3612 1526 3668 Christianis
1547 3626 1708 3680 passa

108 3718 219 3771 est,
251 3717 306 3761 et
337 3705 541 3761 nostris
565 3706 763 3761 litteris
793 3704 1245 3775 significantibus,
1277 3711 1332 3757 et
1360 3717 1578 3758 rumore
1617 3717 1712 3772 po-

107 3798 225 3870 puli
255 3805 520 3852 narrante
535 3796 646 3866 jam
675 3795 926 3859 audistis,
958 3804 1014 3850 et
1043 3803 1101 3850 ut
1129 3794 1332 3849 certius
1371 3793 1582 3859 sciatis,
1610 3794 1712 3849 ite-

111 3905 236 3944 rum
267 3887 658 3956 signiﬁcamus.
687 3887 826 3942 Ecce
850 3886 992 3941 enim
1015 3899 1114 3955 pro
1146 3884 1344 3954 quibus
1381 3891 1435 3938 et
1465 3899 1567 3954 pro
1597 3899 1714 3938 om-

113 3982 264 4036 nium
293 3987 534 4034 vestrum
577 3979 753 4034 salute
782 3978 976 4033 auium
1014 3987 1213 4033 nostra
1258 3990 1362 4030 non
1403 3985 1711 4046 parcentes,

110 4072 238 4140 quia
261 4085 366 4138 per
393 4077 593 4125 terram
634 4085 734 4139 pro
763 4067 1035 4138 praedictis
1069 4067 1507 4138 persecutoribus
1528 4067 1594 4121 ad
1623 4081 1716 4121 vos

115 4161 435 4225 viciniores,
464 4167 525 4214 ut
547 4175 636 4214 res
652 4159 969 4230 expetierat,
993 4158 1178 4212 venire
1207 4156 1568 4228 nequivimus,
1607 4171 1716 4212 ma-

120 4255 297 4310 rinum
357 4251 461 4307 iter
511 4251 861 4322 accepimus;
893 4259 950 4305 et
987 4251 1040 4304 in
1111 4249 1398 4306 Franciam
1470 4250 1712 4318 ibimus,

119 4347 430 4411 quaerentes
456 4340 904 4410 tranquillitatem
945 4346 1106 4408 atque
1146 4338 1439 4403 auxilium,
1483 4340 1574 4395 ubi
1621 4356 1717 4395 no-

123 4432 228 4488 stri
254 4440 638 4488 antecessores
663 4433 926 4500 qumsicre
947 4431 1250 4502 pontifices.
1287 4430 1530 4488 Misimus
1567 4433 1710 4488 enim

123 4525 376 4580 erunibus
400 4524 638 4591 regibus,
682 4522 735 4577 id
778 4532 862 4578 est
888 4521 1162 4577 Ludovico
1197 4523 1381 4577 domui
1411 4522 1589 4577 Caroli
1613 4524 1712 4578 im—

126 4617 392 4685 peratoris
439 4615 570 4682 tilio,
607 4625 662 4671 et
689 4615 1079 4670 Carolomanno
1121 4624 1176 4670 et
1195 4614 1489 4680 Ludovico,
1516 4625 1572 4672 et
1605 4617 1711 4673 Ca-

1783 513 2088 570 sentialiter
2119 514 2189 569 ad
2212 528 2332 579 nos,
2387 510 2718 575 charissimi,
2767 519 3025 580 tanquam
3063 512 3132 565 ad
3158 520 3372 581 patrem

1783 604 1970 660 venire
1995 603 2257 667 debeatis,
2285 612 2341 658 et
2369 609 2428 657 ut
2453 602 2540 656 alii
2565 602 2784 656 veniant
2807 601 2945 657 alter
2984 600 3212 657 alterum
3237 602 3375 656 inci.

1785 704 1883 761 tet,
1915 705 1970 752 et
1990 698 2086 752 has
2115 697 2324 752 litteras
2359 697 2536 766 primo
2573 695 2756 765 legens
2778 695 3058 754 remittere
3081 695 3204 750 aliis
3233 711 3370 766 pro-

1783 783 1984 843 Curet:
2036 796 2304 858 quatenus
2347 787 2624 842 venientes
2665 801 2770 840 una
2821 787 3101 842 nobiscum
3132 789 3198 842 de
3227 796 3372 842 statu

1785 889 2094 936 sanctarum
2142 881 2236 936 Dei
2277 880 2640 936 Ecelesiarum
2680 890 2736 934 et
2767 880 2948 950 quiete
2978 879 3286 951 reipublicae
3319 891 3381 937 et

1786 979 1969 1026 nostra
1995 981 2280 1042 vestraque
2309 971 2546 1026 omnium
2577 970 2750 1026 salute
2787 973 3052 1041 synodum
3095 971 3378 1027 celebran-

1787 1070 1886 1125 tes,
1919 1070 2250 1125 tractemus;
2284 1062 2338 1116 in
2367 1061 2584 1132 quibus,
2616 1061 2955 1117 dilectissimi
2996 1061 3111 1126 lilii,
3169 1077 3239 1118 ne
3276 1075 3374 1130 ve-

1793 1160 1907 1206 stra
1939 1152 2182 1207 cbaritas
2217 1161 2419 1222 tepeat,
2443 1166 2581 1209 neve
2606 1151 2930 1223 religiositas
2953 1152 3250 1218 inobedi-at,
3279 1153 3376 1210 sed

1789 1243 2154 1312 compatiatur
2202 1255 2261 1297 ut
2303 1251 2519 1313 oportet
2563 1258 2627 1298 ac
2679 1243 2894 1307 doleat;
2944 1244 3069 1312 quia
3116 1244 3378 1314 scriptum

1790 1340 1874 1387 est
1902 1329 2137 1402 qualiter
2185 1332 2397 1401 tepidus
2444 1332 2516 1386 sit
2550 1331 2675 1402 jure
2715 1335 3031 1397 vomendus,
3069 1341 3124 1388 et
3150 1333 3384 1403 qualiter

1788 1437 1884 1491 per
1911 1422 2330 1476 inobedientiam
2360 1422 2515 1492 culpa
2545 1437 2665 1491 qua:
2699 1437 2806 1476 non
2835 1421 2955 1480 filii.
2987 1422 3080 1486 sit,
3107 1431 3164 1477 et
3199 1422 3382 1491 quali-

1791 1519 1873 1564 ter
1911 1511 2000 1580 qui
2044 1526 2147 1565 non
2190 1511 2539 1581 compatitur,
2593 1511 2811 1568 decreto
2839 1512 3133 1581 pontificali
3164 1511 3376 1567 feritur.

1791 1599 1922 1655 Data
1948 1611 2004 1654 ut
2029 1618 2210 1670 supra.

2451 1716 2728 1774 CLXXIII.

2139 1825 2206 1882 Αι)
2243 1846 2546 1886 wnovrcmt
2588 1848 2794 1888 suum
2832 1849 3028 1890 ascen.

2399 1926 2580 1996 (Anno
2629 1927 2780 2000 878.)

1794 2009 2015 2091 Baianis
2037 2015 2259 2091 comitis,
2282 2026 2336 2091 et
2357 2017 2611 2086 Agilmari
2641 2021 2888 2091 epist-api,
2915 2039 2947 2074 a
2978 2021 3165 2091 quibus
3189 2020 3242 2074 in
3269 2018 3385 2073 Ila-

1868 2082 1995 2134 liam
2027 2083 2281 2160 deductus
2307 2082 2502 2155 fuerat,
2542 2082 2774 2142 studium
2805 2082 2929 2160 erga
2975 2082 3034 2144 is
3072 2099 3385 2160 operamque

1869 2153 2217 2207 commendat.
2296 2175 2298 2178 ν

1868 2240 2228 2299 Dilectissimo
2285 2245 2398 2301 lilio
2455 2246 2730 2303 Lonovrco
2771 2247 3159 2319 gloriosissimo
3211 2248 3328 2320 regi
3367 2291 3383 2315 ,

1797 2329 1936 2386 divae
1982 2336 2257 2390 memoria:
2294 2335 2470 2391 Caroli
2524 2337 2868 2407 imperatoris
2919 2339 3049 2393 tilio.

1869 2421 2083 2488 Quanto
2109 2441 2204 2482 vos
2223 2442 2412 2484 amore
2434 2429 2728 2497 diligimus,
2762 2438 3132 2502 quantumque
3155 2434 3395 2510 cbarita-_

1800 2513 1872 2567 tis
1899 2513 2148 2571 allectum
2172 2533 2302 2589 erga
2338 2535 2434 2576 vos
2463 2532 2727 2588 tenemus,
2755 2524 2942 2592 paucis
2965 2524 3240 2594 explicare
3267 2539 3392 2581 ver—

1801 2603 1886 2658 bis
1913 2605 2132 2662 minime
2161 2623 2448 2677 possumus
2474 2630 2487 2664 :
2510 2612 2614 2667 hoc
2641 2620 2822 2668 tamen
2849 2613 3078 2683 gloriam
3121 2614 3394 2672 excellen-

1801 2695 1890 2749 tiae
1908 2705 2103 2752 vestras
2121 2699 2261 2754 scire
2283 2702 2550 2771 cupimus,
2571 2705 2714 2772 quod
2747 2705 3085 2761 devotionem
3115 2707 3385 2763 ardorem-

1803 2797 1910 2854 que
1936 2787 2239 2854 charitatis,
2267 2790 2406 2846 sicut
2429 2792 2654 2862 polliciti
2676 2809 2886 2858 sumus,
2909 2811 3038 2866 erga
3065 2811 3162 2852 vos
3202 2795 3394 2852 indeli-

1801 2873 2036 2930 cieutem
2065 2889 2324 2947 perpetuo
2351 2881 2666 2937 retinemus.
2730 2884 2940 2940 interea
2971 2886 3220 2944 millenas
3241 2899 3394 2945 scre-

1805 2964 1962 3020 nitati
2009 2975 2206 3022 vestrae
2244 2969 2309 3024 de
2329 2968 2540 3026 Bosone
2567 2973 2762 3028 dilecto
2791 2983 2846 3029 et
2877 2977 3149 3032 communi
3191 2976 3302 3032 filio
3331 2993 3398 3032 ac

1806 3055 1962 3113 iidele
1984 3059 2186 3128 gratias
2215 3063 2522 3127 referimus,
2553 3065 2645 3133 qui
2679 3077 2788 3120 tam
2819 3067 3112 3136 prudenter
3141 3084 3392 3124 commu-

1731 3124 1778 3184 ο
1808 3146 1968 3201 nibus
1989 3124 2388 3218 vobtemperans
2421 3124 2628 3219 jussis,
2673 3124 2865 3225 parere
2913 3158 2966 3211 in
3020 3159 3271 3214 nrnnibus
3316 3161 3395 3215 ita

1809 3236 1966 3290 nobis
1985 3239 2211 3303 studuit,
2241 3250 2301 3294 ut
2321 3243 2484 3296 etiam
2505 3244 2648 3299 velut
2670 3262 2798 3302 vere
2822 3247 3144 3305 Christiana:
3173 3251 3394 3324 religio-

1811 3327 1896 3382 nis
1913 3327 2106 3392 cultor,
2136 3330 2334 3386 animae
2365 3341 2421 3386 et
2457 3333 2580 3390 vitae
2616 3351 2729 3392 suae
2774 3353 2880 3392 non
2924 3341 3250 3408 pepercerit,
3297 3344 3395 3398 sed

1811 3434 1910 3490 pro
1946 3431 2150 3476 sanctas
2195 3423 2450 3480 Ecclesiae
2493 3434 2550 3481 et
2589 3431 2859 3484 communi
2889 3430 3398 3490 fideliutteultrose

1814 3513 1973 3568 morti
2003 3515 2215 3570 tradere
2241 3531 2346 3570 non
2373 3517 2658 3583 dubitavit,
2701 3527 2756 3575 et
2794 3535 2964 3591 usque
3000 3520 3269 3588 Ticinum,
3297 3537 3396 3580 an-

1813 3612 2016 3658 nuente
2069 3603 2181 3661 Deo
2210 3645 2225 3670 ,
2279 3608 2525 3663 securius
2569 3623 2668 3664 nos
2715 3612 2986 3680 perduxit.
3036 3612 3399 3685 Quapropter,

1815 3694 2162 3751 dilectissime
2181 3697 2277 3761 illi,
2301 3713 2364 3753 ac
2377 3701 2754 3772 porpliyreticc
2773 3719 2890 3769 rex,
2920 3705 3270 3763 obsecramus
3297 3724 3400 3764 ex-

1815 3785 2079 3841 cellentiae
2126 3796 2315 3842 vestrae
2359 3788 2572 3844 culmen
2603 3799 2683 3857 ut,
2727 3794 2901 3864 si‘res
2941 3797 3205 3866 exegerit,
3257 3798 3404 3854 sicut

1817 3877 1972 3932 nobis
2006 3889 2184 3933 veSIra
2225 3880 2443 3962 dignata
2475 3891 2558 3936 est
2586 3886 2965 3955 repromittere
2997 3887 3326 3954 sublimitas,
3350 3891 3402 3945 ci

1817 3967 2142 4036 adjutorium
2173 3971 2238 4024 ad
2277 3971 2621 4030 debellandos
2666 3976 2850 4031 hostes
2893 3987 3109 4032 nostros
3156 3978 3402 4035 virorum

1816 4058 2138 4115 bellatorum
2185 4062 2572 4119 adminiculum
2621 4067 2909 4136 praebeatis
2951 4086 2964 4122 :
3016 4069 3272 4140 quoniam
3323 4071 3407 4126 dio

1817 4166 1980 4221 gnum
2027 4160 2112 4208 est
2144 4163 2205 4208 ut
2255 4154 2352 4210 soli
2395 4170 2584 4212 omnes
2623 4158 2952 4229 adiutorium
2989 4161 3267 4229 praebeant
3311 4163 3409 4232 qui

1817 4243 1965 4298 solus
2001 4257 2099 4312 pro
2139 4247 2350 4300 cunctis
2391 4246 2657 4302 desudare
2687 4265 2792 4304 non
2830 4259 3031 4307 cessat.
3082 4250 3408 4307 Praesentem

1820 4335 2000 4404 itaque
2032 4334 2189 4406 huius
2221 4337 2447 4392 latorem
2478 4339 2738 4406 epistolae,
2765 4341 3099 4409 Agilmarum
3125 4343 3154 4383 ιι
3182 4357 3408 4400 venera-

1820 4431 1984 4486 bilem
2009 4432 2337 4502 cpiscopum,
2354 4433 2704 4490 excellentia:
2725 4445 2920 4492 vestra:
2943 4436 3236 4505 plurimum
3263 4453 3410 4494 com-

1816 4523 2155 4587 mendamus,
2189 4532 2453 4593 quatenus
2488 4524 2630 4578 idem
2657 4541 2864 4596 suaque
2905 4527 3150 4583 Ecclesia
3190 4538 3410 4585 crescat

1815 4624 2106 4685 augmento
2131 4615 2503 4684 perfectionis,
2529 4618 2621 4686 qui
2666 4618 2722 4672 in
2758 4622 3010 4678 omnibus
3044 4624 3412 4690 opportunita-

129 4708 242 4765 rolo
270 4709 530 4764 Ludovici
583 4708 724 4778 regis
748 4706 900 4770 ﬁliis,
945 4715 1004 4760 ut
1035 4719 1159 4761 cum
1188 4705 1304 4762 suis
1341 4707 1608 4777 episc0pis
1645 4706 1711 4761 ad

130 4815 227 4856 nos
247 4799 518 4864 venirent,
549 4809 606 4854 et
625 4814 728 4854 una
750 4797 1029 4854 nobiscum
1055 4812 1218 4868 super
1264 4796 1348 4852 his
1396 4805 1712 4853 tractarent.

131 4889 208 4944 Ex
247 4890 447 4960 quibus
505 4889 650 4944 venit
705 4887 1003 4943 Ludovicus
1063 4903 1178 4954 rex,
1228 4896 1283 4943 et
1337 4888 1502 4944 tantis
1558 4889 1716 4944 malis

133 4979 434 5047 perdolens,
491 4977 593 5046 nisi
640 4976 889 5046 infirmus
931 4987 1100 5046 esset,
1149 4978 1430 5046 nobiscum
1482 4981 1712 5036 veniret.

131 5069 244 5124 Jam
289 5071 415 5140 quia
459 5084 559 5139 pro
598 5069 910 5126 infirmitate
964 5085 1071 5126 non
1121 5070 1312 5140 potuit,
1371 5070 1520 5126 dedit
1563 5069 1717 5125 nobis

134 5161 272 5216 hunc
297 5159 566 5216 Boscnem
594 5160 892 5230 principem
923 5163 1023 5218 sibi
1046 5177 1112 5217 ex
1140 5163 1286 5217 omni
1310 5170 1464 5233 parte
1488 5163 1688 5232 conjun

132 5258 272 5284 (illum
326 5249 416 5284 ηιιῖ
454 5262 543 5284 mo
570 5263 668 5284 nnt-
687 5249 934 5284 ἷηῖηιῖηηο
976 5261 1171 5284 onnnlm
1204 5253 1295 5284 “n3
1325 5252 1581 5284 Πληιάδες.
1609 5251 1718 5284 cal-

1817 4707 1961 4761 tibus
2001 4707 2198 4762 nostris
2234 4708 2664 4764 nullisecundus
2691 4713 2920 4777 exstitit,
2948 4721 3005 4768 et
3023 4710 3180 4766 vobis
3214 4712 3436 4794 ﬁdelis;

1817 4797 2013 4854 simum
2038 4799 2090 4853 in
2135 4804 2349 4858 cunctis
2370 4815 2492 4871 qua:
2520 4804 2834 4870 cognoverit
2861 4802 3146 4861 verissime
3167 4797 3434 4873 eompro-'

1820 4891 2085 4947 bavimus.
2125 4891 2270 4949 inter
2312 4897 2428 4952 hmc
2473 4891 2754 4964 episcopos
2783 4913 2920 4968 quos
2941 4891 3218 4952 serenitas
3244 4901 3424 4950 vesua

1824 4999 1875 5036 In
1928 4992 2170 5039 nostrum
2213 4983 2381 5054 jussit
2431 4984 2616 5040 venire
2653 4987 3007 5058 adjutorium,
3055 4981 3199 5034 scias
3234 4989 3436 5049 pater

1823 5071 2153 5145 Agilmarum
2192 5085 2402 5141 nullum
2430 5079 2663 5134 venisse.
2701 5080 3050 5152 Quapropter
3079 5069 3300 5134 regalis
3319 5085 3445 5127 cen-

1828 5182 1949 5221 sura
1980 5167 2232 5228 culminis
2264 5173 2436 5235 vestri
2489 5184 2583 5223 sua
2629 5173 2950 5228 auctoritate
2997 5158 3326 5226 compellat
3363 5173 3455 5213 eos

2876 5263 2918 5284 H1
2959 5259 2997 5284 Ι)
3011 5265 3195 5284 amor“
3240 5252 3438 5284 ιοληῖνα

1827 5261 2136 5284 -..ᾳηιηειῖηα
2160 5261 2188 5284 1-
2211 5281 2220 5283 -
2271 5272 2368 5284 -.-n.
2433 5282 2440 5283 κ
2472 5262 2525 5284 ιι·
2571 5262 2832 5284 ----..'.I-I°.
