4042 6302
569 411 662 463 8H

573 490 576 494 ’
1157 569 1160 572 .
1221 524 1493 579 (:Lxxw.

1038 630 1105 668 ΑΙ)
1137 630 1440 670 ιυοονιευιι
1473 629 1650 667 REGE!

1158 705 1335 776 (Anno
1384 705 1528 776 878.)

569 801 800 855 Miratur
826 801 963 870 quod
997 799 1204 863 ﬁliabus
1234 798 1486 870 Bosonis,
1506 815 1600 870 pro
1624 799 1807 869 quibus
1834 797 1967 852 alias
1989 818 2144 870 roga-

636 880 796 929 verat,
838 867 1199 923 'Itarreditatem
1231 868 1356 936 jure
1404 867 1643 920 debita/ni
1679 885 1780 921 non
1824 867 2145 931 restituerit;

636 941 924 1021 it'ernmque
952 949 1123 991 monet
1155 948 1208 990 ut
1261 938 1425 1006 ipsam
1479 937 1836 992 ltwreditatem
1889 939 2144 1010 integram

633 1019 708 1062 eis
753 1019 1010 1063 restituat.

636 1119 909 1176 Lnuovtco
935 1119 1044 1190 regi
1073 1119 1306 1189 glorioso
1327 1118 1544 1189 gloriosi
1590 1119 1840 1190 quoniam
1868 1119 2010 1190 regis
2036 1119 2144 1174 Lu-

569 1213 744 1268 dovici
767 1212 898 1267 lilio.

633 1300 751 1357 Jam
781 1303 925 1356 enim
955 1299 1377 1372 magnitudinem
1405 1308 1660 1363 vestram,
1695 1299 1765 1353 liii
1797 1301 2143 1366 charissima,

566 1391 878 1463 apostolicis
903 1392 1208 1446 monuimus
1249 1391 1470 1455 litteris,
1499 1391 1779 1446 hortantes
1806 1407 1906 1461 pro
1937 1392 2149 1447 filiabus

563 1482 790 1536 Bosonis
833 1481 1030 1535 dudum
1062 1483 1277 1536 comitis
1300 1491 1355 1535 et
1383 1481 1701 1552 lngeltrudis
1739 1483 2001 1552 conjugis,
2030 1484 2148 1552 qui-

563 1571 806 1642 busjure
832 1571 1120 1627 htereditas
1145 1570 1343 1626 deferri
1398 1572 1638 1626 omnium
1685 1571 1860 1642 legum
1909 1574 2146 1626 auctori-

563 1669 674 1716 tate
697 1662 1027 1725 conceditur,
1057 1661 1410 1736 proprietates
1436 1661 1657 1716 reddere
1687 1662 1993 1716 stutleretis.
2017 1660 2142 1725 Sed,

562 1761 623 1806 ut
653 1753 948 1817 cernimus,
986 1751 1209 1806 inauditi
1260 1752 1642 1817 remansimus,
1667 1752 1811 1822 quod
1862 1753 2141 1814 miramur,

562 1850 620 1896 et
647 1843 904 1896 mirantes
942 1841 1202 1907 dolemus,
1237 1857 1359 1896 cum
1390 1853 1568 1898 vestra
1604 1842 1783 1911 proles
1839 1843 2144 1912 apostolicis
2179 1881 2218 1939 Β

564 1932 807 1986 censuris
835 1946 1049 2000 semper
1074 1931 1304 1995 obediat,
1338 1940 1391 1986 et
1411 1948 1520 2002 pra:
1546 1933 1794 1986 omnibus
1821 1933 2035 2003 regibus
2057 1935 2145 2003 ju-

563 2022 762 2076 dicium
794 2020 975 2076 faciat.
1010 2021 1079 2076 Ut
1108 2036 1200 2076 rex
1225 2022 1392 2076 David
1434 2023 1665 2080 cecinit:
1697 2021 1882 2076 Honor
1904 2023 2142 2093 regisjn-

561 2113 756 2166 dicium
783 2113 953 2182 diligit
982 2111 1155 2178 (Psal.
1184 2113 1344 2178 xcvi).
1373 2112 1558 2166 Nonne
1604 2113 1810 2182 legistis
1839 2132 1850 2166 :
1883 2112 2143 2178 Quoniam

553 2199 717 2268 justis
770 2200 1023 2253 Dominus
1065 2201 1328 2270 justitiam
1374 2201 1564 2270 diligit,
1607 2211 1656 2255 et
1683 2202 1982 2272 aequitatem
2009 2203 2142 2255 videt

567 2290 739 2344 vultus
765 2291 924 2362 ejus?
943 2288 1114 2360 (Psal.
1150 2290 1226 2362 x.)
1251 2289 1520 2346 Cancrum
1550 2291 1986 2347 reclamationem
2016 2292 2144 2346 lilia-

567 2393 684 2431 rum
730 2377 843 2447 jam
881 2379 1010 2433 dicti
1057 2379 1284 2435 Bosonis
1313 2380 1638 2446 audivimus,
1675 2390 1732 2434 ut
1762 2381 1928 2449 ipsas,
1974 2381 2142 2451 ipsius

561 2470 860 2540 matrisque
885 2486 1074 2526 earnm
1107 2471 1488 2542 proprietates,
1513 2471 1857 2543 lngeltrudis,
1886 2472 2022 2527 alias
2047 2488 2142 2528 vos

528 2595 533 2600 -
564 2559 817 2623 teneatis,
841 2559 976 2614 alias
998 2574 1125 2614 vero
1146 2561 1341 2615 vestris
1371 2560 1565 2630 quibus
1588 2559 1702 2630 ipsa
1732 2569 1853 2630 post
1874 2561 2138 2632 judicium

563 2650 667 2707 sibi
696 2650 905 2706 illatum
936 2653 1050 2706 sine
1081 2651 1182 2706 viri
1225 2666 1492 2708 consensu
1533 2652 1759 2718 dederit,
1795 2662 1982 2708 tenere
2020 2669 2141 2723 ρει-ο

560 2739 812 2804 mittatis,
858 2741 1000 2809 quod
1030 2739 1180 2796 nefas
1221 2749 1324 2807 est,
1374 2749 1427 2795 et
1455 2749 1642 2798 contra
1675 2743 1916 2797 omnium
1961 2741 2139 2813 legum

527 2868 534 2873 ο
557 2845 783 2900 prorsus
804 2830 1204 2886 auctoritatem.
1234 2831 1370 2896 Quid
1399 2831 1543 2884 enim
1581 2847 1716 2886 uxor
1739 2832 1857 2886 sine
1882 2831 1981 2886 viri
2009 2847 2138 2887 con-

557 2936 722 2977 sensu
747 2935 909 2990 agere
930 2922 1143 2992 potest?
1164 2931 1365 2990 quanto
1393 2922 1566 2992 magis
1589 2937 1655 2976 ex
1682 2923 1981 2985 mmchans,
2018 2939 2138 2992 qua:

558 3013 741 3069 divino
765 3012 964 3084 gladio,
1005 3021 1262 3068 censente
1307 3012 1506 3067 domno
1535 3027 1668 3083 papa
1695 3012 1916 3068 Nicolao
1942 3015 2138 3083 praede-

557 3117 776 3158 cessore
801 3109 1018 3168 nostro,
1061 3101 1262 3157 interiit
1303 3101 1574 3173 (Nicolaus
1619 3105 1675 3156 in
1722 3105 1870 3172 epist.
1913 3104 2000 3158 64.
2033 3104 2136 3158 Re-

557 3193 686 3263 gino
710 3193 744 3245 Ι.
777 3209 816 3248 ιι
845 3191 1118 3263 Chronic.)
1139 3201 1194 3248 et
1218 3194 1454 3248 luttnano
1482 3208 1581 3264 pro
1599 3203 1754 3263 parte
1779 3194 1923 3250 facto
1946 3204 2134 3265 stupro

521 3281 734 3350 ..puniri
763 3281 1056 3336 debuerat?
1085 3281 1271 3336 Nonne
1305 3281 1540 3337 Joannes
1570 3299 1707 3354 papa
1744 3283 2043 3347 Romanus,
2081 3295 2136 3340 et

557 3372 895 3432 Justiniauus
925 3374 1155 3444 inclytus
1183 3375 1475 3444 imperator
1509 3375 1678 3444 legem
1707 3375 2012 3430 Romanam
2062 3376 2138 3430 ia-

557 3463 783 3528 cientes,
819 3464 1152 3532 scripserunt
1185 3462 1257 3517 ita
1317 3480 1330 3515 :
1380 3462 1609 3532 Capitali
1665 3462 1894 3517 crimine
1920 3463 2139 3518 damna-

558 3563 738 3608 torum
764 3553 903 3610 bona
935 3569 1043 3608 non
1082 3554 1150 3608 ad
1205 3553 1413 3608 lucrum
1452 3553 1719 3623 praesidis,
1762 3553 1856 3608 sed
1895 3555 2138 3624 cognatis

557 3645 868 3713 punitorum
896 3645 1043 3700 reddi
1063 3644 1307 3714 oportet?
1327 3644 1397 3699 Et
1417 3644 1572 3700 alibi:
1601 3643 1861 3699 Omnibus
1883 3645 2138 3712 gradibus

555 3743 912 3806 cognatorum
943 3736 995 3790 in
1023 3735 1338 3790 luereditate
1367 3736 1625 3791 sumenda
1660 3734 1980 3806 prml‘erendi
2011 3743 2138 3791 sunt

557 3825 674 3882 lilii.
708 3826 862 3884 Unde
903 3827 1107 3898 liquido
1149 3835 1318 3897 patet,
1349 3826 1738 3898 gloriosissime
1771 3842 1886 3890 rex,
1932 3835 1993 3880 ut
2039 3841 2138 3882 nec

545 3931 802 3983 .vos,nec
847 3917 1061 3985 cognati
1108 3931 1318 3980 eorum,
1348 3916 1449 3970 nisi
1503 3916 1630 3984 ipsa:
1685 3915 1806 3968 lilia:
1855 3930 1974 3983 qua:
2013 3923 2140 3968 sunt

558 4007 834 4076 legitimas,
865 4007 985 4061 illos
1023 4007 1224 4062 allodes
1252 4006 1450 4059 habere
1472 4006 1701 4066 debent;
1735 4006 1825 4073 qui
1855 4021 1982 4058 vero
2025 4004 2138 4057 nati

557 4101 686 4149 sunt
709 4102 830 4162 post
851 4095 1057 4150 crimen
1080 4093 1314 4153 illarum,
1341 4092 1509 4160 spurii
1537 4099 1680 4154 sunt,
1708 4091 2139 4146 necbazrcditare

561 4182 784 4248 debent,
817 4192 876 4236 ut
899 4183 1155 4252 praelatus
1198 4197 1335 4252 papa
1388 4191 1442 4238 et
1473 4183 1765 4253 imperator
1807 4183 2138 4253 scripserunt

559 4277 668 4332 ita:
689 4275 912 4346 Spurios
940 4276 1070 4331 satis
1102 4275 1406 4345 iniuriosos,
1433 4276 1670 4346 satisque
1695 4275 1938 4340 acerbos,
1970 4290 2138 4330 aeno—

557 4372 687 4430 stris
719 4370 1050 4440 temporibus
1099 4384 1310 4439 semper
1340 4368 1589 4440 indignos
1614 4382 1734 4422 esse
1759 4366 2133 4436 dijudicamus.

557 4463 914 4532 Quapropter,
953 4448 1012 4514 ul
1046 4460 1373 4530 rogavimus,
1411 4459 1603 4512 iterum
1638 4456 1940 4525 iterumque
1981 4473 2136 4527 roga-

1851 404 2131 460 JOANNlS
2168 407 2366 462 PAPE
2408 410 2516 464 V'lll

2175 529 2221 587 Α
2249 549 2441 604 anima:
2491 558 2683 604 vestrm
2729 551 3106 621 prospicimus,
3154 569 3504 611 commonere
3549 572 3831 613 curamus.

2249 637 2316 710 [Ῑ.
2364 639 2908 712 dissensionem]....
2941 659 3176 713 quoque,
3225 661 3343 714 qua:
3391 646 3537 701 inter
3592 649 3837 705 Almonis

2247 731 2482 800 episcopi
2525 744 2800 802 parentes,
2841 742 2894 788 et
2939 734 3283 801 Rotbertum,
3331 748 3494 807 atque
3545 739 3834 794 Roelinum

2247 831 2434 876 exorta
2465 833 2548 877 est
2575 822 2637 894 [Ῑ.
2671 822 2840 896 ιιι]....
2869 825 3032 895 regali
3064 825 3238 894 potius
3268 825 3331 898 [ι’.
3363 827 3491 881 add.
3518 826 3834 902 clementia]

2248 928 2409 983 quam
2442 916 2678 970 vindicta
2719 918 3024 988 corrigatur
3054 937 3068 983 ;
3102 920 3356 989 quoniam
3405 923 3615 976 nmium
3671 928 3830 980 semel

2249 1005 2572 1058 necessitate
2602 1015 2873 1074 patratum
2898 1023 3000 1061 non
3029 1009 3186 1063 debet
3214 1009 3515 1065 secundum
3541 1016 3838 1068 necessitu-

2249 1092 2426 1146 dinem
2457 1093 2660 1162 expiari
2685 1095 2751 1149 ad
2778 1095 3054 1161 delictum,
3083 1097 3177 1150 sed
3206 1099 3618 1155 misericordius
3636 1105 3834 1158 remitti

2249 1182 2318 1237 ad
2347 1184 2579 1249 veniam,
2627 1194 2752 1253 agat
2779 1196 2955 1240 vestra
2998 1188 3229 1258 gloriosa
3271 1191 3549 1256 nobilitas,
3597 1202 3662 1247 ut
3687 1193 3836 1249 decet

2252 1281 2413 1328 tanta:
2441 1283 2646 1328 naturae
2671 1277 2993 1332 decentiam.
3028 1279 3157 1332 Data
3185 1290 3238 1332 ut
3264 1298 3447 1348 supra.

2882 1390 3156 1447 CLXXVI.

2243 1497 2317 1534 «ΑΒ
2352 1497 2606 1538 ROMANO!
2645 1500 2895 1540 ELECTUI
2940 1503 3395 1545 ARCHIEPISCOPUI
3446 1507 3828 1550 ιΑτεειωτει.

2867 1582 3044 1652 (Anno
3068 1584 3220 1655 878.)

2243 1665 2481 1744 Ltetatur
2513 1687 2630 1724 eum
2679 1670 3028 1744 Ravennatem
3082 1675 3532 1744 atﬂtiepiscopuns
3574 1679 3826 1744 electum;

2307 1738 2469 1814 jubet_
2487 1741 3165 1814 nequidquam‘electionis
3186 1738 3346 1798 causa
3370 1738 3466 1798 ulli
3493 1751 3765 1814 promittat
3808 1738 3827 1801 ξ

2316 1820 2362 1860 et
2391 1810 2661 1887 epistolam
2691 1828 2840 1864 suam
2866 1810 3044 1876 Leoni,
3072 1823 3120 1865 et
3149 1813 3398 1867 Romanis
3423 1810 3678 1887 scriptam
3704 1818 3828 1887 aie-

2318 1878 2529 1957 rentlam
2559 1890 2722 1957 curet,
2748 1892 3031 1957 curamque
3053 1899 3353 1957 responsum
3393 1885 3466 1957 ad
3500 1878 3558 1938 se
3591 1878 3784 1957 dirigi
3804 1905 3824 1945 :

2317 1963 2396 2000 res
2427 1947 2653 2002 Joannis
2679 1959 2727 2003 et
2761 1947 3044 2005 Deusdedit
3061 1947 3254 2008 ducum
3277 1955 3544 2008 restituat.

2317 2056 2540 2112 Rouwo
2583 2058 2783 2116 Levita:
2810 2063 3026 2132 egregio
3055 2077 3085 2117 a
3129 2063 3538 2120 Ravennatibus
3583 2067 3821 2127 ﬁdelibus

2245 2152 2446 2205 nostris
2469 2152 2660 2208 electo.

2313 2243 2640 2301 Litterarum
2669 2254 2899 2313 tuarum,
2935 2248 3009 2302 {ili
3042 2250 3383 2318 charissime,
3419 2253 3569 2308 serie
3615 2265 3818 2324 recepta

2241 2345 2295 2390 et
2324 2336 2484 2400 lecta,
2516 2339 2605 2392 ubi
2651 2338 2912 2394 Joannem
2957 2341 3321 2398 Ravennatem
3354 2347 3817 2417 archiepiscopum

2242 2423 2442 2480 ohiisse
2473 2426 2795 2488 audivimus.
2828 2430 2982 2485 valde
3003 2431 3289 2498 doluimus,
3320 2444 3378 2488 et
3404 2444 3465 2488 ut
3490 2451 3590 2504 pro
3620 2451 3690 2489 eo
3712 2451 3817 2491 cie-

2245 2515 2314 2570 tis
2335 2533 2457 2570 cum
2489 2520 2709 2583 vestris,
2741 2520 3040 2576 hortamur.
3067 2523 3260 2580 Vestra
3284 2527 3541 2582 videlicet
3571 2528 3820 2583 electione

2242 2606 2572 2661 tmanimiter
2617 2608 2758 2663 facta
2805 2612 3122 2679 gaudemus,
3177 2621 3229 2668 et
3261 2616 3389 2684 quia
3435 2632 3539 2671 nos
3564 2618 3818 2671 visitando

2243 2697 2459 2762 misisti,
2503 2698 2814 2770 signiﬁcans
2855 2704 3146 2759 sanitatem
3196 2717 3514 2761 nostrorum
3565 2708 3816 2772 ﬁdelium,

2241 2794 2496 2858 tuamque
2533 2791 2871 2846 devotionem
2915 2794 3318 2860 demonstrans,
3349 2798 3559 2867 gratias
3598 2799 3816 2869 agimus.

2240 2876 2510 2933 Caeterum
2538 2891 2819 2937 monentes
2851 2883 3137 2939 indicimus
3175 2895 3231 2940 ut
3252 2887 3366 2957 jam
3403 2889 3522 2957 qui,
3553 2899 3820 2944 annuente

2239 2977 2453 3036 pastore
2479 2983 2710 3033 summo,
2744 2971 2811 3025 ad
2842 2971 2945 3026 tale
2971 2987 3107 3041 opus
3135 2974 3346 3030 electus
3371 2991 3453 3040 es,
3488 2992 3598 3046 quo
3641 2989 3820 3048 pastor

2239 3054 2358 3120 llas,
2411 3056 2598 3128 vigiles
2661 3059 2714 3112 in
2765 3060 2953 3114 eadem
3003 3063 3248 3126 ecclesia,
3295 3063 3534 3129 labores.
3585 3067 3818 3138 nullique

2238 3145 2426 3214 majori
2456 3149 2757 3219 minorique
2782 3157 2888 3205 tam
2919 3151 3231 3206 concivibus
3255 3167 3532 3223 quamque
3553 3155 3668 3211 aliis
3699 3157 3816 3226 qui-

2165 3223 2209 3283 Ο
2242 3238 2556 3308 huscunque
2577 3241 2823 3310 personis
2854 3241 3070 3312 aliquod
3111 3246 3436 3314 promissum
3472 3244 3660 3310 facias,
3686 3223 3818 3318 quo-

2241 3330 2386 3384 niam
2437 3329 2804 3387 Simoniacum
2854 3342 2958 3399 est,
3010 3345 3066 3390 et
3120 3335 3223 3390 hoc
3273 3337 3429 3392 nobis
3478 3355 3817 3411 nequaquam

2239 3425 2530 3492 celabitur;
2554 3429 2693 3498 quod
2717 3430 2760 3482 si
2789 3427 3003 3493 ieceris,
3038 3444 3136 3500 per
3163 3432 3431 3499 apostolos
3457 3433 3819 3500 obtestantes,

2243 3523 2294 3568 te
2327 3516 2549 3571 minime
2574 3518 2972 3574 benedicemus.
3001 3520 3144 3576 Inter
3172 3521 3285 3575 ha-c
3303 3522 3543 3576 volumus
3571 3533 3632 3577 ut
3653 3525 3821 3580 istam

2238 3605 2518 3673 epistolam
2551 3605 2714 3662 Leoni
2745 3610 3039 3665 venerabili
3082 3613 3248 3666 misso
3281 3613 3525 3681 episcOpo
3572 3623 3631 3666 et
3679 3631 3821 3685 apo-

2240 3698 2508 3764 crisiario,
2539 3702 2750 3755 caeteris
2773 3700 3031 3758 Romanis
3061 3706 3445 3768 transmissatn,
3487 3705 3626 3774 ipsis
3670 3723 3824 3776 pra)-

2239 3789 2541 3843 sentialiter
2565 3805 2661 3860 per
2696 3801 2934 3847 vestrum
2967 3793 3198 3863 legatum
3226 3795 3599 3852 transmittatis
3623 3815 3641 3863 ;
3665 3814 3822 3854 eum-

2238 3880 2470 3950 demque
2493 3886 2932 3949 revertentem,si
2959 3897 3112 3954 potes
3137 3886 3345 3947 saltem.
3374 3898 3468 3942 aut
3499 3889 3666 3944 alium
3693 3906 3817 3945 cum

2240 3973 2454 4029 illorum
2472 3976 2713 4045 epistolis
2727 3978 2792 4031 ad
2815 3993 2935 4042 nos,
2964 3977 3159 4033 dilecte
3190 3977 3252 4050 [Ῑ.
3279 3980 3546 4052 directis],
3581 3983 3815 4047 remitte,

2239 4067 2331 4136 qui
2366 4074 2607 4121 nostrum
2639 4066 2924 4121 adventum
2955 4076 3166 4123 certum
3183 4070 3296 4139 jam
3327 4071 3484 4126 vobis
3509 4073 3817 4126 renuntiare

2238 4157 2455 4226 poterit.
2484 4157 2653 4228 Igitur
2679 4158 2842 4212 etiam
2873 4159 3121 4228 cupimus
3163 4169 3220 4214 ut
3252 4176 3351 4230 pro
3399 4176 3588 4217 amore
3625 4162 3815 4216 barum

2239 4256 2546 4302 nostrorum
2593 4247 2827 4303 ﬁdelium
2883 4259 3300 4321 nostrorumque
3353 4252 3812 4318 consiliariorum,

2193 4354 2196 4356 ‘
2236 4340 2526 4396 Deusdedit
2565 4340 2815 4396 videlicet
2851 4350 2904 4396 et
2947 4340 3172 4397 Joannis
3215 4343 3576 4413 gloriosorum
3623 4346 3813 4400 ducum

2238 4447 2327 4486 res
2373 4447 2471 4501 pro
2521 4447 2682 4500 posse
2723 4441 2779 4487 et
2829 4434 3077 4489 homines
3114 4433 3331 4489 salvetis
3379 4443 3437 4489 et
3480 4434 3814 4501 defendatis,

558 4570 696 4618 mus,
715 4563 770 4607 et
791 4552 1065 4606 hortantes
1090 4564 1373 4605 monemus
1400 4557 1460 4603 ut
1484 4548 1672 4604 harum
1701 4547 2132 4612 reclamationes,

2238 4531 2526 4591 occupatas
2557 4524 2818 4578 hactenus
2847 4523 3128 4595 integriter
3157 4524 3415 4590 reddatis,
3433 4537 3704 4596 quatenus
3730 4543 3819 4581 eu-

555 4645 748 4700 harum
796 4653 850 4699 et
886 4643 1118 4713 gemitus
1146 4650 1326 4697 vestra
1358 4643 1504 4712 regia
1537 4641 1768 4712 dignitas
1799 4641 2034 4695 hauriat.
2066 4641 2133 4695 Et

555 4751 655 4805 pro
695 4734 1056 4805 apostolorum
1111 4733 1415 4802 principum
1466 4733 1804 4796 reverentia,
1861 4747 1890 4784 a
1937 4732 2132 4799 quibus

557 4825 763 4898 petiere
786 4823 1064 4887 auxilium,
1087 4834 1138 4878 et
1152 4838 1249 4892 pro
1265 4830 1451 4878 nostro
1473 4837 1655 4876 amore
1685 4820 1966 4891 inlegt‘ilct'
1991 4821 2133 4888 ipsas

556 4914 936 4986 proprietates,
981 4928 1116 4982 quas
1167 4928 1263 4968 vos
1305 4913 1508 4966 allodes
1549 4912 1748 4974 dicitis,
1802 4911 2024 4972 reddat,
2078 4918 2133 4962 et

558 5013 765 5060 vestros
791 5001 936 5059 omni
951 5002 1237 5059 occasione
1261 5013 1464 5056 remota
1493 5002 1714 5055 reddere
1739 5000 1970 5054 faciatis.
2000 4998 2131 5052 Data

489 5157 496 5160 _
559 5104 611 5149 ut
638 5109 822 5165 supra.

1218 5201 1467 5258 CLXXV.

1161 5311 1230 5351 AD
1260 5309 1509 5354 BUGONEI
1519 5332 1532 5346 .

1159 5387 1337 5460 (Anno
1364 5387 1513 5456 878.)

573 5483 748 5541 Monet
774 5495 829 5540 ut
859 5482 1236 5537 dissuasionem
1278 5480 1413 5604 initer
1437 5479 1766 5558 Abbonemget
1789 5479 1923 5534 alios
1963 5487 2130 5531 artant

1255 5567 1308 5604 se
1347 5561 1418 5604 et.

1255 5561 1418 5606 sedet.

625 5668 837 5727 Rusoni
867 5665 1050 5724 abbati
1081 5665 1271 5733 nobili,
1307 5664 1584 5735 spectabili
1633 5663 1882 5734 prosapia
1929 5662 2130 5731 genito.

628 5757 760 5828 Quia
797 5757 1020 5813 multum
1057 5771 1153 5814 vos
1177 5755 1469 5827 diligimus,
1501 5755 1726 5822 ideoque
1769 5750 2132 5822 emigratulor,

2232 4613 2321 4682 jus
2351 4620 2576 4666 utuntur
2600 4613 2839 4678 servitio,
2884 4613 2932 4667 ei
2962 4615 3209 4669 convenit
3242 4623 3298 4668 ut
3347 4613 3601 4670 fruantur
3638 4615 3815 4671 defen-

2235 4701 2402 4756 sionis
2423 4700 2643 4756 auxilio.
2670 4700 2802 4758 Data
2830 4713 2884 4755 ut
2908 4720 3089 4773 supra.

2857 4819 3154 4875 CLXXVII.

2781 4926 2848 4964 AD
2885 4927 3245 4966 RAVENNATES.

2837 5001 3014 5071 (Anno
3043 5000 3191 5069 878.)

2238 5090 2386 5144 Dolet
2408 5107 2588 5144 eorum
2618 5091 2867 5146 antistitis
2895 5101 3058 5146 morte
3085 5106 3103 5143 :
3130 5103 3321 5155 monet,
3346 5105 3401 5149 ut
3415 5095 3637 5150 electura
3663 5096 3813 5150 abeis

2307 5161 2747 5231 m'rltiepiscopum
2781 5177 3009 5230 congruo
3031 5173 3413 5231 prosequantur
3449 5167 3682 5228 honore;
3710 5167 3812 5219 Ec-

2309 5230 2518 5283 clcsiam
2545 5230 2917 5292 Ravennatem,
2951 5241 3000 5284 et
3027 5230 3170 5287 Deus
3196 5230 3342 5287 dedit
3375 5245 3423 5288 et
3457 5234 3689 5290 Joannis
3719 5237 3815 5290 du-

2305 5317 2424 5354 cum
2461 5301 2596 5354 bona
2625 5299 2926 5369 defendant.

2309 5391 2689 5447 Sacerdotibus
2718 5400 2774 5446 et
2799 5392 3010 5447 senatui
3041 5393 3344 5465 populoque
3365 5395 3668 5450 Ravennati
3693 5395 3816 5448 tide-

2238 5481 2378 5536 libus
2405 5482 2628 5538 nostris.

2309 5573 2638 5628 Ravennatis
2665 5573 2921 5628 antistitis
2941 5613 2958 5639 ,
2989 5574 3154 5630 vestri
3181 5573 3430 5628 videlicet
3453 5573 3632 5628 Patris
3652 5614 3668 5635 ,
3701 5573 3816 5626 nbi-

2237 5671 2348 5716 tnm
2383 5663 2686 5727 audientes,
2717 5663 2871 5718 valde
2915 5663 3191 5730 dolemus;
3240 5681 3338 5735 pro
3381 5680 3490 5735 quo
3536 5674 3595 5719 ut
3644 5675 3816 5719 oretis

2239 5753 2516 5809 hortamur
2557 5772 2568 5804 :
2612 5753 2824 5810 solitam
2867 5769 2993 5809 vero
3034 5762 3344 5826 tantamque
3379 5754 3695 5811 ﬁdelitatem
3728 5767 3814 5807 ve
