4042 6302
213 368 352 428 alii

1427 352 1789 414 I‘IPIS'I‘OLAZ
1834 349 1912 412 I'I'I
1970 351 2313 414 DECRETA.

3425 357 3528 418 ειι

208 496 410 551 stram
439 495 562 552 erga
589 491 688 532 nos
719 478 924 535 unitate
953 490 1135 546 vigere
1157 481 1462 535 cernentes,
1497 471 1607 525 imo
1633 469 1829 538 gaudc-
1860 470 1909 529 Λ
1935 477 1995 522 ιιι
2023 479 2208 524 nostra
2234 469 2529 540 apostolica
2555 473 2880 527 auctoritate
2911 470 3031 528 illos
3081 479 3522 536 exeom‘municcs

215 591 380 634 mus,
430 579 487 627 et
529 578 588 624 ut
642 567 986 638 omnipotens
1025 563 1414 620 intercessione
1461 560 1827 631 apostolorum

213 663 545 736 principum
586 675 682 714 vos
730 657 890 711 Patre
941 655 1248 711 desiderato
1300 659 1602 721 rccuperet,
1651 657 1831 730 vestro

213 769 337 824 pro
371 751 505 808 velle
534 747 956 806 decertabimus.
1005 745 1275 800 Cancrum
1319 753 1602 798 monentes
1646 741 1831 795 horta-

217 861 382 910 mur,
417 852 471 897 et
491 837 1040 911 expressejubemus,
1061 845 1122 890 ut
1140 836 1254 906 jam
1283 850 1445 904 quem
1476 831 1829 893 unanimiter,

222 934 518 1004 quomodo
543 930 846 1002 scripsistis
866 969 880 992 ,
910 927 1180 998 elegistis,
1213 924 1543 978 unanimiter
1569 937 1692 977 eum
1722 919 1828 976 ele-

223 1040 388 1082 cutm
426 1023 679 1086 teneatis,
705 1019 944 1091 diligatis
968 1028 1024 1072 et
1048 1026 1231 1073 vestro
1250 1016 1317 1070 de
1340 1030 1489 1070 more
1513 1011 1790 1068 honoretis
1814 1026 1828 1062 :

219 1130 287 1175 et
321 1134 620 1188 usquequo,
653 1117 760 1169 Deo
783 1120 1077 1174 annuente,
1112 1108 1402 1181 praesentia
1437 1103 1700 1177 pontificii
1731 1117 1831 1156 που

220 1219 332 1265 stri
359 1206 627 1263 desiderio
651 1213 830 1260 vestro
853 1202 1109 1266 illuxerit,
1136 1199 1503 1252 Ravennatem
1543 1191 1830 1248 ecclesiam

224 1303 301 1356 ab
335 1301 588 1356 munibus
620 1296 871 1352 hostibus
903 1293 1195 1358 defendite,
1221 1285 1711 1360 deprazdationibus
1733 1296 1832 1352 pro

226 1407 394 1463 posse
427 1392 624 1454 levate,
673 1405 741 1443 ne
790 1387 904 1456 ipsa
940 1385 1168 1441 ecclesia
1207 1383 1441 1451 aliquam
1478 1375 1833 1447 depraedatio-

227 1499 358 1538 nem
395 1482 682 1545 sustineat,
715 1480 976 1548 quoniam
1008 1491 1106 1531 nos
1143 1477 1247 1530 hoc
1286 1472 1514 1528 inultum
1552 1481 1832 1537 nunquam

227 1573 598 1634 dimittemus,
641 1577 695 1624 et
724 1569 1059 1637 pr-aadatores
1087 1564 1556 1634 przcdatorumque
1581 1564 1828 1626 recepto-

227 1679 323 1718 res
371 1663 530 1734 legali
580 1663 764 1732 vigore
813 1659 988 1713 modis
1038 1656 1290 1711 omnibus
1337 1652 1616 1708 feriemus.
1661 1648 1830 1703 Porro

226 1755 577 1824 praecipimus
601 1762 659 1806 ut
682 1766 768 1806 res
797 1749 1023 1805 mobiles
1053 1757 1108 1803 et
1134 1745 1440 1801 immobiles
1459 1753 1688 1811 seseque
1715 1753 1831 1792 mo-

229 1855 426 1901 ventes
489 1843 779 1900 Deusdedit
826 1852 879 1897 et
928 1840 1171 1902 Joannis,
1221 1837 1576 1908 gloriosorum
1625 1833 1820 1886 ducum

227 1948 544 1994 nostrorum
573 1935 1030 2004 eonsiliariorum,
1061 1931 1304 1994 salvare,
1336 1936 1390 1983 et
1428 1928 1481 1981 in
1511 1925 1662 1989 illas,
1688 1935 1823 1991 quas

229 2031 498 2086 hactenus
527 2030 745 2084 invasas
774 2026 1110 2088 habuerunt,
1143 2023 1346 2077 nullam
1389 2014 1822 2074 invasionemfa-

225 2125 461 2185 cientes,
493 2121 707 2176 illorum
739 2116 1046 2173 hominibus
1077 2113 1352 2170 defendite
1385 2129 1398 2164 :
1423 2109 1536 2179 jam
1571 2109 1698 2178 quia
1724 2122 1821 2160 no-

225 2223 348 2269 stro
379 2219 602 2267 utuntur
619 2209 868 2272 servitio,
895 2217 1081 2263 nostra
1135 2205 1310 2260 modis
1344 2201 1597 2258 omnibus
1625 2200 1824 2254 debent
1917 2255 1920 2258 ,

225 2302 437 2374 perfrui
476 2299 807 2361 defensione,
862 2297 1124 2354 servatori
1170 2294 1330 2361 hujus
1368 2294 1585 2364 jussus,
1645 2289 1817 2360 gratia

224 2393 569 2464 corruptoris
635 2407 732 2462 pro
785 2390 942 2461 jussu
1012 2389 1118 2445 erit
1181 2384 1534 2440 nihilominus
1595 2396 1790 2450 campo

225 2486 387 2541 sitori
417 2498 438 2524 ε
451 2519 467 2537 .
983 2537 997 2549 ,

849 2591 1174 2648 CLXXVIII.

501 2704 569 2744 ΑΙ)
606 2699 822 2743 ιυωςεε
859 2703 926 2743 ET
962 2701 1128 2742 DUCES
1161 2697 1528 2738 ll.\\'I-ZSNATF.S.

848 2780 1026 2850 (Anno
1060 2777 1209 2846 8'78.)

223 2873 383 2932 lubet
423 2886 480 2929 at
524 2877 781 2928 ciuitatem
808 2881 991 2995 contr;
1018 2865 1594 2924 Lantbertamviriliier
1637 2866 1818 2935 defen-

996 2951 1107 2995 aut.

996 2951 1084 2995 aut
1093 2979 1107 2994 .

298 3055 562 3114 erunibus
583 3053 858 3124 iudicibus
891 3061 948 3108 et
978 3051 1204 3108 ducibus
1239 3066 1334 3106 seu
1365 3048 1576 3121 populis
1609 3046 1816 3103 Raven-

215 3161 314 3202 na:
334 3145 798 3202 commorantibus
823 3143 1071 3199 fidelibus
1095 3141 1314 3197 nostris.

298 3239 626 3294 Industriam
643 3251 740 3294 seu
760 3237 1002 3292 omnium
1029 3234 1348 3291 fidelitatem
1373 3246 1531 3288 nosse
1548 3231 1818 3294 volumus,

223 3332 483 3403 quoniam
515 3331 684 3386 relatu
727 3329 1086 3400 quorumdam
1124 3327 1450 3388 audivimus,
1485 3337 1540 3377 ut
1585 3322 1822 3379 Joannes

225 3425 487 3480 diaconus
533 3422 896 3477 cliartularius
945 3420 1144 3483 deviet,
1185 3427 1241 3474 et
1280 3417 1496 3472 francos
1545 3414 1817 3470 Lamberti

225 3522 418 3568 contra
468 3513 791 3568 electionem
838 3523 1081 3566 nostram
1121 3509 1434 3565 conducat:
1466 3506 1606 3561 unde
1649 3505 1819 3560 mitti-

226 3622 348 3662 mus
394 3605 799 3676 apostolicaque
842 3602 1165 3658 auctoritate
1209 3601 1460 3671 jubemus
1517 3607 1574 3652 ut
1630 3611 1819 3652 omnes

226 3698 511 3752 unanimes
539 3711 754 3767 unaque
777 3695 1091 3750 fidelitatem
1122 3703 1268 3747 stare
1289 3689 1532 3746 debeatis
1552 3697 1608 3744 et
1633 3686 1820 3743 defen-

223 3791 359 3847 dere
389 3791 561 3860 ipsam
606 3790 904 3852 eivitatem,
958 3789 1034 3843 ita
1067 3797 1125 3841 ut
1171 3785 1348 3840 nullus
1395 3786 1487 3854 qui
1538 3783 1817 3839 vobiscum

219 3898 338 3942 non
365 3891 494 3950 stat,
524 3883 744 3946 franeos
784 3882 858 3938 ibi
888 3880 1116 3938 conduci
1153 3877 1426 3933 Lamberti
1476 3876 1541 3949 [Ῑ.
1601 3876 1814 3930 francos

203 3975 302 4032 ibi
352 3991 478 4030 cum
529 3976 668 4030 duce
705 3973 1012 4039 Lamberto,
1043 3971 1176 4043 etc.’|
1221 3971 1364 4025 intus
1406 3966 1686 4040 permittat
1730 3967 1813 4022 in-

222 4066 403 4135 gredi,
427 4080 529 4121 nec
555 4066 670 4135 ipse
695 4063 1020 4119 Lambertus
1048 4052 1118 4117 ibi
1141 4059 1524 4132 qnoquomodo
1565 4072 1818 4112 accessus

224 4160 445 4221 habeat,
477 4174 576 4213 nec
603 4173 734 4214 suus
763 4159 926 4213 homo
966 4157 1038 4211 ibi
1063 4155 1266 4209 intrare
1294 4152 1466 4224 possit
1498 4170 1512 4206 :
1545 4152 1618 4205 ita
1648 4151 1701 4206 in
1735 4150 1818 4205 his

222 4250 390 4319 agite,
417 4249 561 4304 sicut
593 4249 683 4303 Dei
714 4257 769 4304 et
812 4257 1052 4304 nostram
1087 4245 1318 4315 gratiam
1363 4245 1566 4300 habere
1594 4243 1816 4313 cupitis,

219 4340 480 4408 quoniam
510 4340 601 4408 qui
631 4339 789 4394 aliter
815 4336 1026 4404 fecerit,
1047 4345 1103 4393 et
1131 4345 1370 4392 nostram
1405 4335 1541 4390 iram
1571 4334 1815 4399 habebit,

215 4438 280 4486 et
306 4429 450 4486 mille
472 4430 766 4502 byzanteos
795 4429 993 4500 palatio
1027 4437 1215 4485 nostro
1244 4435 1549 4496 componet.
1584 4426 1720 4480 Data
1761 4435 1816 4478 ut

215 4535 410 4593 supra.

885 4607 1163 4666 CLXXIX.

469 4741 536 4782 AD
565 4739 941 4781 τιιεουοιιιεωι
981 4739 1050 4778 ΕΤ
1091 4738 1238 4779 ISAAC
1273 4735 1579 4779 εριθεοιδοδ.

845 4816 1027 4887 (Anno
1062 4814 1212 4885 879.)

225 4932 474 5003 Prwcipit
502 4941 559 4986 ut
604 4932 1049 4987 excommunicent
1100 4947 1185 4985 eos
1209 4927 1586 5003 qui__Wipcrto
1636 4928 1818 5003 comiti

291 4998 467 5074 ﬁlium
493 5005 791 5073 eripuerant
816 5041 830 5069 ,
874 5013 921 5056 et
969 4998 1231 5072 regionem
1285 4999 1436 5053 illam
1486 4998 1815 5067 populaban-

293 5085 401 5130 ων.

293 5185 780 5244 Reverendissimis
796 5195 851 5242 et
874 5184 1234 5241 sanctissimis
1254 5183 1608 5238 'I'ntzooontco
1630 5181 1812 5237 archi-

217 5277 500 5347 episcopo,
531 5288 584 5334 et
609 5279 764 5335 Isaac
785 5279 1062 5348 episcOpo.

295 5371 516 5427 Noverit
539 5381 716 5427 vestra
751 5373 1076 5443 religiositas
1125 5370 1250 5440 quia
1297 5368 1578 5440 Wipertus
1625 5383 1812 5423 eomes

219 5466 527 5522 reclamans
549 5466 824 5536 pontificio
845 5476 1032 5520 nostro
1065 5464 1267 5525 retulit,
1297 5464 1441 5535 quod
1475 5462 1692 5533 quidam
1728 5463 1812 5517 sui

217 5557 472 5613 homines
521 5557 901 5613 malefactorcs
966 5571 1122 5611 suum
1181 5554 1352 5610 filium
1391 5552 1717 5609 sustulerint
1759 5561 1815 5606 et

217 5664 343 5705 cum
367 5661 432 5704 eo
473 5657 673 5702 terram
701 5646 1083 5720 praedaverint.
1130 5644 1474 5716 Quapropter
1501 5641 1810 5713 dirigimus,

290 5778 315 5806 ι
355 5764 529 5820 Locus
551 5772 875 5843 corruptus,»

1937 560 2027 625 lis,
2056 577 2164 630 quo
2204 561 2408 616 relictis
2441 562 2640 616 talibus
2667 564 3160 633 depraadationibus
3217 569 3285 620 ad
3315 579 3526 636 patrem

1933 657 1988 704 et
2036 651 2306 706 seniorem
2386 652 2608 706 redeant
2660 661 2715 707 et
2766 653 2992 722 paciflee
3041 655 3247 712 vi‘vant.
3287 659 3420 712 Data
3475 670 3530 711 ut

1932 759 2114 813 supra.

2601 816 2862 880 CLXXX.

2397 943 2466 982 AD
2504 943 2753 984 HUCONEM
2792 944 3060 985 COMII‘EI.

2546 1036 2726 1110 (Anno
2771 1040 2922 1110 879.)

2160 1128 2338 1185 Monet
2369 1141 2423 1185 ut
2449 1133 2707 1202 quaedam
2736 1131 3065 1200 facinorosos
3093 1137 3301 1203 puniat.

2006 1243 2210 1300 llucoxt
2239 1245 2475 1315 glorioso
2499 1248 2709 1302 comiti.

2004 1328 2297 1390 Referente
2324 1336 2576 1392 videlicet
2605 1339 2709 1392 hoc
2738 1339 2853 1394 viro
2881 1335 3100 1395 nomine
3139 1379 3154 1394 .
3198 1380 3214 1396 .
3259 1380 3273 1394 .
3316 1381 3330 1395 .
3371 1342 3528 1400 audi-

1932 1426 2110 1480 vimus
2140 1425 2282 1495 qnod
2315 1426 2477 1480 vestri
2502 1426 2779 1489 homines,
2814 1429 3050 1484 maxime
3075 1431 3366 1488 (‘mnerius
3393 1449 3523 1490 suos

1932 1530 2102 1585 equos
2123 1515 2372 1571 tollentes
2395 1532 2523 1572 suas
2537 1519 2851 1574 mansiones
2887 1521 3240 1589 prtedassent.
3281 1523 3526 1594 Quapro-

1927 1613 2055 1675 pter
2075 1607 2357 1662 hortantes
2383 1623 2666 1664 monemus
2687 1618 2749 1680 ut
2763 1627 2861 1680 pro
2875 1613 3241 1680 apostolorum
3267 1629 3524 1671 reveren-

1935 1698 2008 1752 tia
2038 1705 2093 1753 et
2121 1707 2308 1754 nostro
2339 1714 2545 1764 amore,
2563 1711 2728 1770 quam
2754 1703 2908 1772 petiit
2930 1703 3312 1772 justitiam,iili
3340 1706 3523 1762 facere
3591 1771 3598 1777 δ

1860 1819 1900 1876 Β
1935 1790 2212 1858 satagatis.
2245 1787 2322 1845 Ita
2342 1801 2466 1862 agat
2499 1792 2552 1845 in
2578 1793 2680 1847 hoc
2709 1805 2886 1848 vestra
2910 1796 3166 1851 nobilitas
3190 1812 3250 1850 ut
3277 1805 3523 1851 acturam

1929 1881 2224 1946 credimus,
2253 1890 2312 1935 ut
2331 1899 2385 1936 et
2409 1883 2509 1952 ipsi
2539 1883 2924 1940 malefactores
2986 1887 3158 1940 nostri
3208 1902 3522 1942 excommu-

1921 1972 2199 2032 nicentur.
2228 1973 2354 2043 quia
2408 1987 2515 2028 non
2575 1975 2680 2030 tale
2712 1973 2886 2042 nefas,
2943 1986 3142 2034 utnon
3189 1979 3516 2041 ulciscatur,

1927 2064 2213 2118 demittere
2239 2064 2545 2133 nequimus.
2573 2067 2708 2121 Data
2732 2078 2784 2120 ut
2810 2083 2990 2136 supra.
3521 2060 3526 2066 ’

2566 2175 2846 2231 CLXXXI.

1961 2279 2028 2320 AD
2062 2281 2312 2324 ιιυοοῖιειι
2357 2281 2732 2324 τιιῐξοῡειιιευιι
2770 2285 2838 2324 ΕΤ
2879 2283 3196 2328 ΒΕΙῐΝΑΙῑυυὶι
3236 2289 3486 2332 εοιιιτεδ.

2547 2377 2726 2447 (Anno
2751 2378 2898 2449 879.)

1962 2463 2029 2520 Ut
2056 2468 2303 2523 amicitia:
2327 2469 2703 2539 charitatisque
2731 2469 2900 2537 [trdus
2941 2487 3058 2523 cum
3088 2469 3290 2527 Bosouc
3322 2473 3477 2528 ictum

2623 2551 2822 2594 SCI’I‘L’IU
2833 2580 2844 2592 .

1994 2647 2200 2706 Ilmoxr
2222 2693 2236 2717 ,
2265 2645 2610 2708 Tumorncro
2640 2665 2694 2709 et
2728 2655 2996 2721 Bcnxtno,
3030 2655 3406 2713 illustrissimis
3433 2674 3519 2712 re-

1921 2744 2011 2814 gni
2049 2742 2402 2799 Francorum.

1995 2837 2190 2893 Frctus
2216 2846 2398 2894 vestra
2426 2840 2816 2910 ingenuissima
2841 2839 3140 2909 nobilitate,
3171 2845 3338 2914 atque
3381 2844 3513 2900 obe-

1923 2929 2152 2995 dientia,
2193 2947 2357 3001 quam
2379 2945 2602 3003 propter
2624 2933 2794 2990 Deum
2810 2935 2968 2989 nobis
2989 2935 3254 3007 condigne
3281 2937 3512 3001 debetis.

1895 3019 2338 3080 dilectissimum
2406 3025 2575 3081 filium
2625 3037 2870 3082 nostrum
2932 3028 3218 3093 Bosonem,
3270 3038 3512 3086 vestrum

1925 3116 2238 3172 unanimem
2293 3118 2513 3174 fratrem
2571 3129 2626 3173 et
2683 3119 3094 3184 :unicissimutn,
3129 3130 3186 3174 ut
3227 3121 3512 3178 insolubile

1923 3204 2196 3266 vinculum
2219 3213 2523 3277 eharitatis,
2548 3212 2830 3282 fmdusque
2851 3214 3126 3278 amicitire,
3149 3215 3292 3285 quod
3321 3231 3508 3270 coram

1925 3294 2038 3354 Deo
2065 3301 2305 3355 vicissim
2335 3302 2654 3372 colligastis,
2688 3318 2882 3357 moneo
2915 3344 2928 3366 ,
2990 3304 3198 3369 hortor,
3239 3305 3382 3358 nulla
3420 3307 3518 3360 Ima

1927 3391 2131 3444 minum
2187 3391 2326 3446 male
2382 3391 2716 3461 loquentium
2772 3392 2987 3463 lingua,
3027 3393 3173 3448 nullo
3223 3394 3510 3462 cujuslibet

1923 3480 2130 3537 fraudis
2151 3482 2388 3554 ingenio,
2443 3482 2525 3536 vel
2576 3483 2627 3536 in
2672 3483 2885 3538 modico
2911 3485 3290 3553 quoquomodo
3341 3487 3514 3555 possit

1921 3573 2078 3628 avelli
2106 3593 2118 3627 :
2152 3575 2247 3629 sed
2268 3575 2494 3630 Domino
2535 3575 2851 3641 auxiliante,
2886 3573 3065 3631 dilecti
3092 3575 3182 3631 filii
3215 3582 3382 3631 nostri
3411 3575 3514 3632 Lu-

1922 3667 2097 3722 dovici
2127 3666 2267 3736 regis
2289 3667 2529 3720 animum
2557 3681 2686 3736 erga
2717 3681 2839 3721 eum
2869 3661 3199 3723 immobilem
3250 3679 3305 3722 et
3356 3678 3508 3723 tran-

1919 3757 2150 3829 quillum
2171 3769 2386 3826 semper
2415 3757 2664 3821 servetis,
2702 3767 2756 3812 et
2781 3759 2962 3814 onmia
3009 3775 3106 3815 sua
3153 3759 3299 3814 salva
3345 3769 3512 3829 atque

1917 3850 2144 3922 pacifica
2173 3856 2523 3920 conservato;
2565 3849 2822 3918 quoniam
2859 3864 2954 3921 pro
3005 3850 3088 3903 his
3139 3850 3206 3902 ab
3254 3849 3504 3918 omnipo-

1924 3951 2070 3997 lente
2099 3939 2208 3996 Deo
2241 3947 2298 3994 ct
2322 3939 2481 3994 beato
2510 3938 2671 3994 Petro
2692 3939 2937 4009 apostolo
2988 3939 3186 3994 futurae
3212 3939 3337 3993 vitae
3365 3953 3507 3994 mer-

1920 4034 2129 4098 cedem,
2158 4041 2214 4088 et
2240 4047 2272 4088 a
2303 4033 2458 4088 nobis
2485 4041 2540 4086 et
2565 4031 2634 4086 ab
2657 4031 2749 4086 illo
2779 4029 3119 4085 fidelissimos
3141 4029 3506 4085 amicitiarum

1923 4123 2198 4197 recipietis
2221 4124 2341 4180 sine
2370 4124 2535 4180 dubio
2568 4122 2974 4178 retributiones.
3003 4121 3133 4176 Data
3167 4132 3221 4176 ut
3251 4137 3431 4192 supra.

2557 4231 2860 4292 CLXXXII.

2334 4364 2402 4406 Αιδ
2442 4362 2749 4408 ιύιωιιιωι
2790 4363 3096 4404 ΝΟΝΛΕΙΙυκ.

2531 4442 2708 4514 (Anno
2736 4440 2884 4510 879.)

1842 4507 1899 4570 D
1929 4533 1995 4588 Ut
2027 4532 2260 4603 Wiperto
2290 4507 2767 4613 episcopo:obediat
2797 4567 2816 4611 ,_
2975 4544 3092 4582 eum
3117 4543 3209 4597 per
3267 4527 3512 4584 dimisso-

2501 4603 2636 4655 rimn
2664 4600 2956 4670 acquisivit.

1998 4715 2277 4775 Veneriam
2292 4714 2578 4771 monacho.

1999 4808 2242 4878 Denique
2272 4805 2460 4861 Trecis
2496 4803 2658 4875 positi
2704 4813 2802 4874 per
2839 4802 3200 4874 nosmetipsos
3251 4802 3508 4874 cognovi-
3571 4829 3576 4832 -

1925 4917 2048 4958 mus
2095 4900 2328 4972 qualiter
2381 4897 2660 4966 Wipertus
2707 4895 3032 4966 episcopus,
3083 4894 3309 4950 devotus
3359 4893 3502 4947 filius

1924 5005 2131 5058 noster,
2163 5002 2214 5048 te
2239 5007 2268 5047 a
2296 4990 2512 5062 pr0prio
2554 4987 2809 5059 episcopo
2835 4997 2999 5059 atque
3033 4986 3228 5041 abbate
3279 4999 3376 5054 per
3424 4984 3511 5038 di-

1924 5084 2229 5141 missui-iam
2257 5079 2566 5152 acquisivit,
2599 5088 2691 5134 tua
2745 5079 2926 5149 potius
2975 5074 3370 5131 interveniente
3419 5087 3511 5142 pe-

1924 5176 2132 5231 titione.
2161 5172 2503 5242 Quapropter
2532 5168 2787 5226 convenit
2809 5167 2903 5223 tibi
2929 5180 2996 5221 ex
3023 5164 3108 5220 die
3139 5164 3252 5227 illo,
3283 5171 3339 5216 et
3361 5160 3514 5217 dein-

1919 5285 2046 5342 ceps
2080 5307 2096 5334 ,
2139 5276 2401 5337 tanquam
2442 5262 2662 5336 proprio
2708 5261 2952 5324 obedire,
2987 5270 3221 5328 eumque
3276 5263 3335 5309 ut
3383 5268 3508 5325 pro-

1918 5363 2100 5434 prium
2128 5368 2402 5432 pastorem
2434 5355 2587 5427 sequi
2612 5369 2720 5410 non
2749 5349 3158 5424 praetermittas,
3181 5348 3307 5418 quia
3331 5386 3344 5410 ,
3367 5345 3515 5416 quod

1922 5467 2030 5510 non
2051 5459 2325 5524 Optamus,
2366 5449 2413 5504 si
2437 5447 2596 5502 aliter
2642 5443 2861 5508 feceris,
2901 5439 3172 5494 vinculum
3203 5449 3513 5492 excommu-

1865 5557 1868 5560 ‘
1923 5543 2219 5600 nicationis
2240 5554 2404 5611 super
2435 5548 2488 5594 te
2513 5533 2912 5592 rationabiliter
2936 5529 3315 5586 extendentes.
3375 5526 3508 5581 Data

1921 5648 1977 5693 ut
1995 5653 2174 5709 supra.
