4042 6302
571 398 676 456 815

1193 504 1519 566 CLXXXIII.

961 644 1022 686 ID
1059 643 1266 684 σιιιιωι
1303 642 1763 684 ιευιοιΑΝῐ-ξκεειι.

1175 740 1351 807 (Anno
1379 737 1530 810 879.)

576 851 822 923 Prmeipit
854 861 908 905 ut
947 853 1147 923 quoties
1184 850 1450 923 episcopus
1483 849 1772 923 Ticinensis
1813 863 1900 902 eos
1940 847 2008 902 ad
2062 863 2154 917 sy-

961 919 1154 974 nodum
1181 919 1457 984 vocaverit,
1487 919 1758 973 accedant.

645 1054 910 1111 Omnibus
950 1053 1308 1110 sanctissimis
1345 1061 1400 1109 et
1422 1051 1888 1108 reverendissimis
1935 1051 2151 1106 confra-

575 1145 748 1201 tribus
797 1154 852 1202 et
879 1144 1213 1214 coepiscopis
1245 1152 1394 1210 ,tam
1451 1141 1836 1196 Mediolanensi
1885 1142 2156 1210 archiepi-

575 1253 736 1306 scopo
761 1252 883 1292 cum
910 1236 1023 1291 suis
1043 1235 1424 1306 suﬁ'raganeis,
1445 1249 1608 1304 quam
1626 1231 1925 1287 Ravennati
1954 1231 2151 1286 nihilo-

574 1332 755 1400 minus
775 1345 897 1384 cum
922 1329 1278 1399 suﬁ'raganeis
1315 1327 1449 1381 suis.

646 1420 920 1490 Scriptum
947 1421 1150 1476 etenim
1181 1428 1264 1473 est
1287 1419 1459 1471 :Deus
1484 1419 1572 1489 qui
1595 1418 1922 1488 gloriﬁcatur
1949 1417 2004 1470 in
2032 1433 2152 1470 con-

573 1512 692 1566 silio
710 1521 1008 1567 sanctorum
1040 1510 1211 1582 (Psal.
1239 1510 1503 1579 Lxxxvtn)
1527 1527 1542 1575 ;
1571 1519 1626 1564 et
1669 1510 1721 1562 in
1744 1506 1988 1578 cvanglio
2012 1524 2026 1559 :
2052 1503 2153 1560 Ubi

573 1605 678 1656 duo
692 1603 768 1657 vel
791 1612 893 1657 tres
922 1601 1218 1672 congregati
1241 1601 1432 1670 fuerint
1453 1600 1506 1654 in
1521 1601 1726 1654 nomine
1753 1599 1958 1663 meo,in
1983 1597 2151 1651 medio

573 1709 753 1746 eorum
804 1708 920 1746 sum
961 1692 1174 1764 (Matth.
1215 1692 1332 1760 XI);
1375 1699 1433 1745 et
1479 1691 1647 1744 item:
1703 1688 1764 1744 Si
1820 1689 1987 1758 frater
2043 1687 2154 1756 fra-

575 1773 708 1836 ‘rem
754 1783 1035 1851 adjuverit,
1097 1781 1249 1835 ambo
1294 1779 1708 1835 consolabuntur
1753 1777 1940 1850 (Prov.
1970 1775 2148 1846 xvm).

1843 388 2125 445 JOANNIS
2163 390 2359 445 PAl’Ai
2406 392 2511 446 VIII
2587 387 2590 390 ’

2175 511 2224 569 Α

3751 408 3859 462 εις

2891 509 3198 568 CLXXXV.

2769 616 2837 654 λι)
2875 617 3046 658 ουκεε
3081 619 3319 660 ΡΙΩΕΙΣΒ.
3414 642 3425 651 -

2858 693 3040 762 (Anno
3077 695 3230 764 879.)

2260 777 2502 851 Prwcipit
2526 797 2588 836 ne
2609 783 2865 853 quispiam
2887 788 3209 864 monasterio
3223 788 3391 864 sancti
3416 788 3674 860 Augentii
3695 795 3854 864 quid-

2677 871 2833 923 quam
2857 854 3160 909 detrimenti
3192 857 3404 925 πίεται.

2325 940 2588 998 Omnibus
2611 943 2858 1000 ﬁdelibus
2880 945 3156 1001 Ecclesiae.

2327 1031 2755 1087 Sollicitudinem
2781 1035 3022 1088 omnium
3071 1035 3431 1090 Ecclesiarnm
3492 1054 3597 1094 nos
3643 1041 3849 1098 habere

2253 1129 2485 1189 oportet,
2521 1131 2576 1176 et
2604 1121 2936 1190 singulorum
2965 1139 3161 1178 causas
3189 1127 3462 1195 :equitatis
3482 1126 3701 1195 judicio
3725 1130 3849 1186 alle-

2254 1225 2414 1277 vare;
2445 1222 2800 1282 quapropter,
2833 1228 2955 1267 cum
2985 1214 3051 1268 de
3090 1215 3340 1270 omnibus
3379 1233 3543 1287 agere
3589 1219 3717 1273 hzrc
3759 1236 3850 1274 ca-

2254 1303 2373 1357 dem
2407 1305 2683 1367 convenit,
2742 1305 3083 1375 praecipimus
3123 1317 3283 1376 atque
3316 1311 3575 1378 praesenti
3628 1311 3848 1367 decreto

2253 1394 2525 1447 sancimus
2552 1401 2609 1446 ut
2645 1395 2711 1448 de
2732 1395 2944 1448 abbatia
2997 1396 3170 1449 sancti
3203 1395 3473 1466 Augentii,
3503 1413 3675 1467 quam
3708 1401 3848 1454 diva:

2250 1476 2526 1536 memoria:
2559 1482 2786 1538 Carolus
2815 1485 3110 1553 imperator
3155 1484 3299 1540 ﬁdeli
3348 1503 3448 1542 suo
3497 1501 3553 1543 et
3591 1489 3706 1545 tilio
3751 1490 3848 1546 Ec-

2253 1573 2431 1627 clesiae
2457 1582 2658 1628 nostra:
2685 1583 2811 1628 ante
2832 1572 2955 1641 jure
2984 1575 3334 1631 beneﬁciario
3385 1578 3580 1633 tribuit
3599 1620 3616 1644 ,
3665 1581 3845 1636 nullm

2253 1663 2318 1716 de
2343 1663 2472 1731 ipsis
2501 1663 2662 1718 rebus
2691 1663 2892 1732 aliquid
2916 1664 3112 1734 injuste
3136 1665 3353 1721 auferre
3384 1680 3719 1737 prnsurust;
3745 1685 3844 1728 nec

2250 1754 2507 1822 praedicto
2533 1755 2804 1824 episcopo,
2831 1764 2887 1810 et
2909 1757 3187 1812 monachis
3242 1759 3414 1828 ipsms
3464 1761 3569 1828 loci
3601 1763 3840 1832 aliquam

576 1868 672 1926 His
728 1845 1136 1926 auctoritatibus
1184 1869 1340 1933 l‘ulti,
1395 1877 1589 1925 vestras
1649 1845 1891 1923 omnium
1944 1845 2150 1923 sancti-
2181 1883 2228 1942 Β
2260 1845 2687 1942 infusirfufendo
2722 1847 2905 1902 “ncne
2946 1846 3536 1942 Inferm_m°'¢$“3m-
3589 1851 3744 1919 Ωιιοά
3791 1853 3836 1908 Si

579 1961 678 2016 tati
697 1962 1036 2028 mandamus,
1075 1969 1131 2017 et
1166 1961 1459 2032 apostolica
1508 1961 1831 2016 auctoritate
1871 1958 2145 2028 iubemus,

578 2058 637 2103 ut
687 2059 899 2120 quoties
953 2066 1050 2106 vos
1097 2051 1370 2106 confrater
1432 2059 1490 2107 et
1558 2051 1907 2120 coepisc0pus
1964 2057 2151 2106 uoster

574 2134 811 2194 Joannes
856 2138 1157 2196 Ticinensis
1189 2181 1204 2206 ,
1262 2148 1318 2195 et
1358 2149 1481 2211 post
1545 2155 1668 2195 eum
1736 2140 1816 2194 sui
1871 2152 2150 2194 successo-

575 2245 690 2304 res,
715 2239 1026 2300 vestrosque
1063 2233 1396 2295 vocaverint,
1430 2247 1528 2302 pro
1581 2230 1980 2300 emergentibus
2005 2245 2151 2300 quae-

575 2320 840 2374 stionibus
906 2322 1246 2386 cximendis,
1295 2322 1552 2376 continuo
1603 2321 1764 2375 beato
1811 2319 1974 2374 Petro
2025 2332 2153 2388 apo-

574 2411 714 2466 stolo
749 2412 1106 2468 obedientiam
1156 2413 1488 2479 exhibentes,
1523 2413 1685 2468 simul
1728 2413 2016 2469 convenire
2045 2427 2152 2467 non

578 2501 841 2558 differatis
893 2522 906 2558 :
959 2513 1267 2573 quatenus,
1319 2503 1694 2575 Redemptoris
1747 2504 1916 2559 nostri
1973 2503 2150 2574 gratia

576 2593 835 2669 discussis
863 2595 1315 2658 animositatibus,
1347 2596 1595 2664 vitiisque
1614 2597 1884 2665 purgatis,
1924 2594 1976 2647 in
2008 2604 2152 2648 tran-

573 2683 837 2752 quillitate
868 2684 1018 2752 pacis
1043 2684 1284 2739 Ecclesia
1313 2686 1621 2751 constituta,
1649 2685 1978 2756 gloriﬁcatur
2009 2684 2151 2738 Deus

574 2785 673 2850 per
699 2769 879 2826 Jesum
905 2771 1179 2826 Christum
1195 2773 1477 2826 Dominum
1503 2783 1770 2828 nostrum.
1795 2771 2150 2826 Sacerdotum

579 2864 996 2935 Levitarumque
1016 2865 1243 2936 judicia.
1274 2866 1701 2936 quandocunque
1725 2880 1946 2920 necesse
1969 2863 2149 2928 fuerit,

579 2970 700 3010 cum
726 2953 982 3024 praedicto
1003 2953 1276 3022 episcopo,
1299 2961 1556 3023 tanquam
1576 2953 1777 3024 proprii
1801 2951 2036 3021 episcopi
2061 2951 2153 3006 de-

575 3047 781 3102 cernite
810 3087 824 3112 ,
855 3060 919 3100 ac
945 3043 1193 3109 diﬁinite,
1229 3045 1351 3100 freti
1386 3055 1565 3101 nostra
1596 3045 1919 3101 omnimodis
1940 3053 2152 3113 apostov

572 3137 677 3194 lica
707 3137 1046 3202 auctoritate,
1076 3137 1201 3206 quia
1230 3152 1395 3191 onera
1418 3147 1596 3192 nostra
1611 3137 1885 3192 vobiscum
1917 3136 2153 3206 partien-

577 3229 646 3283 do
677 3229 880 3298 reliqua
913 3227 1241 3283 tolerabilius
1269 3226 1493 3283 suﬁerre
1525 3228 1836 3284 valebimus.
1894 3227 2153 3297 Optamus

577 3321 918 3376 sanctitatem
942 3329 1176 3376 vestram
1205 3321 1258 3375 in
1285 3321 1498 3377 Christo
1524 3322 1661 3376 bene
1687 3320 1884 3376 valere.
1916 3319 2046 3375 Data
2094 3329 2153 3374 ut

573 3430 755 3487 supra.

1207 3546 1532 3603 CLXXXIV.

828 3677 897 3717 ΔΙ)
925 3675 1166 3717 'JOANNEI
1206 3673 1492 3714 EPISCOPUM
1536 3667 1870 3712 TICINENSEI.

1194 3773 1372 3842 (Anno
1393 3772 1541 3842 879.)

592 3909 859 3977 .Raptores
879 3907 1058 3962 uxoria
1082 3905 1354 3984 cujusdam
1381 3902 1644 4024 fagiberti
1675 3901 2116 3957 exrontmunicari

1323 3990 1375 4024 m
1413 3987 1480 4024 et.

1321 3987 1480 4040 praet.

639 4107 1116 4164 Reverendissimo
1165 4114 1222 4159 et
1261 4105 1604 4162 sanctissimo
1652 4103 1906 4158 conti-atri
1962 4113 2148 4166 nostro

573 4202 763 4258 iam“
795 4199 1088 4255 venerabili
1112 4197 1366 4266 episcopo
1393 4194 1686 4249 Ticincnsi.

644 4291 887 4362 Denique
913 4286 1234 4364 Regibertus
1277 4285 1495 4355 quidam
1533 4284 1768 4346 nomine,
1817 4280 1988 4337 Judex
2051 4299 2144 4338 co-

572 4393 884 4455 gnomento,
913 4392 1096 4434 coram
1151 4375 1307 4430 nobis
1335 4374 1556 4428 veniens
1583 4381 1804 4441 questus
1854 4382 1937 4426 est
1985 4387 2147 4442 super

569 4475 903 4544 Gotl‘redum,
936 4470 1104 4525 ﬁlium
1120 4465 1343 4522 Joannis
1365 4464 1575 4519 comitis
1604 4463 1805 4532 palatii,
1835 4473 1888 4517 et
1907 4462 2146 4517 Iserber-

2258 1935 2380 2003 quis
2409 1935 2605 1989 abhinc
2628 1950 2789 2005 agere
2811 1937 3234 2006 praesumpserit,
3274 1948 3564 2008 separetur
3611 1957 3640 1994 a
3682 1958 3834 1996 eom-

2249 2031 2511 2084 munione
2566 2030 2800 2086 ﬁdelium
2848 2030 3142 2086 Ecclesiae:
3193 2035 3339 2102 quod
3381 2035 3430 2088 si
3485 2036 3837 2105 pertinaciter

2251 2119 2571 2187 perstiterit,
2594 2128 2647 2174 et
2667 2120 2958 2174 emendare
2984 2121 3238 2186 noluerit,
3275 2122 3487 2192 judicio
3513 2126 3677 2180 sancti
3704 2125 3830 2195 Spi-

2253 2213 2390 2268 ritus
2427 2215 2785 2271 anathematis
2807 2215 3022 2270 vinculo
3055 2216 3304 2271 feriatur.
3356 2219 3492 2272 Data
3517 2227 3574 2270 ut
3601 2234 3779 2288 supra.

2864 2305 3189 2366 CLXXXVI.

2346 2411 2416 2450 AD
2449 2411 2729 2454 EPISCOPOB
2766 2415 2818 2454 IN
2856 2414 3027 2455 REGNO
3064 2416 3308 2456 LUDOVICI
3342 2414 3739 2457 CONSTITC‘I’OS.

2875 2493 3054 2563 (Anno
3083 2494 3231 2563 879.)

2291 2580 2546 2636 Rescribit
2567 2583 2632 2637 de
2666 2584 2989 2654 indulgentia
3017 2601 3194 2658 eorum
3224 2588 3312 2653 qui
3341 2595 3528 2640 contra
3567 2603 3800 2658 paganos

2677 2666 2965 2724 pugnantes
2994 2657 3366 2710 occubuerant.

2324 2743 2587 2800 Omnibus
2617 2747 3083 2802 revercudissimis
3112 2756 3168 2802 et
3212 2748 3576 2802 sanctissimis
3609 2761 3834 2802 venera-

2253 2833 2452 2890 biIibus
2475 2836 2811 2906 coepiscopis
2835 2853 2932 2907 per
2957 2827 3125 2893 totum
3150 2853 3376 2910 regnum
3402 2839 3714 2894 cbarissimi
3738 2840 3835 2896 filii

2254 2926 2358 2980 mei
2387 2926 2662 2982 Ludovici.

2323 3015 2458 3081 Quia
2482 3017 2789 3071 veneranda
2820 3017 3130 3074 fraternitas
3154 3028 3334 3074 vestra
3369 3020 3612 3074 modesta
3665 3021 3836 3076 inter-

2254 3104 2534 3173 rogatione
2557 3105 2838 3161 sciscitans
2862 3109 3106 3176 quaesivit
3128 3119 3307 3163 utrum
3325 3110 3379 3164 hi
3401 3111 3493 3179 qui
3515 3126 3610 3180 pro
3636 3110 3802 3166 defert
3828 3144 3838 3152 -

2181 3227 2226 3287 ρ
2259 3197 2414 3252 sione
2462 3209 2661 3253 sancta!
2698 3200 2790 3253 Dei
2824 3201 3078 3256 Ecclesiae
3116 3210 3171 3256 et
3206 3218 3303 3272 pro
3335 3212 3477 3256 statu
3506 3202 3837 3257 Christiana:

2260 3286 2531 3359 religionis
2545 3304 2607 3343 ac
2621 3291 2926 3358 reipublicae
2953 3292 3002 3344 in
3031 3291 3168 3346 bello
3192 3308 3363 3362 nuper
3379 3292 3718 3359 ceciderunt,
3742 3303 3842 3346 aut.

2257 3379 2322 3431 de
2349 3379 2556 3448 reliquo
2586 3395 2682 3449 pro
2703 3395 2766 3434 ea
2798 3395 2855 3433 re
2878 3381 3055 3434 casuri
3095 3375 3655 3451 sunt;indulgentiam
3707 3395 3842 3452 pos-

2252 3470 2633 3540 sintconsequi
2663 3471 3001 3533 delictorum,
3035 3474 3297 3528 audenter
3316 3473 3513 3526 Christi
3531 3472 3628 3525 Dei
3653 3473 3844 3527 nostri

2252 3561 2455 3631 pietate
2485 3562 2869 3631 respondemus
2889 3565 3150 3632 quoniam
3179 3564 3247 3618 illi
3287 3564 3373 3632 qni
3421 3577 3544 3616 cum
3602 3564 3840 3630 pietate

2252 3653 2528 3708 catholicae
2554 3653 2830 3721 religionis
2858 3654 2909 3708 in
2961 3654 3082 3709 belli
3129 3655 3406 3711 certamine
3447 3653 3674 3716 cadunt,
3737 3669 3849 3710 re-

2252 3745 2405 3814 quies
2431 3759 2523 3799 eos
2558 3755 2771 3813 aeterna:
2803 3746 2923 3800 vita:
2954 3747 3231 3818 suscipiet,
3256 3755 3433 3800 contra
3467 3759 3722 3815 paganos
3745 3755 3847 3801 at-

2251 3848 2354 3902 que
2394 3833 2636 3889 inﬁdeles
2665 3845 2883 3889 strenue
2914 3835 3253 3899 dimicantes,
3276 3852 3340 3891 eo
3377 3837 3518 3906 quod
3563 3835 3850 3891 Dominus

2247 3940 2346 3996 per
2373 3928 2687 3998 prophetam
2719 3927 2965 3997 dignatus
3015 3936 3099 3983 est
3153 3929 3372 3984 dicere:
3412 3925 3666 3982 Peccator
3693 3945 3846 3999 qua-

2250 4033 2450 4087 cunque
2484 4017 2614 4071 Itora
2650 4033 2924 4072 conversus
2949 4017 3124 4086 fuerit,
3151 4019 3381 4071 omnium
3406 4018 3748 4088 iniquitatem!
3772 4018 3845 4072 if-

2249 4107 2352 4160 lius
2377 4123 2478 4160 non
2504 4107 2814 4160 recordabar
2839 4105 3290 4176 amplius(Ezecft.
3323 4107 3432 4177 l8),
3461 4115 3516 4161 et
3542 4107 3845 4161 Venerabi-

2249 4198 2316 4252 lis
2341 4197 2427 4252 ille
2456 4196 2594 4250 latro
2627 4197 2679 4250 in
2709 4213 2811 4250 una
2840 4195 3198 4252 confessionis
3234 4211 3367 4252 voce
3402 4198 3471 4251 de
3524 4209 3691 4249 cruce
3719 4212 3840 4252 me—

2247 4287 2355 4342 ruit
2371 4287 2676 4356 paradisum
2704 4285 2852 4357 (Luc.
2882 4286 3072 4357 xxvii).
3097 4285 3374 4341 Manasses
3397 4301 3629 4355 quoque,
3654 4287 3844 4356 impu-

2249 4379 2498 4432 rissimus
2517 4378 2787 4448 quondam
2809 4394 2923 4444 rex,
2953 4388 3141 4448 captus
3165 4379 3480 4448 carcerique
3523 4379 3844 4434 arctissimo

2249 4471 2524 4541 religatus,
2551 4471 2624 4525 ibi
2668 4471 3040 4542 paenitentiam
3098 4477 3262 4543 agens
3285 4512 3300 4537 ,
3337 4487 3459 4526 cum
3495 4471 3844 4542 perfectione

571 4577 682 4622 tum
723 4566 1127 4625 subdiaconem,
1157 4568 1319 4627 atque
1375 4554 1718 4610 Ileribaltlum
1751 4555 2037 4616 notarium,
2080 4553 2142 4606 fi-
2173 4577 2222 4636 ι)
2250 4563 2614 4634 indulgentiae,
2645 4564 2809 4617 etiam
2856 4563 3004 4634 regni
3056 4564 3294 4634 pristini,
3346 4573 3565 4634 propter
3613 4563 3842 4619 Domini

570 4657 700 4713 Iium
725 4652 1022 4714 Garibaldi,
1044 4665 1109 4704 eo
1131 4646 1273 4719 quod
1302 4645 1541 4716 Iegaliter
1561 4642 1660 4697 sibi
1686 4639 1778 4694 filii
1810 4641 1891 4694 sui
1922 4651 2143 4710 nuptam

570 4745 880 4806 Gausildam
913 4743 1128 4797 nomine
1154 4746 1339 4795 contra
1363 4750 1626 4791 canonum
1655 4741 1708 4786 et
1733 4732 1908 4801 legum
1958 4742 2144 4786 aucto-

571 4841 812 4902 ritatem,
844 4851 937 4904 per
967 4835 1072 4888 vim
1105 4841 1158 4886 et
1183 4828 1528 4900 per-forciam
1553 4823 1910 4886 abstulerunt,
1934 4821 2142 4876 calcato

568 4931 659 4984 illo
683 4933 952 4999 praecepto
974 4937 1080 4992 quo
1108 4920 1362 4974 Dominus
1385 4917 1461 4971 ait
1481 4930 1496 4969 :
1516 4914 1667 4980 Quod
1688 4913 1829 4966 Deus
1845 4911 2139 4980 conjunxit,

567 5027 720 5086 homo
751 5036 855 5073 non
886 5025 1083 5088 separet
1116 5011 1332 5082 (Matth.
1362 5009 1498 5080 XIX).
1540 5007 1874 5074 Quapropter
1919 5011 2136 5072 aposto-

568 5115 670 5170 lica
695 5109 1072 5168 adhortatione
1103 5103 1276 5159 zelum
1307 5102 1379 5155 tui
1428 5097 1710 5156 sacerdotii
1755 5097 1820 5150 ad
1857 5096 2138 5150 hortamen

503 5266 506 5269 _
567 5206 804 5260 Charitas
832 5200 926 5255 Dei
959 5195 1237 5257 accendat,
1267 5201 1320 5246 et
1373 5189 1524 5260 quasi
1563 5188 1689 5240 tuba
1732 5185 1906 5238 exalta
1955 5199 2136 5238 vocem

569 5308 738 5362 tuam,
767 5303 820 5350 et
854 5289 1060 5360 iniquis
1084 5276 1422 5354 iniquitatem
1479 5291 1632 5332 suam
1672 5274 1991 5329 annuntiare
2033 5289 2138 5327 non

491 5369 498 5375 Ι
565 5403 766 5452 cesses,
800 5400 866 5438 nc
895 5379 1112 5452 sanguis
1141 5387 1327 5432 eorum
1361 5371 1427 5425 de
1448 5367 1696 5424 manibus
1744 5365 1849 5419 tuis
1893 5363 2140 5433 requira-

566 5492 671 5536 tur.
733 5474 1149 5540 Praedietosque‘
1179 5473 1607 5531 transgressores
1651 5456 1796 5511 omni
1831 5453 2137 5509 Christiana

565 5568 946 5627 communione
965 5564 1178 5634 privare
1231 5570 1336 5612 non
1394 5550 1630 5614 diﬂ‘eras,
1673 5546 1843 5602 donec
1895 5543 2140 5634 legaliter

565 5659 854 5714 emendent
875 5629 1017 5725 quod
1039 5648 1286 5719 nequiter
1322 5649 1633 5715 perpetrare
1656 5636 1770 5690 ausi
1804 5640 1966 5690 sunt.
1985 5629 2142 5697 Quod

567 5753 612 5805 si
647 5759 699 5803 te
727 5749 914 5802 audire
941 5742 1300 5814 neglexerint,
1317 5746 1572 5808 perpetuo
1598 5746 1692 5788 eos
1714 5729 2000 5786 anathema
2022 5737 2142 5794 esse
2197 5796 2200 5799 _

567 5841 926 5895 decernimus.
953 5837 1079 5890 Data
1109 5844 1160 5887 ut
1184 5847 1358 5901 supra.

2252 4653 2701 4717 misericordiam,
2727 4653 2850 4722 quia
2875 4653 3138 4709 immensa
3165 4663 3248 4710 est
3271 4655 3414 4710 circa
3439 4670 3605 4724 genus
3633 4656 3842 4708 huma-

2251 4759 2398 4809 num,
2415 4745 2639 4813 adeptus
2649 4743 2935 4799 estsolinm
2951 4744 3037 4812 (II
3052 4743 3179 4800 Par.
3197 4746 3410 4814 xum).
3429 4745 3620 4801 Nostra
3633 4745 3842 4815 pratia-

2249 4844 2334 4889 tos
2372 4834 2766 4898 mediocritate,
2803 4835 3189 4890 intercessione
3217 4837 3360 4891 beati
3396 4835 3540 4890 Petri
3569 4835 3837 4905 apostoli,

2245 4924 2399 4994 cujus
2427 4932 2666 4993 potestas
2695 4924 2890 4995 ligandi
2917 4934 3083 4995 atque
3107 4925 3345 4980 solvendi
3392 4934 3468 4980 est
3522 4925 3574 4978 in
3605 4926 3762 4980 celo
3784 4933 3844 4979 et

2248 5016 2301 5070 in
2332 5025 2494 5080 terra,
2530 5025 2790 5084 quantum
2823 5016 2904 5070 fas
2929 5024 3054 5080 est,
3088 5017 3414 5072 absolvimus
3465 5016 3842 5087 precibusque

2248 5104 2368 5160 illos
2397 5105 2621 5160 Domino
2642 5107 3108 5162 commendamus.
3131 5106 3393 5178 Optamus
3423 5107 3841 5164 fraternitatem

2246 5205 2482 5251 vestram
2511 5198 2564 5250 in
2593 5197 2810 5251 Christo
2831 5198 2970 5254 bene
2994 5199 3198 5254 valere.
3224 5185 3355 5254 Data
3383 5210 3438 5253 ut
3460 5213 3651 5270 supra.

2868 5287 3222 5345 CLXXXVII.
3275 5299 3282 5306 ‘

2492 5392 2558 5430 ΑΒ
2595 5391 2880 5432 WII'REDUI
2918 5393 3205 5434 EPISCOI’UII
3246 5395 3589 5434 \‘ENCIENSR‘.

2865 5469 3046 5538 (Anno
3073 5469 3223 5540 879.)

2249 5557 2563 5628 Eoiscopum
2599 5559 2689 5626 qui
2723 5575 2840 5613 cum
2885 5560 3345 5614 eacommuniratis
3387 5562 3848 5628 continuarit-urat,

2468 5667 2472 5674 .
2563 5631 2842 5684 missarum
2878 5630 3220 5683 celebratione
3255 5630 3508 5698 prohibet.

2321 5715 2580 5770 Wtraeno
2631 5705 2923 5798 venerabili
2972 5718 3244 5789 episcopo
3283 5728 3484 5776 sanctm
3512 5718 3856 5778 Veneieusis

2247 5806 2518 5864 Ecclesiae.
