4042 6302
144 407 261 464 an

1354 400 1711 459 EPISTOLJ‘I
1750 402 1835 457 ΕΤ
1875 401 2212 458 DECRETA.

3316 401 3420 458 818

233 512 571 571 Auctoritate
605 513 818 570 Domini
844 514 1014 570 nostri
1038 513 1162 570 Jesu
1209 515 1434 578 Christi,
1475 526 1530 570 et
1571 514 1744 570 sancti
1775 517 1821 575 Α
1922 515 2272 572 Prmsentium
2295 519 2525 587 portitor
2553 517 2877 582 litterarum,
2900 516 3153 587 Alpertus
3183 518 3423 583 nomine.

153 606 308 662 Petri
341 604 707 675 apostolorum
735 605 1020 676 principis,
1069 606 1347 674 nostrique
1392 606 1744 676 apostolatus,

153 701 287 768 quia
310 713 436 754 cum
465 698 954 752 excommunicatis
981 697 1422 761 communicasti,
1447 706 1506 751 ut
1556 697 1749 752 littera:

157 796 270 841 tuze
339 787 710 850 manifestam,
773 788 919 841 omni
965 798 1016 842 te
1046 789 1331 842 missarum
1387 789 1751 842 celebratione

160 881 469 946 privamus,
498 880 665 932 donec
691 879 744 932 in
778 889 1016 932 nostram
1044 894 1164 932 cum
1190 879 1391 934 eisdem
1448 878 1772 948 hominibus,

160 986 430 1025 occurras
469 972 812 1040 prmsentiam
849 989 862 1024 :
903 982 952 1026 el
1007 971 1084 1035 si,
1133 972 1274 1040 quod
1325 987 1432 1024 non
1472 981 1748 1040 Optamus,

164 1061 404 1130 amplius
426 1073 782 1130 prassumptor
802 1062 1098 1125 exstiteris,
1121 1062 1502 1118 deuuntiamus
1532 1071 1581 1116 te
1605 1060 1752 1114 omni

164 1153 475 1208 sacerdotio
507 1152 623 1208 fore
645 1153 975 1207 uudandum.
1009 1153 1138 1205 Data
1169 1163 1223 1204 ut
1244 1169 1425 1223 supra.

777 1264 1148 1322 CLXXXVIII.

391 1374 460 1412 AD
499 1371 709 1414 ODONEI
748 1372 1036 1412 EPISCOI‘UI
1077 1370 1537 1412 BELLOVACENSEI.

783 1468 962 1536 (Anno
995 1467 1146 1536 879.)

169 1579 442 1645 Decemit,
469 1579 780 1646 impuberes,
809 1577 899 1648 qui
931 1577 1093 1631 alium
1115 1578 1431 1640 occiderant,
1459 1589 1571 1648 post
1601 1591 1755 1648 pera-

477 1659 614 1702 ctam
643 1649 996 1718 paenitentiam
1023 1650 1258 1702 ordinari
1290 1665 1458 1719 posse.

246 1739 418 1794 000m
451 1740 744 1794 venerabili
774 1739 1028 1809 episcopo
1052 1739 1438 1796 Bellovacensi.

252 1831 441 1886 Relatu
466 1832 750 1898 didicimus
777 1834 1131 1902 quorumdam
1159 1836 1547 1890 monachorum
1584 1837 1758 1891 sancti

174 1924 419 1997 Dionysii
440 1925 671 1980 caenobii
711 1926 852 1995 quod
909 1927 1228 1996 quibusdam
1276 1930 1460 1997 pueris
1501 1930 1760 1999 impuberi

175 2015 359 2070 adhuc
400 2024 560 2070 astate
593 2016 734 2071 inter
765 2031 823 2071 se
862 2017 1190 2082 rixantibus,‘
1232 2020 1508 2074 hominum
1548 2020 1766 2076 illorum

176 2105 526 2177 instigatione
548 2123 686 2162 unus
706 2122 772 2161 ex
798 2108 902 2163 illis
925 2117 1007 2163 est
1035 2110 1406 2181 interemptus.
1431 2112 1769 2182 Quapropter

178 2197 504 2252 mandamus
530 2205 585 2250 ut
608 2197 652 2252 si
683 2197 1034 2266 inculpabiles
1066 2209 1183 2268 post
1209 2211 1480 2270 peractam
1504 2204 1770 2271 pmniten-

180 2288 316 2344 liam
346 2289 569 2359 legitimi
600 2289 802 2361 vigoris
837 2291 1131 2346 secundum
1163 2308 1400 2349 canones
1432 2295 1627 2364 reperti
1657 2294 1772 2350 fue-

179 2379 316 2446 rint,
347 2381 612 2450 gradatim
655 2383 722 2436 ad
761 2381 1161 2438 ecclesiasticos
1190 2385 1410 2440 ordines
1439 2401 1532 2440 eos
1575 2401 1770 2456 prove-

180 2470 317 2528 here
344 2489 448 2527 non
481 2471 725 2537 differas,
753 2475 983 2528 servatis
1014 2476 1067 2528 in
1090 2476 1340 2530 omnibus
1368 2475 1586 2531 Patrum
1615 2492 1773 2548 regu-

184 2561 255 2618 Iis
277 2572 337 2620 et
363 2579 628 2619 canonum
656 2565 936 2620 institutis.
980 2566 1110 2621 Data
1140 2578 1195 2622 ut
1232 2585 1412 2636 supra.

821 2677 1130 2734 CLXXXIX
1142 2720 1154 2732 .

445 2803 511 2842 AD
550 2803 789 2844 AIIARUI
827 2805 896 2844 ΕΤ
934 2805 1183 2844 ῑιίυοκεκ
1219 2805 1519 2847 EPISCOPOS.

804 2899 981 2970 (Anno
1013 2901 1161 2971 879.)

194 2987 265 3045 Ut
281 2989 528 3072 Βρεμιςηὶ
558 2993 869 3072 υφρνεηιμά
893 3010 947 3072 se
970 2995 1140 3048 venire
1156 2993 1397 3072 jubeant,
1422 2995 1664 3072 illiusque
1684 2998 1781 3051 ad-

309 3063 536 3130 jutores,
560 3063 660 3114 nisi
688 3064 1016 3136 resipuerint,
1045 3067 1409 3120 communione
1437 3063 1656 3134 privent.

266 3180 484 3235 Αιιωιο
511 3188 566 3234 et
589 3179 804 3234 Wmom
834 3181 1298 3234 reverendissimis
1327 3180 1612 3250 episcOpis.

271 3268 568 3325 Hortamur
597 3271 902 3326 sanctitatis
927 3279 1120 3326 vestra:
1145 3270 1560 3333 fraternitatem,
1595 3285 1778 3325 sacer-

199 3361 544 3432 dotalemque
581 3361 756 3417 zelum
795 3363 961 3417 vestri
991 3361 1192 3433 vigoris
1217 3361 1507 3431 apostolica
1540 3363 1779 3416 auctori-

201 3460 316 3508 tate
360 3452 650 3508 incitamus
675 3451 918 3518 Bertildi,
962 3452 1218 3523 Rostagni
1253 3451 1476 3507 illustris
1524 3452 1625 3506 viri
1654 3469 1785 3507 con-

195 3540 336 3614 iugi,
359 3556 501 3612 qua,
535 3553 716 3611 spreto
746 3543 839 3598 Dei
870 3543 1066 3597 timore
1093 3558 1157 3596 ac
1186 3542 1300 3612 lege
1324 3542 1447 3606 tori,
1480 3542 1784 3612 fugabunda

203 3648 303 3704 per
329 3642 540 3689 vestras
571 3635 857 3704 parochias
881 3634 1160 3698 incedens,
1190 3634 1460 3688 multoties
1485 3635 1552 3688 ab
1573 3635 1782 3704 episco-

206 3727 293 3795 pis
321 3734 376 3780 et
396 3726 604 3796 synodo
630 3734 838 3790 vocata,
869 3727 1028 3782 surda
1053 3740 1184 3780 aure
1207 3727 1392 3782 venire
1414 3725 1640 3789 distulit,
1671 3741 1786 3780 om-

207 3831 335 3872 nem
366 3818 742 3873 necessitatem
789 3819 1044 3888 imponite
1088 3818 1333 3872 veniendi
1377 3833 1558 3872 coram
1604 3827 1786 3871 nostra

206 3911 551 3981 praesentia,
582 3919 640 3963 ut
674 3909 790 3976 ejus
833 3925 1000 3965 causa
1040 3909 1283 3980 legaliter
1321 3910 1483 3964 finem
1534 3910 1783 3979 accipiat.

207 3999 461 4070 llliusque
497 4002 549 4054 in
581 4002 688 4054 tam
724 4015 980 4070 perverso
1015 4015 1181 4070 Opere
1213 3999 1547 4066 adiutoribus
1585 4000 1786 4054 aditum

208 4100 376 4161 atque
413 4093 846 4147 communionem
888 4091 1052 4146 totius
1078 4101 1280 4146 sanctae
1309 4089 1562 4145 Ecclesia)
1601 4090 1790 4144 tandiu

209 4185 573 4251 intercludite,
604 4189 774 4240 donec
801 4185 867 4240 ab
892 4185 1039 4240 omni
1073 4199 1131 4240 se
1161 4193 1499 4254 sequestrent
1523 4183 1792 4256 praedictae

207 4275 462 4331 Bertildis
491 4277 764 4332 consortio
790 4289 837 4329 ι.
861 4276 1005 4330 Inter
1027 4291 1162 4345 quos
1185 4275 1468 4330 Achctium
1497 4277 1789 4340 mmcbum,

208 4383 386 4435 eoque
437 4368 710 4422 consortio
770 4368 1006 4436 private,
1040 4375 1328 4436 vestroque
1353 4367 1469 4420 zelo
1507 4367 1790 4436 percutite.

211 4457 432 4524 Quaeso,
470 4471 684 4519 moneo,
713 4456 918 4521 hortor,
960 4454 1155 4512 fratres
1177 4455 1501 4518 charissimi,
1534 4455 1796 4510 citissime

209 4547 641 4617 amplectendam
666 4547 919 4601 exhibete
943 4545 1318 4616 praesentiam;
1348 4545 1542 4598 iterum
1567 4546 1790 4599 iterum-

209 4651 320 4704 que
339 4637 618 4706 iubcmus,
644 4635 790 4692 omni
819 4635 1116 4705 postposita
1147 4633 1428 4692 vocatione
1459 4631 1788 4705 [occasione]

211 4728 281 4782 ad
311 4742 408 4781 nos
432 4727 747 4781 festinanter
774 4725 950 4780 venite
978 4742 989 4778 :
1014 4733 1301 4793 quatenus,
1323 4722 1542 4778 Christo
1565 4722 1794 4776 Domino

211 4817 530 4881 miserante,
557 4817 608 4874 in
638 4817 740 4872 hoc
769 4825 823 4872 et
851 4817 972 4872 aliis
1007 4817 1238 4887 negotiis
1266 4814 1541 4870 communi
1567 4814 1796 4874 oonsilio

214 4909 512 4964 terminum
557 4909 844 4964 salubriter
887 4910 1161 4979 imponere
1211 4906 1500 4961 valeamus.
1559 4905 1690 4961 Data
1741 4913 1798 4963 ut

215 5015 401 5068 supra.

928 5091 1064 5147 CXC
1079 5131 1093 5146 .

531 5197 609 5236 AD.
638 5197 839 5239 WALAI
854 5195 1144 5238 EPISCOPUI
1173 5195 1451 5235 IETENSBM
1461 5219 1476 5234 ο

827 5275 1006 5343 (Anno
1043 5271 1192 5342 879.)

216 5362 308 5418 Ne
346 5371 565 5433 cogatur
607 5378 828 5433 sponsus
869 5379 1083 5416 uxorem
1129 5363 1317 5415 ducere
1368 5360 1434 5416 ab
1477 5359 1584 5416 alio
1628 5375 1809 5414 corru-
1863 5400 1868 5406 .

929 5443 1093 5500 ptum.

293 5523 766 5578 Reverendissimo
793 5531 847 5578 et
873 5524 1217 5578 sanctissimo
1240 5520 1478 5579 WALENO
1514 5518 1803 5576 venerabili

216 5615 475 5687 episcopo
502 5614 747 5670 Metensi.

1851 607 2270 678 lacrymabiliter
2294 625 2476 664 coram
2515 611 2672 666 nobis
2721 611 2945 665 veniens
2973 617 3196 679 questus
3223 618 3308 664 est
3331 608 3428 664 do-

1851 709 2164 770 spousatam
2195 714 2368 765 suam,
2395 700 2613 756 nomine
2638 700 2929 766 Walatam,
2947 699 3121 754 adhuc
3147 699 3200 754 in
3231 713 3428 769 paren-

1853 797 1966 842 tum
1991 788 2152 843 domo
2177 799 2484 843 manentem
2512 789 2814 844 adulterino
2844 789 3130 847 concubitu
3157 804 3186 842 a
3209 790 3430 860 presby-

1854 887 1972 932 tero
2012 877 2246 948 quodam
2287 889 2652 949 prmgnautem
2693 889 2982 948 repertam.
3017 879 3145 947 Quae
3180 878 3425 934 confessa

1853 970 1919 1024 de
1941 969 2186 1033 crimine,
2210 967 2437 1024 libenter
2461 969 2528 1023 ab
2553 983 2618 1024 eo
2644 984 2701 1023 se
2730 969 2841 1022 vult
2861 969 3155 1026 dissociare
3179 988 3192 1022 :
3223 969 3318 1023 sed
3343 977 3430 1024 tua

1856 1061 2169 1117 fraternitas
2201 1078 2300 1132 pro
2337 1060 2566 1131 quadam
2606 1061 2894 1131 parentclae
2927 1060 3218 1128 afﬁnitate,
3247 1069 3436 1114 coacte

1855 1167 1978 1206 eum
2009 1152 2151 1223 cogit
2171 1143 2422 1207 eamdem
2443 1167 2656 1207 sumere
2689 1153 2741 1207 iu
2771 1151 3099 1223 coniugium,
3139 1160 3326 1206 contra
3354 1165 3436 1205 re-

1857 1242 2009 1313 gulas
2035 1240 2254 1295 Patrum
2279 1250 2438 1311 atque
2466 1242 2878 1298 institutionem.
2903 1243 3267 1313 Quapropter,
3295 1241 3338 1295 si
3362 1241 3435 1295 ita

1859 1331 2252 1402 est,requisitis
2279 1347 2440 1402 super
2468 1333 2552 1387 his
2581 1333 2754 1404 legum
2784 1344 2838 1388 et
2860 1348 3130 1387 canonum
3154 1331 3433 1397 institutis,

1859 1425 1988 1492 quid
2018 1424 2084 1478 de
2113 1422 2308 1478 talibus
2330 1423 2645 1493 praecipiant
2668 1424 3002 1495 promulgate
3028 1425 3231 1495 absque
3253 1437 3438 1494 perso-

1862 1533 2056 1574 narum
2084 1519 2418 1588 acceptione.
2453 1518 2585 1572 Data
2614 1528 2668 1572 ut
2693 1535 2870 1588 supra.

2559 1611 2736 1668 CXCI.

2134 1741 2202 1780 AD
2238 1738 2475 1780 JOANNEI
2516 1738 2806 1780 EPISCOPUI
2844 1739 3177 1780 TICINENSEI.

2481 1857 2660 1929 (Anno
2683 1857 2830 1931 879.)

1870 1966 1936 2022 Ut
1960 1986 2079 2024 cum
2107 1968 2356 2039 quodam,
2383 1969 2474 2040 qui
2497 1968 2849 2042 paenitentiam
2871 1971 3222 2042 quinquennia
3247 1976 3444 2042 egerat,

2436 2040 2702 2094 remissius
2741 2050 2884 2109 agat.

1937 2153 2126 2210 losum
2160 2153 2453 2209 venerabili
2480 2153 2734 2224 episcopo
2761 2153 3054 2209 Ticinensi.

1942 2245 2107 2300 Lator
2131 2244 2479 2314 praesentium
2507 2259 2690 2298 coram
2732 2243 2888 2298 nobis
2913 2243 3132 2297 veniens
3167 2241 3299 2297 dicit
3325 2255 3387 2297 se
3419 2256 3451 2295 a

1869 2335 2268 2404 praedecessore
2296 2341 2475 2388 vestro
2501 2331 2832 2387 Liuttefredo
2863 2330 3152 2386 venerabili
3180 2330 3452 2400 episcopo,

1872 2425 2243 2497 quinquennio
2297 2433 2489 2479 exacto
2542 2424 2653 2494 iam
2703 2439 2868 2488 anno,
2914 2423 3246 2493 pmnitentim
3287 2421 3456 2476 fuisse

1872 2517 2224 2579 submissum,
2267 2531 2365 2585 pro
2402 2515 2657 2584 quodam,
2697 2529 2762 2569 eo
2799 2515 2939 2583 quod
2977 2513 3234 2574 interfuit,
3270 2512 3388 2566 fure
3425 2527 3456 2566 a

1874 2607 2075 2663 femina
2109 2607 2432 2678 interempto
2460 2625 2473 2660 ε
2504 2623 2607 2678 qua
2636 2607 2701 2663 de
2732 2622 2790 2661 re
2815 2615 2992 2661 vestra
3028 2606 3339 2661 fraternitas
3365 2621 3455 2659 so-
3491 2635 3494 2639 -

1875 2696 2042 2752 lerter
2063 2699 2374 2769 prospiciat.
2409 2699 2496 2762 Et,
2526 2699 2568 2753 si
2596 2697 2668 2752 ita
2695 2706 2779 2753 est
2803 2706 2860 2752 ut
2887 2699 2974 2753 hic
3002 2697 3214 2759 asserit,
3240 2705 3460 2768 prepter

1877 2788 2090 2844 Domini
2119 2788 2566 2856 misericordiam,
2597 2790 2850 2859 quoniam
2874 2805 3067 2860 magna
3095 2797 3200 2851 est,
3222 2803 3346 2842 cum
3367 2801 3462 2842 eo-
3493 2823 3499 2830 -

1877 2879 2000 2935 dem
2035 2880 2332 2936 consultius
2361 2889 2507 2950 agat,
2531 2889 2586 2934 et
2612 2889 2772 2950 prout
2790 2880 2924 2934 ordo
2951 2895 3128 2934 causa:
3149 2878 3457 2942 dictaverit,

1879 2969 2094 3026 frenum
2128 2971 2374 3026 canonici
2402 2971 2602 3040 vigoris
2631 2971 2907 3025 remittite.
2946 2968 3041 3024 Vel
3069 2969 3114 3024 si
3139 2969 3456 3039 quidquam,
3513 2993 3519 2998 ι

1880 3063 2025 3131 quod
2049 3078 2154 3116 non
2185 3070 2450 3131 optamus,
2486 3061 2814 3131 impossibile
2841 3075 3162 3132 perpensum
3192 3059 3376 3126 fuerit,
3405 3059 3461 3113 id
3509 3121 3512 3126 _

1881 3161 2066 3205 nostro
2089 3148 2293 3218 iudicio
2321 3160 2500 3203 vestra
2524 3148 2834 3204 fraternitas
2859 3150 3070 3206 studeat
3098 3150 3320 3209 lenitate
3339 3147 3452 3222 spi-

1808 3235 1854 3288 Β
1886 3240 2022 3295 ritus
2047 3254 2344 3296 reservare.
2378 3239 2511 3295 Data
2535 3250 2590 3294 ut
2617 3257 2795 3310 supra.

2578 3375 2777 3431 CXCII.

2092 3510 2158 3548 AD
2200 3507 2500 3550 Αῦικυιευκ
2538 3506 2824 3547 EPISCOI‘III
2865 3501 3260 3553 GABALITANUI.

2505 3605 2675 3672 (Anno
2697 3603 2846 3672 879.)

1962 3739 2026 3796 Ut
2057 3743 2388 3812 praesentium
2418 3737 2670 3791 latoribus
2698 3735 2874 3789 ablata
2897 3734 3212 3789 restituenda
3233 3740 3398 3787 curet.

1961 3854 2192 3910 lossxss
2231 3855 2502 3908 AGINULI-‘O
2555 3850 2847 3905 venerabili
2903 3850 3153 3920 episcopo
3201 3845 3466 3904 Gebalda-

1891 3945 2066 4000 nensi.

1961 4035 2312 4090 Praesentium
2337 4031 2536 4088 latores
2564 4030 2740 4101 questi
2762 4028 2966 4086 suntab
2979 4029 3081 4084 hac
3109 4029 3236 4085 sede
3263 4027 3470 4098 plebem

1892 4145 2044 4185 suam
2074 4129 2278 4185 eisdem
2301 4119 2592 4183 sublatam.
2618 4125 2956 4196 Quapropter
2977 4124 3271 4196 apostolica
3297 4132 3480 4178 aucto-

1893 4221 2052 4275 ritate
2091 4228 2198 4274 tuas
2243 4217 2572 4273 fraternitati
2598 4216 2942 4286 prsecipimus
2986 4222 3065 4282 ut,
3113 4215 3371 4285 inquisita
3399 4213 3479 4267 rei

1894 4312 2145 4375 veritate,
2173 4312 2315 4379 quod
2338 4309 2539 4378 iustum
2581 4316 2665 4362 est
2697 4306 2992 4376 unicuique
3034 4305 3260 4360 reddere
3292 4317 3477 4358 sacer-

1895 4403 2060 4458 dotali
2107 4401 2468 4455 sollicitudine
2514 4397 2862 4469 pervestiget,
2911 4403 2968 4450 et
3013 4408 3135 4464 qua:
3187 4393 3302 4462 ipse
3337 4388 3481 4472 ditii-

1897 4495 2016 4556 nire
2045 4508 2149 4548 non
2171 4491 2386 4564 poteris,
2415 4487 2644 4562 [referre
2668 4487 2733 4542 ad
2759 4484 2878 4558 nos]
2904 4484 3077 4539 modis
3102 4480 3354 4538 omnibus
3373 4495 3480 4535 non

1825 4581 1872 4640 D
1898 4584 2297 4656 pnetermittas.

2579 4693 2798 4749 CXCIII.

2178 4833 2245 4871 AD
2285 4822 2702 4869 BISUNTINENSEI
2737 4819 3210 4862 ARCHIEPISCOPUI.

2516 4923 2692 4987 (Anno
2714 4919 2862 4980 879.)

1981 5043 2257 5116 Signiﬁcat
2301 5058 2352 5094 se
2397 5032 2719 5116 Fulrurdum
2751 5031 3277 5116 rjrtsqule'conjttgem
3303 5026 3367 5078 at
3397 5041 3484 5078 ex-

2301 5107 2769 5163 communicatioue
2799 5103 3095 5156 absolvisse.

1983 5245 2257 5314 Tusonom
2294 5260 2326 5300 ο
2350 5241 2641 5297 venerabili
2669 5239 2924 5308 episcopo
2957 5228 3341 5290 Bisuntinensi.

1983 5337 2178 5394 Notum
2229 5338 2300 5391 sit
2351 5334 2624 5391 sanctitati
2665 5341 2858 5386 vestra:
2901 5328 3024 5397 quia
3067 5322 3388 5379 Fuicardum
3435 5328 3490 5373 el.

1913 5431 2273 5494 Berelindam,
2301 5443 2520 5483 uxorem
2544 5425 2803 5495 eiusdem,
2832 5422 2898 5476 ab
2919 5412 3490 5475 excommunicatiouis

1874 5587 1876 5589 ,
1915 5523 2130 5580 vinculo
2170 5521 2530 5585 absolvimus,
2575 5519 2746 5572 donec
2781 5513 3042 5568 canonica
3076 5508 3258 5580 regula
3301 5513 3490 5559 exacte

1916 5615 2248 5685 reperiamus
2263 5609 2544 5680 iudicium.
2580 5607 2728 5663 [-ude
2749 5621 2780 5658 a
2801 5604 2951 5658 vobis
2985 5603 3036 5657 in
3060 5599 3489 5655 communionem

301 5767 325 5795 ι
365 5755 494 5811 llaec
515 5755 704 5817 verba,
738 5754 990 5809 Bertildis
1024 5755 1286 5807 consortio
1314 5793 1328 5811 .
1362 5767 1467 5806 non
1505 5750 1668 5804 habet
1693 5748 1860 5803 editio
1891 5746 2167 5814 Romana,
2195 5746 2285 5804 sed
2311 5743 2456 5815 ponit
2485 5740 2628 5798 nullo
2658 5753 2840 5808 sensu,
2864 5736 3062 5806 iuravit
3089 5731 3314 5804 spiritali
3338 5747 3355 5785 :
3379 5741 3490 5784 tum

223 5828 564 5904 sequitur‘ut
591 5826 709 5889 hic;
740 5827 874 5878 inter
903 5840 1060 5894 quos,
1093 5832 1198 5877 etc.
1231 5821 1420 5878 Maxsn.
