4042 6302
529 349 633 408 819

1845 339 2127 396 JOANNIS
2161 339 2370 420 eam,
2405 343 2511 396 vnt

3711 346 3824 402 εει

526 467 621 522 eos
637 465 800 535 recipi
819 464 1156 519 mandamus.
1175 461 1436 531 Optamus
1460 458 1858 513 fraternitatem
1874 467 2111 512 vestram
2140 461 2187 520 Α
2218 458 2372 513 nobis
2397 465 2576 513 vestra
2607 457 2875 513 sitibunde
2895 465 3056 527 atque
3081 457 3334 512 ardenter
3355 458 3586 528 requirit
3610 457 3825 514 frater-

527 559 668 628 bene
693 555 889 611 valere.
920 555 1051 610 Data
1076 562 1131 606 ut
1157 568 1339 621 supra.

1211 661 1437 718 CXCIV.

739 796 806 834 AD
843 792 1098 833 οΑιυειωι
1138 791 1416 833 PRINCIPEI
1453 787 1898 827 BENEVENTA‘NUH.

1152 869 1327 940 (Anno
1354 866 1501 937 879.)

529 963 846 1017 Consolutur
871 978 988 1015 eum
1022 961 1086 1014 de
1117 961 1324 1014 damnis
1350 959 1412 1011 ab
1440 957 1693 1027 Agarenis
1729 949 1913 1016 illatis,
1958 955 2114 1007 auxio

632 1034 763 1089 lium
789 1033 1086 1101 pollicetur,
1107 1046 1262 1099 seque
1291 1031 1346 1083 in
1377 1029 1489 1097 ejus
1515 1037 1688 1096 partes
1715 1036 2006 1080 venturum.

602 1144 809 1203 Dilecto
841 1143 949 1202 ﬁlio
987 1143 1218 1199 GAIDEII
1263 1141 1496 1212 glorioso
1525 1135 1755 1210 principi
1786 1137 2114 1191 Beneventa-

530 1253 721 1294 norum
731 1278 744 1291 .

599 1329 869 1401 Epistolas
891 1343 1020 1384 sane
1046 1343 1075 1380 a
1104 1337 1283 1381 vestra
1309 1324 1593 1380 dilectione
1618 1322 1966 1376 transmissus
1993 1335 2116 1375 cum

528 1428 683 1490 parte
714 1405 1109 1490 gratulationis,
1139 1418 1328 1478 fateor,
1354 1415 1517 1468 etiam
1542 1422 1597 1468 et
1626 1411 1876 1468 maeroris
1903 1409 2114 1480 accepi;

531 1519 840 1580 quantoque
870 1510 924 1562 in
949 1510 1029 1563 eis
1058 1507 1295 1578 gaudens
1324 1504 1588 1560 cxsultavi
1616 1512 1853 1557 vestram
1883 1500 2119 1555 devotio-

530 1615 653 1655 nem
684 1600 874 1654 intimo
905 1600 1101 1654 mentis
1138 1599 1331 1653 all'ectu
1365 1597 1509 1650 circa
1535 1594 1852 1663 obsequium
1897 1601 2116 1647 sancto-

531 1710 650 1748 rum
704 1694 1069 1763 apostolorum
1121 1692 1302 1755 Petri,
1346 1689 1498 1744 Pauli
1547 1695 1917 1756 compertam,
1971 1693 2118 1739 tanto

529 1785 886 1840 nihilominus
931 1785 1085 1838 triste
1129 1782 1388 1852 pastorali
1418 1779 1785 1835 sollicitudine
1815 1777 1932 1841 tuli,
1964 1792 2115 1847 pres—

531 1879 676 1934 suris
713 1887 875 1946 atque
916 1878 1284 1952 Agarenorum
1314 1871 1802 1944 deprtedationibus
1841 1877 1998 1923 terrae
2025 1884 2114 1922 ve-

531 1975 661 2022 stra
703 1967 917 2020 auditis.
952 1967 1291 2035 Quapropter
1318 1980 1439 2018 cum
1487 1976 1612 2015 vase
1655 1959 1934 2014 electionis
1972 1973 2118 2012 com-

533 2055 705 2126 pellor
732 2056 912 2110 dicere
935 2063 983 2110 et
1011 2053 1434 2123 lacrymabiliter
1454 2051 1761 2106 exclamare
1786 2067 1797 2101 :
1827 2049 1957 2113 Quis
1978 2046 2119 2116 inﬁr-

535 2159 735 2215 matur,
756 2158 803 2203 et
830 2165 921 2218 ego
943 2163 1045 2203 non
1071 2146 1349 2214 inﬁrmor?
1370 2147 1485 2215 quis
1514 2141 1930 2204 scandalizatur,
1952 2150 1997 2193 et
2025 2155 2120 2208 ego

536 2255 640 2299 non
663 2241 829 2294 uror?
850 2238 934 2309 (II
959 2238 1081 2292 Cor.
1112 2237 1209 2306 xr.)
1243 2235 1348 2290 Sed
1377 2235 1518 2289 inter
1541 2233 1657 2287 hmo
1686 2231 1998 2285 meminisse
2028 2230 2122 2284 de-

535 2331 724 2385 bemus
756 2329 897 2383 illius
923 2328 1010 2397 qui
1036 2329 1150 2381 ait:
1179 2327 1245 2380 In
1273 2324 1468 2378 mundo
1503 2337 1800 2392 pressuram
1840 2319 2118 2382 habebitis,

533 2423 625 2477 sed
652 2423 912 2490 conﬁdite,
947 2421 1192 2491 quoniam
1223 2436 1314 2489 ego
1346 2417 1445 2470 vici
1477 2415 1726 2468 mundum
1756 2411 1935 2484 (Joau.
1973 2409 2116 2480 xw);

534 2521 591 2568 et
619 2511 925 2582 apostolus:
961 2509 1138 2580 Major
1167 2519 1239 2564 est
1280 2509 1368 2578 qui
1407 2507 1460 2561 in
1507 2505 1652 2559 nobis
1695 2515 1766 2557 cst
1794 2544 1808 2565 ,
1847 2517 2004 2572 quam
2029 2500 2120 2570 qui

536 2611 717 2658 contra
750 2617 842 2655 nos
869 2610 942 2654 est
987 2599 1038 2672 (I
1077 2599 1238 2653 Joan.
1288 2600 1384 2667 tv).
1426 2595 1724 2662 Quocirca,
1769 2592 2120 2647 dilectissime

535 2688 634 2757 ﬁli,
665 2691 868 2749 hortor.
900 2685 1195 2753 admeneo,
1222 2687 1515 2756 apostolica
1539 2684 1860 2739 auctoritate
1896 2683 2115 2746 suadeo,

537 2783 754 2836 interim
782 2782 1047 2851 patienter
1080 2779 1288 2834 Domini
1330 2777 1753 2831 misericordiam
1781 2772 2120 2843 deprecando

536 2873 808 2927 continuis
839 2870 1306 2925 obsecrationibus
1344 2867 1609 2922 malorum
1654 2865 1882 2920 sull‘crrc
1925 2878 2117 2933 grava-

538 2967 703 3020 miua.
731 2966 994 3032 Quoniam
1028 2981 1143 3029 nos,
1192 2964 1408 3019 Christo
1455 2963 1785 3031 Opitulante,
1828 2961 1895 3014 ad
1932 2959 2120 3030 patria:

535 3064 728 3111 vestra:
750 3055 1121 3110 liberationem
1150 3070 1249 3122 pro
1279 3055 1472 3109 virium
1497 3052 1754 3107 facultate
1782 3062 1986 3106 tantum
2013 3065 2121 3119 prae

2217 549 2361 603 nitas
2381 589 2395 614 ,
2431 549 2656 602 Domino
2681 548 2936 613 donante,
2967 562 3087 602 eam
3129 560 3283 618 parte
3321 549 3568 619 corporis
3596 550 3826 618 aliqua-

2218 651 2376 696 tenus
2406 641 2608 695 habere
2647 639 2919 704 videmur;
2948 639 3042 694 sed
3085 640 3225 693 inter
3270 648 3347 695 tot
3389 639 3591 694 ﬂuctus
3620 640 3824 696 mundi

2217 738 2504 798 tantasque
2531 731 2799 783 undarum
2832 728 3130 797 procellas,
3166 745 3285 798 quae
3319 729 3466 784 salus
3494 730 3659 783 istius
3691 729 3824 784 vita:

2215 827 2397 891 potest
2429 833 2547 875 esse
2588 820 2778 875 saltem
2826 818 2888 872 ad
2933 830 3262 873 momentum
3301 820 3635 888 tranquilla?
3681 837 3824 890 prae-

2216 913 2403 967 sertim
2429 916 2602 966 morte
2624 910 2788 965 vestri
2817 909 3060 980 germani
3091 910 3294 976 audita,
3321 911 3521 964 vestris
3546 910 3822 964 ﬁliorum-

2215 1019 2320 1073 que
2351 1003 2792 1058 charissimorum
2827 1011 2934 1055 tam
2963 1001 3170 1056 crebris
3201 1001 3614 1059 tribulationum
3645 1016 3823 1073 angu-

2215 1095 2356 1149 stiis.
2406 1093 2511 1147 Sed
2560 1093 2700 1146 inter
2745 1091 2860 1145 haec
2905 1105 3004 1144 nos
3059 1090 3309 1144 convenit
3360 1099 3473 1144 toto
3517 1091 3823 1144 conamine

2215 1187 2416 1241 mentis
2451 1185 2517 1238 ad
2561 1183 2706 1238 illam
2738 1181 2927 1251 patria:
2950 1180 3190 1235 caelestis
3217 1181 3387 1234 vitam
3417 1181 3587 1234 corda
3617 1179 3823 1234 sustol-

2216 1279 2349 1342 lere,
2393 1277 2447 1332 iu
2489 1291 2593 1346 qua
2621 1291 2725 1345 pax
2770 1289 2982 1344 semper
3023 1274 3195 1336 inest,
3232 1283 3289 1326 et
3328 1286 3458 1326 vera
3491 1272 3815 1326 securitas:

2217 1368 2470 1438 quoniam
2495 1366 2732 1438 quandiu
2754 1380 2933 1418 sumus
2961 1364 3015 1416 in
3037 1363 3435 1431 corpore,juxta
3461 1361 3818 1432 Apostolum,

2216 1458 2613 1529 peregrinantur
2633 1474 2665 1510 a
2688 1455 2944 1520 Domino,
2979 1453 3132 1508 vobis
3156 1460 3458 1520 vestraeque
3495 1451 3693 1519 patriae
3729 1465 3818 1505 se-

2217 1549 2452 1603 cundum
2489 1546 2721 1602 cilicium
2752 1561 2781 1598 a
2811 1545 2920 1600 Deo
2963 1544 3119 1603 nobis
3147 1543 3326 1597 collati
3360 1542 3652 1608 ministerii
3671 1581 3687 1604 ,
3714 1556 3821 1612 pro

2217 1640 2413 1694 virium
2459 1638 2894 1709 impossibilitate
2943 1637 3220 1691 inhianter
3247 1636 3500 1705 cupimus
3541 1634 3815 1710 impertiri

2219 1730 2490 1785 solatium.
2519 1728 2653 1782 Data
2683 1736 2738 1781 ut
2761 1743 2942 1798 supra.

2905 1874 3129 1934 CXCVI.

2675 2028 2743 2067 AD
2782 2027 3051 2068 DAFEBIUM
3089 2026 3350 2066 COIITEI.

2824 2146 3002 2214 (Anno
3050 2147 3204 2216 879.)

2354 2281 2670 2336 Consolatur
2697 2280 2974 2352 Daferium
2996 2321 3011 2347 ,
3034 2283 3179 2352 eique
3204 2297 3352 2349 apem
3373 2280 3674 2350 pollicetur.

2295 2437 2498 2492 Dilecto
2526 2437 2634 2492 lilio
2666 2436 2856 2493 illustri
2886 2437 3049 2491 nobili
3076 2437 3194 2491 viro
3221 2436 3461 2491 Dareum
3491 2436 3704 2491 comiti.

2291 2531 2682 2587 Pcrfcctionem
2728 2529 2910 2586 cordis
2951 2529 3201 2584 Gaideris
3245 2529 3530 2600 principis,
3575 2541 3812 2582 consan-

2220 2622 2398 2694 guinei
2431 2623 2617 2685 vestri,
2647 2631 2990 2690 vestramque
3026 2622 3078 2675 in
3115 2621 3282 2675 Deum
3313 2621 3468 2674 valde
3492 2619 3807 2689 gaudemus,

2219 2719 2569 2772 obsecrantes
2601 2723 2657 2766 ut
2685 2714 2773 2782 qui
2818 2714 2982 2782 cmpit
3021 2714 3072 2768 in
3115 2714 3287 2776 vobis,
3336 2723 3600 2780 Operetur
3644 2721 3810 2782 atque

2221 2806 2460 2878 perliciat
2488 2820 2623 2875 opus
2642 2803 2840 2858 bonum
2865 2819 3034 2873 usque
3057 2805 3112 2859 in
3138 2804 3320 2858 linem.
3348 2803 3810 2858 Tribulationibus

2221 2906 2383 2966 atque
2414 2896 2676 2964 angustiis
2719 2895 2919 2948 vestris
2965 2895 3019 2948 in
3065 2879 3273 2950 tantum
3320 2895 3708 2964 compatimur,
3753 2901 3812 2948 ut

2219 2995 2430 3040 vestros
2459 2983 2674 3038 dolores
2709 2999 2870 3038 manu
2917 2983 3260 3053 cogitationis
3303 2984 3360 3038 in
3411 2993 3603 3039 nostro
3649 2985 3812 3038 corde

2225 3085 2540 3147 tangamus;
2572 3075 2665 3130 sed
2692 3075 3014 3130 conﬁdimus
3058 3076 3111 3129 in
3153 3076 3342 3130 arterni
3377 3076 3671 3129 conditoris
3709 3077 3808 3128 mi-

536 3147 750 3205 cmteris
801 3144 1118 3236 mortalibus
1174 3143 1443 3199 habebitis
1506 3145 1806 3214 adjutorem
1862 3142 2117 3206 enixius,
2145 3167 2189 3228 ς
2222 3142 2537 3232 scri'cordia,
2572 3167 2696 3236 quia
2742 3167 2796 3220 in
2841 3167 3088 3236 proximo
3131 3166 3305 3221 adem
3349 3165 3471 3234 ejus
3506 3165 3802 3229 animum.

533 3246 797 3309 quantum
847 3234 1104 3291 attentius
1148 3235 1541 3303 compatimur;
1586 3234 1728 3303 quod
1775 3232 1936 3286 rebus
1988 3230 2118 3298 ipsis

532 3327 952 3399 prteseutialitcr
981 3326 1080 3380 sub
1108 3324 1172 3396 [Ῑ.
1202 3325 1438 3381 abundat
1466 3323 1590 3395 sub}
1616 3324 1981 3386 redderemus,
2015 3321 2118 3375 nisi

537 3417 591 3472 in
619 3418 813 3472 itinere
835 3417 1050 3487 penitus
1071 3416 1171 3470 hoc
1197 3424 1437 3484 tempore
1461 3430 1720 3485 equorqu
1752 3413 1946 3484 pabula
1976 3412 2121 3466 deIe-

533 3508 756 3572 cissent,
785 3509 982 3576 quibus
1025 3507 1207 3560 statim
1250 3521 1471 3576 gressus
1509 3519 1726 3558 movere
1769 3503 2120 3558 inveniendo

535 3599 904 3669 prohibemur.
956 3596 1064 3651 Sed
1116 3596 1491 3664 Redemptoris
1536 3595 1702 3650 nostri
1746 3595 1921 3664 gratia
1961 3595 2119 3659 duce,

531 3697 752 3762 peracta
781 3688 1122 3744 solemnitate
1150 3686 1410 3755 paschali,
1445 3685 1629 3740 venire
1659 3685 1725 3740 ad
1758 3693 1970 3741 vestras
1995 3699 2119 3752 par-

535 3788 619 3836 tes
644 3779 1100 3844 accelerabimus;
1125 3786 1179 3832 et
1206 3791 1310 3830 una
1341 3776 1618 3830 vobiscum
1647 3775 1827 3844 positi,
1860 3773 2123 3844 quidquid

537 3874 774 3939 consilii,
812 3872 1073 3943 quidquid
1119 3869 1295 3926 solatii
1344 3865 1798 3936 atque'adjutorii
1842 3881 1940 3934 pro
1965 3864 2124 3920 Chri-

535 3965 695 4022 stiani
727 3963 905 4034 pepuli
936 3961 1251 4016 liberatione
1275 3958 1590 4013 adiuvenire
1613 3957 1930 4026 poterimus,
1957 3957 2125 4014 liben-

537 4056 744 4112 tissime
789 4052 1221 4122 procurabimus.
1285 4049 1546 4117 Optamus
1597 4047 1823 4116 gloriam
1871 4046 2123 4101 culminis

539 4144 708 4200 vestri
769 4143 822 4197 in
871 4141 1090 4202 Christo
1146 4136 1361 4209 Semper
1425 4139 1562 4192 bene
1614 4136 1812 4193 valere.
1875 4138 2006 4191 Data
2067 4144 2122 4198 ut

533 4253 722 4317 NQ)qu

1223 4368 1425 4424 CXCV.

1007 4501 1073 4538 AD
1109 4499 1305 4540 MONS)!
1347 4499 1655 4539 EPISCOPUII.

1149 4597 1326 4663 (Anno
1357 4595 1506 4664 8'79.)

538 4687 877 4742 Commemini
898 4705 1010 4757 ejus
1039 4705 1161 4758 erga
1190 4705 1243 4741 se
1262 4688 1678 4750 observantiam;
1709 4688 1981 4758 certiorem
2001 4701 2117 4758 eum

608 4759 672 4810 de
692 4775 788 4811 sua
816 4756 1174 4813 iaculum-itote
1203 4759 1390 4822 reddit,
1422 4769 1531 4812 tum
1553 4758 1856 4812 consolatur
1886 4757 1951 4812 de
1977 4756 2120 4812 obitu

605 4829 808 4897 fratris.

612 4939 1069 4994 Reverentissimo
1112 4948 1168 4993 et
1221 4939 1568 4997 sanctissimo
1619 4939 1878 4994 confratri
1933 4949 2120 4993 nostro

537 5032 694 5087 Amat
719 5028 1011 5087 venerabili
1042 5031 1312 5100 episcopo.

608 5123 761 5191 Quod
790 5121 1094 5177 veneranda
1123 5121 1434 5176 fraternitas
1463 5132 1550 5176 tua
1575 5138 1672 5192 pro
1693 5133 2000 5179 sanctarum
2025 5123 2118 5177 Dei

539 5214 900 5268 Ecclesiarum
941 5211 1308 5267 sublevatione
1343 5212 1499 5282 longe
1536 5215 1603 5268 ab
1634 5213 1776 5271 Urbe
1809 5214 2121 5283 aliquandiu

537 5315 780 5361 nostram
805 5300 1104 5360 abSenliam
1131 5304 1359 5373 benigna
1393 5304 1559 5358 animi
1591 5307 1962 5374 compassione
1987 5323 2120 5361 con-

534 5398 727 5462 doluit,
756 5398 966 5453 viscera
1015 5398 1210 5453 mentis
1245 5412 1354 5452 suae
1387 5396 1590 5466 repleta
1631 5395 1830 5452 Christi
1858 5397 2124 5452 cliaritate

534 5500 786 5561 patenter
811 5493 1068 5557 ostendit,
1101 5501 1155 5546 et
1180 5492 1438 5555 debitam,
1473 5492 1581 5546 imo
1615 5499 1852 5544 mutuam
1884 5489 2127 5546 dilectio-

536 5595 664 5639 nem
692 5585 897 5640 sanctis
927 5584 1019 5640 Dei
1055 5583 1314 5658 apostolis
1355 5597 1452 5652 per
1491 5596 1590 5634 nos
1621 5580 1886 5650 condigne
1920 5579 2125 5634 studuit

538 5689 863 5732 conservare
882 5716 895 5740 ,
922 5683 954 5730 'a
979 5675 1173 5745 quibus
1209 5674 1396 5745 procul
1425 5674 1588 5730 dubio
1621 5671 1936 5728 meritorum
1965 5670 2125 5726 retri-

537 5763 813 5820 hulionem
857 5766 914 5822 in
956 5766 1117 5822 linem
1169 5764 1412 5835 recipiet.
1472 5764 1798 5836 Sospitatem
1854 5777 2016 5832 quam
2066 5761 2122 5818 in

2149 4520 2203 4581 D

2221 3259 2312 3329 qui
2344 3274 2440 3333 per
2472 3259 2792 3329 prophetam
2833 3258 3091 3313 admonet
3116 3257 3301 3312 dicens
3332 3275 3346 3310 :
3395 3255 3593 3310 Invoco
3634 3271 3712 3307 me
3753 3254 3806 3307 in

2220 3349 2304 3404 die
2332 3348 2690 3402 tribulationis
2727 3357 2833 3400 tua:
2853 3388 2866 3412 ,
2901 3347 3122 3417 eripiam
3155 3355 3224 3410 te,
3253 3354 3301 3398 et
3335 3343 3700 3414 magniﬁcatus
3734 3358 3813 3395 me

2223 3436 2396 3508 (Psal.
2424 3438 2608 3507 xux):
2637 3451 2736 3492 nos
2778 3437 2978 3492 etenim
3025 3437 3079 3491 in
3122 3443 3330 3490 tantum
3353 3443 3569 3503 paratos
3597 3431 3813 3486 habetis

2223 3529 2276 3583 in
2303 3538 2539 3583 vestrum
2571 3527 2922 3598 adjutorium,
2955 3534 3014 3579 ut
3054 3540 3177 3580 cum
3213 3533 3559 3594 Opportunum
3585 3529 3811 3588 tempus

2223 3617 2406 3683 fuerit,
2431 3634 2530 3688 pro
2557 3617 2816 3674 fratribus
2839 3617 3074 3669 animam
3107 3627 3302 3684 ponere
3327 3627 3427 3664 non
3451 3621 3795 3663 recusemus.

2223 3709 2435 3781 Equum
2479 3724 2640 3777 quem
2689 3707 2942 3762 nobilitas
2984 3715 3166 3760 vestra
3211 3703 3382 3774 petiit,
3419 3715 3541 3756 cum
3581 3707 3808 3752 vestros

2226 3801 2359 3854 ﬁnes
2384 3801 2640 3868 attigero,
2670 3800 2799 3854 dare
2829 3812 2915 3856 me
2941 3795 3093 3856 vobis
3118 3795 3349 3851 libenter
3371 3789 3645 3850 denuntio.
3667 3789 3812 3843 Data

2227 3903 2282 3948 ut
2313 3910 2496 3963 supra.

2895 4022 3143 4080 CXCVII.

2379 4181 2447 4227 ΑΙ)
2487 4178 2738 4221 ROMANI!“
2792 4171 3238 4216 Αιιειιιεριεεορυκ
3279 4162 3663 4210 ΚΔῚἚΝΧΑΪΒΙ.

2834 4293 3015 4363 (Ληηο
3043 4288 3198 4359 879.)

2229 4429 2477 4500 Prwcipit
2499 4437 2553 4482 ut
2583 4428 2803 4482 Romam
2829 4426 2898 4480 ad
2921 4423 3180 4546 syr‘iiodum
3201 4436 3318 4475 cum
3341 4418 3694 4486 suﬂ'raganers
3723 4427 3818 4464 ac-

2937 4511 2992 4546 ce
3034 4511 3062 4546 a
3091 4531 3106 4546 .
3172 4541 3174 4543 _

2937 4511 3106 4548 ceaat.
3172 4541 3174 4543 .

2296 4665 2769 4723 Reverendissimo
2823 4672 2877 4719 et
2927 4661 3272 4718 sanctissimo
3313 4653 3573 4711 confratri
3627 4661 3822 4706 nostro

2226 4758 2453 4814 Bonam
2488 4754 2893 4825 archiepiscopo
2933 4759 3134 4805 sanch
3161 4744 3491 4801 Ravennatis
3531 4741 3820 4796 Ecclesizr.

2295 4847 2581 4904 Canonicis
2599 4854 2908 4901 sanctorum
2939 4842 3157 4896 Patrum
3175 4837 3490 4908 jubentibus
3512 4831 3714 4902 regulis
3733 4829 3822 4883 bis

2227 4957 2325 5013 per
2347 4953 2546 4994 annum
2576 4936 2806 4991 concilia
2833 4933 3208 5003 episcoporum
3237 4943 3357 4983 esse
3383 4923 3710 4980 omnimodis
3733 4935 3826 4974 ce-

2229 5033 2487 5088 lebranda
2511 5027 2747 5099 (Nicwni
2773 5023 2980 5080 concilii
3000 5037 3120 5092 cap.
3147 5021 3224 5088 5),
3249 5033 3346 5072 nos
3365 5018 3434 5071 ob
3462 5015 3514 5068 id
3539 5027 3640 5083 pro
3669 5012 3827 5063 mul-

2229 5124 2500 5193 tiplicibus
2531 5119 2892 5174 Ecclesiarum
2919 5115 3013 5171 Dei
3039 5111 3358 5167 utilitatibus
3385 5117 3440 5162 et
3467 5103 3826 5160 necessitati-

2230 5218 2329 5271 bus
2374 5215 2636 5285 synodum
2685 5219 2876 5266 octavo
2920 5207 3188 5262 Kalendas
3226 5203 3412 5264 Maias,
3466 5197 3695 5254 Domino
3719 5212 3828 5250 an-

2233 5315 2448 5369 nuente,
2484 5304 2761 5360 celebrare
2790 5303 3053 5372 cupimus.
3100 5297 3224 5353 Ideo
3258 5295 3507 5367 iubemus
3533 5287 3829 5344 dilectioni

2232 5408 2424 5454 vestra:
2452 5408 2528 5462 ut,
2556 5397 2702 5452 omni
2733 5411 2884 5451 mora
2919 5393 3215 5468 postposita
3233 5431 3248 5455 ,
3279 5404 3374 5444 vos
3409 5401 3528 5442 cum
3556 5381 3832 5437 omnibus

2229 5488 2586 5558 sullraganeis
2622 5487 2819 5542 vestris
2853 5486 3122 5553 episcopis
3151 5481 3409 5552 praadicto
3433 5486 3675 5544 tempore
3701 5471 3832 5525 Bo—

2231 5596 2372 5635 mam
2406 5578 2591 5633 venire
2631 5575 2912 5636 studeatis,
2962 5582 3230 5643 quatenus
3257 5568 3498 5624 eamdem
3541 5562 3830 5633 synodum

2233 5669 2510 5724 nobiscum
2539 5665 2822 5736 atqualiter
2850 5661 3138 5718 celebretis
3157 5675 3224 5714 ac
3249 5662 3316 5713 de
3338 5654 3615 5713 communi
3637 5649 3828 5707 salute

2232 5757 2604 5817 consideretis.
2647 5754 2780 5810 Data
2820 5768 2880 5809 ut
2911 5750 3091 5808 Nonas
3113 5748 3348 5804 Martias.
