4042 6302
284 306 384 374 81'!

945 428 1220 488 CXCVIII.

454 529 797 572 Ρηιγιιεῦιωι
837 535 938 574 PRO
977 537 1314 582 ιιοΜετι-ῑιιιο
1352 544 1702 586 ῐιιΑεΕΝτικο.

899 609 1076 678 (Anno
1113 612 1262 683 879.)

283 687 390 784 [Et
421 689 640 764 Campi,
682 695 803 751 dell’
840 697 980 753 Hist.
1012 701 1138 756 θεοί.
1167 705 1222 756 di
1251 703 1532 773 Piaccnza,
1568 725 1691 780 pag.
1720 711 1873 784 464.]

356 779 593 839 Joansss
617 786 930 859 episcopus,
971 806 1160 849 servus
1189 811 1467 852 servorum
1497 800 1588 855 Dei
1607 843 1620 865 ,
1644 779 1872 860 idilectm

283 867 414 924 ﬁlia:
438 871 822 943 ANGIIJtlllthl-Z,
853 879 1184 950 imperatrici
1213 886 1483 956 Augustae.

355 961 435 1016 Ex
471 964 723 1034 largitate
761 973 929 1024 nostri
961 973 1335 1046 Redemptoris
1373 995 1586 1050 semper
1612 995 1736 1038 sunt
1771 1000 1868 1039 an-

283 1055 499 1108 nnenda
524 1072 586 1112 ea
611 1074 732 1128 qua:
759 1062 826 1116 ad
855 1064 1136 1121 tuitionem
1170 1084 1347 1124 rerum
1376 1071 1866 1131 ecclesiasticarum

279 1154 338 1198 et
368 1146 580 1215 piorum
612 1150 852 1208 locorum
887 1171 1008 1211 esse
1036 1170 1358 1216 noscuntur.
1391 1164 1729 1235 Quapropter
1755 1183 1870 1223 mo-

279 1239 581 1294 nasterium
625 1241 799 1315 Caput
841 1247 1082 1317 Trebire,
1130 1254 1274 1322 quod
1310 1253 1737 1315 Carolomannus
1773 1275 1867 1317 rex

274 1343 381 1398 per
408 1336 663 1403 prtecepti
695 1337 1037 1397 donationem
1060 1383 1075 1408 ,
1118 1352 1172 1399 et
1216 1360 1509 1414 perennem
1557 1350 1866 1408 ﬁrmitatem

276 1425 614 1479 monasterio
644 1436 736 1481 tuo
765 1432 906 1500 quod
940 1433 992 1488 in
1025 1434 1228 1491 honore
1258 1448 1458 1495 sancta:
1493 1441 1865 1502 Resurrectio-

276 1509 365 1566 nis
393 1511 680 1572 Placentia:
703 1526 1078 1592 construxisti,
1103 1543 1225 1582 ettm
1253 1531 1504 1586 omnibus
1527 1536 1866 1604 pertinentiis

271 1601 412 1669 suis,
445 1619 548 1676 pro
577 1612 816 1667 remedio
842 1615 1040 1671 anima:
1067 1634 1180 1674 sua:
1206 1601 1542 1692 suorumque
1563 1627 1862 1695 praedeces-

274 1704 462 1746 sorum
490 1698 845 1768 condonavit;
882 1705 1046 1774 petis,
1074 1707 1182 1762 ﬁlia
1215 1709 1586 1778 dilectissima,
1615 1725 1672 1768 ut
1703 1731 1864 1787 super

274 1779 384 1835 hoc
432 1787 739 1854 apostolicae
786 1793 1128 1852 auctoritatis
1176 1801 1514 1856 sanctionem
1564 1804 1860 1861 ﬁrmemus.
1897 1805 1940 1864 Β

269 1869 508 1941 Ideoque
547 1875 712 1960 justis
757 1883 1110 1949 petitionibus
1158 1889 1262 1944 tuis
1300 1901 1528 1949 eotenns
1568 1898 1861 1965 apostolica

271 1966 600 2023 auctoritate
627 1969 878 2029 (ﬂ‘ectum
909 1979 1224 2047 annuimus,
1272 1992 1332 2038 ut
1371 2000 1400 2038 a
1445 1987 1606 2042 modo
1632 1998 1686 2044 et
1713 1990 1863 2046 dein-

271 2072 402 2128 ceps
431 2064 728 2130 supradicti
760 2066 896 2131 loci,
950 2071 996 2126 si
1041 2074 1164 2144 quis
1210 2091 1397 2146 regum
1445 2080 1528 2133 vel
1576 2081 1864 2150 cujuslibet

269 2156 562 2218 potestatis
598 2154 762 2212 hozno
800 2171 972 2215 rotam
1023 2172 1079 2219 et
1119 2166 1367 2222 stabilem
1409 2170 1752 2228 donationem
1787 2175 1862 2229 ir-

269 2255 555 2312 rumpere,
607 2254 700 2300 aut
747 2249 1026 2316 alienare,
1076 2271 1169 2310 seu
1214 2259 1512 2326 quamlibet
1547 2263 1858 2320 violentiam

269 2335 568 2390 temerario
598 2353 731 2394 ansu
759 2349 1167 2414 praesumpserit
1199 2349 1420 2417 inferre,
1455 2355 1590 2410 sciat
1617 2373 1677 2413 se
1702 2373 1732 2412 a
1763 2374 1860 2414 no-

267 2434 383 2479 stra
431 2433 810 2490 communione
853 2436 1077 2506 divelli,
1131 2450 1187 2496 et
1234 2447 1596 2504 anathematis
1644 2451 1860 2508 vinculo

262 2517 589 2577 innodatum
617 2539 738 2580 eum
766 2527 998 2596 Anania,
1031 2542 1086 2588 et
1113 2534 1402 2606 Sapphira,
1435 2551 1488 2596 et
1515 2541 1652 2598 Inda
1687 2546 1856 2600 tradi-

263 2617 392 2665 tore
428 2613 730 2680 portioucm
773 2620 1122 2680 nihilominus
1161 2627 1491 2686 habiturum.
1547 2633 1615 2689 Et
1652 2636 1698 2690 si
1741 2637 1856 2694 haec

261 2711 453 2758 nostra
486 2706 635 2776 jussa
671 2711 990 2770 obedienter
1019 2718 1422 2787 observaverit,
1473 2724 1567 2780 Dei
1607 2729 1853 2799 omnipo-

261 2796 438 2850 tentis
453 2797 904 2870 benedictionem,
927 2815 980 2861 et
993 2819 1306 2867 sanctorum
1321 2817 1685 2884 apostolorum
1708 2796 1852 2877 Petri

257 2893 324 2982 et
375 2885 526 2943 Pauli
588 2903 863 2950 mereatur
911 2901 1160 2971 accipere
1209 2904 1519 2974 plenissima
1579 2909 1851 2982 largitate.

258 2975 532 3035 Caeterum
553 2987 694 3053 quod
717 2987 783 3042 ad
803 2990 1188 3050 ecclesiasticae
1208 2997 1565 3058 ordinationis
1587 3006 1851 3064 rationem

258 3068 497 3136 pertinet
524 3087 589 3128 ac
611 3075 992 3147 ministerium,
1022 3083 1074 3138 id
1101 3094 1183 3139 est
1208 3089 1538 3156 chrismatis,
1565 3096 1648 3150 vel
1673 3099 1853 3168 cujus-

259 3157 399 3215 libet
424 3167 776 3225 sacerdotalis
799 3171 982 3238 oﬁicii,
1007 3177 1051 3231 si
1079 3179 1363 3250 episcopus
1391 3184 1508 3253 ejus
1537 3187 1638 3244 loci
1671 3157 1849 3261 ali-qua

259 3267 427 3310 causa
461 3257 690 3326 ductus,
736 3275 923 3322 contra
947 3269 1036 3340 jus
1063 3279 1114 3326 et
1147 3275 1524 3334 rectitudincm
1557 3257 1852 3351 quamlibet

259 3349 635 3414 gravationetn
679 3362 734 3408 ct
773 3361 1174 3428 superpositum
1217 3363 1413 3422 ibidem
1461 3349 1663 3429 inferre
1706 3390 1847 3444 prte-

256 3439 576 3505 sumpserit,
609 3452 862 3500 cunctum
896 3447 1022 3504 inde
1052 3453 1266 3519 penitus
1292 3457 1653 3516 ordinationis
1680 3439 1770 3534 jus
1797 3475 1852 3521 et

255 3533 586 3593 potestatem
619 3533 852 3602 amittat,
881 3547 936 3592 et
971 3539 1130 3596 liceat
1156 3544 1205 3598 ei
1237 3546 1328 3614 qui
1361 3548 1637 3617 pmfttcrit
1664 3533 1848 3610 mona-

255 3618 448 3683 sterio,
472 3636 851 3696 quemcunque
871 3631 1120 3700 voluerit,
1145 3637 1211 3692 ad
1237 3639 1400 3695 totius
1422 3643 1664 3701 ecclesia:
1685 3648 1844 3704 oiiicii

257 3707 621 3766 ministerium
650 3715 901 3774 invitare.

334 3797 604 3870 Scriptum
655 3823 751 3876 per
789 3827 1006 3868 manum
1044 3815 1289 3888 Gregorii
1338 3823 1608 3880 scriniarii
1641 3840 1841 3887 δςιιιοιιῡ

253 3883 518 3976 Romana:
546 3892 824 3964 Ecclesiae,
856 3902 906 3955 in
937 3919 1123 3961 mense
1149 3883 1361 3974 blartio,
1391 3913 1685 3973 indictione
1713 3919 1844 3976 duo-

251 3975 486 4046 decima,
504 3997 556 4036 tv
571 3983 686 4039 Kal.
708 3986 928 4058 Aprilis,
952 4008 1279 4062 permanum
1306 4000 1582 4059 Zacharite
1601 4007 1839 4079 episcopi

248 4078 459 4124 sancta:
491 4071 744 4132 Ecclesia:
770 4079 1086 4150 Anagninze,
1117 4096 1171 4140 et
1205 4087 1597 4149 bibliothecarii
1635 4071 1840 4154 sancta:

248 4159 398 4214 sedis
427 4164 768 4234 apostolicae,
819 4184 991 4239 anno,
1043 4176 1151 4231 Deo
1178 4180 1444 4249 propitio,
1492 4187 1838 4254 pontiﬁcatus

247 4250 455 4308 domini
496 4261 662 4314 nostri
701 4260 925 4320 Joannis
967 4271 1162 4324 summi
1213 4274 1486 4341 pontiﬁcis
1523 4286 1579 4333 et
1615 4283 1832 4337 univer-

246 4346 382 4402 s-dis
410 4364 560 4420 papa:
587 4353 690 4408 \‘Ill
724 4359 953 4428 septimo
985 4361 1037 4415 in
1069 4380 1252 4420 mense
1283 4366 1507 4436 Martio,
1542 4371 1836 4440 indictione

244 4437 590 4498 duodecima.

926 4542 1150 4600 CXCIX.

600 4650 666 4688 AD
709 4651 962 4692 ιιοιιλκυιι
1001 4657 1029 4693 Α
1039 4655 1473 4698 ΚΕΙΙΙΕΡΙὸΕΟΡυΠ.

846 4732 1027 4804 (Anno
1048 4737 1200 4809 879.)

237 4810 314 4871 Ut
337 4815 602 4888 Luponem
638 4825 993 4893 presbyterum
1023 4845 1076 4882 ιιι
1106 4827 1416 4910 S_arcennati
1452 4834 1687 4892 Ecclesia
1717 4844 1826 4910 rpi-

805 4914 1016 4968 scopmn
1045 4900 1268 4956 ordinet.

309 4977 779 5041 Reverendissimo
797 4996 851 5042 et
870 4991 1217 5046 sanctissimo
1236 4994 1492 5050 confratri
1518 5009 1701 5055 nostro
1721 5000 1827 5058 Ro-

233 5084 382 5126 mae
407 5073 810 5146 archiepiscopo
841 5089 1039 5134 sancta:
1065 5080 1396 5140 Ravennatis
1428 5086 1698 5143 Ecclesia:.

306 5163 587 5220 Relatione
605 5171 962 5236 quorumdam
982 5175 1343 5243 comperimus
1360 5179 1502 5246 quod
1523 5195 1644 5234 cum
1664 5197 1822 5250 quem

229 5257 389 5312 vobis
413 5259 770 5316 ordinandum
802 5265 1110 5335 episcopum
1148 5277 1348 5322 sancta:
1380 5269 1699 5328 Sarccnnati
1722 5275 1824 5330 Ec-

227 5344 432 5407 clesiae,
482 5348 760 5419 Luponem
813 5354 1062 5411 videbcct
1118 5358 1481 5414 venerabilem
1534 5364 1828 5431 presbvte-r

227 5438 373 5493 riunt
419 5437 484 5512 [ι’.
517 5441 657 5497 deest
697 5447 1114 5519 mandavimus],
1165 5451 1463 5520 postposito
1493 5463 1690 5510 nostra)
1722 5471 1821 5511 vo-

224 5530 458 5588 Iuntatis
489 5544 544 5588 et
575 5535 839 5604 jussionis
879 5541 1156 5604 mandato,
1189 5558 1512 5599 consecrare
1537 5555 1821 5616 postpona-

227 5621 323 5695 tis,
349 5625 636 5682 sedatium
661 5645 762 5696 pro
783 5645 849 5684 eo
877 5633 1108 5701 cupiatis
1153 5634 1501 5692 nihilominus
1526 5637 1776 5696 ordinare
1799 5659 1812 5700 ;

298 5765 328 5796 ι
370 5753 534 5814 Uncis
563 5759 766 5816 inclusa
792 5763 1028 5836 supplevi
1056 5781 1121 5822 ex
1146 5766 1276 5823 edit.
1302 5765 1456 5822 Rom.

1483 322 1841 380 I‘ZPISTOLA‘I
1885 329 1973 384 ΕΤ
2029 333 2370 394 DECRETA.

1898 451 1945 506 Α
1977 449 2121 548 quod
2145 467 2301 521 sane,
2324 456 2369 511 si
2401 471 2586 515 verum
2606 472 2708 528 est,
2740 466 2896 522 valde
2922 469 3203 541 miramur,
3229 489 3324 532 vos
3353 493 3382 532 a
3404 495 3566 550 spon-

3453 371 3564 424 ’822

1977 537 2129 594 sione
2157 557 2318 611 quam
2351 549 2504 604 nobis
2534 550 2753 620 polliciti
2798 557 2964 622 estis,
3005 562 3244 630 quolibet
3282 537 3448 623 modo
3483 572 3565 623 vel

1975 633 2261 690 occasione
2294 637 2431 693 velle
2466 642 2763 699 retrahere.
2801 647 2954 705 Unde
2991 667 3141 707 more
3171 665 3395 724 paterno
3427 659 3558 715 dile-

1976 721 2207 778 ctionem
2249 739 2485 784 vestram
2530 734 2614 789 his
2661 740 2862 795 nostris
2902 745 3214 812 apostolicis
3254 763 3559 814 monemus,

1974 811 2258 870 hortamur
2285 829 2450 890 atque
2476 823 2744 892 jubemus,
2807 811 3069 900 apicibus,
3110 844 3168 890 ιιι
3206 847 3399 894 vestra:
3439 811 3562 910 pro;

1975 903 2248 963 missionis
2263 926 2553 981 memores,
2575 919 2857 986 przefatum
2876 923 3146 993 anonem
3161 903 3558 1000 presbyterum,

1972 997 2114 1053 sicut
2149 1003 2299 1058 vobis
2327 1009 2697 1067 commisimus
2735 1015 2996 1071 continuo
3041 1033 3104 1072 ac
3148 1015 3562 1088 praesentialiter

1963 1089 2080 1184 jam
2102 1094 2265 1152 dicta:
2287 1093 2541 1157 Ecclesiae
2559 1106 2857 1162 antistitem
2879 1110 3141 1167 ordinetis
3163 1111 3310 1184 [nam
3336 1114 3379 1168 si
3403 1113 3562 1169 aliter

1970 1179 2230 1252 feceritis,
2259 1196 2312 1242 et
2348 1197 2460 1246 tam
2491 1193 2619 1259 cito,
2658 1196 2775 1264 ipso
2799 1199 3005 1256 scilicet
3033 1179 3228 1257 vestra:
3258 1203 3558 1259 ordinatio-

1972 1270 2057 1325 nis
2087 1271 2139 1344 ι]
2173 1274 2326 1331 initio
2359 1294 2454 1336 vos
2477 1297 2508 1334 a
2546 1293 2744 1342 nostra:
2779 1287 3073 1345 voluntatis
3101 1292 3320 1348 decreto
3346 1295 3558 1349 subtra-

1972 1360 2103 1418 here
2127 1371 2543 1436 cognoverimus
2561 1415 2574 1438 ,
2609 1378 2888 1435 canonicis
2913 1381 3374 1447 correctionibus,
3413 1383 3558 1438 velut

1970 1455 2369 1517 iuobedientem
2392 1467 2668 1537 corripere
2691 1471 2996 1529 nullatenus
3024 1476 3520 1544 praetermittemus.

2061 1731 2127 1769 AD
2163 1733 2474 1776 ASSi'I-ZIiTL'lI
2514 1739 2964 1781 Αῐιειιιειιιδεοιοωι
3006 1740 3465 1781 ιίευιοιιθίελδιιω.

2587 1836 2764 1906 (Anno
2791 1836 2936 1908 879.)

1966 1938 2034 1992 Ut
2063 1940 2280 2019 Romam
2311 1950 2379 2000 ad
2401 1949 2657 2016 synodum
2684 1950 3044 2004 celebrandam
3075 1936 3556 2019 cunturﬁragangt‘s

2035 2018 2270 2080 (trcedat,
2302 2020 2389 2072 ubi
2429 2021 2494 2072 de
2518 2022 2850 2102 imperatoris
2879 2021 3128 2102 electione
3161 2017 3392 2101 agetur:
3403 2017 3552 2088 jubet

2046 2103 2108 2140 ne
2127 2105 2436 2168 quamquam
2465 2106 2630 2168 regent
2647 2099 2890 2168 excipiat,
2900 2099 3178 2159 antequam
3202 2099 3308 2158 ipse
3334 2104 3558 2168 unperq-

2034 2169 2195 2211 torent
2226 2160 2434 2227 elegerit
2460 2175 2478 2211 :
2520 2159 2620 2212 nisi
2663 2159 2920 2229 paruerit,
2962 2177 3077 2213 eum
3115 2161 3550 2214 excommtmit‘at.

1984 2323 1992 2330 ,
2034 2269 2509 2325 Reverettdissitno
2536 2279 2591 2325 et
2613 2273 2958 2326 sanctissimo
2985 2273 3268 2326 Assesnro
3289 2269 3556 2340 archiepi-

1962 2377 2124 2430 scopo
2154 2369 2356 2416 sanctte
2383 2361 2797 2416 Mediolanensis
2822 2361 3092 2415 Ecclesiae.

2029 2455 2254 2522 Quaan
2290 2455 2628 2509 necessitatis
2666 2454 2880 2510 assidue
2907 2455 3320 2510 sustinuerimus
3343 2455 3552 2508 incont-

1961 2547 2142 2611 moda,
2180 2557 2503 2617 quantaeque
2543 2546 2964 2616 perturbationis
3008 2561 3150 2600 nunc
3181 2562 3350 2616 usque
3402 2546 3548 2628 passi

1960 2654 2148 2694 smnus
2182 2647 2236 2692 et
2281 2638 2523 2708 quotidie
2562 2638 2829 2708 patiamur
2868 2638 3115 2703 adversa,
3155 2636 3552 2692 fraternitatem

1959 2740 2194 2784 vestram
2225 2743 2386 2784 nosse
2406 2728 2525 2782 lucc
2552 2727 2752 2783 clarius
2782 2745 2886 2783 non
2920 2728 3230 2798 ignoramus
3261 2747 3272 2780 ε
3304 2744 3401 2799 pro
3427 2729 3548 2796 qui-

1957 2820 2058 2876 hus
2088 2819 2345 2874 nimirum
2384 2819 2541 2874 malis
2581 2819 2726 2875 sedis
2756 2820 3062 2890 apostolica)
3101 2820 3170 2873 ah
3199 2818 3433 2872 inimicis
3456 2831 3550 2873 ne-

1957 2912 2136 2982 quiter
2161 2911 2345 2976 illatis,
2365 2926 2461 2980 per
2483 2909 2749 2980 procellas
2777 2920 2831 2964 et
2854 2911 2912 2964 in
2934 2908 3235 2980 periculosa
3263 2909 3430 2963 maris
3460 2907 3548 2962 iti-

1957 3019 2086 3058 nera
2110 3003 2188 3058 ire
2210 3009 2266 3058 ct
2291 3001 2618 3056 defensionis
2644 3001 2900 3054 auxilium
2925 3016 3022 3054 nos
3052 3001 3308 3070 qumsisse
3336 3013 3544 3052 mecum

1956 3097 2161 3167 pariter
2187 3095 2359 3152 scitis.
2390 3094 2495 3149 Sed
2515 3095 2637 3164 quia
2667 3095 2959 3148 huntanum
2985 3092 3396 3164 praisentialitcr
3423 3093 3545 3147 snb-
3581 3169 3590 3180 ἢ

1957 3190 2151 3244 sidium
2182 3205 2286 3244 non
2320 3189 2641 3258 reperimus,
2670 3187 2912 3241 divinant
2940 3195 2997 3240 ut
3025 3188 3203 3256 potius
3233 3200 3544 3255 quteramus

1955 3281 2339 3350 communique
2376 3288 2500 3333 voto
2547 3287 2605 3331 ut
2654 3294 2681 3330 a
2728 3276 2956 3332 Domino
2998 3276 3326 3346 ﬂagitemus,
3375 3275 3544 3360 frater

1956 3371 2051 3436 mi,
2077 3385 2297 3426 necesse
2337 3381 2438 3424 est.
2469 3368 2696 3436 Propter
2725 3369 2866 3436 quod
2895 3367 3191 3421 fraternum
3233 3367 3540 3420 sanctitatis

1951 3474 2149 3521 vestrae
2170 3464 2452 3536 collegium
2478 3464 2562 3517 his
2588 3461 2787 3516 nostris
2813 3460 3125 3529 apostolicis
3160 3459 3358 3513 litteris
3384 3472 3535 3535 more

1949 3573 2337 3630 princessorum
2370 3564 2678 3610 nostrorum
2709 3568 2994 3616 vocamus,
3035 3561 3089 3605 ct
3121 3551 3173 3606 in
3203 3549 3536 3606 consortium

1950 3657 2149 3703 nostra:
2187 3647 2565 3703 sollicitudinis
2593 3645 2884 3715 apostolica
2925 3645 3186 3698 duntaxat
3215 3642 3538 3722 auctoritate

1947 3737 2294 3801 aseiscimus;
2332 3745 2386 3790 et
2413 3735 2566 3804 quasi
2610 3735 2910 3788 membrum
2939 3733 3099 3802 capiti
3134 3748 3231 3786 suo
3257 3730 3537 3786 adhaerens

1946 3828 2010 3880 ad
2055 3827 2324 3882 Kalendas
2355 3826 2523 3880 Maias
2551 3825 2710 3891 hujus
2753 3825 3082 3880 duodecima:
3125 3823 3434 3879 indictionis
3468 3822 3534 3875 ad

1945 3919 2231 3989 synodum,
2257 3918 2552 3972 auxiliante
2577 3915 2828 3983 Domino,
2861 3917 3140 3972 nobiscum
3167 3915 3534 3994 cclebraturos

1944 4025 2066 4064 cum
2103 4009 2354 4064 omnibus
2389 4006 2743 4080 suifraganeis
2773 4009 2970 4064 vestris
3007 4007 3271 4078 episcopis
3304 4006 3532 4080 Romam

1943 4103 2126 4156 venire
2142 4100 2416 4170 jubemus,
2441 4110 2499 4155 ut
2520 4103 2749 4171 superba
2781 4099 2954 4169 gratia
2985 4097 3140 4166 triti,
3178 4113 3240 4152 ea
3271 4113 3391 4167 qua:
3430 4113 3527 4152 nc-

1940 4193 2180 4247 cessario
2207 4201 2333 4246 sunt
2357 4192 2681 4261 amputanda
2703 4190 3071 4245 ecclesiastico
3097 4202 3532 4268 resecemusmu7

1939 4299 2134 4348 crone;
2186 4292 2240 4338 et
2273 4298 2394 4353 quae
2444 4282 2653 4336 utiliter
2702 4290 2827 4336 sunt
2873 4281 3526 4345 statuenda,scommnni,

1939 4373 2048 4428 Deo
2083 4375 2336 4444 propitio,
2363 4373 2650 4427 statuimus
2675 4372 2926 4437 decreto;
2957 4386 3023 4424 ne
3053 4385 3148 4441 per
3175 4379 3407 4425 vestram
3434 4372 3526 4423 ab-

1939 4465 2192 4519 stentiatn
2219 4474 2380 4534 atque
2410 4464 2673 4518 desidiam
2703 4473 2925 4534 "regnum
2945 4464 3048 4516 hoc
3070 4462 3294 4532 amplius
3322 4461 3372 4515 in
3400 4475 3524 4530 per-

1941 4555 2245 4609 turbatione
2283 4556 2543 4625 persistat
2575 4563 2628 4610 et
2665 4557 2757 4610 ti'at
2788 4543 3100 4609 scandalan
3132 4552 3282 4623 pejus
3319 4553 3521 4624 priore.

1940 4645 2004 4702 Et
2039 4645 2165 4714 quia
2215 4645 2662 4709 Carolomannus,
2711 4643 2974 4714 corporis,
3019 4641 3156 4696 sicut
3197 4643 3522 4712 audivimus,

1937 4739 2376 4793 incommoditate
2430 4747 2718 4808 gravatus,
2773 4750 2998 4805 regnum
3029 4735 3265 4789 retinere
3284 4734 3396 4804 jatn
3430 4750 3524 4789 ne-

1933 4835 2072 4905 quit,
2105 4841 2164 4886 ut
2193 4833 2260 4886 de
2283 4833 2403 4888 novi
2437 4832 2500 4904 [Ῑ.
2517 4831 2654 4886 deest
2680 4828 2965 4902 electione]
2993 4829 3135 4902 regis
3160 4845 3347 4884 OII'IIICS
3379 4823 3523 4897 pari-

1937 4931 2020 4978 ter
2047 4921 2475 4988 consideremus,
2498 4937 2594 4977 vos
2615 4921 2872 4993 prtedicto
2894 4921 3085 4977 adesse
3106 4931 3342 4990 tempore
3367 4919 3519 4974 valde

1934 5023 2148 5084 opm-tet
2184 5035 2197 5069 :
2231 5026 2285 5070 et
2314 5016 2432 5070 ideo
2464 5024 2621 5070 antea
2669 5014 2871 5071 nullutn
2912 5015 3116 5084 absque
3154 5021 3338 5066 nostro
3383 5024 3517 5066 con-

1935 5123 2094 5161 sensu
2126 5123 2304 5178 regem
2337 5107 2546 5163 debetis
2580 5108 2842 5176 recipere.
2886 5105 3016 5158 Nam
3042 5105 3156 5173 ipse
3181 5102 3273 5172 qui
3303 5117 3333 5155 a
3362 5100 3517 5157 nobis

1934 5207 2016 5252 est
2039 5198 2371 5252 ordinandus
2399 5199 2451 5252 in
2491 5200 2796 5269 imperium,
2837 5215 2867 5252 a
2906 5197 3060 5250 nobis
3086 5194 3321 5265 primum
3352 5202 3514 5263 atque

1931 5288 2269 5358 potissimum
2287 5289 2446 5342 debet
2463 5303 2582 5343 esse
2603 5297 2822 5342 vocatus
2839 5295 2999 5355 atque
3019 5285 3243 5350 electus,
3258 5284 3512 5354 quoniam

1930 5388 1982 5435 et
2016 5394 2114 5434 nos
2151 5395 2255 5433 una
2286 5396 2408 5434 cum
2437 5389 2613 5435 vestra
2650 5377 3507 5448 h-aternitatecupimus-pertra-

1927 5478 2078 5525 ctare
2115 5477 2169 5522 et
2206 5469 2272 5524 de
2303 5470 2406 5524 hoc
2432 5479 2490 5524 et
2510 5486 2616 5538 quo
2647 5480 2836 5525 tenore
2861 5469 2944 5524 vel
2970 5469 3159 5523 ordine
3191 5479 3512 5524 communes

1929 5571 2124 5614 causas
2152 5569 2206 5614 et
2228 5559 2488 5615 utilitates
2506 5559 2870 5615 Ecclesiarum
2895 5560 2989 5621 Dei
3017 5558 3510 5616 nobis..commissa-‘

1925 5663 2058 5705 runt
2083 5649 2396 5704 ordinetnus
2423 5658 2476 5705 et
2501 5647 2624 5718 jure
2651 5648 3250 5714 canonicostatnamus
3275 5665 3291 5705 :
3318 5658 3508 5720 quate..-
