4042 6302
517 351 621 406 825

1823 351 2101 408 JOANNIS
2136 351 2337 408 ΡΑΡᾹΞ
2381 352 2487 408 VIII

3705 350 3812 404 824

519 478 625 520 nus
661 473 932 520 tantorum
964 466 1222 522 malorum
1253 481 1419 521 onera
1456 482 1576 536 quae
1606 467 1934 523 sustinemus
1979 484 2103 538 pro-
2130 477 2177 534 Α
2208 470 2362 524 nobis
2399 484 2496 538 pro
2526 468 2798 523 communi
2843 467 3074 523 utilitate
3119 465 3276 538 longe
3320 467 3810 524 consistentibus.

519 558 607 612 cnl
635 557 889 624 abjicrre,
913 566 968 611 et
993 556 1108 611 leve
1121 555 1310 628 jugnm
1329 557 1532 612 Christi
1553 558 1705 622 laetis,
1734 566 1793 612 ut
1815 559 2092 625 condecet,

527 648 794 717 possimus
817 647 1116 702 cervicibus
1141 645 1301 701 ferre.
1337 648 1673 718 Quapropter
1702 649 1901 704 nullam
1929 650 1980 704 in
2010 666 2100 706 ve-

526 739 726 794 niendo
749 737 1150 794 excusationem
1176 739 1422 793 habeatis
1439 781 1452 804 ,
1479 740 1572 794 sed
1604 740 1768 794 alacri
1800 750 1979 796 mente
2004 757 2098 795 oc-

523 842 746 881 currere
765 836 819 881 et
842 827 907 881 ad
921 826 1034 894 jam
1056 828 1252 881 dictam
1278 828 1540 897 synodum
1564 830 1750 882 venire
1775 829 2098 896 procuretis,

523 932 684 985 quam
716 930 845 970 sane
869 924 922 971 et
953 918 1212 973 canonica
1235 928 1545 972 sanctorum
1575 918 1794 973 Patrum
1818 920 1998 989 regula
2016 920 2104 975 bis

524 1008 578 1060 in
614 1022 756 1060 anno
788 1005 901 1060 ﬁeri
924 1005 1100 1074 jubet,
1133 1017 1188 1060 et
1227 1009 1479 1063 instantis
1509 1009 1767 1077 temporis
1805 1005 2100 1064 necessitas

523 1114 718 1170 magna
747 1100 1040 1171 compellit.
1073 1099 1179 1156 Nos
1209 1101 1352 1155 enim
1381 1111 1608 1170 paterno
1643 1116 1737 1155 vos
1761 1099 1956 1155 allectn
1988 1100 2101 1156 dili-

526 1198 713 1259 gentes
744 1204 840 1259 pro
859 1190 1130 1244 communi
1164 1189 1394 1246 utilitate
1416 1206 1691 1255 vocamus,
1719 1189 1968 1260 quamvis
1987 1190 2099 1258 jam

535 1281 696 1334 tertio
726 1278 1047 1349 jampridem
1082 1279 1298 1335 dilectio
1327 1289 1502 1335 vestra
1528 1290 1713 1335 vocata
1745 1282 1811 1336 ad
1838 1281 2099 1351 synodum

528 1369 714 1422 venire
765 1370 1167 1440 contempserit.
1233 1369 1339 1426 Pro
1378 1386 1484 1439 quo
1533 1370 1746 1439 dignam
1795 1369 2102 1424 debueratis

524 1461 881 1516 correctionis
931 1461 1200 1516 sustinere
1237 1476 1556 1526 censuram,
1610 1478 1732 1517 cum
1769 1477 1797 1516 a
1821 1463 1949 1517 sedc
1973 1477 2102 1531 apo—

528 1549 717 1603 stolica
764 1549 918 1604 vobis
941 1565 1154 1620 semper
1185 1550 1372 1604 fuisset
1401 1550 1655 1604 collatum
1685 1551 2016 1620 praesidium,
2046 1561 2102 1606 et

524 1655 625 1694 vos
649 1638 851 1693 nu‘llum
888 1639 940 1693 in
981 1640 1176 1708 quibus
1206 1640 1484 1708 oportebat
1535 1640 1825 1695 studeretis
1865 1640 2104 1710 prmbere

517 1729 768 1785 solatium
801 1744 815 1782 :
846 1745 990 1783 nunc
1028 1738 1228 1792 autem,
1252 1729 1300 1783 si
1341 1730 1407 1782 ad
1439 1730 1685 1784 eamdem
1711 1731 1976 1800 synodum
2008 1744 2101 1784 ve-

518 1823 637 1878 nire
687 1823 1140 1892 contempseritis,
1189 1823 1383 1877 scitote
1418 1822 1735 1876 canonicam
1777 1837 1808 1875 a
1849 1821 2016 1886 nobis
2041 1823 2096 1879 in
2127 1816 2171 1875 Β

519 1929 617 1970 vos
642 1914 788 1968 velut
839 1913 1208 1968 iuobedientcs
1232 1912 1556 1983 promulgari
1579 1911 1920 1970 sententiam.

697 2111 763 2148 AD
801 2111 1137 2150 ATIIANASIUI
1175 2110 1456 2150 EPISCOPUDI
1493 2111 1922 2151 NEAPOLI‘I’ANUM.

1121 2183 1299 2253 (Anno
1348 2183 1496 2253 879.)

519 2275 860 2330 Commendat
896 2276 1009 2344 ejus
1037 2291 1160 2343 erga
1191 2292 1244 2328 se
1266 2275 1678 2336 observantium;
1717 2278 1780 2328 de
1815 2291 1912 2328 suo
1957 2279 2098 2328 inco-

588 2345 717 2397 lumi
757 2346 925 2398 reditu
954 2345 1222 2398 certiorem
1243 2345 1412 2413 ipsum
1444 2344 1602 2412 facit;
1629 2346 1866 2398 hortatur
1889 2349 1957 2397 ad
1984 2361 2102 2414 per-

588 2415 953 2478 severantiam,
977 2414 1140 2468 donec
1165 2414 1321 2466 simul
1344 2414 1636 2468 conveniat.

593 2507 1060 2565 Rcverendissimo
1086 2516 1140 2563 ct
1164 2509 1505 2564 sanctissimo
1525 2507 1831 2562 Arusmsxo
1851 2508 2101 2579 episcopo

523 2595 894 2665 Neapolitano.

591 2687 725 2753 Quia
759 2702 862 2740 non
891 2687 1064 2742 solum
1097 2687 1201 2741 tuis
1229 2687 1497 2759 praecipue
1527 2688 1752 2752 actibus,
1786 2687 1984 2756 quibus
2007 2687 2098 2740 de-

521 2778 793 2832 votionem
849 2779 1152 2835 sanctitatis
1211 2787 1310 2833 tua:
1365 2782 1510 2836 circa
1569 2796 1666 2837 nos
1733 2779 2100 2835 ﬁdelissimam

522 2871 808 2927 ostendisti
852 2871 1118 2934 existere,
1165 2886 1350 2924 verum
1395 2871 1560 2925 etiam
1605 2870 1756 2925 nobis
1803 2870 1960 2939 longe
2003 2884 2102 2938 pro

521 2963 778 3021 Ecclesite
821 2971 964 3016 statu
996 2961 1337 3016 manentibus
1368 2961 1635 3030 quomodo
1677 2975 1795 3014 eam
1841 2959 2102 3014 illibatam

523 3057 577 3110 in
601 3055 852 3111 omnibus
879 3052 1307 3114 conservaveris,
1345 3050 1582 3106 ﬁdelium
1614 3058 1920 3105 nostrorum
1963 3047 2104 3103 rela-

525 3146 669 3200 tione
715 3143 1018 3199 didicimus.
1053 3140 1413 3208 Quamobrem
1457 3139 1647 3209 dignas
1690 3146 1793 3192 tuae
1829 3136 2099 3191 dilectioni
2129 3160 2174 3222 ο

525 3236 810 3290 referimus
839 3241 1020 3305 grates
1043 3273 1059 3298 ,
1097 3233 1496 3288 innotescentes
1526 3245 1654 3284 sane
1687 3230 1853 3284 nostri
1901 3243 2101 3298 praesu—

525 3327 666 3380 latus
694 3325 1058 3380 reversionem
1084 3323 1238 3394 jnxta
1277 3321 1604 3376 desiderium
1645 3329 1790 3373 tuum
1822 3335 1962 3384 esse,
1994 3319 2103 3373 Deo

524 3415 778 3481 favente,
826 3428 1138 3485 prosperam
1181 3420 1344 3482 atque
1389 3411 1732 3466 incolumem.
1788 3409 1913 3464 Ideo
1957 3425 2105 3464 more

525 3505 835 3578 apostolicae
885 3503 1225 3575 paternitatis
1271 3501 1566 3554 almitatem
1616 3509 1762 3552 tuam
1807 3513 2103 3564 monemus,

525 3611 650 3650 cum
675 3593 931 3666 Apostolo
959 3593 1201 3648 dicentes
1227 3609 1240 3645 :
1269 3588 1581 3661 Confortare
1612 3591 1664 3642 in
1693 3589 1947 3654 Domino,
1977 3599 2023 3643 et
2054 3590 2107 3643 in

525 3691 754 3761 potentia
776 3691 979 3745 virtutis
999 3689 1116 3761 ejus
1138 3688 1386 3758 quoniam
1411 3685 1582 3754 ﬁdelis
1603 3693 1676 3738 est
1710 3683 1872 3746 Deus,
1896 3681 1984 3751 qui
2006 3695 2109 3734 non

527 3783 727 3837 deseret
768 3789 1033 3850 sperantes
1072 3780 1126 3835 in
1165 3794 1218 3832 se
1245 3777 1436 3831 tentari
1474 3791 1633 3845 supra
1670 3788 1826 3845 quant
1870 3778 2106 3842 possunt,

528 3875 618 3930 sed
645 3874 797 3944 facie!
827 3889 945 3926 cum
973 3870 1254 3928 tentatione
1283 3877 1610 3942 proventum,
1637 3875 1690 3920 ut
1727 3865 1934 3935 possitis
1960 3861 2114 3915 susti-

530 3943 652 4020 nere
676 3943 890 4032 (Ep/tes.
922 3979 996 4027 vt;
1026 3961 1054 4015 Ι
1095 3962 1216 4016 Car.
1262 3961 1338 4031 ι).
1369 3958 1480 4012 'l'ua
1515 3959 1677 4028 igitur
1722 3953 2026 4011 reverentia
2059 3951 2112 4006 in

532 4056 617 4109 his
663 4054 915 4107 instantis
963 4051 1304 4107 adversitatis
1350 4049 1566 4104 casibus
1617 4047 1954 4114 aliquatenus
2007 4057 2112 4096 non

535 4143 843 4210 frangatur;
881 4140 1011 4211 quin
1060 4150 1236 4209 potius
1285 4139 1340 4190 in
1384 4137 1494 4189 Deo
1539 4134 1814 4188 conlidens
1863 4133 2114 4187 roborata

535 4230 818 4296 consistat,
851 4230 1021 4284 donec
1043 4270 1056 4293 ,
1088 4227 1307 4283 Christo
1349 4226 1666 4299 adjuvante,
1702 4239 1800 4278 nos
1837 4223 2114 4277 vobiscum

533 4321 752 4394 speciali
776 4321 1061 4391 praesentia
1087 4320 1258 4392 juncti
1287 4319 1445 4373 simul
1474 4319 1779 4387 loquamur.
1807 4316 1942 4384 Quia
1967 4324 2114 4381 tunc,

537 4415 647 4468 Deo
687 4412 1064 4482 permittente,
1107 4419 1300 4466 cuncta
1323 4425 1443 4482 quae
1486 4407 1790 4464 necessario
1837 4407 2115 4462 statuenda

2204 561 2357 631 quasi
2403 558 2761 629 praisentibus
2803 558 3169 613 sinceritatem
3216 559 3520 613 devotionis
3571 568 3637 612 et
3684 558 3809 612 ﬁdei

2201 660 2394 705 vestra:
2416 651 2560 704 circa
2593 655 2834 702 sanctam
2865 646 3163 701 Romanam
3209 647 3508 703 Ecclesiam
3559 655 3806 701 matrem

2201 747 2458 802 vestram,
2490 748 2840 805 nostrumque
2863 735 3216 805 pontiﬁcium,
3241 744 3401 804 atque
3427 736 3586 789 'circa
3613 734 3808 789 ﬁdeies

2203 840 2417 885 nostros
2446 838 2745 900 promptam
2784 829 2834 882 in
2871 829 3120 882 omnibus
3145 829 3430 882 ostendere
3455 828 3802 896 procuratis.

2202 923 2560 989 Quamobrem
2589 920 2732 974 nulla
2757 919 3098 974 inimicorum
3131 921 3363 973 versutia
3394 919 3482 972 vel
3518 917 3805 973 calliditas

2201 1029 2298 1068 vos
2325 1029 2354 1066 a
2385 1013 2527 1066 bono
2559 1013 2752 1066 mentis
2781 1010 3055 1080 proposito
3086 1011 3138 1063 in
3170 1011 3346 1078 aliqua
3382 1011 3629 1063 sinistra:
3655 1011 3804 1079 cogi-

2205 1103 2423 1158 tationis
2461 1113 2553 1157 aut
2600 1102 2891 1156 voluntatis
2939 1109 3145 1170 partem
3198 1101 3457 1162 inclinet;
3507 1100 3608 1154 sed
3662 1099 3805 1152 sicut

2202 1195 2463 1265 cmpistis,
2492 1195 2752 1263 perﬁcere
2779 1193 3086 1248 omnimodo
3113 1193 3356 1263 satagite.
3384 1193 3515 1262 quia
3543 1201 3601 1246 et
3629 1192 3801 1245 meri-

2204 1299 2316 1342 tntn
2343 1295 2396 1339 et
2423 1286 2684 1353 condigna
2729 1284 3012 1338 retributio
3053 1282 3224 1347 vobis,
3273 1282 3497 1336 Christo
3541 1282 3797 1346 fave-nte,

2201 1376 2467 1447 provenit.
2519 1375 2653 1430 Nam
2702 1375 2827 1428 licet
2880 1375 3220 1428 inimicorum
3269 1390 3366 1427 nos
3423 1372 3799 1441 [impediente

2203 1468 2538 1524 fraudulenta
2565 1466 2823 1536 nequitia,
2854 1481 2958 1519 non
2987 1464 3167 1518 omnia
3211 1479 3330 1532 quae
3375 1464 3697 1516 volebamus
3732 1478 3798 1517 ex

2205 1569 2316 1614 toto
2362 1558 2716 1628 potuissemus
2753 1556 3032 1626 perﬁcere,
3082 1569 3224 1609 nunc
3253 1565 3469 1614 tamen.
3519 1562 3799 1607 annuente

2204 1649 2451 1711 Dmnino,
2483 1648 2624 1718 quod
2656 1646 2720 1700 ad
2761 1647 3016 1700 honorem
3053 1652 3252 1699 sanclze
3297 1643 3390 1697 Dei
3438 1641 3704 1696 Ecclesia:
3742 1651 3798 1697 et

2207 1741 2361 1794 istius
2393 1749 2551 1794 terrae
2577 1738 2803 1792 salutem
2842 1744 3184 1805 vestramque
3224 1733 3595 1788 defensionem
3627 1731 3794 1802 perti-

2201 1840 2349 1893 nent,
2373 1831 2484 1900 jam
2533 1837 2765 1897 coeptum
2815 1828 3107 1889 habemus,
3151 1824 3420 1879 credimus
3465 1837 3562 1876 nos
3595 1823 3794 1876 incun-

2200 1929 2410 1976 ctanter
2447 1928 2682 1975 acturos.
2721 1915 2954 1969 Proinde
3001 1915 3284 1969 hortamur
3337 1910 3684 1964 nihilominus
3728 1915 3790 1962 et

2201 2027 2479 2066 monemus
2511 2007 2852 2064 diIeCIionem
2884 2016 3116 2060 vestram
3145 2011 3204 2056 ut
3233 2005 3374 2056 sicut
3403 2003 3677 2062 hactenus,
3704 2001 3784 2053 ita

2201 2105 2452 2170 deinceps
2476 2099 2701 2154 viriliter
2739 2113 2802 2152 ac
2830 2095 3060 2160 ﬁrmiter
3084 2092 3428 2152 consistatis,
3463 2092 3632 2144 dorice
3663 2103 3788 2157 spe-

2200 2192 2319 2247 ciali
2371 2190 2652 2260 praesentia
2708 2187 2945 2254 adjuncti
3005 2183 3165 2240 simul
3225 2181 3532 2250 loquamur,
3588 2186 3646 2232 et
3690 2189 3794 2246 pro

2201 2280 2470 2335 comnmni
2513 2279 2684 2333 salute
2733 2277 2936 2346 pariter
2984 2276 3292 2330 laborantes
3334 2271 3463 2326 totis
3505 2270 3792 2326 conatibus

2201 2371 2538 2425 dcsudemus.
2583 2368 2845 2434 Quoniam
2889 2365 3036 2419 velut
3086 2365 3472 2420 charissimam
3520 2372 3575 2414 te
3622 2360 3786 2414 ﬁlium

2201 2466 2434 2519 retinere
2463 2463 2740 2531 cupientes
2761 2501 2775 2524 ,
2807 2459 3034 2530 benigne
3073 2456 3469 2526 amplectimur,
3512 2462 3567 2507 et
3613 2463 3788 2507 tecum

2202 2558 2254 2610 in
2285 2555 2533 2609 omnibus
2559 2551 2926 2622 congratulari
2969 2550 3197 2604 feliciter
3239 2549 3504 2617 cupimus,
3537 2547 3667 2615 quia
3692 2587 3706 2608 ,
3732 2552 3793 2597 ut

2202 2648 2402 2702 dictum
2429 2654 2533 2708 est,
2570 2659 2666 2713 pro
2688 2652 2835 2696 certo
2861 2642 3001 2696 scias
3030 2650 3082 2693 te
3103 2641 3317 2710 dignam
3352 2638 3508 2692 nobis
3533 2651 3790 2704 compen-

2204 2738 2464 2791 sationem
2499 2750 2619 2789 esse
2659 2731 2844 2804 procul
2876 2730 3038 2784 dubio
3064 2737 3428 2804 recepturum.
3476 2725 3636 2778 Hunc
3663 2737 3791 2778 vero

2203 2826 2487 2880 diaconum
2517 2803 2690 2886 tuum,
2719 2823 2809 2890 qui
2832 2836 2928 2890 pro
2952 2830 3040 2873 tuo
3063 2803 3247 2873 amore.
3279 2818 3328 2870 in
3356 2825 3543 2869 nostro
3567 2812 3792 2868 servitio

2205 2925 2354 2971 tanto
2378 2925 2618 2984 tempore
2649 2913 2879 2968 ﬁdeliter
2920 2911 3139 2971 mansit,
3187 2906 3459 2963 sanctitati
3504 2913 3706 2958 vestr-.3
3737 2903 3792 2957 in

2202 3006 2452 3064 omnibus
2489 3004 2959 3065 commendamus,
3000 3009 3059 3055 ut
3085 3001 3308 3071 dignum
3343 3013 3374 3049 a
3400 2996 3555 3050 vobis
3584 3009 3793 3050 recom-

2204 3098 2533 3170 pensationis
2555 3098 2816 3152 honorem
2844 3093 3124 3164 percipiat.
3150 3091 3283 3144 Data
3312 3097 3369 3142 ut
3391 3102 3576 3141 suum.
3669 3115 3686 3122 --
3715 3091 3744 3176 '.

2912 3229 3081 3285 CCIII.

2823 3356 2888 3394 AD
2927 3354 3164 3395 EUMDEI.

2818 3453 2994 3523 (Anno
3030 3450 3181 3520 879.)

2211 3569 2278 3624 Ut
2311 3570 2408 3623 sibi
2435 3567 2624 3620 indicet
2665 3564 2835 3618 locum
2870 3563 2958 3616 ubi
2991 3560 3150 3615 simul
3177 3553 3362 3630 possint
3391 3549 3798 3608 demi:

2672 3634 2860 3704 patria:
2879 3631 3047 3686 salute
3071 3627 3340 3699 colloqui.‘
3369 3643 3372 3652 ·
3595 3661 3600 3664 -

2288 3770 2744 3827 lteverentissimo
2770 3775 2825 3821 ct
2856 3767 3197 3819 sanctissimo
3241 3760 3534 3830 dilectuque

2215 3863 2279 3917 tri
2303 3904 2317 3928 ,
2347 3872 2404 3918 et
2433 3857 2738 3916 consiliario
2769 3864 2956 3911 nostro
2983 3853 3292 3908 Arasussm
3313 3847 3564 3922 episcopo
3583 3851 3805 3916 eam

2215 3950 2578 4021 Neapolitana:
2619 3945 2893 4002 Ecclesia.
3387 3989 3394 3994 .
3461 3987 3468 3992 .
3581 3933 3594 3936 ’
3671 3933 3678 3936 ’
3731 3935 3736 3940 ’

2287 4043 2531 4098 Scientes
2554 4053 2649 4093 vos
2676 4035 2863 4108 procul
2885 4035 3045 4090 dubio
3073 4032 3256 4088 ﬁdeles
3283 4031 3335 4086 in
3362 4027 3610 4085 omnibus
3629 4025 3806 4094 stqie

2217 4134 2437 4189 devotos
2465 4143 2586 4184 esse
2625 4134 2825 4182 sancta!
2870 4123 2982 4179 sedi
3013 4119 3318 4192 apostolicae
3366 4128 3667 4183 nostrasque
3694 4128 3804 4183 pa-

2219 4221 2482 4284 ternitati,
2513 4219 2640 4274 totis
2667 4216 2977 4288 praecordiis
3021 4212 3220 4267 nostris
3264 4209 3656 4264 fraternitatem
3698 4220 3808 4260 ve-

2218 4324 2385 4369 stram
2417 4311 2611 4381 0ppido
2644 4308 2916 4378 diligimus
2940 4312 2994 4360 et
3023 4315 3304 4356 amamus:
3331 4296 3676 4370 quamobrem
3700 4309 3812 4362 pro

2224 4401 2608 4471 multiplicibus
2636 4396 2885 4452 instantis
2913 4393 3168 4463 temporis
3196 4386 3610 4446 necessitatibus
3634 4395 3814 4453 atque

537 4515 662 4559 sunt
677 4506 945 4561 couununi
963 4504 1176 4576 eloquio
1201 4477 1360 4572 atque
1375 4516 1637 4558 consensu
1653 4507 1976 4570 pertractata
1999 4513 2120 4567 pro-
2147 4501 2194 4558 ο
2219 4491 2597 4548 communibus
2616 4487 2936 4542 utilitatibus
2960 4484 3109 4538 vobis
3126 4497 3251 4538 cum
3266 4479 3485 4550 speciali
3513 4477 3815 4546 presenti:

541 4595 726 4647 venire
771 4594 1042 4649 credimus
1079 4592 1132 4646 in
1164 4591 1412 4646 salutem.
1453 4590 1656 4644 Tamen
1694 4599 1894 4643 nostra:
1937 4587 2117 4642 volun-

543 4688 670 4742 tatis
715 4687 963 4741 all‘cctnm
1007 4702 1102 4758 per
1153 4685 1372 4740 Petrum
1417 4682 1781 4738 venerabilem
1835 4682 2118 4736 diaconum

545 4792 696 4835 tuum
729 4793 1179 4846 communemque
1217 4775 1424 4830 ﬁdelem
1455 4783 1559 4827 tua:
1596 4771 1867 4826 dilectioni
1913 4771 2122 4824 innote-

546 4869 802 4925 scendum
837 4865 1226 4927 mandavimus,
1261 4865 1517 4933 quoniam
1557 4870 1609 4915 te
1651 4861 1802 4929 quasi
1847 4859 2120 4928 proprium

546 4960 714 5013 ﬁlium
740 4955 1024 5023 diligentes
1058 4954 1109 5007 in
1139 4953 1390 5007 omnibus
1426 4951 1626 5006 nostris
1651 4949 1901 5005 volumus
1929 4947 2125 5002 habere

544 5057 874 5109 consortem.
911 5045 1041 5099 Data
1073 5053 1125 5096 ut
1147 5058 1327 5110 supra.

1269 5130 1417 5186 CCII.

1155 5239 1221 5278 AD
1280 5237 1519 5278 EUMDEM.

1159 5315 1337 5383 (Auno
1372 5313 1521 5379 879.)

828 5407 1084 5476 Ejusdem
1115 5402 1408 5475 argumenti
1439 5418 1500 5455 ac
1522 5401 1836 5471 pm'cedens.

621 5497 1093 5557 Revereudissimo
1114 5505 1168 5551 et
1193 5494 1534 5549 sanctissimo
1560 5493 1868 5548 ATtlANASIO
1884 5506 2134 5562 episcopo

551 5599 752 5645 sanctae
780 5585 1139 5658 Neapolitana
1175 5582 1446 5640 Ecclesiae.

627 5675 820 5733 Multas
850 5677 1147 5748 gratiarum
1177 5676 1417 5730 actiOnes
1443 5684 1604 5744 atque
1637 5674 1840 5729 salutes
1876 5669 2138 5726 almitatis

557 5777 751 5824 vestra:
784 5768 866 5821 his
900 5767 1103 5822 nostris
1127 5765 1434 5835 apostolicis
1465 5766 1748 5822 referimus
1780 5762 1993 5829 litteris,
2014 5761 2139 5833 quia

2225 4583 2370 4654 loqui
2405 4581 2676 4650 cupimus,
2705 4584 2970 4645 quatenus
3010 4582 3189 4628 vestro
3227 4570 3452 4626 consilio
3499 4567 3818 4621 conminui-

2225 4691 2329 4748 que
2367 4681 2597 4729 tractatu
2641 4686 2705 4726 ea
2743 4685 2862 4739 quae
2891 4668 3198 4721 necessario
3241 4672 3368 4718 sunt
3410 4658 3820 4715 consideranda

2229 4762 2720 4834 perspicaciterque
2749 4755 3029 4812 tractanda
3070 4752 3379 4815 salubriter,
3429 4748 3658 4804 Domino
3703 4761 3819 4801 an—

2232 4861 2466 4916 nuente,
2517 4849 2771 4904 ordinare
2813 4853 3158 4911 statuereque
3199 4840 3486 4911 possimus.
3537 4834 3822 4902 Quoniam

2233 4952 2431 4998 nostra:
2467 4957 2531 4994 ac
2557 4947 2746 4994 vestra:
2783 4944 2940 4990 terra:
2981 4931 3230 4994 salutem,
3256 4929 3417 4984 totius
3442 4925 3686 4979 videlicet
3720 4939 3827 4993 po-

2235 5033 2342 5102 puli
2377 5028 2613 5100 pretioso
2635 5025 2837 5081 Christi
2865 5037 3058 5078 cruore
3086 5018 3369 5089 redempti,
3397 5013 3652 5087 pastorali
3675 5014 3830 5066 dun.

2239 5130 2385 5176 taxat
2414 5133 2561 5173 more
2590 5117 2956 5171 desideramus
2978 5112 3256 5184 perﬁcere,
3287 5118 3340 5164 et
3363 5109 3582 5170 idcirco,
3606 5113 3662 5158 ut
3694 5120 3834 5174 per-

2237 5214 2382 5267 tinax
2428 5209 2767 5264 inimicorum
2816 5205 3200 5273 comprimatur
3249 5200 3504 5262 audacia,
3533 5195 3835 5252 vobiscum

2239 5306 2443 5374 pariter
2469 5300 2716 5371 cupimus
2745 5298 3052 5354 convenire.
3103 5295 3442 5364 Quapmpter
3486 5291 3743 5345 volumus
3775 5299 3838 5344 ut

2239 5394 2413 5448 locum
2442 5393 2601 5446 etiam
2631 5399 2829 5445 nostra:
2867 5386 3206 5443 collocutioni
3229 5426 3244 5452 ,
3275 5398 3434 5454 quem
3470 5389 3650 5448 aptum
3703 5395 3839 5433 esse

2241 5481 2594 5553 engttoscetis,
2628 5488 2811 5534 nostro
2836 5477 3144 5548 przcsulatui
3183 5474 3379 5530 vestris
3418 5471 3517 5525 sub
3540 5469 3840 5524 celeritate

2243 5577 2556 5650 signiﬁcetis
2599 5574 2861 5646 apicibus.
2911 5572 3045 5639 Quia
3073 5585 3204 5634 nos,
3258 5569 3366 5624 Deo
3403 5565 3666 5638 propitio,
3697 5559 3841 5618 illuc

2246 5669 2361 5723 sine
2393 5682 2541 5722 mora
2568 5679 2858 5736 properare
2887 5673 3059 5717 etuna
3091 5661 3364 5716 vobiscum
3395 5656 3648 5712 alacriter
3675 5653 3842 5724 loqui

2249 5775 2351 5815 non
2383 5757 2872 5828 prtctermittemus.
2905 5754 3036 5808 Data
3063 5761 3118 5807 ut
3141 5768 3319 5821 supra.
