  <div class='ocr_page' id='page_1' title='image "/cluster/home/n/w/nwhite01/storage/ocr_20150623/126/hvd.32044015471675/418.png"; bbox 0 0 4042 6302; ppageno 0'>
   <div class='ocr_carea' id='block_1_1' title="bbox 846 477 1299 537">
    <p class='ocr_par' dir='ltr' id='par_1_1' title="bbox 846 477 1299 537">
     <span class='ocr_line' id='line_1_1' title="bbox 846 477 1299 537; baseline 0 0"><span class='ocrx_word' id='word_1_1' title='bbox 846 532 849 537; x_wconf 85' lang='grc'><strong>.</strong></span> <span class='ocrx_word' id='word_1_2' title='bbox 917 477 1094 537; x_wconf 74' lang='grc' dir='ltr'><strong>οων.</strong></span> <span class='ocrx_word' id='word_1_3' title='bbox 1288 530 1299 537; x_wconf 81' lang='grc'><strong>.</strong></span> 
     </span>
    </p>
   </div>
   <div class='ocr_carea' id='block_1_2' title="bbox 710 585 1306 633">
    <p class='ocr_par' dir='ltr' id='par_1_2' title="bbox 710 585 1306 633">
     <span class='ocr_line' id='line_1_2' title="bbox 710 585 1306 633; baseline 0 -7"><span class='ocrx_word' id='word_1_4' title='bbox 710 586 779 626; x_wconf 76' lang='grc' dir='ltr'><strong>ΔΙ)</strong></span> <span class='ocrx_word' id='word_1_5' title='bbox 825 585 1071 633; x_wconf 64' lang='grc' dir='ltr'>(ιλιιοιωι</span> <span class='ocrx_word' id='word_1_6' title='bbox 1106 585 1306 629; x_wconf 70' lang='grc' dir='ltr'>ιωειι.</span> 
     </span>
    </p>
   </div>
   <div class='ocr_carea' id='block_1_3' title="bbox 826 660 1189 732">
    <p class='ocr_par' dir='ltr' id='par_1_3' title="bbox 826 660 1189 732">
     <span class='ocr_line' id='line_1_3' title="bbox 826 660 1189 732; baseline -0.006 -15"><span class='ocrx_word' id='word_1_7' title='bbox 826 660 1019 732; x_wconf 75' lang='lat' dir='ltr'><strong>(Anno:</strong></span> <span class='ocrx_word' id='word_1_8' title='bbox 1040 661 1189 731; x_wconf 74' lang='lat'><strong>879.)</strong></span> 
     </span>
    </p>
   </div>
   <div class='ocr_carea' id='block_1_4' title="bbox 216 726 1799 824">
    <p class='ocr_par' dir='ltr' id='par_1_4' title="bbox 216 726 1799 824">
     <span class='ocr_line' id='line_1_4' title="bbox 216 726 1799 824; baseline 0 -14"><span class='ocrx_word' id='word_1_9' title='bbox 216 726 482 824; x_wconf 65' lang='lat' dir='ltr'><strong>Hortatur</strong></span> <span class='ocrx_word' id='word_1_10' title='bbox 505 763 563 807; x_wconf 88' lang='lat' dir='ltr'><strong>ut</strong></span> <span class='ocrx_word' id='word_1_11' title='bbox 588 752 814 824; x_wconf 74' lang='lat' dir='ltr'><strong>legotos_</strong></span> <span class='ocrx_word' id='word_1_12' title='bbox 828 726 998 807; x_wconf 73' lang='lat' dir='ltr'><strong>mittat</strong></span> <span class='ocrx_word' id='word_1_13' title='bbox 1021 793 1037 818; x_wconf 89' lang='lat'><strong>,</strong></span> <span class='ocrx_word' id='word_1_14' title='bbox 1082 763 1129 808; x_wconf 78' lang='lat' dir='ltr'><strong>et</strong></span> <span class='ocrx_word' id='word_1_15' title='bbox 1265 753 1520 809; x_wconf 67' lang='lat' dir='ltr'><strong>auxilium</strong></span> <span class='ocrx_word' id='word_1_16' title='bbox 1547 753 1799 813; x_wconf 76' lang='lat' dir='ltr'><strong>Ecclesia:</strong></span> 
     </span>
    </p>
   </div>
   <div class='ocr_carea' id='block_1_5' title="bbox 309 820 1244 885">
    <p class='ocr_par' dir='ltr' id='par_1_5' title="bbox 309 820 1244 885">
     <span class='ocr_line' id='line_1_5' title="bbox 309 820 1244 885; baseline 0 -7"><span class='ocrx_word' id='word_1_17' title='bbox 309 821 321 829; x_wconf 65' lang='grc'>“</span> <span class='ocrx_word' id='word_1_18' title='bbox 643 820 660 824; x_wconf 63' lang='grc'>⁷</span> <span class='ocrx_word' id='word_1_19' title='bbox 772 820 1025 885; x_wconf 76' lang='lat' dir='ltr'><strong>Romana:</strong></span> <span class='ocrx_word' id='word_1_20' title='bbox 1055 823 1244 878; x_wconf 85' lang='lat' dir='ltr'><strong>veniat.</strong></span> 
     </span>
    </p>
   </div>
   <div class='ocr_carea' id='block_1_6' title="bbox 288 912 1073 985">
    <p class='ocr_par' dir='ltr' id='par_1_6' title="bbox 288 912 1073 985">
     <span class='ocr_line' id='line_1_6' title="bbox 288 912 1073 985; baseline -0.014 -14"><span class='ocrx_word' id='word_1_21' title='bbox 288 914 507 971; x_wconf 75' lang='lat' dir='ltr'><strong>Canem</strong></span> <span class='ocrx_word' id='word_1_22' title='bbox 540 912 674 981; x_wconf 83' lang='lat' dir='ltr'><strong>regi.</strong></span> <span class='ocrx_word' id='word_1_23' title='bbox 1068 980 1073 985; x_wconf 11' lang='grc' dir='ltr'><strong><em>Α</em></strong></span> 
     </span>
    </p>
   </div>
   <div class='ocr_carea' id='block_1_7' title="bbox 286 1003 1805 1076">
    <p class='ocr_par' dir='ltr' id='par_1_7' title="bbox 286 1003 1805 1076">
     <span class='ocr_line' id='line_1_7' title="bbox 286 1003 1805 1076; baseline 0 -16"><span class='ocrx_word' id='word_1_24' title='bbox 286 1004 506 1076; x_wconf 80' lang='lat' dir='ltr'><strong>Regalis</strong></span> <span class='ocrx_word' id='word_1_25' title='bbox 529 1003 858 1059; x_wconf 81' lang='lat' dir='ltr'><strong>excellentiae</strong></span> <span class='ocrx_word' id='word_1_26' title='bbox 884 1012 1080 1065; x_wconf 62' lang='lat' dir='ltr'><strong>vestrm</strong></span> <span class='ocrx_word' id='word_1_27' title='bbox 1124 1003 1334 1060; x_wconf 92' lang='lat' dir='ltr'><strong>litteras</strong></span> <span class='ocrx_word' id='word_1_28' title='bbox 1373 1004 1695 1075; x_wconf 88' lang='lat' dir='ltr'><strong>recipientes</strong></span> <span class='ocrx_word' id='word_1_29' title='bbox 1718 1015 1805 1060; x_wconf 76' lang='lat' dir='ltr'><strong>at-</strong></span> 
     </span>
    </p>
   </div>
   <div class='ocr_carea' id='block_1_8' title="bbox 209 1092 1794 1167">
    <p class='ocr_par' dir='ltr' id='par_1_8' title="bbox 209 1092 1794 1167">
     <span class='ocr_line' id='line_1_8' title="bbox 209 1092 1794 1167; baseline 0.001 -19"><span class='ocrx_word' id='word_1_30' title='bbox 209 1110 324 1166; x_wconf 86' lang='lat' dir='ltr'><strong>que</strong></span> <span class='ocrx_word' id='word_1_31' title='bbox 350 1093 665 1163; x_wconf 85' lang='lat' dir='ltr'><strong>relegentes,</strong></span> <span class='ocrx_word' id='word_1_32' title='bbox 689 1101 746 1146; x_wconf 90' lang='lat' dir='ltr'><strong>ut</strong></span> <span class='ocrx_word' id='word_1_33' title='bbox 769 1093 821 1146; x_wconf 91' lang='lat' dir='ltr'><strong>in</strong></span> <span class='ocrx_word' id='word_1_34' title='bbox 846 1106 912 1147; x_wconf 89' lang='lat' dir='ltr'><strong>eo</strong></span> <span class='ocrx_word' id='word_1_35' title='bbox 931 1092 1076 1162; x_wconf 91' lang='lat' dir='ltr'><strong>quod</strong></span> <span class='ocrx_word' id='word_1_36' title='bbox 1096 1101 1254 1157; x_wconf 86' lang='lat' dir='ltr'><strong>antea</strong></span> <span class='ocrx_word' id='word_1_37' title='bbox 1276 1102 1463 1149; x_wconf 88' lang='lat' dir='ltr'><strong>nostro</strong></span> <span class='ocrx_word' id='word_1_38' title='bbox 1485 1094 1794 1167; x_wconf 66' lang='lat' dir='ltr'><strong>praesulatui</strong></span> 
     </span>
    </p>
   </div>
   <div class='ocr_carea' id='block_1_9' title="bbox 211 1180 1802 1253">
    <p class='ocr_par' dir='ltr' id='par_1_9' title="bbox 211 1180 1802 1253">
     <span class='ocr_line' id='line_1_9' title="bbox 211 1180 1802 1253; baseline 0.001 -14"><span class='ocrx_word' id='word_1_39' title='bbox 211 1184 517 1248; x_wconf 78' lang='lat' dir='ltr'><strong>direxistis,</strong></span> <span class='ocrx_word' id='word_1_40' title='bbox 549 1192 727 1238; x_wconf 89' lang='lat' dir='ltr'><strong>vestro</strong></span> <span class='ocrx_word' id='word_1_41' title='bbox 765 1180 1015 1237; x_wconf 78' lang='lat' dir='ltr'><strong>videlicet</strong></span> <span class='ocrx_word' id='word_1_42' title='bbox 1040 1197 1227 1238; x_wconf 87' lang='lat' dir='ltr'><strong>amore</strong></span> <span class='ocrx_word' id='word_1_43' title='bbox 1268 1182 1664 1253; x_wconf 89' lang='lat' dir='ltr'><strong>dilectioneque</strong></span> <span class='ocrx_word' id='word_1_44' title='bbox 1687 1199 1802 1241; x_wconf 46' lang='lat' dir='ltr'><strong>ma.</strong></span> 
     </span>
    </p>
   </div>
   <div class='ocr_carea' id='block_1_10' title="bbox 213 1269 1797 1341">
    <p class='ocr_par' dir='ltr' id='par_1_10' title="bbox 213 1269 1797 1341">
     <span class='ocr_line' id='line_1_10' title="bbox 213 1269 1797 1341; baseline -0.003 -11"><span class='ocrx_word' id='word_1_45' title='bbox 213 1290 497 1339; x_wconf 86' lang='lat' dir='ltr'><strong>neremus,</strong></span> <span class='ocrx_word' id='word_1_46' title='bbox 534 1287 641 1328; x_wconf 89' lang='lat' dir='ltr'><strong>non</strong></span> <span class='ocrx_word' id='word_1_47' title='bbox 665 1271 860 1336; x_wconf 86' lang='lat' dir='ltr'><strong>solum,</strong></span> <span class='ocrx_word' id='word_1_48' title='bbox 890 1281 947 1325; x_wconf 92' lang='lat' dir='ltr'><strong>ut</strong></span> <span class='ocrx_word' id='word_1_49' title='bbox 967 1269 1083 1340; x_wconf 82' lang='lat' dir='ltr'><strong>jam</strong></span> <span class='ocrx_word' id='word_1_50' title='bbox 1112 1272 1240 1328; x_wconf 90' lang='lat' dir='ltr'><strong>olim</strong></span> <span class='ocrx_word' id='word_1_51' title='bbox 1273 1272 1581 1341; x_wconf 82' lang='lat' dir='ltr'><strong>retulimus,</strong></span> <span class='ocrx_word' id='word_1_52' title='bbox 1607 1287 1797 1327; x_wconf 87' lang='lat' dir='ltr'><strong>verum</strong></span> 
     </span>
    </p>
   </div>
   <div class='ocr_carea' id='block_1_11' title="bbox 212 1350 1796 1432">
    <p class='ocr_par' dir='ltr' id='par_1_11' title="bbox 212 1350 1796 1432">
     <span class='ocr_line' id='line_1_11' title="bbox 212 1350 1796 1432; baseline 0.001 -13"><span class='ocrx_word' id='word_1_53' title='bbox 212 1365 383 1420; x_wconf 86' lang='lat' dir='ltr'><strong>etiam</strong></span> <span class='ocrx_word' id='word_1_54' title='bbox 416 1363 586 1432; x_wconf 87' lang='lat' dir='ltr'><strong>magis</strong></span> <span class='ocrx_word' id='word_1_55' title='bbox 616 1378 679 1416; x_wconf 88' lang='lat' dir='ltr'><strong>ac</strong></span> <span class='ocrx_word' id='word_1_56' title='bbox 711 1361 881 1432; x_wconf 85' lang='lat' dir='ltr'><strong>magis</strong></span> <span class='ocrx_word' id='word_1_57' title='bbox 907 1350 1105 1416; x_wconf 70' lang='lat' dir='ltr'><strong>nostrae</strong></span> <span class='ocrx_word' id='word_1_58' title='bbox 1135 1363 1426 1418; x_wconf 73' lang='lat' dir='ltr'><strong>voluntatis</strong></span> <span class='ocrx_word' id='word_1_59' title='bbox 1448 1361 1696 1419; x_wconf 71' lang='lat' dir='ltr'><strong>allectum</strong></span> <span class='ocrx_word' id='word_1_60' title='bbox 1725 1364 1796 1421; x_wconf 87' lang='lat' dir='ltr'><strong>ad</strong></span> 
     </span>
    </p>
   </div>
   <div class='ocr_carea' id='block_1_12' title="bbox 210 1450 1803 1524">
    <p class='ocr_par' dir='ltr' id='par_1_12' title="bbox 210 1450 1803 1524">
     <span class='ocr_line' id='line_1_12' title="bbox 210 1450 1803 1524; baseline 0 -16"><span class='ocrx_word' id='word_1_61' title='bbox 210 1462 415 1510; x_wconf 67' lang='lat' dir='ltr'><strong>vestrae</strong></span> <span class='ocrx_word' id='word_1_62' title='bbox 453 1450 828 1509; x_wconf 83' lang='lat' dir='ltr'><strong>exsultationis</strong></span> <span class='ocrx_word' id='word_1_63' title='bbox 863 1452 1139 1507; x_wconf 86' lang='lat' dir='ltr'><strong>cumulum</strong></span> <span class='ocrx_word' id='word_1_64' title='bbox 1173 1452 1434 1524; x_wconf 89' lang='lat' dir='ltr'><strong>ampliare</strong></span> <span class='ocrx_word' id='word_1_65' title='bbox 1474 1468 1803 1524; x_wconf 80' lang='lat' dir='ltr'><strong>magquere</strong></span> 
     </span>
    </p>
   </div>
   <div class='ocr_carea' id='block_1_13' title="bbox 212 1543 1801 1615">
    <p class='ocr_par' dir='ltr' id='par_1_13' title="bbox 212 1543 1801 1615">
     <span class='ocr_line' id='line_1_13' title="bbox 212 1543 1801 1615; baseline 0.001 -15"><span class='ocrx_word' id='word_1_66' title='bbox 212 1546 488 1615; x_wconf 88' lang='lat' dir='ltr'><strong>cupimus,</strong></span> <span class='ocrx_word' id='word_1_67' title='bbox 514 1553 677 1614; x_wconf 88' lang='lat' dir='ltr'><strong>atque</strong></span> <span class='ocrx_word' id='word_1_68' title='bbox 704 1543 757 1598; x_wconf 91' lang='lat' dir='ltr'><strong>in</strong></span> <span class='ocrx_word' id='word_1_69' title='bbox 798 1543 1048 1599; x_wconf 89' lang='lat' dir='ltr'><strong>omnibus</strong></span> <span class='ocrx_word' id='word_1_70' title='bbox 1086 1559 1185 1601; x_wconf 90' lang='lat' dir='ltr'><strong>ceu</strong></span> <span class='ocrx_word' id='word_1_71' title='bbox 1212 1545 1592 1601; x_wconf 87' lang='lat' dir='ltr'><strong>cbarissimum</strong></span> <span class='ocrx_word' id='word_1_72' title='bbox 1622 1546 1801 1601; x_wconf 82' lang='lat' dir='ltr'><strong>tilium</strong></span> 
     </span>
    </p>
   </div>
   <div class='ocr_carea' id='block_1_14' title="bbox 211 1638 1802 1710">
    <p class='ocr_par' dir='ltr' id='par_1_14' title="bbox 211 1638 1802 1710">
     <span class='ocr_line' id='line_1_14' title="bbox 211 1638 1802 1710; baseline 0.003 -21"><span class='ocrx_word' id='word_1_73' title='bbox 211 1655 317 1694; x_wconf 77' lang='lat' dir='ltr'><strong>vos</strong></span> <span class='ocrx_word' id='word_1_74' title='bbox 358 1638 591 1695; x_wconf 89' lang='lat' dir='ltr'><strong>retinere</strong></span> <span class='ocrx_word' id='word_1_75' title='bbox 632 1638 817 1708; x_wconf 88' lang='lat' dir='ltr'><strong>procul</strong></span> <span class='ocrx_word' id='word_1_76' title='bbox 864 1639 1027 1694; x_wconf 91' lang='lat' dir='ltr'><strong>dubio</strong></span> <span class='ocrx_word' id='word_1_77' title='bbox 1075 1648 1402 1710; x_wconf 84' lang='lat' dir='ltr'><strong>satagemus.</strong></span> <span class='ocrx_word' id='word_1_78' title='bbox 1453 1640 1689 1697; x_wconf 87' lang='lat' dir='ltr'><strong>Tantum</strong></span> <span class='ocrx_word' id='word_1_79' title='bbox 1742 1648 1802 1695; x_wconf 91' lang='lat' dir='ltr'><strong>ut</strong></span> 
     </span>
    </p>
   </div>
   <div class='ocr_carea' id='block_1_15' title="bbox 213 1729 1804 1803">
    <p class='ocr_par' dir='ltr' id='par_1_15' title="bbox 213 1729 1804 1803">
     <span class='ocr_line' id='line_1_15' title="bbox 213 1729 1804 1803; baseline 0.003 -19"><span class='ocrx_word' id='word_1_80' title='bbox 213 1746 328 1801; x_wconf 84' lang='lat' dir='ltr'><strong>quo</strong></span> <span class='ocrx_word' id='word_1_81' title='bbox 358 1730 603 1796; x_wconf 81' lang='lat' dir='ltr'><strong>celerius,</strong></span> <span class='ocrx_word' id='word_1_82' title='bbox 621 1730 763 1785; x_wconf 89' lang='lat' dir='ltr'><strong>sicut</strong></span> <span class='ocrx_word' id='word_1_83' title='bbox 777 1729 1094 1796; x_wconf 84' lang='lat' dir='ltr'><strong>mandastis,</strong></span> <span class='ocrx_word' id='word_1_84' title='bbox 1124 1739 1332 1788; x_wconf 89' lang='lat' dir='ltr'><strong>vestros</strong></span> <span class='ocrx_word' id='word_1_85' title='bbox 1352 1732 1575 1789; x_wconf 88' lang='lat' dir='ltr'><strong>idoneos</strong></span> <span class='ocrx_word' id='word_1_86' title='bbox 1597 1731 1804 1803; x_wconf 84' lang='lat' dir='ltr'><strong>legatos</strong></span> 
     </span>
    </p>
   </div>
   <div class='ocr_carea' id='block_1_16' title="bbox 213 1824 1880 1897">
    <p class='ocr_par' dir='ltr' id='par_1_16' title="bbox 213 1824 1880 1897">
     <span class='ocr_line' id='line_1_16' title="bbox 213 1824 1880 1897; baseline 0.002 -19"><span class='ocrx_word' id='word_1_87' title='bbox 213 1824 287 1879; x_wconf 90' lang='lat' dir='ltr'><strong>ad</strong></span> <span class='ocrx_word' id='word_1_88' title='bbox 338 1839 437 1879; x_wconf 89' lang='lat' dir='ltr'><strong>nos</strong></span> <span class='ocrx_word' id='word_1_89' title='bbox 483 1824 714 1892; x_wconf 79' lang='lat' dir='ltr'><strong>dirigere</strong></span> <span class='ocrx_word' id='word_1_90' title='bbox 759 1824 1021 1893; x_wconf 82' lang='lat' dir='ltr'><strong>potestis,</strong></span> <span class='ocrx_word' id='word_1_91' title='bbox 1053 1824 1395 1894; x_wconf 81' lang='lat' dir='ltr'><strong>aliquatenus</strong></span> <span class='ocrx_word' id='word_1_92' title='bbox 1422 1841 1531 1885; x_wconf 86' lang='lat' dir='ltr'><strong>non</strong></span> <span class='ocrx_word' id='word_1_93' title='bbox 1574 1835 1802 1897; x_wconf 68' lang='lat' dir='ltr'><strong>praeter-</strong></span> <span class='ocrx_word' id='word_1_94' title='bbox 1832 1832 1880 1893; x_wconf 78' lang='grc' dir='ltr'><strong>Β</strong></span> 
     </span>
    </p>
   </div>
   <div class='ocr_carea' id='block_1_17' title="bbox 214 1913 1807 1985">
    <p class='ocr_par' dir='ltr' id='par_1_17' title="bbox 214 1913 1807 1985">
     <span class='ocr_line' id='line_1_17' title="bbox 214 1913 1807 1985; baseline -0.001 -14"><span class='ocrx_word' id='word_1_95' title='bbox 214 1913 483 1979; x_wconf 80' lang='lat' dir='ltr'><strong>mittatis;</strong></span> <span class='ocrx_word' id='word_1_96' title='bbox 529 1930 651 1970; x_wconf 89' lang='lat' dir='ltr'><strong>cum</strong></span> <span class='ocrx_word' id='word_1_97' title='bbox 680 1915 876 1985; x_wconf 86' lang='lat' dir='ltr'><strong>quibus</strong></span> <span class='ocrx_word' id='word_1_98' title='bbox 915 1928 1047 1971; x_wconf 85' lang='lat' dir='ltr'><strong>sane</strong></span> <span class='ocrx_word' id='word_1_99' title='bbox 1092 1922 1148 1971; x_wconf 89' lang='lat' dir='ltr'><strong>et</strong></span> <span class='ocrx_word' id='word_1_100' title='bbox 1187 1914 1573 1973; x_wconf 82' lang='lat' dir='ltr'><strong>exaltationem</strong></span> <span class='ocrx_word' id='word_1_101' title='bbox 1602 1922 1807 1971; x_wconf 72' lang='lat' dir='ltr'><strong>sancta:</strong></span> 
     </span>
    </p>
   </div>
   <div class='ocr_carea' id='block_1_18' title="bbox 214 2004 1810 2083">
    <p class='ocr_par' dir='ltr' id='par_1_18' title="bbox 214 2004 1810 2083">
     <span class='ocr_line' id='line_1_18' title="bbox 214 2004 1810 2083; baseline 0 -20"><span class='ocrx_word' id='word_1_102' title='bbox 214 2005 365 2063; x_wconf 80' lang='lat' dir='ltr'><strong>sedis</strong></span> <span class='ocrx_word' id='word_1_103' title='bbox 390 2004 717 2083; x_wconf 63' lang='lat' dir='ltr'><strong>apostolicae,</strong></span> <span class='ocrx_word' id='word_1_104' title='bbox 741 2014 795 2061; x_wconf 92' lang='lat' dir='ltr'><strong>et</strong></span> <span class='ocrx_word' id='word_1_105' title='bbox 822 2005 977 2063; x_wconf 84' lang='lat' dir='ltr'><strong>istius</strong></span> <span class='ocrx_word' id='word_1_106' title='bbox 1000 2016 1158 2062; x_wconf 61' lang='lat' dir='ltr'><strong>terra!</strong></span> <span class='ocrx_word' id='word_1_107' title='bbox 1181 2006 1437 2071; x_wconf 86' lang='lat' dir='ltr'><strong>salutem,</strong></span> <span class='ocrx_word' id='word_1_108' title='bbox 1462 2017 1810 2076; x_wconf 86' lang='lat' dir='ltr'><strong>vestrumque</strong></span> 
     </span>
    </p>
   </div>
   <div class='ocr_carea' id='block_1_19' title="bbox 217 2094 1807 2171">
    <p class='ocr_par' dir='ltr' id='par_1_19' title="bbox 217 2094 1807 2171">
     <span class='ocr_line' id='line_1_19' title="bbox 217 2094 1807 2171; baseline -0.002 -16"><span class='ocrx_word' id='word_1_109' title='bbox 217 2098 480 2171; x_wconf 76' lang='lat' dir='ltr'><strong>honorem</strong></span> <span class='ocrx_word' id='word_1_110' title='bbox 519 2095 805 2168; x_wconf 82' lang='lat' dir='ltr'><strong>proﬂigare</strong></span> <span class='ocrx_word' id='word_1_111' title='bbox 854 2094 919 2170; x_wconf 71' lang='grc' dir='ltr'><strong>[ί.</strong></span> <span class='ocrx_word' id='word_1_112' title='bbox 960 2096 1314 2170; x_wconf 82' lang='lat' dir='ltr'><strong>investigare]</strong></span> <span class='ocrx_word' id='word_1_113' title='bbox 1351 2097 1807 2167; x_wconf 82' lang='lat' dir='ltr'><strong>considerareqne</strong></span> 
     </span>
    </p>
   </div>
   <div class='ocr_carea' id='block_1_20' title="bbox 217 2176 1810 2260">
    <p class='ocr_par' dir='ltr' id='par_1_20' title="bbox 217 2176 1810 2260">
     <span class='ocr_line' id='line_1_20' title="bbox 217 2176 1810 2260; baseline 0 -16"><span class='ocrx_word' id='word_1_114' title='bbox 217 2176 530 2253; x_wconf 75' lang='lat' dir='ltr'><strong>ﬁrmissime</strong></span> <span class='ocrx_word' id='word_1_115' title='bbox 576 2187 840 2251; x_wconf 86' lang='lat' dir='ltr'><strong>valemus.</strong></span> <span class='ocrx_word' id='word_1_116' title='bbox 889 2188 958 2245; x_wconf 90' lang='lat' dir='ltr'><strong>Et</strong></span> <span class='ocrx_word' id='word_1_117' title='bbox 1001 2188 1125 2244; x_wconf 85' lang='lat' dir='ltr'><strong>ideo</strong></span> <span class='ocrx_word' id='word_1_118' title='bbox 1174 2197 1369 2245; x_wconf 81' lang='lat' dir='ltr'><strong>vestrae</strong></span> <span class='ocrx_word' id='word_1_119' title='bbox 1424 2187 1810 2260; x_wconf 72' lang='lat' dir='ltr'><strong>magnitudinis</strong></span> 
     </span>
    </p>
   </div>
   <div class='ocr_carea' id='block_1_21' title="bbox 215 2266 1808 2352">
    <p class='ocr_par' dir='ltr' id='par_1_21' title="bbox 215 2266 1808 2352">
     <span class='ocr_line' id='line_1_21' title="bbox 215 2266 1808 2352; baseline -0.001 -15"><span class='ocrx_word' id='word_1_120' title='bbox 215 2266 446 2352; x_wconf 80' lang='lat' dir='ltr'><strong>gloriam</strong></span> <span class='ocrx_word' id='word_1_121' title='bbox 472 2281 909 2345; x_wconf 73' lang='lat' dir='ltr'><strong>exhortamtirut</strong></span> <span class='ocrx_word' id='word_1_122' title='bbox 940 2279 1334 2352; x_wconf 66' lang='lat' dir='ltr'><strong>praecingentes</strong></span> <span class='ocrx_word' id='word_1_123' title='bbox 1357 2281 1513 2350; x_wconf 83' lang='lat' dir='ltr'><strong>quasi</strong></span> <span class='ocrx_word' id='word_1_124' title='bbox 1551 2280 1635 2335; x_wconf 88' lang='lat' dir='ltr'><strong>vir</strong></span> <span class='ocrx_word' id='word_1_125' title='bbox 1663 2279 1808 2335; x_wconf 79' lang='lat' dir='ltr'><strong>tum-</strong></span> 
     </span>
    </p>
   </div>
   <div class='ocr_carea' id='block_1_22' title="bbox 214 2370 1817 2446">
    <p class='ocr_par' dir='ltr' id='par_1_22' title="bbox 214 2370 1817 2446">
     <span class='ocr_line' id='line_1_22' title="bbox 214 2370 1817 2446; baseline 0.002 -22"><span class='ocrx_word' id='word_1_126' title='bbox 214 2372 320 2446; x_wconf 81' lang='lat' dir='ltr'><strong>bos</strong></span> <span class='ocrx_word' id='word_1_127' title='bbox 351 2371 492 2436; x_wconf 85' lang='lat' dir='ltr'><strong>tuos,</strong></span> <span class='ocrx_word' id='word_1_128' title='bbox 519 2380 573 2425; x_wconf 88' lang='lat' dir='ltr'><strong>et</strong></span> <span class='ocrx_word' id='word_1_129' title='bbox 597 2370 852 2441; x_wconf 78' lang='lat' dir='ltr'><strong>potentia:</strong></span> <span class='ocrx_word' id='word_1_130' title='bbox 876 2370 972 2426; x_wconf 86' lang='lat' dir='ltr'><strong>Dei</strong></span> <span class='ocrx_word' id='word_1_131' title='bbox 995 2371 1221 2429; x_wconf 81' lang='lat' dir='ltr'><strong>brachio</strong></span> <span class='ocrx_word' id='word_1_132' title='bbox 1256 2371 1519 2429; x_wconf 77' lang='lat' dir='ltr'><strong>adversus</strong></span> <span class='ocrx_word' id='word_1_133' title='bbox 1558 2370 1817 2427; x_wconf 77' lang='lat' dir='ltr'><strong>inimicos</strong></span> 
     </span>
    </p>
   </div>
   <div class='ocr_carea' id='block_1_23' title="bbox 217 2460 1807 2532">
    <p class='ocr_par' dir='ltr' id='par_1_23' title="bbox 217 2460 1807 2532">
     <span class='ocr_line' id='line_1_23' title="bbox 217 2460 1807 2532; baseline -0.001 -16"><span class='ocrx_word' id='word_1_134' title='bbox 217 2461 602 2532; x_wconf 73' lang='lat' dir='ltr'><strong>potentissime</strong></span> <span class='ocrx_word' id='word_1_135' title='bbox 625 2460 889 2523; x_wconf 88' lang='lat' dir='ltr'><strong>roborati,</strong></span> <span class='ocrx_word' id='word_1_136' title='bbox 905 2462 1018 2532; x_wconf 79' lang='lat' dir='ltr'><strong>jam</strong></span> <span class='ocrx_word' id='word_1_137' title='bbox 1043 2461 1143 2531; x_wconf 77' lang='lat' dir='ltr'><strong>ipsi</strong></span> <span class='ocrx_word' id='word_1_138' title='bbox 1173 2462 1358 2521; x_wconf 87' lang='lat' dir='ltr'><strong>venire</strong></span> <span class='ocrx_word' id='word_1_139' title='bbox 1384 2476 1492 2516; x_wconf 90' lang='lat' dir='ltr'><strong>non</strong></span> <span class='ocrx_word' id='word_1_140' title='bbox 1518 2460 1807 2524; x_wconf 85' lang='lat' dir='ltr'><strong>dubitetis;</strong></span> 
     </span>
    </p>
   </div>
   <div class='ocr_carea' id='block_1_24' title="bbox 217 2551 1810 2623">
    <p class='ocr_par' dir='ltr' id='par_1_24' title="bbox 217 2551 1810 2623">
     <span class='ocr_line' id='line_1_24' title="bbox 217 2551 1810 2623; baseline -0.002 -16"><span class='ocrx_word' id='word_1_141' title='bbox 217 2551 477 2607; x_wconf 77' lang='lat' dir='ltr'><strong>quoniam</strong></span> <span class='ocrx_word' id='word_1_142' title='bbox 525 2552 577 2607; x_wconf 82' lang='lat' dir='ltr'><strong>si</strong></span> <span class='ocrx_word' id='word_1_143' title='bbox 640 2559 802 2606; x_wconf 76' lang='lat' dir='ltr'><strong>tanta:</strong></span> <span class='ocrx_word' id='word_1_144' title='bbox 853 2551 1180 2607; x_wconf 78' lang='lat' dir='ltr'><strong>calamitatis</strong></span> <span class='ocrx_word' id='word_1_145' title='bbox 1235 2566 1545 2623; x_wconf 89' lang='lat' dir='ltr'><strong>pressuram</strong></span> <span class='ocrx_word' id='word_1_146' title='bbox 1574 2590 1591 2616; x_wconf 89' lang='lat'><strong>,</strong></span> <span class='ocrx_word' id='word_1_147' title='bbox 1645 2564 1810 2621; x_wconf 87' lang='lat' dir='ltr'><strong>quam</strong></span> 
     </span>
    </p>
   </div>
   <div class='ocr_carea' id='block_1_25' title="bbox 219 2639 1810 2711">
    <p class='ocr_par' dir='ltr' id='par_1_25' title="bbox 219 2639 1810 2711">
     <span class='ocr_line' id='line_1_25' title="bbox 219 2639 1810 2711; baseline -0.001 -16"><span class='ocrx_word' id='word_1_148' title='bbox 219 2648 408 2695; x_wconf 87' lang='lat' dir='ltr'><strong>sancta</strong></span> <span class='ocrx_word' id='word_1_149' title='bbox 439 2639 680 2695; x_wconf 84' lang='lat' dir='ltr'><strong>Romana</strong></span> <span class='ocrx_word' id='word_1_150' title='bbox 703 2649 878 2696; x_wconf 85' lang='lat' dir='ltr'><strong>mater</strong></span> <span class='ocrx_word' id='word_1_151' title='bbox 904 2649 1082 2696; x_wconf 88' lang='lat' dir='ltr'><strong>vestra</strong></span> <span class='ocrx_word' id='word_1_152' title='bbox 1111 2640 1349 2695; x_wconf 78' lang='lat' dir='ltr'><strong>Ecclesia</strong></span> <span class='ocrx_word' id='word_1_153' title='bbox 1386 2649 1439 2694; x_wconf 86' lang='lat' dir='ltr'><strong>et</strong></span> <span class='ocrx_word' id='word_1_154' title='bbox 1470 2640 1638 2711; x_wconf 86' lang='lat' dir='ltr'><strong>ipsius</strong></span> <span class='ocrx_word' id='word_1_155' title='bbox 1664 2648 1810 2694; x_wconf 87' lang='lat' dir='ltr'><strong>terra</strong></span> 
     </span>
    </p>
   </div>
   <div class='ocr_carea' id='block_1_26' title="bbox 219 2730 1809 2801">
    <p class='ocr_par' dir='ltr' id='par_1_26' title="bbox 219 2730 1809 2801">
     <span class='ocr_line' id='line_1_26' title="bbox 219 2730 1809 2801; baseline 0 -18"><span class='ocrx_word' id='word_1_156' title='bbox 219 2731 462 2801; x_wconf 82' lang='lat' dir='ltr'><strong>quotidie</strong></span> <span class='ocrx_word' id='word_1_157' title='bbox 483 2730 550 2785; x_wconf 91' lang='lat' dir='ltr'><strong>ab</strong></span> <span class='ocrx_word' id='word_1_158' title='bbox 567 2730 799 2787; x_wconf 88' lang='lat' dir='ltr'><strong>inimicis</strong></span> <span class='ocrx_word' id='word_1_159' title='bbox 818 2732 1038 2800; x_wconf 88' lang='lat' dir='ltr'><strong>patitur,</strong></span> <span class='ocrx_word' id='word_1_160' title='bbox 1083 2730 1496 2799; x_wconf 81' lang='lat' dir='ltr'><strong>cognovissetis,</strong></span> <span class='ocrx_word' id='word_1_161' title='bbox 1529 2730 1809 2785; x_wconf 75' lang='lat' dir='ltr'><strong>nobiscum</strong></span> 
     </span>
    </p>
   </div>
   <div class='ocr_carea' id='block_1_27' title="bbox 221 2820 1807 2892">
    <p class='ocr_par' dir='ltr' id='par_1_27' title="bbox 221 2820 1807 2892">
     <span class='ocr_line' id='line_1_27' title="bbox 221 2820 1807 2892; baseline -0.001 -17"><span class='ocrx_word' id='word_1_162' title='bbox 221 2820 411 2890; x_wconf 88' lang='lat' dir='ltr'><strong>utique</strong></span> <span class='ocrx_word' id='word_1_163' title='bbox 438 2821 643 2890; x_wconf 86' lang='lat' dir='ltr'><strong>pariter</strong></span> <span class='ocrx_word' id='word_1_164' title='bbox 667 2821 943 2876; x_wconf 89' lang='lat' dir='ltr'><strong>doleretis.</strong></span> <span class='ocrx_word' id='word_1_165' title='bbox 965 2820 1324 2892; x_wconf 86' lang='lat' dir='ltr'><strong>Quapropter,</strong></span> <span class='ocrx_word' id='word_1_166' title='bbox 1360 2820 1432 2877; x_wconf 85' lang='lat' dir='ltr'><strong>liii</strong></span> <span class='ocrx_word' id='word_1_167' title='bbox 1467 2820 1807 2887; x_wconf 87' lang='lat' dir='ltr'><strong>cbarissime,</strong></span> 
     </span>
    </p>
   </div>
   <div class='ocr_carea' id='block_1_28' title="bbox 222 2908 1806 2980">
    <p class='ocr_par' dir='ltr' id='par_1_28' title="bbox 222 2908 1806 2980">
     <span class='ocr_line' id='line_1_28' title="bbox 222 2908 1806 2980; baseline 0 -17"><span class='ocrx_word' id='word_1_168' title='bbox 222 2917 516 2978; x_wconf 83' lang='lat' dir='ltr'><strong>antequam</strong></span> <span class='ocrx_word' id='word_1_169' title='bbox 581 2908 920 2963; x_wconf 83' lang='lat' dir='ltr'><strong>inimicorum</strong></span> <span class='ocrx_word' id='word_1_170' title='bbox 986 2908 1196 2964; x_wconf 73' lang='lat' dir='ltr'><strong>insidize</strong></span> <span class='ocrx_word' id='word_1_171' title='bbox 1257 2908 1376 2980; x_wconf 90' lang='lat' dir='ltr'><strong>plus</strong></span> <span class='ocrx_word' id='word_1_172' title='bbox 1429 2918 1806 2965; x_wconf 90' lang='lat' dir='ltr'><strong>accrescentes</strong></span> 
     </span>
    </p>
   </div>
   <div class='ocr_carea' id='block_1_29' title="bbox 222 3001 1809 3074">
    <p class='ocr_par' dir='ltr' id='par_1_29' title="bbox 222 3001 1809 3074">
     <span class='ocr_line' id='line_1_29' title="bbox 222 3001 1809 3074; baseline -0.001 -17"><span class='ocrx_word' id='word_1_173' title='bbox 222 3001 571 3074; x_wconf 65' lang='lat' dir='ltr'><strong>praevaleant,</strong></span> <span class='ocrx_word' id='word_1_174' title='bbox 596 3008 834 3056; x_wconf 89' lang='lat' dir='ltr'><strong>nostram</strong></span> <span class='ocrx_word' id='word_1_175' title='bbox 861 3003 1199 3058; x_wconf 83' lang='lat' dir='ltr'><strong>devotionem</strong></span> <span class='ocrx_word' id='word_1_176' title='bbox 1227 3012 1387 3072; x_wconf 89' lang='lat' dir='ltr'><strong>atque</strong></span> <span class='ocrx_word' id='word_1_177' title='bbox 1410 3002 1694 3058; x_wconf 87' lang='lat' dir='ltr'><strong>consilium</strong></span> <span class='ocrx_word' id='word_1_178' title='bbox 1721 3001 1809 3072; x_wconf 91' lang='lat' dir='ltr'><strong>pio</strong></span> 
     </span>
    </p>
   </div>
   <div class='ocr_carea' id='block_1_30' title="bbox 226 3092 1807 3163">
    <p class='ocr_par' dir='ltr' id='par_1_30' title="bbox 226 3092 1807 3163">
     <span class='ocr_line' id='line_1_30' title="bbox 226 3092 1807 3163; baseline 0 -16"><span class='ocrx_word' id='word_1_179' title='bbox 226 3092 426 3148; x_wconf 87' lang='lat' dir='ltr'><strong>intuitu</strong></span> <span class='ocrx_word' id='word_1_180' title='bbox 451 3094 730 3148; x_wconf 88' lang='lat' dir='ltr'><strong>attendere</strong></span> <span class='ocrx_word' id='word_1_181' title='bbox 755 3093 900 3148; x_wconf 72' lang='lat' dir='ltr'><strong>mullo</strong></span> <span class='ocrx_word' id='word_1_182' title='bbox 924 3092 1082 3149; x_wconf 89' lang='lat' dir='ltr'><strong>modo</strong></span> <span class='ocrx_word' id='word_1_183' title='bbox 1108 3094 1385 3159; x_wconf 82' lang='lat' dir='ltr'><strong>desinatis,</strong></span> <span class='ocrx_word' id='word_1_184' title='bbox 1415 3092 1507 3148; x_wconf 89' lang='lat' dir='ltr'><strong>sed</strong></span> <span class='ocrx_word' id='word_1_185' title='bbox 1530 3109 1681 3149; x_wconf 89' lang='lat' dir='ltr'><strong>more</strong></span> <span class='ocrx_word' id='word_1_186' title='bbox 1709 3108 1807 3163; x_wconf 85' lang='lat' dir='ltr'><strong>pa-</strong></span> 
     </span>
    </p>
   </div>
   <div class='ocr_carea' id='block_1_31' title="bbox 224 3171 1887 3253">
    <p class='ocr_par' dir='ltr' id='par_1_31' title="bbox 224 3171 1887 3253">
     <span class='ocr_line' id='line_1_31' title="bbox 224 3171 1887 3253; baseline -0.003 -13"><span class='ocrx_word' id='word_1_187' title='bbox 224 3193 440 3240; x_wconf 88' lang='lat' dir='ltr'><strong>rentum</strong></span> <span class='ocrx_word' id='word_1_188' title='bbox 476 3191 776 3238; x_wconf 86' lang='lat' dir='ltr'><strong>vestrorum</strong></span> <span class='ocrx_word' id='word_1_189' title='bbox 820 3198 882 3238; x_wconf 89' lang='lat' dir='ltr'><strong>ea</strong></span> <span class='ocrx_word' id='word_1_190' title='bbox 933 3198 1054 3253; x_wconf 76' lang='lat' dir='ltr'><strong>qua:</strong></span> <span class='ocrx_word' id='word_1_191' title='bbox 1105 3182 1407 3238; x_wconf 87' lang='lat' dir='ltr'><strong>necessaria</strong></span> <span class='ocrx_word' id='word_1_192' title='bbox 1454 3189 1582 3237; x_wconf 91' lang='lat' dir='ltr'><strong>sunt</strong></span> <span class='ocrx_word' id='word_1_193' title='bbox 1612 3182 1769 3238; x_wconf 87' lang='lat' dir='ltr'><strong>nobis</strong></span> <span class='ocrx_word' id='word_1_194' title='bbox 1796 3223 1810 3245; x_wconf 84' lang='lat'><strong>,</strong></span> <span class='ocrx_word' id='word_1_195' title='bbox 1840 3171 1887 3235; x_wconf 87' lang='lat' dir='ltr'><strong>C</strong></span> 
     </span>
    </p>
   </div>
   <div class='ocr_carea' id='block_1_32' title="bbox 228 3272 1813 3345">
    <p class='ocr_par' dir='ltr' id='par_1_32' title="bbox 228 3272 1813 3345">
     <span class='ocr_line' id='line_1_32' title="bbox 228 3272 1813 3345; baseline -0.002 -14"><span class='ocrx_word' id='word_1_196' title='bbox 228 3275 619 3331; x_wconf 82' lang='lat' dir='ltr'><strong>instantissime</strong></span> <span class='ocrx_word' id='word_1_197' title='bbox 648 3275 938 3345; x_wconf 83' lang='lat' dir='ltr'><strong>peragatis,</strong></span> <span class='ocrx_word' id='word_1_198' title='bbox 966 3274 1089 3344; x_wconf 85' lang='lat' dir='ltr'><strong>quia</strong></span> <span class='ocrx_word' id='word_1_199' title='bbox 1121 3274 1290 3329; x_wconf 89' lang='lat' dir='ltr'><strong>nostri</strong></span> <span class='ocrx_word' id='word_1_200' title='bbox 1314 3272 1646 3343; x_wconf 86' lang='lat' dir='ltr'><strong>apostolatus</strong></span> <span class='ocrx_word' id='word_1_201' title='bbox 1669 3273 1813 3328; x_wconf 87' lang='lat' dir='ltr'><strong>ulnis</strong></span> 
     </span>
    </p>
   </div>
   <div class='ocr_carea' id='block_1_33' title="bbox 226 3362 1813 3434">
    <p class='ocr_par' dir='ltr' id='par_1_33' title="bbox 226 3362 1813 3434">
     <span class='ocr_line' id='line_1_33' title="bbox 226 3362 1813 3434; baseline -0.001 -15"><span class='ocrx_word' id='word_1_202' title='bbox 226 3364 461 3419; x_wconf 77' lang='lat' dir='ltr'><strong>extentis</strong></span> <span class='ocrx_word' id='word_1_203' title='bbox 489 3364 742 3419; x_wconf 86' lang='lat' dir='ltr'><strong>alacriter</strong></span> <span class='ocrx_word' id='word_1_204' title='bbox 778 3363 1028 3434; x_wconf 87' lang='lat' dir='ltr'><strong>amplecti</strong></span> <span class='ocrx_word' id='word_1_205' title='bbox 1071 3362 1305 3434; x_wconf 80' lang='lat' dir='ltr'><strong>regalem</strong></span> <span class='ocrx_word' id='word_1_206' title='bbox 1345 3362 1688 3432; x_wconf 65' lang='lat' dir='ltr'><strong>praesentiam</strong></span> <span class='ocrx_word' id='word_1_207' title='bbox 1715 3376 1813 3417; x_wconf 88' lang='lat' dir='ltr'><strong>ve-</strong></span> 
     </span>
    </p>
   </div>
   <div class='ocr_carea' id='block_1_34' title="bbox 228 3451 1818 3525">
    <p class='ocr_par' dir='ltr' id='par_1_34' title="bbox 228 3451 1818 3525">
     <span class='ocr_line' id='line_1_34' title="bbox 228 3451 1818 3525; baseline -0.002 -13"><span class='ocrx_word' id='word_1_208' title='bbox 228 3461 399 3512; x_wconf 80' lang='lat' dir='ltr'><strong>stram</strong></span> <span class='ocrx_word' id='word_1_209' title='bbox 421 3453 806 3511; x_wconf 84' lang='lat' dir='ltr'><strong>desideramus.</strong></span> <span class='ocrx_word' id='word_1_210' title='bbox 835 3453 1020 3510; x_wconf 84' lang='lat' dir='ltr'><strong>Tertio</strong></span> <span class='ocrx_word' id='word_1_211' title='bbox 1046 3452 1229 3509; x_wconf 85' lang='lat' dir='ltr'><strong>Nonas</strong></span> <span class='ocrx_word' id='word_1_212' title='bbox 1249 3451 1473 3525; x_wconf 83' lang='lat' dir='ltr'><strong>Aprilis,</strong></span> <span class='ocrx_word' id='word_1_213' title='bbox 1498 3451 1690 3510; x_wconf 87' lang='lat' dir='ltr'><strong>indict.</strong></span> <span class='ocrx_word' id='word_1_214' title='bbox 1710 3467 1818 3509; x_wconf 76' lang='lat' dir='ltr'><strong>xu.</strong></span> 
     </span>
    </p>
   </div>
   <div class='ocr_carea' id='block_1_35' title="bbox 941 3545 1094 3603">
    <p class='ocr_par' dir='ltr' id='par_1_35' title="bbox 941 3545 1094 3603">
     <span class='ocr_line' id='line_1_35' title="bbox 941 3545 1094 3603; baseline -0.02 0"><span class='ocrx_word' id='word_1_215' title='bbox 941 3545 1094 3603; x_wconf 81' lang='lat' dir='ltr'><strong>CCV.</strong></span> 
     </span>
    </p>
   </div>
   <div class='ocr_carea' id='block_1_36' title="bbox 662 3652 1406 3694">
    <p class='ocr_par' dir='ltr' id='par_1_36' title="bbox 662 3652 1406 3694">
     <span class='ocr_line' id='line_1_36' title="bbox 662 3652 1406 3694; baseline -0.001 -2"><span class='ocrx_word' id='word_1_216' title='bbox 662 3655 729 3692; x_wconf 76' lang='lat' dir='ltr'><strong>AD</strong></span> <span class='ocrx_word' id='word_1_217' title='bbox 764 3653 1055 3694; x_wconf 66' lang='lat' dir='ltr'><strong>WIBEBTUI</strong></span> <span class='ocrx_word' id='word_1_218' title='bbox 1094 3652 1406 3694; x_wconf 71' lang='lat' dir='ltr'><strong>EPISCOPUI.</strong></span> 
     </span>
    </p>
   </div>
   <div class='ocr_carea' id='block_1_37' title="bbox 845 3726 1210 3797">
    <p class='ocr_par' dir='ltr' id='par_1_37' title="bbox 845 3726 1210 3797">
     <span class='ocr_line' id='line_1_37' title="bbox 845 3726 1210 3797; baseline -0.003 -16"><span class='ocrx_word' id='word_1_219' title='bbox 845 3727 1024 3797; x_wconf 83' lang='lat' dir='ltr'><strong>(Anno</strong></span> <span class='ocrx_word' id='word_1_220' title='bbox 1061 3726 1210 3797; x_wconf 82' lang='lat'><strong>879.)</strong></span> 
     </span>
    </p>
   </div>
   <div class='ocr_carea' id='block_1_38' title="bbox 233 3817 1823 3892">
    <p class='ocr_par' dir='ltr' id='par_1_38' title="bbox 233 3817 1823 3892">
     <span class='ocr_line' id='line_1_38' title="bbox 233 3817 1823 3892; baseline -0.003 -17"><span class='ocrx_word' id='word_1_221' title='bbox 233 3821 422 3892; x_wconf 77' lang='lat' dir='ltr'><strong>Arguit</strong></span> <span class='ocrx_word' id='word_1_222' title='bbox 450 3836 565 3874; x_wconf 88' lang='lat' dir='ltr'><strong>eum</strong></span> <span class='ocrx_word' id='word_1_223' title='bbox 594 3819 732 3892; x_wconf 84' lang='lat' dir='ltr'><strong>quod</strong></span> <span class='ocrx_word' id='word_1_224' title='bbox 763 3820 839 3873; x_wconf 89' lang='lat' dir='ltr'><strong>bis</strong></span> <span class='ocrx_word' id='word_1_225' title='bbox 882 3828 1088 3892; x_wconf 77' lang='lat' dir='ltr'><strong>vocatus</strong></span> <span class='ocrx_word' id='word_1_226' title='bbox 1131 3818 1200 3892; x_wconf 81' lang='lat' dir='ltr'><strong>ad</strong></span> <span class='ocrx_word' id='word_1_227' title='bbox 1227 3836 1280 3873; x_wconf 83' lang='lat' dir='ltr'><strong>se</strong></span> <span class='ocrx_word' id='word_1_228' title='bbox 1308 3820 1482 3873; x_wconf 86' lang='lat' dir='ltr'><strong>venire</strong></span> <span class='ocrx_word' id='word_1_229' title='bbox 1510 3817 1823 3888; x_wconf 81' lang='lat' dir='ltr'><strong>neglexerit;</strong></span> 
     </span>
    </p>
   </div>
   <div class='ocr_carea' id='block_1_39' title="bbox 452 3889 1606 3961">
    <p class='ocr_par' dir='ltr' id='par_1_39' title="bbox 452 3889 1606 3961">
     <span class='ocr_line' id='line_1_39' title="bbox 452 3889 1606 3961; baseline -0.001 -18"><span class='ocrx_word' id='word_1_230' title='bbox 452 3891 684 3961; x_wconf 76' lang='lat' dir='ltr'><strong>prrecipit</strong></span> <span class='ocrx_word' id='word_1_231' title='bbox 708 3897 763 3942; x_wconf 81' lang='lat' dir='ltr'><strong>ut</strong></span> <span class='ocrx_word' id='word_1_232' title='bbox 786 3889 954 3943; x_wconf 84' lang='lat' dir='ltr'><strong>veniat</strong></span> <span class='ocrx_word' id='word_1_233' title='bbox 995 3889 1208 3958; x_wconf 75' lang='lat' dir='ltr'><strong>objectis</strong></span> <span class='ocrx_word' id='word_1_234' title='bbox 1240 3903 1606 3958; x_wconf 73' lang='lat' dir='ltr'><strong>responsurus.</strong></span> 
     </span>
    </p>
   </div>
   <div class='ocr_carea' id='block_1_40' title="bbox 310 3977 1824 4035">
    <p class='ocr_par' dir='ltr' id='par_1_40' title="bbox 310 3977 1824 4035">
     <span class='ocr_line' id='line_1_40' title="bbox 310 3977 1824 4035; baseline -0.002 0"><span class='ocrx_word' id='word_1_235' title='bbox 310 3979 782 4035; x_wconf 80' lang='lat' dir='ltr'><strong>Reverendissimo</strong></span> <span class='ocrx_word' id='word_1_236' title='bbox 807 3986 863 4032; x_wconf 91' lang='lat' dir='ltr'><strong>et</strong></span> <span class='ocrx_word' id='word_1_237' title='bbox 880 3978 1222 4035; x_wconf 87' lang='lat' dir='ltr'><strong>sanctissimo</strong></span> <span class='ocrx_word' id='word_1_238' title='bbox 1243 3978 1511 4034; x_wconf 77' lang='lat' dir='ltr'><strong>Wissn-ro</strong></span> <span class='ocrx_word' id='word_1_239' title='bbox 1531 3977 1824 4033; x_wconf 77' lang='lat' dir='ltr'><strong>venerabili</strong></span> 
     </span>
    </p>
   </div>
   <div class='ocr_carea' id='block_1_41' title="bbox 234 4069 511 4141">
    <p class='ocr_par' dir='ltr' id='par_1_41' title="bbox 234 4069 511 4141">
     <span class='ocr_line' id='line_1_41' title="bbox 234 4069 511 4141; baseline -0.014 -16"><span class='ocrx_word' id='word_1_240' title='bbox 234 4069 511 4141; x_wconf 80' lang='lat' dir='ltr'><strong>episeopo.</strong></span> 
     </span>
    </p>
   </div>
   <div class='ocr_carea' id='block_1_42' title="bbox 306 4157 1827 4216">
    <p class='ocr_par' dir='ltr' id='par_1_42' title="bbox 306 4157 1827 4216">
     <span class='ocr_line' id='line_1_42' title="bbox 306 4157 1827 4216; baseline -0.003 0"><span class='ocrx_word' id='word_1_241' title='bbox 306 4160 429 4216; x_wconf 69' lang='lat' dir='ltr'><strong>lam</strong></span> <span class='ocrx_word' id='word_1_242' title='bbox 454 4160 601 4214; x_wconf 82' lang='lat' dir='ltr'><strong>enim</strong></span> <span class='ocrx_word' id='word_1_243' title='bbox 654 4158 931 4215; x_wconf 82' lang='lat' dir='ltr'><strong>sanctitati</strong></span> <span class='ocrx_word' id='word_1_244' title='bbox 973 4166 1078 4213; x_wconf 70' lang='lat' dir='ltr'><strong>iure</strong></span> <span class='ocrx_word' id='word_1_245' title='bbox 1124 4158 1208 4214; x_wconf 82' lang='lat' dir='ltr'><strong>bis</strong></span> <span class='ocrx_word' id='word_1_246' title='bbox 1236 4158 1483 4213; x_wconf 88' lang='lat' dir='ltr'><strong>misimus</strong></span> <span class='ocrx_word' id='word_1_247' title='bbox 1525 4165 1584 4212; x_wconf 88' lang='lat' dir='ltr'><strong>ut</strong></span> <span class='ocrx_word' id='word_1_248' title='bbox 1613 4157 1680 4212; x_wconf 85' lang='lat' dir='ltr'><strong>ad</strong></span> <span class='ocrx_word' id='word_1_249' title='bbox 1726 4170 1827 4213; x_wconf 87' lang='lat' dir='ltr'><strong>nos</strong></span> 
     </span>
    </p>
   </div>
   <div class='ocr_carea' id='block_1_43' title="bbox 238 4247 1823 4322">
    <p class='ocr_par' dir='ltr' id='par_1_43' title="bbox 238 4247 1823 4322">
     <span class='ocr_line' id='line_1_43' title="bbox 238 4247 1823 4322; baseline -0.004 -15"><span class='ocrx_word' id='word_1_250' title='bbox 238 4254 475 4315; x_wconf 87' lang='lat' dir='ltr'><strong>venires,</strong></span> <span class='ocrx_word' id='word_1_251' title='bbox 504 4251 596 4306; x_wconf 86' lang='lat' dir='ltr'><strong>sed</strong></span> <span class='ocrx_word' id='word_1_252' title='bbox 622 4250 934 4322; x_wconf 82' lang='lat' dir='ltr'><strong>ignoramus</strong></span> <span class='ocrx_word' id='word_1_253' title='bbox 960 4264 1069 4319; x_wconf 85' lang='lat' dir='ltr'><strong>qua</strong></span> <span class='ocrx_word' id='word_1_254' title='bbox 1100 4249 1406 4305; x_wconf 86' lang='lat' dir='ltr'><strong>temeritate</strong></span> <span class='ocrx_word' id='word_1_255' title='bbox 1435 4263 1542 4303; x_wconf 90' lang='lat' dir='ltr'><strong>non</strong></span> <span class='ocrx_word' id='word_1_256' title='bbox 1569 4247 1823 4312; x_wconf 87' lang='lat' dir='ltr'><strong>obedias;</strong></span> 
     </span>
    </p>
   </div>
   <div class='ocr_carea' id='block_1_44' title="bbox 244 4336 1833 4410">
    <p class='ocr_par' dir='ltr' id='par_1_44' title="bbox 244 4336 1833 4410">
     <span class='ocr_line' id='line_1_44' title="bbox 244 4336 1833 4410; baseline -0.003 -12"><span class='ocrx_word' id='word_1_257' title='bbox 244 4344 554 4410; x_wconf 87' lang='lat' dir='ltr'><strong>iterumque</strong></span> <span class='ocrx_word' id='word_1_258' title='bbox 616 4339 894 4393; x_wconf 71' lang='lat' dir='ltr'><strong>mittimus</strong></span> <span class='ocrx_word' id='word_1_259' title='bbox 932 4348 1013 4402; x_wconf 82' lang='lat' dir='ltr'><strong>ut,</strong></span> <span class='ocrx_word' id='word_1_260' title='bbox 1060 4340 1311 4396; x_wconf 86' lang='lat' dir='ltr'><strong>omnibus</strong></span> <span class='ocrx_word' id='word_1_261' title='bbox 1359 4339 1466 4394; x_wconf 86' lang='lat' dir='ltr'><strong>tuis</strong></span> <span class='ocrx_word' id='word_1_262' title='bbox 1512 4336 1833 4408; x_wconf 84' lang='lat' dir='ltr'><strong>posthabitis</strong></span> 
     </span>
    </p>
   </div>
   <div class='ocr_carea' id='block_1_45' title="bbox 241 4427 1827 4498">
    <p class='ocr_par' dir='ltr' id='par_1_45' title="bbox 241 4427 1827 4498">
     <span class='ocr_line' id='line_1_45' title="bbox 241 4427 1827 4498; baseline -0.005 -11"><span class='ocrx_word' id='word_1_263' title='bbox 241 4432 424 4492; x_wconf 86' lang='lat' dir='ltr'><strong>seriis,</strong></span> <span class='ocrx_word' id='word_1_264' title='bbox 494 4430 562 4484; x_wconf 89' lang='lat' dir='ltr'><strong>ad</strong></span> <span class='ocrx_word' id='word_1_265' title='bbox 613 4444 712 4483; x_wconf 88' lang='lat' dir='ltr'><strong>nos</strong></span> <span class='ocrx_word' id='word_1_266' title='bbox 763 4428 1176 4498; x_wconf 66' lang='lat' dir='ltr'><strong>praesentialiter</strong></span> <span class='ocrx_word' id='word_1_267' title='bbox 1226 4428 1518 4491; x_wconf 82' lang='lat' dir='ltr'><strong>acceleres,</strong></span> <span class='ocrx_word' id='word_1_268' title='bbox 1575 4427 1827 4498; x_wconf 89' lang='lat' dir='ltr'><strong>quoniam</strong></span> 
     </span>
    </p>
   </div>
   <div class='ocr_carea' id='block_1_46' title="bbox 240 4518 1608 4590">
    <p class='ocr_par' dir='ltr' id='par_1_46' title="bbox 240 4518 1608 4590">
     <span class='ocr_line' id='line_1_46' title="bbox 240 4518 1608 4590; baseline -0.004 -14"><span class='ocrx_word' id='word_1_269' title='bbox 240 4521 399 4577; x_wconf 78' lang='lat' dir='ltr'><strong>multi</strong></span> <span class='ocrx_word' id='word_1_270' title='bbox 428 4535 595 4590; x_wconf 81' lang='lat' dir='ltr'><strong>supra</strong></span> <span class='ocrx_word' id='word_1_271' title='bbox 616 4526 669 4573; x_wconf 87' lang='lat' dir='ltr'><strong>te</strong></span> <span class='ocrx_word' id='word_1_272' title='bbox 697 4518 1020 4583; x_wconf 84' lang='lat' dir='ltr'><strong>reclamant,</strong></span> <span class='ocrx_word' id='word_1_273' title='bbox 1055 4519 1292 4573; x_wconf 74' lang='lat' dir='ltr'><strong>maxime</strong></span> <span class='ocrx_word' id='word_1_274' title='bbox 1330 4518 1417 4573; x_wconf 88' lang='lat' dir='ltr'><strong>bie</strong></span> <span class='ocrx_word' id='word_1_275' title='bbox 1444 4531 1608 4572; x_wconf 75' lang='lat' dir='ltr'><strong>senex</strong></span> 
     </span>
    </p>
   </div>
   <div class='ocr_carea' id='block_1_47' title="bbox 241 4605 1829 4682">
    <p class='ocr_par' dir='ltr' id='par_1_47' title="bbox 241 4605 1829 4682">
     <span class='ocr_line' id='line_1_47' title="bbox 241 4605 1829 4682; baseline -0.006 -12"><span class='ocrx_word' id='word_1_276' title='bbox 241 4614 347 4670; x_wconf 81' lang='lat' dir='ltr'><strong>hoc</strong></span> <span class='ocrx_word' id='word_1_277' title='bbox 372 4612 482 4682; x_wconf 81' lang='lat' dir='ltr'><strong>jam</strong></span> <span class='ocrx_word' id='word_1_278' title='bbox 513 4609 742 4665; x_wconf 76' lang='lat' dir='ltr'><strong>Romam</strong></span> <span class='ocrx_word' id='word_1_279' title='bbox 774 4608 921 4664; x_wconf 86' lang='lat' dir='ltr'><strong>venit</strong></span> <span class='ocrx_word' id='word_1_280' title='bbox 942 4624 1044 4679; x_wconf 90' lang='lat' dir='ltr'><strong>pro</strong></span> <span class='ocrx_word' id='word_1_281' title='bbox 1062 4623 1160 4663; x_wconf 88' lang='lat' dir='ltr'><strong>suo</strong></span> <span class='ocrx_word' id='word_1_282' title='bbox 1189 4607 1538 4663; x_wconf 86' lang='lat' dir='ltr'><strong>monasterio.</strong></span> <span class='ocrx_word' id='word_1_283' title='bbox 1564 4605 1829 4661; x_wconf 61' lang='lat' dir='ltr'><strong>Caeterum</strong></span> 
     </span>
    </p>
   </div>
   <div class='ocr_carea' id='block_1_48' title="bbox 241 4689 1832 4776">
    <p class='ocr_par' dir='ltr' id='par_1_48' title="bbox 241 4689 1832 4776">
     <span class='ocr_line' id='line_1_48' title="bbox 241 4689 1832 4776; baseline -0.006 -13"><span class='ocrx_word' id='word_1_284' title='bbox 241 4705 448 4776; x_wconf 80' lang='lat' dir='ltr'><strong>sapias,</strong></span> <span class='ocrx_word' id='word_1_285' title='bbox 475 4703 522 4757; x_wconf 92' lang='lat' dir='ltr'><strong>si</strong></span> <span class='ocrx_word' id='word_1_286' title='bbox 550 4702 733 4758; x_wconf 90' lang='lat' dir='ltr'><strong>venire</strong></span> <span class='ocrx_word' id='word_1_287' title='bbox 759 4701 1058 4767; x_wconf 82' lang='lat' dir='ltr'><strong>distuleris,</strong></span> <span class='ocrx_word' id='word_1_288' title='bbox 1081 4710 1133 4756; x_wconf 90' lang='lat' dir='ltr'><strong>te</strong></span> <span class='ocrx_word' id='word_1_289' title='bbox 1153 4697 1757 4762; x_wconf 78' lang='lat' dir='ltr'><strong>excommunicandnm,</strong></span> <span class='ocrx_word' id='word_1_290' title='bbox 1783 4689 1832 4753; x_wconf 60' lang='lat' dir='ltr'><strong>si</strong></span> 
     </span>
    </p>
   </div>
   <div class='ocr_carea' id='block_1_49' title="bbox 241 4787 1829 4868">
    <p class='ocr_par' dir='ltr' id='par_1_49' title="bbox 241 4787 1829 4868">
     <span class='ocr_line' id='line_1_49' title="bbox 241 4787 1829 4868; baseline -0.006 -18"><span class='ocrx_word' id='word_1_291' title='bbox 241 4793 610 4868; x_wconf 78' lang='lat' dir='ltr'><strong>perseveraris</strong></span> <span class='ocrx_word' id='word_1_292' title='bbox 652 4792 707 4847; x_wconf 92' lang='lat' dir='ltr'><strong>in</strong></span> <span class='ocrx_word' id='word_1_293' title='bbox 738 4800 825 4846; x_wconf 90' lang='lat' dir='ltr'><strong>tua</strong></span> <span class='ocrx_word' id='word_1_294' title='bbox 864 4790 930 4865; x_wconf 83' lang='lat' dir='ltr'><strong>[f.</strong></span> <span class='ocrx_word' id='word_1_295' title='bbox 957 4791 1100 4847; x_wconf 75' lang='lat' dir='ltr'><strong>deest</strong></span> <span class='ocrx_word' id='word_1_296' title='bbox 1142 4787 1535 4861; x_wconf 86' lang='lat' dir='ltr'><strong>obstinatione]</strong></span> <span class='ocrx_word' id='word_1_297' title='bbox 1608 4789 1773 4844; x_wconf 84' lang='lat' dir='ltr'><strong>etiam</strong></span> <span class='ocrx_word' id='word_1_298' title='bbox 1799 4800 1829 4841; x_wconf 84' lang='lat' dir='ltr'><strong>a</strong></span> 
     </span>
    </p>
   </div>
   <div class='ocr_carea' id='block_1_50' title="bbox 242 4880 1473 4951">
    <p class='ocr_par' dir='ltr' id='par_1_50' title="bbox 242 4880 1473 4951">
     <span class='ocr_line' id='line_1_50' title="bbox 242 4880 1473 4951; baseline -0.009 -8"><span class='ocrx_word' id='word_1_299' title='bbox 242 4883 629 4943; x_wconf 87' lang='lat' dir='ltr'><strong>communione</strong></span> <span class='ocrx_word' id='word_1_300' title='bbox 654 4882 1018 4938; x_wconf 82' lang='lat' dir='ltr'><strong>alienandum.</strong></span> <span class='ocrx_word' id='word_1_301' title='bbox 1050 4880 1183 4937; x_wconf 85' lang='lat' dir='ltr'><strong>Data</strong></span> <span class='ocrx_word' id='word_1_302' title='bbox 1209 4894 1264 4935; x_wconf 87' lang='lat' dir='ltr'><strong>ut</strong></span> <span class='ocrx_word' id='word_1_303' title='bbox 1291 4896 1473 4951; x_wconf 84' lang='lat' dir='ltr'><strong>supra.</strong></span> 
     </span>
    </p>
   </div>
   <div class='ocr_carea' id='block_1_51' title="bbox 951 4988 1127 5045">
    <p class='ocr_par' dir='ltr' id='par_1_51' title="bbox 951 4988 1127 5045">
     <span class='ocr_line' id='line_1_51' title="bbox 951 4988 1127 5045; baseline -0.017 0"><span class='ocrx_word' id='word_1_304' title='bbox 951 4988 1127 5045; x_wconf 81' lang='lat' dir='ltr'><strong>CCVI.</strong></span> 
     </span>
    </p>
   </div>
   <div class='ocr_carea' id='block_1_52' title="bbox 654 5094 1430 5139">
    <p class='ocr_par' dir='ltr' id='par_1_52' title="bbox 654 5094 1430 5139">
     <span class='ocr_line' id='line_1_52' title="bbox 654 5094 1430 5139; baseline -0.008 0"><span class='ocrx_word' id='word_1_305' title='bbox 654 5098 722 5139; x_wconf 64' lang='lat' dir='ltr'><strong>AD</strong></span> <span class='ocrx_word' id='word_1_306' title='bbox 760 5094 1132 5139; x_wconf 71' lang='grc' dir='ltr'>Βειιειιωιιιιιιι</span> <span class='ocrx_word' id='word_1_307' title='bbox 1171 5095 1430 5137; x_wconf 75' lang='lat' dir='ltr'><strong>COIITEI.</strong></span> 
     </span>
    </p>
   </div>
   <div class='ocr_carea' id='block_1_53' title="bbox 855 5168 1224 5243">
    <p class='ocr_par' dir='ltr' id='par_1_53' title="bbox 855 5168 1224 5243">
     <span class='ocr_line' id='line_1_53' title="bbox 855 5168 1224 5243; baseline -0.003 -18"><span class='ocrx_word' id='word_1_308' title='bbox 855 5171 1034 5243; x_wconf 84' lang='lat' dir='ltr'><strong>(Auno</strong></span> <span class='ocrx_word' id='word_1_309' title='bbox 1072 5168 1224 5242; x_wconf 79' lang='lat'><strong>879.)</strong></span> 
     </span>
    </p>
   </div>
   <div class='ocr_carea' id='block_1_54' title="bbox 245 5258 1839 5344">
    <p class='ocr_par' dir='ltr' id='par_1_54' title="bbox 245 5258 1839 5344">
     <span class='ocr_line' id='line_1_54' title="bbox 245 5258 1839 5344; baseline -0.011 -18"><span class='ocrx_word' id='word_1_310' title='bbox 245 5269 501 5344; x_wconf 78' lang='lat' dir='ltr'><strong>Declarat</strong></span> <span class='ocrx_word' id='word_1_311' title='bbox 548 5283 701 5344; x_wconf 63' lang='lat' dir='ltr'><strong>suam</strong></span> <span class='ocrx_word' id='word_1_312' title='bbox 752 5266 808 5317; x_wconf 82' lang='lat' dir='ltr'><strong>in</strong></span> <span class='ocrx_word' id='word_1_313' title='bbox 858 5276 976 5344; x_wconf 58' lang='lat' dir='ltr'><strong>ang</strong></span> <span class='ocrx_word' id='word_1_314' title='bbox 1018 5261 1452 5344; x_wconf 63' lang='lat' dir='ltr'><strong>benevolentiam,</strong></span> <span class='ocrx_word' id='word_1_315' title='bbox 1506 5258 1839 5344; x_wconf 66' lang='lat' dir='ltr'><strong>commendat</strong></span> 
     </span>
    </p>
   </div>
   <div class='ocr_carea' id='block_1_55' title="bbox 321 5330 1840 5414">
    <p class='ocr_par' dir='ltr' id='par_1_55' title="bbox 321 5330 1840 5414">
     <span class='ocr_line' id='line_1_55' title="bbox 321 5330 1840 5414; baseline -0.01 -21"><span class='ocrx_word' id='word_1_316' title='bbox 321 5338 593 5414; x_wconf 51' lang='grc' dir='ltr'><strong>(μείνῃς</strong></span> <span class='ocrx_word' id='word_1_317' title='bbox 609 5336 902 5412; x_wconf 61' lang='lat' dir='ltr'><strong>Remanent</strong></span> <span class='ocrx_word' id='word_1_318' title='bbox 927 5330 1224 5414; x_wconf 64' lang='lat' dir='ltr'><strong>Ecclesium</strong></span> <span class='ocrx_word' id='word_1_319' title='bbox 1249 5330 1663 5414; x_wconf 41' lang='lat' dir='ltr'><strong>angustiam;</strong></span> <span class='ocrx_word' id='word_1_320' title='bbox 1680 5335 1840 5414; x_wconf 53' lang='lat' dir='ltr'><strong>rogas</strong></span> 
     </span>
    </p>
   </div>
   <div class='ocr_carea' id='block_1_56' title="bbox 324 5397 1837 5530">
    <p class='ocr_par' dir='ltr' id='par_1_56' title="bbox 324 5397 1837 5530">
     <span class='ocr_line' id='line_1_56' title="bbox 324 5397 1837 5477; baseline -0.009 -14"><span class='ocrx_word' id='word_1_321' title='bbox 324 5397 383 5463; x_wconf 79' lang='grc' dir='ltr'>ιῖι</span> <span class='ocrx_word' id='word_1_322' title='bbox 424 5397 746 5477; x_wconf 64' lang='lat' dir='ltr'><strong>Stephanum</strong></span> <span class='ocrx_word' id='word_1_323' title='bbox 770 5401 1068 5471; x_wconf 79' lang='lat' dir='ltr'><strong>episcopum</strong></span> <span class='ocrx_word' id='word_1_324' title='bbox 1108 5403 1165 5456; x_wconf 84' lang='lat' dir='ltr'><strong>in</strong></span> <span class='ocrx_word' id='word_1_325' title='bbox 1206 5399 1413 5455; x_wconf 83' lang='lat' dir='ltr'><strong>tuendis</strong></span> <span class='ocrx_word' id='word_1_326' title='bbox 1440 5397 1690 5454; x_wconf 73' lang='lat' dir='ltr'><strong>Ecclesia:</strong></span> <span class='ocrx_word' id='word_1_327' title='bbox 1725 5410 1837 5451; x_wconf 78' lang='lat' dir='ltr'><strong>sua:</strong></span> 
     </span>
     <span class='ocr_line' id='line_1_57' title="bbox 325 5474 1244 5530; baseline -0.008 0"><span class='ocrx_word' id='word_1_328' title='bbox 325 5474 531 5530; x_wconf 84' lang='lat' dir='ltr'><strong>iuribus</strong></span> <span class='ocrx_word' id='word_1_329' title='bbox 561 5476 794 5530; x_wconf 84' lang='lat' dir='ltr'><strong>adiuvet.</strong></span> <span class='ocrx_word' id='word_1_330' title='bbox 1238 5482 1244 5488; x_wconf 91' lang='lat'><strong>‘</strong></span> 
     </span>
    </p>
   </div>
   <div class='ocr_carea' id='block_1_57' title="bbox 325 5487 794 5547">
    <p class='ocr_par' dir='ltr' id='par_1_57' title="bbox 325 5487 794 5547">
     <span class='ocr_line' id='line_1_58' title="bbox 325 5487 794 5547; baseline -0.013 -16"><span class='ocrx_word' id='word_1_331' title='bbox 325 5487 531 5538; x_wconf 67' lang='lat' dir='ltr'><strong>furibus</strong></span> <span class='ocrx_word' id='word_1_332' title='bbox 561 5487 794 5547; x_wconf 83' lang='lat' dir='ltr'><strong>adjuvet.</strong></span> 
     </span>
    </p>
   </div>
   <div class='ocr_carea' id='block_1_58' title="bbox 328 5557 1548 5634">
    <p class='ocr_par' dir='ltr' id='par_1_58' title="bbox 328 5557 1548 5634">
     <span class='ocr_line' id='line_1_59' title="bbox 328 5557 1548 5634; baseline -0.009 -12"><span class='ocrx_word' id='word_1_333' title='bbox 328 5566 536 5622; x_wconf 87' lang='lat' dir='ltr'><strong>Dilecto</strong></span> <span class='ocrx_word' id='word_1_334' title='bbox 567 5566 677 5623; x_wconf 87' lang='lat' dir='ltr'><strong>lilio</strong></span> <span class='ocrx_word' id='word_1_335' title='bbox 704 5567 1049 5622; x_wconf 71' lang='lat' dir='ltr'><strong>Bsnsncamo</strong></span> <span class='ocrx_word' id='word_1_336' title='bbox 1082 5558 1317 5634; x_wconf 80' lang='lat' dir='ltr'><strong>glorioso</strong></span> <span class='ocrx_word' id='word_1_337' title='bbox 1343 5557 1548 5616; x_wconf 91' lang='lat' dir='ltr'><strong>comiti.</strong></span> 
     </span>
    </p>
   </div>
   <div class='ocr_carea' id='block_1_59' title="bbox 1418 354 2279 434">
    <p class='ocr_par' dir='ltr' id='par_1_59' title="bbox 1418 354 2279 434">
     <span class='ocr_line' id='line_1_60' title="bbox 1418 354 2279 434; baseline 0.013 -13"><span class='ocrx_word' id='word_1_338' title='bbox 1418 354 1776 424; x_wconf 65' lang='lat' dir='ltr'><strong>errarem:</strong></span> <span class='ocrx_word' id='word_1_339' title='bbox 1810 370 1900 426; x_wconf 72' lang='grc' dir='ltr'><strong>ετ</strong></span> <span class='ocrx_word' id='word_1_340' title='bbox 1938 374 2279 434; x_wconf 67' lang='lat' dir='ltr'><strong>neuneu.</strong></span> 
     </span>
    </p>
   </div>
   <div class='ocr_carea' id='block_1_60' title="bbox 1816 486 3497 571">
    <p class='ocr_par' dir='ltr' id='par_1_60' title="bbox 1816 486 3497 571">
     <span class='ocr_line' id='line_1_61' title="bbox 1816 486 3497 571; baseline 0.009 -26"><span class='ocrx_word' id='word_1_341' title='bbox 1816 486 1868 545; x_wconf 77' lang='grc' dir='ltr'><strong>Α</strong></span> <span class='ocrx_word' id='word_1_342' title='bbox 1960 487 2101 553; x_wconf 82' lang='lat' dir='ltr'><strong>Quia</strong></span> <span class='ocrx_word' id='word_1_343' title='bbox 2128 504 2484 559; x_wconf 62' lang='lat' dir='ltr'><strong>praeessores</strong></span> <span class='ocrx_word' id='word_1_344' title='bbox 2529 502 2766 563; x_wconf 85' lang='lat' dir='ltr'><strong>nostros,</strong></span> <span class='ocrx_word' id='word_1_345' title='bbox 2797 512 2981 554; x_wconf 74' lang='lat' dir='ltr'><strong>saeros</strong></span> <span class='ocrx_word' id='word_1_346' title='bbox 3005 496 3254 557; x_wconf 81' lang='lat' dir='ltr'><strong>videlicet</strong></span> <span class='ocrx_word' id='word_1_347' title='bbox 3284 500 3464 571; x_wconf 54' lang='lat' dir='ltr'><strong>ponti;</strong></span> <span class='ocrx_word' id='word_1_348' title='bbox 3490 494 3497 519; x_wconf 40' lang='grc' dir='ltr'><strong>ἱ</strong></span> 
     </span>
    </p>
   </div>
   <div class='ocr_carea' id='block_1_61' title="bbox 3359 362 3497 450">
    <p class='ocr_par' dir='ltr' id='par_1_61' title="bbox 3359 362 3497 450">
     <span class='ocr_line' id='line_1_62' title="bbox 3359 362 3497 450; baseline 0 -1"><span class='ocrx_word' id='word_1_349' title='bbox 3359 362 3497 450; x_wconf 45' lang='lat' dir='ltr'><strong>sesi</strong></span> 
     </span>
    </p>
   </div>
   <div class='ocr_carea' id='block_1_62' title="bbox 1897 578 3493 659">
    <p class='ocr_par' dir='ltr' id='par_1_62' title="bbox 1897 578 3493 659">
     <span class='ocr_line' id='line_1_63' title="bbox 1897 578 3493 659; baseline 0.013 -26"><span class='ocrx_word' id='word_1_350' title='bbox 1897 578 2050 644; x_wconf 81' lang='lat' dir='ltr'><strong>lices,</strong></span> <span class='ocrx_word' id='word_1_351' title='bbox 2085 582 2379 650; x_wconf 84' lang='lat' dir='ltr'><strong>imitantes,</strong></span> <span class='ocrx_word' id='word_1_352' title='bbox 2423 586 2512 655; x_wconf 89' lang='lat' dir='ltr'><strong>qui</strong></span> <span class='ocrx_word' id='word_1_353' title='bbox 2560 585 2823 656; x_wconf 85' lang='lat' dir='ltr'><strong>gloriosos</strong></span> <span class='ocrx_word' id='word_1_354' title='bbox 2860 586 3231 659; x_wconf 82' lang='lat' dir='ltr'><strong>progenitores</strong></span> <span class='ocrx_word' id='word_1_355' title='bbox 3260 598 3493 653; x_wconf 72' lang='lat' dir='ltr'><strong>vestros&quot;</strong></span> 
     </span>
    </p>
   </div>
   <div class='ocr_carea' id='block_1_63' title="bbox 1897 670 3481 752">
    <p class='ocr_par' dir='ltr' id='par_1_63' title="bbox 1897 670 3481 752">
     <span class='ocr_line' id='line_1_64' title="bbox 1897 670 3481 752; baseline 0.008 -26"><span class='ocrx_word' id='word_1_356' title='bbox 1897 670 2071 741; x_wconf 78' lang='lat' dir='ltr'><strong>dignis</strong></span> <span class='ocrx_word' id='word_1_357' title='bbox 2112 686 2326 744; x_wconf 82' lang='lat' dir='ltr'><strong>semper</strong></span> <span class='ocrx_word' id='word_1_358' title='bbox 2366 674 2661 733; x_wconf 80' lang='lat' dir='ltr'><strong>honoribus</strong></span> <span class='ocrx_word' id='word_1_359' title='bbox 2704 676 3155 748; x_wconf 77' lang='lat' dir='ltr'><strong>gloriﬁcaverunt,</strong></span> <span class='ocrx_word' id='word_1_360' title='bbox 3195 694 3290 738; x_wconf 84' lang='lat' dir='ltr'><strong>vos</strong></span> <span class='ocrx_word' id='word_1_361' title='bbox 3317 683 3481 752; x_wconf 76' lang='lat' dir='ltr'><strong>quasi</strong></span> 
     </span>
    </p>
   </div>
   <div class='ocr_carea' id='block_1_64' title="bbox 1896 760 3468 846">
    <p class='ocr_par' dir='ltr' id='par_1_64' title="bbox 1896 760 3468 846">
     <span class='ocr_line' id='line_1_65' title="bbox 1896 760 3468 846; baseline 0.008 -30"><span class='ocrx_word' id='word_1_362' title='bbox 1896 760 2150 817; x_wconf 89' lang='lat' dir='ltr'><strong>dilectum</strong></span> <span class='ocrx_word' id='word_1_363' title='bbox 2175 774 2233 819; x_wconf 91' lang='lat' dir='ltr'><strong>et</strong></span> <span class='ocrx_word' id='word_1_364' title='bbox 2255 764 2550 835; x_wconf 83' lang='lat' dir='ltr'><strong>spiritalem</strong></span> <span class='ocrx_word' id='word_1_365' title='bbox 2572 766 2737 822; x_wconf 83' lang='lat' dir='ltr'><strong>lilium</strong></span> <span class='ocrx_word' id='word_1_366' title='bbox 2758 778 2983 839; x_wconf 89' lang='lat' dir='ltr'><strong>paterno</strong></span> <span class='ocrx_word' id='word_1_367' title='bbox 3012 772 3255 846; x_wconf 89' lang='lat' dir='ltr'><strong>cupimus</strong></span> <span class='ocrx_word' id='word_1_368' title='bbox 3275 773 3468 829; x_wconf 82' lang='lat' dir='ltr'><strong>aﬂectu</strong></span> 
     </span>
    </p>
   </div>
   <div class='ocr_carea' id='block_1_65' title="bbox 1898 853 3469 926">
    <p class='ocr_par' dir='ltr' id='par_1_65' title="bbox 1898 853 3469 926">
     <span class='ocr_line' id='line_1_66' title="bbox 1898 853 3469 926; baseline 0.008 -18"><span class='ocrx_word' id='word_1_369' title='bbox 1898 853 2121 924; x_wconf 78' lang='lat' dir='ltr'><strong>diligere</strong></span> <span class='ocrx_word' id='word_1_370' title='bbox 2169 864 2225 910; x_wconf 86' lang='lat' dir='ltr'><strong>et</strong></span> <span class='ocrx_word' id='word_1_371' title='bbox 2274 856 2565 926; x_wconf 83' lang='lat' dir='ltr'><strong>gloriosum</strong></span> <span class='ocrx_word' id='word_1_372' title='bbox 2620 859 2674 913; x_wconf 89' lang='lat' dir='ltr'><strong>in</strong></span> <span class='ocrx_word' id='word_1_373' title='bbox 2727 860 2979 917; x_wconf 87' lang='lat' dir='ltr'><strong>omnibus</strong></span> <span class='ocrx_word' id='word_1_374' title='bbox 3030 864 3281 920; x_wconf 86' lang='lat' dir='ltr'><strong>retinere.</strong></span> <span class='ocrx_word' id='word_1_375' title='bbox 3336 864 3469 920; x_wconf 83' lang='lat' dir='ltr'><strong>Nam</strong></span> 
     </span>
    </p>
   </div>
   <div class='ocr_carea' id='block_1_66' title="bbox 1899 946 3471 1016">
    <p class='ocr_par' dir='ltr' id='par_1_66' title="bbox 1899 946 3471 1016">
     <span class='ocr_line' id='line_1_67' title="bbox 1899 946 3471 1016; baseline 0.008 -17"><span class='ocrx_word' id='word_1_376' title='bbox 1899 946 2038 1000; x_wconf 84' lang='lat' dir='ltr'><strong>sicut</strong></span> <span class='ocrx_word' id='word_1_377' title='bbox 2065 960 2163 1016; x_wconf 81' lang='lat' dir='ltr'><strong>per</strong></span> <span class='ocrx_word' id='word_1_378' title='bbox 2206 948 2460 1003; x_wconf 74' lang='lat' dir='ltr'><strong>Domuum</strong></span> <span class='ocrx_word' id='word_1_379' title='bbox 2514 949 2772 1005; x_wconf 78' lang='lat' dir='ltr'><strong>eximium</strong></span> <span class='ocrx_word' id='word_1_380' title='bbox 2819 952 3011 1007; x_wconf 87' lang='lat' dir='ltr'><strong>ducem</strong></span> <span class='ocrx_word' id='word_1_381' title='bbox 3042 962 3096 1008; x_wconf 92' lang='lat' dir='ltr'><strong>et</strong></span> <span class='ocrx_word' id='word_1_382' title='bbox 3126 953 3337 1012; x_wconf 77' lang='lat' dir='ltr'><strong>ﬁdelem</strong></span> <span class='ocrx_word' id='word_1_383' title='bbox 3375 973 3471 1011; x_wconf 86' lang='lat' dir='ltr'><strong>no-</strong></span> 
     </span>
    </p>
   </div>
   <div class='ocr_carea' id='block_1_67' title="bbox 1898 1028 3472 1116">
    <p class='ocr_par' dir='ltr' id='par_1_67' title="bbox 1898 1028 3472 1116">
     <span class='ocr_line' id='line_1_68' title="bbox 1898 1028 3472 1116; baseline 0.007 -24"><span class='ocrx_word' id='word_1_384' title='bbox 1898 1045 2069 1092; x_wconf 84' lang='lat' dir='ltr'><strong>strum</strong></span> <span class='ocrx_word' id='word_1_385' title='bbox 2098 1039 2252 1094; x_wconf 89' lang='lat' dir='ltr'><strong>nobis</strong></span> <span class='ocrx_word' id='word_1_386' title='bbox 2275 1039 2572 1095; x_wconf 88' lang='lat' dir='ltr'><strong>intimaudo</strong></span> <span class='ocrx_word' id='word_1_387' title='bbox 2593 1040 2908 1109; x_wconf 82' lang='lat' dir='ltr'><strong>mandastis,</strong></span> <span class='ocrx_word' id='word_1_388' title='bbox 2923 1045 3067 1112; x_wconf 88' lang='lat' dir='ltr'><strong>quod</strong></span> <span class='ocrx_word' id='word_1_389' title='bbox 3079 1060 3203 1116; x_wconf 81' lang='lat' dir='ltr'><strong>crga</strong></span> <span class='ocrx_word' id='word_1_390' title='bbox 3227 1028 3472 1103; x_wconf 86' lang='lat' dir='ltr'><strong>sanctam</strong></span> 
     </span>
    </p>
   </div>
   <div class='ocr_carea' id='block_1_68' title="bbox 1899 1129 3471 1204">
    <p class='ocr_par' dir='ltr' id='par_1_68' title="bbox 1899 1129 3471 1204">
     <span class='ocr_line' id='line_1_69' title="bbox 1899 1129 3471 1204; baseline 0.006 -20"><span class='ocrx_word' id='word_1_391' title='bbox 1899 1129 2082 1184; x_wconf 83' lang='lat' dir='ltr'><strong>sedem</strong></span> <span class='ocrx_word' id='word_1_392' title='bbox 2126 1129 2474 1203; x_wconf 86' lang='lat' dir='ltr'><strong>apostolicam</strong></span> <span class='ocrx_word' id='word_1_393' title='bbox 2501 1140 2556 1184; x_wconf 90' lang='lat' dir='ltr'><strong>et</strong></span> <span class='ocrx_word' id='word_1_394' title='bbox 2591 1139 2831 1186; x_wconf 88' lang='lat' dir='ltr'><strong>nostram</strong></span> <span class='ocrx_word' id='word_1_395' title='bbox 2873 1135 3249 1204; x_wconf 86' lang='lat' dir='ltr'><strong>paternitatem</strong></span> <span class='ocrx_word' id='word_1_396' title='bbox 3291 1152 3389 1192; x_wconf 89' lang='lat' dir='ltr'><strong>vos</strong></span> <span class='ocrx_word' id='word_1_397' title='bbox 3417 1137 3471 1194; x_wconf 92' lang='lat' dir='ltr'><strong>in</strong></span> 
     </span>
    </p>
   </div>
   <div class='ocr_carea' id='block_1_69' title="bbox 1899 1219 3475 1289">
    <p class='ocr_par' dir='ltr' id='par_1_69' title="bbox 1899 1219 3475 1289">
     <span class='ocr_line' id='line_1_70' title="bbox 1899 1219 3475 1289; baseline 0.006 -17"><span class='ocrx_word' id='word_1_398' title='bbox 1899 1219 2148 1275; x_wconf 82' lang='lat' dir='ltr'><strong>omnibus</strong></span> <span class='ocrx_word' id='word_1_399' title='bbox 2164 1219 2341 1274; x_wconf 86' lang='lat' dir='ltr'><strong>devoti</strong></span> <span class='ocrx_word' id='word_1_400' title='bbox 2367 1228 2423 1274; x_wconf 92' lang='lat' dir='ltr'><strong>et</strong></span> <span class='ocrx_word' id='word_1_401' title='bbox 2445 1220 2756 1278; x_wconf 87' lang='lat' dir='ltr'><strong>obedientes</strong></span> <span class='ocrx_word' id='word_1_402' title='bbox 2781 1236 2901 1278; x_wconf 89' lang='lat' dir='ltr'><strong>esse</strong></span> <span class='ocrx_word' id='word_1_403' title='bbox 2922 1223 3209 1289; x_wconf 86' lang='lat' dir='ltr'><strong>deberetis,</strong></span> <span class='ocrx_word' id='word_1_404' title='bbox 3232 1240 3475 1281; x_wconf 79' lang='lat' dir='ltr'><strong>omnem-</strong></span> 
     </span>
    </p>
   </div>
   <div class='ocr_carea' id='block_1_70' title="bbox 1901 1310 3476 1381">
    <p class='ocr_par' dir='ltr' id='par_1_70' title="bbox 1901 1310 3476 1381">
     <span class='ocr_line' id='line_1_71' title="bbox 1901 1310 3476 1381; baseline 0.007 -21"><span class='ocrx_word' id='word_1_405' title='bbox 1901 1323 2008 1379; x_wconf 87' lang='lat' dir='ltr'><strong>que</strong></span> <span class='ocrx_word' id='word_1_406' title='bbox 2052 1316 2289 1363; x_wconf 84' lang='lat' dir='ltr'><strong>nostram</strong></span> <span class='ocrx_word' id='word_1_407' title='bbox 2337 1310 2667 1366; x_wconf 81' lang='lat' dir='ltr'><strong>voluntatem</strong></span> <span class='ocrx_word' id='word_1_408' title='bbox 2714 1313 2867 1381; x_wconf 87' lang='lat' dir='ltr'><strong>quasi</strong></span> <span class='ocrx_word' id='word_1_409' title='bbox 2919 1314 3061 1370; x_wconf 81' lang='lat' dir='ltr'><strong>illius</strong></span> <span class='ocrx_word' id='word_1_410' title='bbox 3125 1316 3476 1371; x_wconf 86' lang='lat' dir='ltr'><strong>eharissimus</strong></span> 
     </span>
    </p>
   </div>
   <div class='ocr_carea' id='block_1_71' title="bbox 1901 1402 3474 1477">
    <p class='ocr_par' dir='ltr' id='par_1_71' title="bbox 1901 1402 3474 1477">
     <span class='ocr_line' id='line_1_72' title="bbox 1901 1402 3474 1477; baseline 0.003 -19"><span class='ocrx_word' id='word_1_411' title='bbox 1901 1403 2290 1472; x_wconf 86' lang='lat' dir='ltr'><strong>adimpleretis,</strong></span> <span class='ocrx_word' id='word_1_412' title='bbox 2317 1402 2543 1457; x_wconf 87' lang='lat' dir='ltr'><strong>multum</strong></span> <span class='ocrx_word' id='word_1_413' title='bbox 2567 1402 2763 1461; x_wconf 78' lang='lat' dir='ltr'><strong>fuimus</strong></span> <span class='ocrx_word' id='word_1_414' title='bbox 2783 1405 2949 1475; x_wconf 79' lang='lat' dir='ltr'><strong>gavisi</strong></span> <span class='ocrx_word' id='word_1_415' title='bbox 2975 1424 2990 1461; x_wconf 91' lang='lat'><strong>:</strong></span> <span class='ocrx_word' id='word_1_416' title='bbox 3016 1407 3108 1462; x_wconf 85' lang='lat' dir='ltr'><strong>sed</strong></span> <span class='ocrx_word' id='word_1_417' title='bbox 3129 1408 3254 1477; x_wconf 88' lang='lat' dir='ltr'><strong>quia</strong></span> <span class='ocrx_word' id='word_1_418' title='bbox 3278 1409 3474 1463; x_wconf 87' lang='lat' dir='ltr'><strong>iterum</strong></span> 
     </span>
    </p>
   </div>
   <div class='ocr_carea' id='block_1_72' title="bbox 1902 1490 3475 1565">
    <p class='ocr_par' dir='ltr' id='par_1_72' title="bbox 1902 1490 3475 1565">
     <span class='ocr_line' id='line_1_73' title="bbox 1902 1490 3475 1565; baseline 0.003 -18"><span class='ocrx_word' id='word_1_419' title='bbox 1902 1507 2000 1563; x_wconf 86' lang='lat' dir='ltr'><strong>per</strong></span> <span class='ocrx_word' id='word_1_420' title='bbox 2029 1490 2248 1547; x_wconf 87' lang='lat' dir='ltr'><strong>Petrum</strong></span> <span class='ocrx_word' id='word_1_421' title='bbox 2282 1493 2650 1548; x_wconf 86' lang='lat' dir='ltr'><strong>venerabilem</strong></span> <span class='ocrx_word' id='word_1_422' title='bbox 2673 1494 2982 1565; x_wconf 86' lang='lat' dir='ltr'><strong>episcopum</strong></span> <span class='ocrx_word' id='word_1_423' title='bbox 3012 1503 3062 1551; x_wconf 90' lang='lat' dir='ltr'><strong>et</strong></span> <span class='ocrx_word' id='word_1_424' title='bbox 3100 1494 3360 1551; x_wconf 85' lang='lat' dir='ltr'><strong>Joannem</strong></span> <span class='ocrx_word' id='word_1_425' title='bbox 3386 1496 3475 1551; x_wconf 84' lang='lat' dir='ltr'><strong>in-</strong></span> 
     </span>
    </p>
   </div>
   <div class='ocr_carea' id='block_1_73' title="bbox 1901 1580 3477 1654">
    <p class='ocr_par' dir='ltr' id='par_1_73' title="bbox 1901 1580 3477 1654">
     <span class='ocr_line' id='line_1_74' title="bbox 1901 1580 3477 1654; baseline 0.001 -15"><span class='ocrx_word' id='word_1_426' title='bbox 1901 1580 2108 1652; x_wconf 80' lang='lat' dir='ltr'><strong>signem</strong></span> <span class='ocrx_word' id='word_1_427' title='bbox 2135 1583 2328 1638; x_wconf 91' lang='lat' dir='ltr'><strong>ducem</strong></span> <span class='ocrx_word' id='word_1_428' title='bbox 2350 1582 2502 1639; x_wconf 84' lang='lat' dir='ltr'><strong>vobis</strong></span> <span class='ocrx_word' id='word_1_429' title='bbox 2527 1581 2919 1649; x_wconf 86' lang='lat' dir='ltr'><strong>mandavimus,</strong></span> <span class='ocrx_word' id='word_1_430' title='bbox 2959 1594 3019 1639; x_wconf 81' lang='lat' dir='ltr'><strong>ut</strong></span> <span class='ocrx_word' id='word_1_431' title='bbox 3040 1585 3311 1654; x_wconf 85' lang='lat' dir='ltr'><strong>adjutores</strong></span> <span class='ocrx_word' id='word_1_432' title='bbox 3338 1585 3477 1642; x_wconf 80' lang='lat' dir='ltr'><strong>fuis-</strong></span> 
     </span>
    </p>
   </div>
   <div class='ocr_carea' id='block_1_74' title="bbox 1903 1672 3478 1747">
    <p class='ocr_par' dir='ltr' id='par_1_74' title="bbox 1903 1672 3478 1747">
     <span class='ocr_line' id='line_1_75' title="bbox 1903 1672 3478 1747; baseline 0.001 -17"><span class='ocrx_word' id='word_1_433' title='bbox 1903 1675 2035 1730; x_wconf 81' lang='lat' dir='ltr'><strong>setis</strong></span> <span class='ocrx_word' id='word_1_434' title='bbox 2078 1675 2363 1746; x_wconf 78' lang='lat' dir='ltr'><strong>Stephano</strong></span> <span class='ocrx_word' id='word_1_435' title='bbox 2404 1673 2699 1729; x_wconf 81' lang='lat' dir='ltr'><strong>venerabili</strong></span> <span class='ocrx_word' id='word_1_436' title='bbox 2748 1672 3018 1745; x_wconf 87' lang='lat' dir='ltr'><strong>episcopo,</strong></span> <span class='ocrx_word' id='word_1_437' title='bbox 3067 1692 3227 1747; x_wconf 86' lang='lat' dir='ltr'><strong>quem</strong></span> <span class='ocrx_word' id='word_1_438' title='bbox 3278 1692 3378 1732; x_wconf 81' lang='lat' dir='ltr'><strong>nos</strong></span> <span class='ocrx_word' id='word_1_439' title='bbox 3420 1676 3478 1732; x_wconf 88' lang='lat' dir='ltr'><strong>in</strong></span> 
     </span>
    </p>
   </div>
   <div class='ocr_carea' id='block_1_75' title="bbox 1902 1765 3482 1836">
    <p class='ocr_par' dir='ltr' id='par_1_75' title="bbox 1902 1765 3482 1836">
     <span class='ocr_line' id='line_1_76' title="bbox 1902 1765 3482 1836; baseline -0.001 -13"><span class='ocrx_word' id='word_1_440' title='bbox 1902 1766 2178 1823; x_wconf 76' lang='lat' dir='ltr'><strong>Corniaelo</strong></span> <span class='ocrx_word' id='word_1_441' title='bbox 2222 1765 2725 1836; x_wconf 69' lang='lat' dir='ltr'><strong>praeordinavimus,</strong></span> <span class='ocrx_word' id='word_1_442' title='bbox 2756 1774 3023 1835; x_wconf 88' lang='lat' dir='ltr'><strong>quatenus</strong></span> <span class='ocrx_word' id='word_1_443' title='bbox 3052 1775 3236 1821; x_wconf 87' lang='lat' dir='ltr'><strong>vestro</strong></span> <span class='ocrx_word' id='word_1_444' title='bbox 3280 1765 3482 1821; x_wconf 74' lang='lat' dir='ltr'><strong>arixilio</strong></span> 
     </span>
    </p>
   </div>
   <div class='ocr_carea' id='block_1_76' title="bbox 1907 1853 3482 1927">
    <p class='ocr_par' dir='ltr' id='par_1_76' title="bbox 1907 1853 3482 1927">
     <span class='ocr_line' id='line_1_77' title="bbox 1907 1853 3482 1927; baseline 0 -15"><span class='ocrx_word' id='word_1_445' title='bbox 1907 1856 2123 1927; x_wconf 82' lang='lat' dir='ltr'><strong>adjutus</strong></span> <span class='ocrx_word' id='word_1_446' title='bbox 2142 1856 2398 1911; x_wconf 79' lang='lat' dir='ltr'><strong>Ecclesiae</strong></span> <span class='ocrx_word' id='word_1_447' title='bbox 2408 1871 2519 1911; x_wconf 68' lang='lat' dir='ltr'><strong>suae</strong></span> <span class='ocrx_word' id='word_1_448' title='bbox 2540 1853 2661 1925; x_wconf 79' lang='lat' dir='ltr'><strong>jura</strong></span> <span class='ocrx_word' id='word_1_449' title='bbox 2686 1864 2739 1911; x_wconf 89' lang='lat' dir='ltr'><strong>et</strong></span> <span class='ocrx_word' id='word_1_450' title='bbox 2757 1856 3126 1926; x_wconf 89' lang='lat' dir='ltr'><strong>possessiones</strong></span> <span class='ocrx_word' id='word_1_451' title='bbox 3138 1864 3298 1926; x_wconf 88' lang='lat' dir='ltr'><strong>atque</strong></span> <span class='ocrx_word' id='word_1_452' title='bbox 3314 1854 3482 1924; x_wconf 87' lang='lat' dir='ltr'><strong>ipsius</strong></span> 
     </span>
    </p>
   </div>
   <div class='ocr_carea' id='block_1_77' title="bbox 1907 1945 3484 2010">
    <p class='ocr_par' dir='ltr' id='par_1_77' title="bbox 1907 1945 3484 2010">
     <span class='ocr_line' id='line_1_78' title="bbox 1907 1945 3484 2010; baseline -0.001 -8"><span class='ocrx_word' id='word_1_453' title='bbox 1907 1962 2096 2003; x_wconf 85' lang='lat' dir='ltr'><strong>curam</strong></span> <span class='ocrx_word' id='word_1_454' title='bbox 2129 1948 2359 2001; x_wconf 84' lang='lat' dir='ltr'><strong>ducatus</strong></span> <span class='ocrx_word' id='word_1_455' title='bbox 2392 1946 2651 2001; x_wconf 88' lang='lat' dir='ltr'><strong>retineret</strong></span> <span class='ocrx_word' id='word_1_456' title='bbox 2678 1961 2923 2010; x_wconf 82' lang='lat' dir='ltr'><strong>securus,</strong></span> <span class='ocrx_word' id='word_1_457' title='bbox 2949 1955 3004 2000; x_wconf 90' lang='lat' dir='ltr'><strong>et</strong></span> <span class='ocrx_word' id='word_1_458' title='bbox 3032 1955 3213 2001; x_wconf 87' lang='lat' dir='ltr'><strong>vestro</strong></span> <span class='ocrx_word' id='word_1_459' title='bbox 3257 1945 3484 2001; x_wconf 86' lang='lat' dir='ltr'><strong>minime</strong></span> 
     </span>
    </p>
   </div>
   <div class='ocr_carea' id='block_1_78' title="bbox 1906 2023 3578 2107">
    <p class='ocr_par' dir='ltr' id='par_1_78' title="bbox 1906 2023 3578 2107">
     <span class='ocr_line' id='line_1_79' title="bbox 1906 2023 3578 2107; baseline 0 -14"><span class='ocrx_word' id='word_1_460' title='bbox 1906 2038 2208 2094; x_wconf 87' lang='lat' dir='ltr'><strong>audivimus</strong></span> <span class='ocrx_word' id='word_1_461' title='bbox 2260 2037 2502 2107; x_wconf 76' lang='lat' dir='ltr'><strong>adiutum</strong></span> <span class='ocrx_word' id='word_1_462' title='bbox 2555 2050 2677 2094; x_wconf 88' lang='lat' dir='ltr'><strong>esse</strong></span> <span class='ocrx_word' id='word_1_463' title='bbox 2722 2038 2944 2103; x_wconf 80' lang='lat' dir='ltr'><strong>auxilio,</strong></span> <span class='ocrx_word' id='word_1_464' title='bbox 2994 2039 3149 2094; x_wconf 86' lang='lat' dir='ltr'><strong>valde</strong></span> <span class='ocrx_word' id='word_1_465' title='bbox 3200 2040 3481 2094; x_wconf 87' lang='lat' dir='ltr'><strong>miramur.</strong></span> <span class='ocrx_word' id='word_1_466' title='bbox 3570 2023 3578 2028; x_wconf 60' lang='grc'><em>’</em></span> 
     </span>
    </p>
   </div>
   <div class='ocr_carea' id='block_1_79' title="bbox 1907 2126 3488 2197">
    <p class='ocr_par' dir='ltr' id='par_1_79' title="bbox 1907 2126 3488 2197">
     <span class='ocr_line' id='line_1_80' title="bbox 1907 2126 3488 2197; baseline 0.001 -15"><span class='ocrx_word' id='word_1_467' title='bbox 1907 2126 2249 2197; x_wconf 85' lang='lat' dir='ltr'><strong>Quapropter</strong></span> <span class='ocrx_word' id='word_1_468' title='bbox 2293 2141 2548 2197; x_wconf 84' lang='lat' dir='ltr'><strong>rogamus</strong></span> <span class='ocrx_word' id='word_1_469' title='bbox 2592 2126 2929 2182; x_wconf 83' lang='lat' dir='ltr'><strong>nobilitatem</strong></span> <span class='ocrx_word' id='word_1_470' title='bbox 2961 2134 3105 2181; x_wconf 89' lang='lat' dir='ltr'><strong>tuam</strong></span> <span class='ocrx_word' id='word_1_471' title='bbox 3154 2137 3214 2180; x_wconf 90' lang='lat' dir='ltr'><strong>ut</strong></span> <span class='ocrx_word' id='word_1_472' title='bbox 3241 2127 3347 2182; x_wconf 88' lang='lat' dir='ltr'><strong>tale</strong></span> <span class='ocrx_word' id='word_1_473' title='bbox 3369 2127 3488 2197; x_wconf 85' lang='lat' dir='ltr'><strong>jam</strong></span> 
     </span>
    </p>
   </div>
   <div class='ocr_carea' id='block_1_80' title="bbox 1906 2217 3487 2290">
    <p class='ocr_par' dir='ltr' id='par_1_80' title="bbox 1906 2217 3487 2290">
     <span class='ocr_line' id='line_1_81' title="bbox 1906 2217 3487 2290; baseline -0.002 -15"><span class='ocrx_word' id='word_1_474' title='bbox 1906 2219 2053 2275; x_wconf 88' lang='lat' dir='ltr'><strong>dicto</strong></span> <span class='ocrx_word' id='word_1_475' title='bbox 2077 2221 2329 2290; x_wconf 84' lang='lat' dir='ltr'><strong>episcopo</strong></span> <span class='ocrx_word' id='word_1_476' title='bbox 2356 2228 2543 2274; x_wconf 86' lang='lat' dir='ltr'><strong>nostro</strong></span> <span class='ocrx_word' id='word_1_477' title='bbox 2571 2218 2896 2283; x_wconf 85' lang='lat' dir='ltr'><strong>adiutorium</strong></span> <span class='ocrx_word' id='word_1_478' title='bbox 2941 2217 3177 2283; x_wconf 81' lang='lat' dir='ltr'><strong>faciatis,</strong></span> <span class='ocrx_word' id='word_1_479' title='bbox 3217 2233 3314 2287; x_wconf 89' lang='lat' dir='ltr'><strong>per</strong></span> <span class='ocrx_word' id='word_1_480' title='bbox 3340 2218 3487 2288; x_wconf 87' lang='lat' dir='ltr'><strong>quod</strong></span> 
     </span>
    </p>
   </div>
   <div class='ocr_carea' id='block_1_81' title="bbox 1908 2309 3484 2367">
    <p class='ocr_par' dir='ltr' id='par_1_81' title="bbox 1908 2309 3484 2367">
     <span class='ocr_line' id='line_1_82' title="bbox 1908 2309 3484 2367; baseline -0.002 -1"><span class='ocrx_word' id='word_1_481' title='bbox 1908 2327 2060 2367; x_wconf 87' lang='lat' dir='ltr'><strong>suam</strong></span> <span class='ocrx_word' id='word_1_482' title='bbox 2110 2310 2404 2366; x_wconf 85' lang='lat' dir='ltr'><strong>Ecclesiam</strong></span> <span class='ocrx_word' id='word_1_483' title='bbox 2454 2317 2512 2364; x_wconf 89' lang='lat' dir='ltr'><strong>et</strong></span> <span class='ocrx_word' id='word_1_484' title='bbox 2565 2311 2923 2365; x_wconf 85' lang='lat' dir='ltr'><strong>ministerium</strong></span> <span class='ocrx_word' id='word_1_485' title='bbox 2980 2309 3080 2364; x_wconf 88' lang='lat' dir='ltr'><strong>sibi</strong></span> <span class='ocrx_word' id='word_1_486' title='bbox 3136 2309 3484 2365; x_wconf 85' lang='lat' dir='ltr'><strong>commissum</strong></span> 
     </span>
    </p>
   </div>
   <div class='ocr_carea' id='block_1_82' title="bbox 1907 2400 3486 2471">
    <p class='ocr_par' dir='ltr' id='par_1_82' title="bbox 1907 2400 3486 2471">
     <span class='ocr_line' id='line_1_83' title="bbox 1907 2400 3486 2471; baseline -0.002 -12"><span class='ocrx_word' id='word_1_487' title='bbox 1907 2403 2172 2459; x_wconf 84' lang='lat' dir='ltr'><strong>securiter</strong></span> <span class='ocrx_word' id='word_1_488' title='bbox 2197 2401 2432 2456; x_wconf 89' lang='lat' dir='ltr'><strong>retinere</strong></span> <span class='ocrx_word' id='word_1_489' title='bbox 2454 2410 2618 2471; x_wconf 89' lang='lat' dir='ltr'><strong>atque</strong></span> <span class='ocrx_word' id='word_1_490' title='bbox 2639 2401 2924 2471; x_wconf 87' lang='lat' dir='ltr'><strong>disponere</strong></span> <span class='ocrx_word' id='word_1_491' title='bbox 2945 2401 3141 2456; x_wconf 82' lang='lat' dir='ltr'><strong>valeat.</strong></span> <span class='ocrx_word' id='word_1_492' title='bbox 3165 2400 3233 2456; x_wconf 86' lang='lat' dir='ltr'><strong>Et</strong></span> <span class='ocrx_word' id='word_1_493' title='bbox 3253 2401 3299 2456; x_wconf 90' lang='lat' dir='ltr'><strong>si</strong></span> <span class='ocrx_word' id='word_1_494' title='bbox 3326 2402 3486 2466; x_wconf 77' lang='lat' dir='ltr'><strong>forte,</strong></span> 
     </span>
    </p>
   </div>
   <div class='ocr_carea' id='block_1_83' title="bbox 1909 2491 3491 2562">
    <p class='ocr_par' dir='ltr' id='par_1_83' title="bbox 1909 2491 3491 2562">
     <span class='ocr_line' id='line_1_84' title="bbox 1909 2491 3491 2562; baseline -0.001 -15"><span class='ocrx_word' id='word_1_495' title='bbox 1909 2493 2053 2562; x_wconf 91' lang='lat' dir='ltr'><strong>quod</strong></span> <span class='ocrx_word' id='word_1_496' title='bbox 2096 2507 2202 2547; x_wconf 89' lang='lat' dir='ltr'><strong>non</strong></span> <span class='ocrx_word' id='word_1_497' title='bbox 2233 2492 2527 2556; x_wconf 88' lang='lat' dir='ltr'><strong>credimus,</strong></span> <span class='ocrx_word' id='word_1_498' title='bbox 2575 2500 2756 2546; x_wconf 82' lang='lat' dir='ltr'><strong>vestra</strong></span> <span class='ocrx_word' id='word_1_499' title='bbox 2785 2499 2871 2546; x_wconf 90' lang='lat' dir='ltr'><strong>est</strong></span> <span class='ocrx_word' id='word_1_500' title='bbox 2915 2491 3060 2546; x_wconf 89' lang='lat' dir='ltr'><strong>circa</strong></span> <span class='ocrx_word' id='word_1_501' title='bbox 3100 2506 3198 2546; x_wconf 88' lang='lat' dir='ltr'><strong>nos</strong></span> <span class='ocrx_word' id='word_1_502' title='bbox 3243 2491 3491 2546; x_wconf 81' lang='lat' dir='ltr'><strong>voluntas</strong></span> 
     </span>
    </p>
   </div>
   <div class='ocr_carea' id='block_1_84' title="bbox 1908 2582 3488 2652">
    <p class='ocr_par' dir='ltr' id='par_1_84' title="bbox 1908 2582 3488 2652">
     <span class='ocr_line' id='line_1_85' title="bbox 1908 2582 3488 2652; baseline -0.006 -7"><span class='ocrx_word' id='word_1_503' title='bbox 1908 2593 2138 2650; x_wconf 84' lang='lat' dir='ltr'><strong>mutata,</strong></span> <span class='ocrx_word' id='word_1_504' title='bbox 2168 2593 2229 2640; x_wconf 90' lang='lat' dir='ltr'><strong>ut</strong></span> <span class='ocrx_word' id='word_1_505' title='bbox 2255 2583 2444 2640; x_wconf 85' lang='lat' dir='ltr'><strong>audire</strong></span> <span class='ocrx_word' id='word_1_506' title='bbox 2471 2598 2571 2641; x_wconf 84' lang='lat' dir='ltr'><strong>nus</strong></span> <span class='ocrx_word' id='word_1_507' title='bbox 2595 2585 2660 2639; x_wconf 91' lang='lat' dir='ltr'><strong>de</strong></span> <span class='ocrx_word' id='word_1_508' title='bbox 2697 2584 2801 2640; x_wconf 82' lang='lat' dir='ltr'><strong>hoc</strong></span> <span class='ocrx_word' id='word_1_509' title='bbox 2822 2600 2927 2640; x_wconf 90' lang='lat' dir='ltr'><strong>non</strong></span> <span class='ocrx_word' id='word_1_510' title='bbox 2973 2583 3205 2652; x_wconf 85' lang='lat' dir='ltr'><strong>cupiatis</strong></span> <span class='ocrx_word' id='word_1_511' title='bbox 3233 2582 3488 2652; x_wconf 88' lang='lat' dir='ltr'><strong>petimus,</strong></span> 
     </span>
    </p>
   </div>
   <div class='ocr_carea' id='block_1_85' title="bbox 1910 2672 3492 2745">
    <p class='ocr_par' dir='ltr' id='par_1_85' title="bbox 1910 2672 3492 2745">
     <span class='ocr_line' id='line_1_86' title="bbox 1910 2672 3492 2745; baseline -0.002 -17"><span class='ocrx_word' id='word_1_512' title='bbox 1910 2682 1972 2728; x_wconf 90' lang='lat' dir='ltr'><strong>ut</strong></span> <span class='ocrx_word' id='word_1_513' title='bbox 1998 2688 2097 2745; x_wconf 84' lang='lat' dir='ltr'><strong>pro</strong></span> <span class='ocrx_word' id='word_1_514' title='bbox 2136 2688 2323 2730; x_wconf 86' lang='lat' dir='ltr'><strong>amore</strong></span> <span class='ocrx_word' id='word_1_515' title='bbox 2365 2673 2461 2729; x_wconf 85' lang='lat' dir='ltr'><strong>Dei</strong></span> <span class='ocrx_word' id='word_1_516' title='bbox 2487 2681 2542 2728; x_wconf 91' lang='lat' dir='ltr'><strong>et</strong></span> <span class='ocrx_word' id='word_1_517' title='bbox 2578 2682 2763 2729; x_wconf 86' lang='lat' dir='ltr'><strong>nostro</strong></span> <span class='ocrx_word' id='word_1_518' title='bbox 2789 2688 2978 2729; x_wconf 84' lang='lat' dir='ltr'><strong>omnes</strong></span> <span class='ocrx_word' id='word_1_519' title='bbox 3002 2682 3214 2729; x_wconf 85' lang='lat' dir='ltr'><strong>vestros</strong></span> <span class='ocrx_word' id='word_1_520' title='bbox 3242 2672 3492 2726; x_wconf 85' lang='lat' dir='ltr'><strong>homines</strong></span> 
     </span>
    </p>
   </div>
   <div class='ocr_carea' id='block_1_86' title="bbox 1908 2760 3488 2835">
    <p class='ocr_par' dir='ltr' id='par_1_86' title="bbox 1908 2760 3488 2835">
     <span class='ocr_line' id='line_1_87' title="bbox 1908 2760 3488 2835; baseline -0.003 -17"><span class='ocrx_word' id='word_1_521' title='bbox 1908 2763 2244 2835; x_wconf 86' lang='lat' dir='ltr'><strong>prohibeatis</strong></span> <span class='ocrx_word' id='word_1_522' title='bbox 2260 2761 2495 2832; x_wconf 86' lang='lat' dir='ltr'><strong>aliquam</strong></span> <span class='ocrx_word' id='word_1_523' title='bbox 2518 2762 2590 2817; x_wconf 89' lang='lat' dir='ltr'><strong>ibi</strong></span> <span class='ocrx_word' id='word_1_524' title='bbox 2613 2762 2812 2818; x_wconf 90' lang='lat' dir='ltr'><strong>nostris</strong></span> <span class='ocrx_word' id='word_1_525' title='bbox 2831 2761 3271 2816; x_wconf 83' lang='lat' dir='ltr'><strong>contrarietatem</strong></span> <span class='ocrx_word' id='word_1_526' title='bbox 3292 2760 3488 2821; x_wconf 79' lang='lat' dir='ltr'><strong>facere,</strong></span> 
     </span>
    </p>
   </div>
   <div class='ocr_carea' id='block_1_87' title="bbox 1912 2848 3494 2922">
    <p class='ocr_par' dir='ltr' id='par_1_87' title="bbox 1912 2848 3494 2922">
     <span class='ocr_line' id='line_1_88' title="bbox 1912 2848 3494 2922; baseline -0.006 -13"><span class='ocrx_word' id='word_1_527' title='bbox 1912 2861 1972 2911; x_wconf 89' lang='lat' dir='ltr'><strong>ut</strong></span> <span class='ocrx_word' id='word_1_528' title='bbox 2012 2853 2216 2922; x_wconf 63' lang='lat' dir='ltr'><strong>alique</strong></span> <span class='ocrx_word' id='word_1_529' title='bbox 2262 2850 2478 2908; x_wconf 90' lang='lat' dir='ltr'><strong>illorum</strong></span> <span class='ocrx_word' id='word_1_530' title='bbox 2531 2851 2914 2921; x_wconf 86' lang='lat' dir='ltr'><strong>impedimento</strong></span> <span class='ocrx_word' id='word_1_531' title='bbox 2957 2850 3114 2905; x_wconf 88' lang='lat' dir='ltr'><strong>nobis</strong></span> <span class='ocrx_word' id='word_1_532' title='bbox 3167 2848 3289 2904; x_wconf 92' lang='lat' dir='ltr'><strong>illos</strong></span> <span class='ocrx_word' id='word_1_533' title='bbox 3332 2848 3494 2902; x_wconf 86' lang='lat' dir='ltr'><strong>liccat</strong></span> 
     </span>
    </p>
   </div>
   <div class='ocr_carea' id='block_1_88' title="bbox 1911 2937 3492 3013">
    <p class='ocr_par' dir='ltr' id='par_1_88' title="bbox 1911 2937 3492 3013">
     <span class='ocr_line' id='line_1_89' title="bbox 1911 2937 3492 3013; baseline -0.004 -15"><span class='ocrx_word' id='word_1_534' title='bbox 1911 2940 2206 2999; x_wconf 86' lang='lat' dir='ltr'><strong>secundum</strong></span> <span class='ocrx_word' id='word_1_535' title='bbox 2256 2950 2498 2996; x_wconf 88' lang='lat' dir='ltr'><strong>nostram</strong></span> <span class='ocrx_word' id='word_1_536' title='bbox 2543 2939 2955 3013; x_wconf 86' lang='lat' dir='ltr'><strong>possibilitatem</strong></span> <span class='ocrx_word' id='word_1_537' title='bbox 3006 2939 3294 3009; x_wconf 83' lang='lat' dir='ltr'><strong>castigare,</strong></span> <span class='ocrx_word' id='word_1_538' title='bbox 3326 2937 3492 2992; x_wconf 76' lang='lat' dir='ltr'><strong>veluti</strong></span> 
     </span>
    </p>
   </div>
   <div class='ocr_carea' id='block_1_89' title="bbox 1913 3025 3497 3102">
    <p class='ocr_par' dir='ltr' id='par_1_89' title="bbox 1913 3025 3497 3102">
     <span class='ocr_line' id='line_1_90' title="bbox 1913 3025 3497 3102; baseline -0.002 -16"><span class='ocrx_word' id='word_1_539' title='bbox 1913 3028 2143 3086; x_wconf 84' lang='lat' dir='ltr'><strong>rebelles</strong></span> <span class='ocrx_word' id='word_1_540' title='bbox 2170 3038 2228 3085; x_wconf 90' lang='lat' dir='ltr'><strong>et</strong></span> <span class='ocrx_word' id='word_1_541' title='bbox 2262 3029 2635 3087; x_wconf 87' lang='lat' dir='ltr'><strong>inobedientes</strong></span> <span class='ocrx_word' id='word_1_542' title='bbox 2662 3038 2861 3087; x_wconf 65' lang='lat' dir='ltr'><strong>nostrae</strong></span> <span class='ocrx_word' id='word_1_543' title='bbox 2901 3029 3212 3102; x_wconf 76' lang='lat' dir='ltr'><strong>apostolica:</strong></span> <span class='ocrx_word' id='word_1_544' title='bbox 3263 3025 3497 3096; x_wconf 76' lang='lat' dir='ltr'><strong>iussioni</strong></span> 
     </span>
    </p>
   </div>
   <div class='ocr_carea' id='block_1_90' title="bbox 1915 3122 3499 3192">
    <p class='ocr_par' dir='ltr' id='par_1_90' title="bbox 1915 3122 3499 3192">
     <span class='ocr_line' id='line_1_91' title="bbox 1915 3122 3499 3192; baseline 0 -15"><span class='ocrx_word' id='word_1_545' title='bbox 1915 3137 1986 3178; x_wconf 90' lang='lat' dir='ltr'><strong>ne</strong></span> <span class='ocrx_word' id='word_1_546' title='bbox 2009 3137 2254 3187; x_wconf 84' lang='lat' dir='ltr'><strong>censum,</strong></span> <span class='ocrx_word' id='word_1_547' title='bbox 2282 3137 2441 3192; x_wconf 89' lang='lat' dir='ltr'><strong>quem</strong></span> <span class='ocrx_word' id='word_1_548' title='bbox 2468 3123 2555 3178; x_wconf 87' lang='lat' dir='ltr'><strong>bis</strong></span> <span class='ocrx_word' id='word_1_549' title='bbox 2576 3122 2733 3180; x_wconf 86' lang='lat' dir='ltr'><strong>annis</strong></span> <span class='ocrx_word' id='word_1_550' title='bbox 2763 3122 3052 3179; x_wconf 86' lang='lat' dir='ltr'><strong>transactis</strong></span> <span class='ocrx_word' id='word_1_551' title='bbox 3075 3122 3281 3178; x_wconf 90' lang='lat' dir='ltr'><strong>duobus</strong></span> <span class='ocrx_word' id='word_1_552' title='bbox 3303 3122 3499 3177; x_wconf 73' lang='lat' dir='ltr'><strong>exinde</strong></span> 
     </span>
    </p>
   </div>
   <div class='ocr_carea' id='block_1_91' title="bbox 1919 3212 3497 3287">
    <p class='ocr_par' dir='ltr' id='par_1_91' title="bbox 1919 3212 3497 3287">
     <span class='ocr_line' id='line_1_92' title="bbox 1919 3212 3497 3287; baseline 0 -20"><span class='ocrx_word' id='word_1_553' title='bbox 1919 3212 2270 3287; x_wconf 89' lang='lat' dir='ltr'><strong>perdidimus,</strong></span> <span class='ocrx_word' id='word_1_554' title='bbox 2300 3221 2357 3268; x_wconf 93' lang='lat' dir='ltr'><strong>et</strong></span> <span class='ocrx_word' id='word_1_555' title='bbox 2380 3213 2539 3271; x_wconf 84' lang='lat' dir='ltr'><strong>istius</strong></span> <span class='ocrx_word' id='word_1_556' title='bbox 2560 3213 2691 3270; x_wconf 87' lang='lat' dir='ltr'><strong>anni</strong></span> <span class='ocrx_word' id='word_1_557' title='bbox 2720 3214 3030 3283; x_wconf 86' lang='lat' dir='ltr'><strong>perdamus.</strong></span> <span class='ocrx_word' id='word_1_558' title='bbox 3066 3216 3201 3270; x_wconf 86' lang='lat' dir='ltr'><strong>Data</strong></span> <span class='ocrx_word' id='word_1_559' title='bbox 3236 3223 3292 3268; x_wconf 84' lang='lat' dir='ltr'><strong>ut</strong></span> <span class='ocrx_word' id='word_1_560' title='bbox 3313 3230 3497 3285; x_wconf 80' lang='lat' dir='ltr'><strong>supra.</strong></span> 
     </span>
    </p>
   </div>
   <div class='ocr_carea' id='block_1_92' title="bbox 2610 3344 2809 3401">
    <p class='ocr_par' dir='ltr' id='par_1_92' title="bbox 2610 3344 2809 3401">
     <span class='ocr_line' id='line_1_93' title="bbox 2610 3344 2809 3401; baseline -0.01 0"><span class='ocrx_word' id='word_1_561' title='bbox 2610 3344 2809 3401; x_wconf 78' lang='lat' dir='ltr'><strong>CCVII.</strong></span> 
     </span>
    </p>
   </div>
   <div class='ocr_carea' id='block_1_93' title="bbox 2322 3472 3100 3527">
    <p class='ocr_par' dir='ltr' id='par_1_93' title="bbox 2322 3472 3100 3527">
     <span class='ocr_line' id='line_1_94' title="bbox 2322 3472 3100 3527; baseline -0.003 -14"><span class='ocrx_word' id='word_1_562' title='bbox 2322 3473 2388 3513; x_wconf 70' lang='lat' dir='ltr'><strong>AD</strong></span> <span class='ocrx_word' id='word_1_563' title='bbox 2429 3473 2807 3527; x_wconf 57' lang='lat' dir='ltr'><strong>PASDENULFUI</strong></span> <span class='ocrx_word' id='word_1_564' title='bbox 2842 3472 3100 3514; x_wconf 67' lang='lat' dir='ltr'><strong>COIITEII.</strong></span> 
     </span>
    </p>
   </div>
   <div class='ocr_carea' id='block_1_94' title="bbox 2545 3571 2906 3643">
    <p class='ocr_par' dir='ltr' id='par_1_94' title="bbox 2545 3571 2906 3643">
     <span class='ocr_line' id='line_1_95' title="bbox 2545 3571 2906 3643; baseline -0.006 -15"><span class='ocrx_word' id='word_1_565' title='bbox 2545 3571 2722 3642; x_wconf 74' lang='lat' dir='ltr'><strong>(Anno</strong></span> <span class='ocrx_word' id='word_1_566' title='bbox 2757 3572 2906 3643; x_wconf 88' lang='lat'><strong>879.)</strong></span> 
     </span>
    </p>
   </div>
   <div class='ocr_carea' id='block_1_95' title="bbox 1925 3704 3504 3783">
    <p class='ocr_par' dir='ltr' id='par_1_95' title="bbox 1925 3704 3504 3783">
     <span class='ocr_line' id='line_1_96' title="bbox 1925 3704 3504 3783; baseline -0.008 -15"><span class='ocrx_word' id='word_1_567' title='bbox 1925 3712 2095 3783; x_wconf 77' lang='lat' dir='ltr'><strong>Rogat</strong></span> <span class='ocrx_word' id='word_1_568' title='bbox 2138 3722 2194 3766; x_wconf 81' lang='lat' dir='ltr'><strong>ut</strong></span> <span class='ocrx_word' id='word_1_569' title='bbox 2225 3712 2406 3782; x_wconf 81' lang='lat' dir='ltr'><strong>legatis</strong></span> <span class='ocrx_word' id='word_1_570' title='bbox 2430 3709 2757 3779; x_wconf 77' lang='lat' dir='ltr'><strong>imperatoris</strong></span> <span class='ocrx_word' id='word_1_571' title='bbox 2792 3721 2883 3776; x_wconf 86' lang='lat' dir='ltr'><strong>per</strong></span> <span class='ocrx_word' id='word_1_572' title='bbox 2897 3704 3020 3783; x_wconf 61' lang='lat' dir='ltr'><strong>eius</strong></span> <span class='ocrx_word' id='word_1_573' title='bbox 3040 3704 3300 3783; x_wconf 76' lang='lat' dir='ltr'><strong>regionem</strong></span> <span class='ocrx_word' id='word_1_574' title='bbox 3331 3712 3504 3756; x_wconf 81' lang='lat' dir='ltr'><strong>trans-</strong></span> 
     </span>
    </p>
   </div>
   <div class='ocr_carea' id='block_1_96' title="bbox 1995 3775 3501 3847">
    <p class='ocr_par' dir='ltr' id='par_1_96' title="bbox 1995 3775 3501 3847">
     <span class='ocr_line' id='line_1_97' title="bbox 1995 3775 3501 3847; baseline -0.009 -10"><span class='ocrx_word' id='word_1_575' title='bbox 1995 3775 2154 3838; x_wconf 68' lang='lat' dir='ltr'><strong>ituris</strong></span> <span class='ocrx_word' id='word_1_576' title='bbox 2195 3775 2454 3836; x_wconf 67' lang='lat' dir='ltr'><strong>nua-ilium</strong></span> <span class='ocrx_word' id='word_1_577' title='bbox 2488 3775 2727 3847; x_wconf 74' lang='lat' dir='ltr'><strong>prtestet;</strong></span> <span class='ocrx_word' id='word_1_578' title='bbox 2773 3775 3012 3830; x_wconf 79' lang='lat' dir='ltr'><strong>condolct</strong></span> <span class='ocrx_word' id='word_1_579' title='bbox 3056 3775 3122 3828; x_wconf 88' lang='lat' dir='ltr'><strong>de</strong></span> <span class='ocrx_word' id='word_1_580' title='bbox 3177 3786 3501 3847; x_wconf 73' lang='lat' dir='ltr'><strong>paganorum</strong></span> 
     </span>
    </p>
   </div>
   <div class='ocr_carea' id='block_1_97' title="bbox 1996 3842 3502 3911">
    <p class='ocr_par' dir='ltr' id='par_1_97' title="bbox 1996 3842 3502 3911">
     <span class='ocr_line' id='line_1_98' title="bbox 1996 3842 3502 3911; baseline -0.009 -4"><span class='ocrx_word' id='word_1_581' title='bbox 1996 3854 2051 3908; x_wconf 90' lang='lat' dir='ltr'><strong>in</strong></span> <span class='ocrx_word' id='word_1_582' title='bbox 2077 3867 2199 3906; x_wconf 84' lang='lat' dir='ltr'><strong>eum</strong></span> <span class='ocrx_word' id='word_1_583' title='bbox 2239 3842 2537 3905; x_wconf 77' lang='lat' dir='ltr'><strong>incursione</strong></span> <span class='ocrx_word' id='word_1_584' title='bbox 2566 3862 2585 3901; x_wconf 90' lang='lat'><strong><em>:</em></strong></span> <span class='ocrx_word' id='word_1_585' title='bbox 2615 3854 2826 3901; x_wconf 72' lang='lat' dir='ltr'><strong>excusat</strong></span> <span class='ocrx_word' id='word_1_586' title='bbox 2871 3861 2925 3898; x_wconf 88' lang='lat' dir='ltr'><strong>se</strong></span> <span class='ocrx_word' id='word_1_587' title='bbox 2952 3885 2967 3908; x_wconf 93' lang='lat'><strong>,</strong></span> <span class='ocrx_word' id='word_1_588' title='bbox 3007 3860 3102 3898; x_wconf 83' lang='lat' dir='ltr'><strong>cur</strong></span> <span class='ocrx_word' id='word_1_589' title='bbox 3133 3842 3203 3911; x_wconf 85' lang='lat' dir='ltr'><strong>ad</strong></span> <span class='ocrx_word' id='word_1_590' title='bbox 3241 3856 3502 3911; x_wconf 81' lang='lat' dir='ltr'><strong>eumnon</strong></span> 
     </span>
    </p>
   </div>
   <div class='ocr_carea' id='block_1_98' title="bbox 1995 3910 3505 3984">
    <p class='ocr_par' dir='ltr' id='par_1_98' title="bbox 1995 3910 3505 3984">
     <span class='ocr_line' id='line_1_99' title="bbox 1995 3910 3505 3984; baseline -0.01 -7"><span class='ocrx_word' id='word_1_591' title='bbox 1995 3931 2077 3977; x_wconf 86' lang='lat' dir='ltr'><strong>eat</strong></span> <span class='ocrx_word' id='word_1_592' title='bbox 2123 3934 2141 3973; x_wconf 92' lang='lat'><strong><em>:</em></strong></span> <span class='ocrx_word' id='word_1_593' title='bbox 2196 3922 2439 3974; x_wconf 82' lang='lat' dir='ltr'><strong>hortatur</strong></span> <span class='ocrx_word' id='word_1_594' title='bbox 2493 3926 2548 3972; x_wconf 87' lang='lat' dir='ltr'><strong>ut</strong></span> <span class='ocrx_word' id='word_1_595' title='bbox 2611 3917 2679 3971; x_wconf 85' lang='lat' dir='ltr'><strong>sit</strong></span> <span class='ocrx_word' id='word_1_596' title='bbox 2729 3916 2903 3970; x_wconf 87' lang='lat' dir='ltr'><strong>animo</strong></span> <span class='ocrx_word' id='word_1_597' title='bbox 2951 3913 3097 3984; x_wconf 78' lang='lat' dir='ltr'><strong>forti,</strong></span> <span class='ocrx_word' id='word_1_598' title='bbox 3142 3910 3505 3983; x_wconf 75' lang='lat' dir='ltr'><strong>promittitque</strong></span> 
     </span>
    </p>
   </div>
   <div class='ocr_carea' id='block_1_99' title="bbox 1994 3991 2308 4047">
    <p class='ocr_par' dir='ltr' id='par_1_99' title="bbox 1994 3991 2308 4047">
     <span class='ocr_line' id='line_1_100' title="bbox 1994 3991 2308 4047; baseline -0.01 0"><span class='ocrx_word' id='word_1_599' title='bbox 1994 3991 2308 4047; x_wconf 84' lang='lat' dir='ltr'><strong>subsidium.</strong></span> 
     </span>
    </p>
   </div>
   <div class='ocr_carea' id='block_1_100' title="bbox 1996 4091 3257 4167">
    <p class='ocr_par' dir='ltr' id='par_1_100' title="bbox 1996 4091 3257 4167">
     <span class='ocr_line' id='line_1_101' title="bbox 1996 4091 3257 4167; baseline -0.013 -7"><span class='ocrx_word' id='word_1_600' title='bbox 1996 4102 2205 4160; x_wconf 90' lang='lat' dir='ltr'><strong>Dilecto</strong></span> <span class='ocrx_word' id='word_1_601' title='bbox 2233 4100 2350 4155; x_wconf 86' lang='lat' dir='ltr'><strong>viro</strong></span> <span class='ocrx_word' id='word_1_602' title='bbox 2363 4097 2716 4153; x_wconf 68' lang='lat' dir='ltr'><strong>Pssuenurro</strong></span> <span class='ocrx_word' id='word_1_603' title='bbox 2744 4093 2975 4167; x_wconf 87' lang='lat' dir='ltr'><strong>glorioso</strong></span> <span class='ocrx_word' id='word_1_604' title='bbox 3001 4091 3185 4147; x_wconf 90' lang='lat' dir='ltr'><strong>comiti</strong></span> <span class='ocrx_word' id='word_1_605' title='bbox 3209 4102 3257 4144; x_wconf 79' lang='grc' dir='ltr'>ι.</span> 
     </span>
    </p>
   </div>
   <div class='ocr_carea' id='block_1_101' title="bbox 1999 4177 3510 4265">
    <p class='ocr_par' dir='ltr' id='par_1_101' title="bbox 1999 4177 3510 4265">
     <span class='ocr_line' id='line_1_102' title="bbox 1999 4177 3510 4265; baseline -0.013 -15"><span class='ocrx_word' id='word_1_606' title='bbox 1999 4193 2326 4265; x_wconf 72' lang='lat' dir='ltr'><strong>Multiplices</strong></span> <span class='ocrx_word' id='word_1_607' title='bbox 2356 4188 2622 4246; x_wconf 89' lang='lat' dir='ltr'><strong>nobilitati</strong></span> <span class='ocrx_word' id='word_1_608' title='bbox 2653 4196 2845 4242; x_wconf 75' lang='lat' dir='ltr'><strong>vestra:</strong></span> <span class='ocrx_word' id='word_1_609' title='bbox 2870 4184 2959 4240; x_wconf 90' lang='lat' dir='ltr'><strong>bis</strong></span> <span class='ocrx_word' id='word_1_610' title='bbox 2986 4182 3156 4237; x_wconf 88' lang='lat' dir='ltr'><strong>nostri</strong></span> <span class='ocrx_word' id='word_1_611' title='bbox 3185 4177 3510 4251; x_wconf 66' lang='lat' dir='ltr'><strong>praesulatus</strong></span> 
     </span>
    </p>
   </div>
   <div class='ocr_carea' id='block_1_102' title="bbox 1930 4270 3509 4360">
    <p class='ocr_par' dir='ltr' id='par_1_102' title="bbox 1930 4270 3509 4360">
     <span class='ocr_line' id='line_1_103' title="bbox 1930 4270 3509 4360; baseline -0.014 -17"><span class='ocrx_word' id='word_1_612' title='bbox 1930 4286 2173 4360; x_wconf 87' lang='lat' dir='ltr'><strong>apicibus</strong></span> <span class='ocrx_word' id='word_1_613' title='bbox 2222 4283 2425 4354; x_wconf 86' lang='lat' dir='ltr'><strong>gratias</strong></span> <span class='ocrx_word' id='word_1_614' title='bbox 2476 4281 2702 4348; x_wconf 86' lang='lat' dir='ltr'><strong>agimus,</strong></span> <span class='ocrx_word' id='word_1_615' title='bbox 2746 4275 2838 4347; x_wconf 91' lang='lat' dir='ltr'><strong>qui</strong></span> <span class='ocrx_word' id='word_1_616' title='bbox 2889 4282 3125 4330; x_wconf 87' lang='lat' dir='ltr'><strong>vestram</strong></span> <span class='ocrx_word' id='word_1_617' title='bbox 3170 4270 3509 4325; x_wconf 85' lang='lat' dir='ltr'><strong>devotionem</strong></span> 
     </span>
    </p>
   </div>
   <div class='ocr_carea' id='block_1_103' title="bbox 1930 4367 3514 4452">
    <p class='ocr_par' dir='ltr' id='par_1_103' title="bbox 1930 4367 3514 4452">
     <span class='ocr_line' id='line_1_104' title="bbox 1930 4367 3514 4452; baseline -0.013 -16"><span class='ocrx_word' id='word_1_618' title='bbox 1930 4391 2091 4452; x_wconf 87' lang='lat' dir='ltr'><strong>atque</strong></span> <span class='ocrx_word' id='word_1_619' title='bbox 2124 4379 2490 4440; x_wconf 88' lang='lat' dir='ltr'><strong>dilectionem,</strong></span> <span class='ocrx_word' id='word_1_620' title='bbox 2528 4389 2692 4445; x_wconf 87' lang='lat' dir='ltr'><strong>quam</strong></span> <span class='ocrx_word' id='word_1_621' title='bbox 2732 4379 2929 4426; x_wconf 64' lang='lat' dir='ltr'><strong>nostra:</strong></span> <span class='ocrx_word' id='word_1_622' title='bbox 2958 4367 3250 4422; x_wconf 84' lang='lat' dir='ltr'><strong>voluntatis</strong></span> <span class='ocrx_word' id='word_1_623' title='bbox 3277 4376 3514 4436; x_wconf 76' lang='lat' dir='ltr'><strong>praecep-</strong></span> 
     </span>
    </p>
   </div>
   <div class='ocr_carea' id='block_1_104' title="bbox 1935 4453 3510 4539">
    <p class='ocr_par' dir='ltr' id='par_1_104' title="bbox 1935 4453 3510 4539">
     <span class='ocr_line' id='line_1_105' title="bbox 1935 4453 3510 4539; baseline -0.011 -16"><span class='ocrx_word' id='word_1_624' title='bbox 1935 4470 2008 4523; x_wconf 87' lang='lat' dir='ltr'><strong>tis</strong></span> <span class='ocrx_word' id='word_1_625' title='bbox 2036 4468 2274 4539; x_wconf 85' lang='lat' dir='ltr'><strong>parendo</strong></span> <span class='ocrx_word' id='word_1_626' title='bbox 2315 4463 2572 4519; x_wconf 85' lang='lat' dir='ltr'><strong>alacriter</strong></span> <span class='ocrx_word' id='word_1_627' title='bbox 2595 4460 2924 4522; x_wconf 87' lang='lat' dir='ltr'><strong>ostendistis,</strong></span> <span class='ocrx_word' id='word_1_628' title='bbox 2959 4459 3011 4512; x_wconf 89' lang='lat' dir='ltr'><strong>in</strong></span> <span class='ocrx_word' id='word_1_629' title='bbox 3042 4456 3291 4511; x_wconf 89' lang='lat' dir='ltr'><strong>omnibus</strong></span> <span class='ocrx_word' id='word_1_630' title='bbox 3330 4453 3510 4508; x_wconf 90' lang='lat' dir='ltr'><strong>since-</strong></span> 
     </span>
    </p>
   </div>
   <div class='ocr_carea' id='block_1_105' title="bbox 1639 4516 3511 4612">
    <p class='ocr_par' dir='ltr' id='par_1_105' title="bbox 1639 4516 3511 4612">
     <span class='ocr_line' id='line_1_106' title="bbox 1639 4516 3511 4612; baseline -0.011 0"><span class='ocrx_word' id='word_1_631' title='bbox 1639 4517 1729 4584; x_wconf 63' lang='lat' dir='ltr'><strong>qni</strong></span> <span class='ocrx_word' id='word_1_632' title='bbox 1761 4516 1831 4571; x_wconf 61' lang='grc' dir='ltr'><strong>οδ</strong></span> <span class='ocrx_word' id='word_1_633' title='bbox 1857 4536 1912 4596; x_wconf 66' lang='grc' dir='ltr'><strong>θ</strong></span> <span class='ocrx_word' id='word_1_634' title='bbox 1937 4516 2531 4612; x_wconf 47' lang='lat' dir='ltr'><strong>“et—</strong></span> <span class='ocrx_word' id='word_1_635' title='bbox 2566 4550 2681 4607; x_wconf 79' lang='lat' dir='ltr'><strong>fore</strong></span> <span class='ocrx_word' id='word_1_636' title='bbox 2730 4516 3105 4603; x_wconf 80' lang='lat' dir='ltr'><strong>incunctanter</strong></span> <span class='ocrx_word' id='word_1_637' title='bbox 3148 4541 3511 4612; x_wconf 78' lang='lat' dir='ltr'><strong>agnoscimus,</strong></span> 
     </span>
    </p>
   </div>
   <div class='ocr_carea' id='block_1_106' title="bbox 1935 4626 3511 4715">
    <p class='ocr_par' dir='ltr' id='par_1_106' title="bbox 1935 4626 3511 4715">
     <span class='ocr_line' id='line_1_107' title="bbox 1935 4626 3511 4715; baseline -0.013 -15"><span class='ocrx_word' id='word_1_638' title='bbox 1935 4661 2058 4701; x_wconf 88' lang='lat' dir='ltr'><strong>cum</strong></span> <span class='ocrx_word' id='word_1_639' title='bbox 2110 4650 2429 4715; x_wconf 54' lang='lat' dir='ltr'><strong>praesentem</strong></span> <span class='ocrx_word' id='word_1_640' title='bbox 2487 4641 2630 4695; x_wconf 89' lang='lat' dir='ltr'><strong>lmnc</strong></span> <span class='ocrx_word' id='word_1_641' title='bbox 2688 4637 2935 4693; x_wconf 62' lang='lat' dir='ltr'><strong>Graecum</strong></span> <span class='ocrx_word' id='word_1_642' title='bbox 3000 4630 3292 4703; x_wconf 86' lang='lat' dir='ltr'><strong>imperialis</strong></span> <span class='ocrx_word' id='word_1_643' title='bbox 3347 4626 3511 4696; x_wconf 86' lang='lat' dir='ltr'><strong>bajuli</strong></span> 
     </span>
    </p>
   </div>
   <div class='ocr_carea' id='block_1_107' title="bbox 1938 4720 3515 4793">
    <p class='ocr_par' dir='ltr' id='par_1_107' title="bbox 1938 4720 3515 4793">
     <span class='ocr_line' id='line_1_108' title="bbox 1938 4720 3515 4793; baseline -0.012 -2"><span class='ocrx_word' id='word_1_644' title='bbox 1938 4735 2209 4791; x_wconf 86' lang='lat' dir='ltr'><strong>hominem</strong></span> <span class='ocrx_word' id='word_1_645' title='bbox 2251 4730 2452 4787; x_wconf 85' lang='lat' dir='ltr'><strong>nostris</strong></span> <span class='ocrx_word' id='word_1_646' title='bbox 2479 4727 2753 4783; x_wconf 80' lang='lat' dir='ltr'><strong>direxistis</strong></span> <span class='ocrx_word' id='word_1_647' title='bbox 2778 4724 3058 4780; x_wconf 86' lang='lat' dir='ltr'><strong>obtutibus</strong></span> <span class='ocrx_word' id='word_1_648' title='bbox 3082 4720 3515 4793; x_wconf 84' lang='lat' dir='ltr'><strong>pracsentandum</strong></span> 
     </span>
    </p>
   </div>
   <div class='ocr_carea' id='block_1_108' title="bbox 1937 4806 3517 4889">
    <p class='ocr_par' dir='ltr' id='par_1_108' title="bbox 1937 4806 3517 4889">
     <span class='ocr_line' id='line_1_109' title="bbox 1937 4806 3517 4889; baseline -0.013 -8"><span class='ocrx_word' id='word_1_649' title='bbox 1937 4825 2282 4881; x_wconf 85' lang='lat' dir='ltr'><strong>incolumem.</strong></span> <span class='ocrx_word' id='word_1_650' title='bbox 2313 4820 2420 4875; x_wconf 91' lang='lat' dir='ltr'><strong>Sed</strong></span> <span class='ocrx_word' id='word_1_651' title='bbox 2449 4819 2575 4889; x_wconf 88' lang='lat' dir='ltr'><strong>quia</strong></span> <span class='ocrx_word' id='word_1_652' title='bbox 2605 4813 2909 4885; x_wconf 88' lang='lat' dir='ltr'><strong>imperiales</strong></span> <span class='ocrx_word' id='word_1_653' title='bbox 2937 4812 3111 4875; x_wconf 86' lang='lat' dir='ltr'><strong>missi,</strong></span> <span class='ocrx_word' id='word_1_654' title='bbox 3140 4826 3239 4866; x_wconf 90' lang='lat' dir='ltr'><strong>ceu</strong></span> <span class='ocrx_word' id='word_1_655' title='bbox 3265 4808 3318 4864; x_wconf 89' lang='lat' dir='ltr'><strong>in</strong></span> <span class='ocrx_word' id='word_1_656' title='bbox 3350 4806 3517 4878; x_wconf 86' lang='lat' dir='ltr'><strong>ipsius</strong></span> 
     </span>
    </p>
   </div>
   <div class='ocr_carea' id='block_1_109' title="bbox 1937 4899 3514 4986">
    <p class='ocr_par' dir='ltr' id='par_1_109' title="bbox 1937 4899 3514 4986">
     <span class='ocr_line' id='line_1_110' title="bbox 1937 4899 3514 4986; baseline -0.015 -13"><span class='ocrx_word' id='word_1_657' title='bbox 1937 4915 2102 4986; x_wconf 73' lang='lat' dir='ltr'><strong>baiuli</strong></span> <span class='ocrx_word' id='word_1_658' title='bbox 2152 4912 2452 4986; x_wconf 83' lang='lat' dir='ltr'><strong>reperimus</strong></span> <span class='ocrx_word' id='word_1_659' title='bbox 2496 4907 2708 4973; x_wconf 88' lang='lat' dir='ltr'><strong>litteris,</strong></span> <span class='ocrx_word' id='word_1_660' title='bbox 2753 4921 2852 4977; x_wconf 85' lang='lat' dir='ltr'><strong>per</strong></span> <span class='ocrx_word' id='word_1_661' title='bbox 2897 4920 2993 4960; x_wconf 88' lang='lat' dir='ltr'><strong>vos</strong></span> <span class='ocrx_word' id='word_1_662' title='bbox 3040 4899 3313 4958; x_wconf 85' lang='lat' dir='ltr'><strong>transituri</strong></span> <span class='ocrx_word' id='word_1_663' title='bbox 3365 4902 3514 4959; x_wconf 90' lang='lat' dir='ltr'><strong>sunt,</strong></span> 
     </span>
    </p>
   </div>
   <div class='ocr_carea' id='block_1_110' title="bbox 1940 4991 3514 5078">
    <p class='ocr_par' dir='ltr' id='par_1_110' title="bbox 1940 4991 3514 5078">
     <span class='ocr_line' id='line_1_111' title="bbox 1940 4991 3514 5078; baseline -0.016 -14"><span class='ocrx_word' id='word_1_664' title='bbox 1940 5017 2208 5078; x_wconf 87' lang='lat' dir='ltr'><strong>quatenus</strong></span> <span class='ocrx_word' id='word_1_665' title='bbox 2234 5005 2302 5060; x_wconf 88' lang='lat' dir='ltr'><strong>ad</strong></span> <span class='ocrx_word' id='word_1_666' title='bbox 2351 5012 2591 5060; x_wconf 84' lang='lat' dir='ltr'><strong>nostram</strong></span> <span class='ocrx_word' id='word_1_667' title='bbox 2640 4996 2992 5069; x_wconf 90' lang='lat' dir='ltr'><strong>apostolicam</strong></span> <span class='ocrx_word' id='word_1_668' title='bbox 3042 4991 3379 5065; x_wconf 57' lang='lat' dir='ltr'><strong>praesentiam</strong></span> <span class='ocrx_word' id='word_1_669' title='bbox 3422 5002 3514 5039; x_wconf 83' lang='lat' dir='ltr'><strong>ve-</strong></span> 
     </span>
    </p>
   </div>
   <div class='ocr_carea' id='block_1_111' title="bbox 1940 5085 3517 5164">
    <p class='ocr_par' dir='ltr' id='par_1_111' title="bbox 1940 5085 3517 5164">
     <span class='ocr_line' id='line_1_112' title="bbox 1940 5085 3517 5164; baseline -0.016 -11"><span class='ocrx_word' id='word_1_670' title='bbox 1940 5098 2112 5159; x_wconf 87' lang='lat' dir='ltr'><strong>niant,</strong></span> <span class='ocrx_word' id='word_1_671' title='bbox 2166 5094 2399 5164; x_wconf 88' lang='lat' dir='ltr'><strong>petimus</strong></span> <span class='ocrx_word' id='word_1_672' title='bbox 2447 5091 2783 5147; x_wconf 87' lang='lat' dir='ltr'><strong>nobilitatem</strong></span> <span class='ocrx_word' id='word_1_673' title='bbox 2831 5095 3064 5140; x_wconf 87' lang='lat' dir='ltr'><strong>vestram</strong></span> <span class='ocrx_word' id='word_1_674' title='bbox 3106 5090 3164 5135; x_wconf 92' lang='lat' dir='ltr'><strong>ut</strong></span> <span class='ocrx_word' id='word_1_675' title='bbox 3189 5093 3289 5149; x_wconf 91' lang='lat' dir='ltr'><strong>pro</strong></span> <span class='ocrx_word' id='word_1_676' title='bbox 3331 5085 3517 5131; x_wconf 88' lang='lat' dir='ltr'><strong>nostro</strong></span> 
     </span>
    </p>
   </div>
   <div class='ocr_carea' id='block_1_112' title="bbox 1942 5171 3515 5253">
    <p class='ocr_par' dir='ltr' id='par_1_112' title="bbox 1942 5171 3515 5253">
     <span class='ocr_line' id='line_1_113' title="bbox 1942 5171 3515 5253; baseline -0.015 -12"><span class='ocrx_word' id='word_1_677' title='bbox 1942 5200 2127 5241; x_wconf 88' lang='lat' dir='ltr'><strong>amore</strong></span> <span class='ocrx_word' id='word_1_678' title='bbox 2171 5192 2226 5239; x_wconf 88' lang='lat' dir='ltr'><strong>et</strong></span> <span class='ocrx_word' id='word_1_679' title='bbox 2277 5183 2422 5253; x_wconf 89' lang='lat' dir='ltr'><strong>ipsos</strong></span> <span class='ocrx_word' id='word_1_680' title='bbox 2463 5189 2673 5236; x_wconf 78' lang='lat' dir='ltr'><strong>vestros</strong></span> <span class='ocrx_word' id='word_1_681' title='bbox 2712 5176 2911 5232; x_wconf 77' lang='lat' dir='ltr'><strong>auxilio</strong></span> <span class='ocrx_word' id='word_1_682' title='bbox 2959 5171 3192 5227; x_wconf 89' lang='lat' dir='ltr'><strong>munitos</strong></span> <span class='ocrx_word' id='word_1_683' title='bbox 3234 5176 3515 5238; x_wconf 80' lang='lat' dir='ltr'><strong>prospero,</strong></span> 
     </span>
    </p>
   </div>
   <div class='ocr_carea' id='block_1_113' title="bbox 1945 5260 3519 5339">
    <p class='ocr_par' dir='ltr' id='par_1_113' title="bbox 1945 5260 3519 5339">
     <span class='ocr_line' id='line_1_114' title="bbox 1945 5260 3519 5339; baseline -0.015 -6"><span class='ocrx_word' id='word_1_684' title='bbox 1945 5284 2214 5333; x_wconf 90' lang='lat' dir='ltr'><strong>annuente</strong></span> <span class='ocrx_word' id='word_1_685' title='bbox 2235 5274 2483 5339; x_wconf 88' lang='lat' dir='ltr'><strong>Domino,</strong></span> <span class='ocrx_word' id='word_1_686' title='bbox 2499 5273 2654 5328; x_wconf 89' lang='lat' dir='ltr'><strong>nobis</strong></span> <span class='ocrx_word' id='word_1_687' title='bbox 2675 5272 2867 5325; x_wconf 89' lang='lat' dir='ltr'><strong>itinere</strong></span> <span class='ocrx_word' id='word_1_688' title='bbox 2888 5263 3146 5334; x_wconf 81' lang='lat' dir='ltr'><strong>dirigatis.</strong></span> <span class='ocrx_word' id='word_1_689' title='bbox 3164 5260 3318 5328; x_wconf 83' lang='lat' dir='ltr'><strong>Quod</strong></span> <span class='ocrx_word' id='word_1_690' title='bbox 3342 5267 3519 5312; x_wconf 84' lang='lat' dir='ltr'><strong>autem</strong></span> 
     </span>
    </p>
   </div>
   <div class='ocr_carea' id='block_1_114' title="bbox 1949 5359 3525 5437">
    <p class='ocr_par' dir='ltr' id='par_1_114' title="bbox 1949 5359 3525 5437">
     <span class='ocr_line' id='line_1_115' title="bbox 1949 5359 3525 5437; baseline -0.015 -14"><span class='ocrx_word' id='word_1_691' title='bbox 1949 5366 2231 5437; x_wconf 89' lang='lat' dir='ltr'><strong>multiplici</strong></span> <span class='ocrx_word' id='word_1_692' title='bbox 2270 5378 2605 5435; x_wconf 84' lang='lat' dir='ltr'><strong>paganorum</strong></span> <span class='ocrx_word' id='word_1_693' title='bbox 2631 5359 2940 5415; x_wconf 89' lang='lat' dir='ltr'><strong>incursione</strong></span> <span class='ocrx_word' id='word_1_694' title='bbox 2967 5370 3060 5409; x_wconf 86' lang='lat' dir='ltr'><strong>vos</strong></span> <span class='ocrx_word' id='word_1_695' title='bbox 3090 5359 3341 5423; x_wconf 85' lang='lat' dir='ltr'><strong>gravatos</strong></span> <span class='ocrx_word' id='word_1_696' title='bbox 3374 5361 3525 5402; x_wconf 83' lang='lat' dir='ltr'><strong>asse-</strong></span> 
     </span>
    </p>
   </div>
   <div class='ocr_carea' id='block_1_115' title="bbox 1945 5437 3528 5518">
    <p class='ocr_par' dir='ltr' id='par_1_115' title="bbox 1945 5437 3528 5518">
     <span class='ocr_line' id='line_1_116' title="bbox 1945 5437 3528 5518; baseline -0.016 -4"><span class='ocrx_word' id='word_1_697' title='bbox 1945 5458 2067 5513; x_wconf 87' lang='lat' dir='ltr'><strong>ritis</strong></span> <span class='ocrx_word' id='word_1_698' title='bbox 2091 5454 2465 5518; x_wconf 90' lang='lat' dir='ltr'><strong>eondolemus,</strong></span> <span class='ocrx_word' id='word_1_699' title='bbox 2516 5451 2750 5506; x_wconf 80' lang='lat' dir='ltr'><strong>maxime</strong></span> <span class='ocrx_word' id='word_1_700' title='bbox 2779 5449 2905 5518; x_wconf 88' lang='lat' dir='ltr'><strong>quia</strong></span> <span class='ocrx_word' id='word_1_701' title='bbox 2938 5443 3107 5498; x_wconf 86' lang='lat' dir='ltr'><strong>vestri</strong></span> <span class='ocrx_word' id='word_1_702' title='bbox 3148 5440 3395 5496; x_wconf 83' lang='lat' dir='ltr'><strong>concives</strong></span> <span class='ocrx_word' id='word_1_703' title='bbox 3423 5437 3528 5491; x_wconf 88' lang='lat' dir='ltr'><strong>cir-</strong></span> 
     </span>
    </p>
   </div>
   <div class='ocr_carea' id='block_1_116' title="bbox 1944 5527 3533 5619">
    <p class='ocr_par' dir='ltr' id='par_1_116' title="bbox 1944 5527 3533 5619">
     <span class='ocr_line' id='line_1_117' title="bbox 1944 5527 3533 5619; baseline -0.013 -13"><span class='ocrx_word' id='word_1_704' title='bbox 1944 5562 2288 5619; x_wconf 86' lang='lat' dir='ltr'><strong>cumquaque</strong></span> <span class='ocrx_word' id='word_1_705' title='bbox 2311 5543 2471 5617; x_wconf 86' lang='lat' dir='ltr'><strong>positi</strong></span> <span class='ocrx_word' id='word_1_706' title='bbox 2499 5557 2619 5599; x_wconf 88' lang='lat' dir='ltr'><strong>cum</strong></span> <span class='ocrx_word' id='word_1_707' title='bbox 2639 5541 2841 5596; x_wconf 84' lang='lat' dir='ltr'><strong>eisdem</strong></span> <span class='ocrx_word' id='word_1_708' title='bbox 2865 5534 3182 5608; x_wconf 89' lang='lat' dir='ltr'><strong>perditionis</strong></span> <span class='ocrx_word' id='word_1_709' title='bbox 3205 5531 3327 5588; x_wconf 78' lang='lat' dir='ltr'><strong>[iliis</strong></span> <span class='ocrx_word' id='word_1_710' title='bbox 3355 5527 3533 5585; x_wconf 65' lang='lat' dir='ltr'><strong>{cadus</strong></span> 
     </span>
    </p>
   </div>
   <div class='ocr_carea' id='block_1_117' title="bbox 294 5643 3527 5755">
    <p class='ocr_par' dir='ltr' id='par_1_117' title="bbox 294 5643 3527 5755">
     <span class='ocr_line' id='line_1_118' title="bbox 294 5643 3527 5755; baseline -0.014 -14"><span class='ocrx_word' id='word_1_711' title='bbox 294 5696 356 5725; x_wconf 51' lang='grc' dir='ltr'><em>ν·</em></span> <span class='ocrx_word' id='word_1_712' title='bbox 398 5679 585 5755; x_wconf 61' lang='lat' dir='ltr'><strong>Comiti</strong></span> <span class='ocrx_word' id='word_1_713' title='bbox 632 5681 916 5755; x_wconf 79' lang='lat' dir='ltr'><strong>Capuano,</strong></span> <span class='ocrx_word' id='word_1_714' title='bbox 966 5685 1023 5733; x_wconf 92' lang='lat' dir='ltr'><strong>ut</strong></span> <span class='ocrx_word' id='word_1_715' title='bbox 1071 5692 1136 5734; x_wconf 81' lang='lat' dir='ltr'><strong>es</strong></span> <span class='ocrx_word' id='word_1_716' title='bbox 1185 5672 1413 5745; x_wconf 87' lang='lat' dir='ltr'><strong>epistola</strong></span> <span class='ocrx_word' id='word_1_717' title='bbox 1460 5667 1566 5727; x_wconf 73' lang='lat'><strong>209</strong></span> <span class='ocrx_word' id='word_1_718' title='bbox 1606 5672 1839 5741; x_wconf 78' lang='lat' dir='ltr'><strong>constat.</strong></span> <span class='ocrx_word' id='word_1_719' title='bbox 1871 5660 2037 5736; x_wconf 38' lang='lat' dir='ltr'><strong>.Ejus</strong></span> <span class='ocrx_word' id='word_1_720' title='bbox 2095 5658 2343 5718; x_wconf 84' lang='lat' dir='ltr'><strong>meminit</strong></span> <span class='ocrx_word' id='word_1_721' title='bbox 2394 5658 2502 5713; x_wconf 84' lang='lat' dir='ltr'><strong>Leo</strong></span> <span class='ocrx_word' id='word_1_722' title='bbox 2548 5655 2600 5711; x_wconf 87' lang='lat' dir='ltr'><strong>in</strong></span> <span class='ocrx_word' id='word_1_723' title='bbox 2654 5651 2924 5710; x_wconf 82' lang='lat' dir='ltr'><strong>Chronico</strong></span> <span class='ocrx_word' id='word_1_724' title='bbox 2965 5646 3291 5713; x_wconf 74' lang='lat' dir='ltr'><strong>Cassinrnsi,</strong></span> <span class='ocrx_word' id='word_1_725' title='bbox 3342 5643 3433 5699; x_wconf 86' lang='lat' dir='ltr'><strong>lib.</strong></span> <span class='ocrx_word' id='word_1_726' title='bbox 3487 5656 3527 5709; x_wconf 84' lang='grc' dir='ltr'>ι,</span> 
     </span>
    </p>
   </div>
   <div class='ocr_carea' id='block_1_118' title="bbox 255 5750 506 5824">
    <p class='ocr_par' dir='ltr' id='par_1_118' title="bbox 255 5750 506 5824">
     <span class='ocr_line' id='line_1_119' title="bbox 255 5750 506 5824; baseline -0.008 -17"><span class='ocrx_word' id='word_1_727' title='bbox 255 5769 382 5824; x_wconf 72' lang='grc' dir='ltr'><strong>(τιν.</strong></span> <span class='ocrx_word' id='word_1_728' title='bbox 422 5750 506 5805; x_wconf 61' lang='grc'><strong>43.</strong></span> 
     </span>
    </p>
   </div>
  </div>
