2021 3151
256 174 308 201 88⁸1

913 170 1053 200 ιοΑΝΝιδ
1072 169 1174 199 ΡΛΡᾸΞ
1193 170 1248 198 VII!

259 233 329 261 inire
345 235 491 268 procurant
505 238 512 257 :
528 231 705 266 quamobrem
719 235 841 267 nostram
857 230 900 258 his
914 231 1011 257 vestris
1025 231 1050 257 in
1067 234 1088 263 Α
1103 229 1203 262 devoti,
1224 235 1252 257 et
1273 237 1305 257 ea
1320 238 1381 265 qua
1392 230 1470 258 vobis
1484 229 1560 258 utilia
1575 229 1618 258 vel
1639 229 1760 265 proﬁcua
1775 237 1848 258 me
1863 231 1921 258 ‘vi-

259 279 381 314 partibus
400 278 553 307 necessario
568 277 742 312 prtesentiam
764 276 958 312 przestolamini
975 277 1051 303 adfu-

259 331 358 353 turam.
390 324 443 351 Nos
469 331 544 356 vero,
570 323 641 350 sicut
664 322 826 358 jampridem
853 322 1051 353 mandavimus,

259 377 308 408 pro
323 369 459 397 communi
481 369 613 395 duntaxat
638 368 753 396 utilitate
775 373 857 402 atque
877 367 964 394 salute
979 367 1051 394 omni

259 416 359 444 aunixu
379 416 472 442 venire
489 423 652 450 magnopere
676 415 812 449 cupimus,
837 414 962 448 quatmis
975 418 1001 440 et
1021 414 1053 440 de

258 462 365 489 assidua
389 461 512 495 corporis
537 461 759 487 incommoditate
776 464 803 486 et
826 459 859 486 de
875 458 1052 493 peractojam

258 507 379 536 Francia:
391 508 487 535 itinere
498 507 586 534 adhuc
596 514 754 533 maneamus
765 505 873 532 defessi.
883 505 960 532 Nunc
974 505 1055 539 igitur

258 559 322 582 ante
336 554 526 589 pradietorum
545 553 725 587 imperialium
745 552 889 579 missorum
907 552 1054 578 adventum

259 600 322 628 illuc
335 607 482 635 properare
497 599 658 633 nequimus;
675 606 736 625 cum
752 606 817 624 vero
831 605 923 624 eorum
941 595 1054 630 legatio-

259 652 322 672 nem
338 644 417 672 nobis
430 644 547 671 delatam
565 644 703 679 congruis,
723 644 778 670 Deo
801 642 928 677 propitio.
943 648 1055 675 re~pon-

259 689 382 718 sionibus
400 694 505 716 utentes
521 689 699 720 audierimus,
713 693 777 714 tunc
790 688 854 722 quid
867 687 958 713 utilius
974 693 1056 720 agen-

259 738 323 763 dum
345 735 381 763 sit
394 744 443 770 pro
461 735 563 762 viribus
586 742 667 770 agere
686 735 797 761 omnino
817 733 981 760 curabimus.
1003 733 1057 760 Vos

260 787 350 809 tamen
365 782 391 808 in
404 781 518 808 Domino
531 781 698 808 conﬁdentes
713 780 802 807 animo
814 783 900 806 estote
909 778 1055 809 constanti,

259 829 306 864 qui
325 836 377 857 non
397 829 498 856 deserit
514 828 683 856 confidentes
709 827 736 854 in
751 835 791 858 se,
808 831 837 853 ut
851 826 922 854 inter
944 830 1058 853 exteros

260 879 366 902 vestros
388 875 529 909 proximos
543 878 624 908 atque
649 873 753 900 vicinos
768 872 934 900 eﬁicaciores
955 879 986 898 ac
1010 879 1057 905 po-

1103 281 1193 307 entur,
1220 276 1303 304 alacri
1329 277 1462 304 duntaxat
1485 281 1578 304 mente
1604 277 1748 312 perlicere.
1771 285 1830 305 nec
1858 285 1914 312 pro

1102 320 1195 356 aliquo
1220 322 1330 349 homine
1352 327 1470 350 vestram
1499 323 1578 350 nobis
1603 323 1729 351 dilectam
1753 324 1921 351 amicitiam

1105 367 1298 401 relinquamus,
1316 368 1362 395 sed
1381 369 1426 402 pio
1440 368 1531 403 potius
1544 369 1642 396 intuitu
1656 369 1683 396 in
1697 370 1836 397 omnibus
1851 376 1922 397 con-

1104 419 1214 439 servare
1239 412 1360 440 illtesam.
1390 413 1427 440 De
1451 420 1527 448 parte
1547 418 1638 442 autem
1664 415 1820 449 spiritualis
1854 415 1922 442 ﬁlix

1104 463 1203 485 nostrze
1225 458 1402 495 Angelherga:
1416 460 1609 494 imperatricis,
1626 460 1800 487 charissima-
1816 462 1921 487 matris

1105 509 1214 536 vestrm,
1238 512 1288 539 pro
1317 509 1394 532 certo
1427 505 1525 532 scitote
1551 505 1679 540 quoniam
1704 510 1827 540 paterno
1855 514 1919 532 eam

1105 547 1200 575 aﬁ'ectu
1228 557 1335 584 semper
1363 550 1517 582 dileximus,
1539 554 1567 577 et
1594 550 1730 585 quandiu,
1756 550 1921 577 auxiliante

1107 593 1230 626 Domino,
1257 594 1412 625 vixerimus.
1438 595 1550 630 diligere
1585 601 1733 630 nostroque
1759 595 1922 630 apostolico

1106 639 1226 667 subsidio
1239 639 1367 674 adjuvare
1383 640 1507 675 tuerique
1521 647 1683 675 magnopere
1706 641 1919 673 desideramus,

1107 692 1211 712 ttecnon
1240 690 1268 712 et
1296 685 1373 720 quasi
1398 685 1590 712 charissimam
1607 690 1634 712 ct
1655 684 1811 720 spiritah-m
1829 685 1919 711 ﬁliam

1107 729 1250 763 gloriosius
1274 730 1401 757 retinere.
1423 729 1508 756 Porro
1529 730 1561 756 de
1577 734 1675 757 vestrm
1699 730 1855 757 voluntatis
1871 739 1920 757 ac-

1107 775 1196 806 tione,
1227 782 1308 809 quam
1332 775 1422 802 dicitis
1449 775 1590 807 exhibere,
1618 782 1668 802 nos
1693 775 1754 802 sine
1778 775 1866 802 dubio
1891 776 1918 802 in

1106 826 1198 849 vestra
1222 821 1341 848 amicitia
1362 825 1520 848 constantes
1534 820 1681 848 habebitis.
1697 821 1737 848 De
1752 825 1833 855 parte
1847 829 1918 855 quo-

1108 873 1161 901 que
1192 865 1329 894 Adelberti
1360 866 1471 902 gloriosi
1501 866 1679 898 marehionis,
1714 873 1762 892 seu
1796 865 1918 893 Rutilda:

262 921 346 946 tiores
380 919 407 945 in
434 919 561 946 omnibus
594 918 749 953 appareatis
763 938 769 949 ,
807 917 934 951 quoniam
965 921 1057 943 tl05ll‘0
1073 915 1095 944 B
1110 911 1256 938 εοιηιῑὶεετε
1278 911 1401 945 coniugis
1422 910 1491 946 ejus,
1507 915 1654 946 cognoscat
1669 909 1802 937 nobilitas
1823 915 1916 938 vestra

261 964 409 999 apostolico
433 972 480 991 vos
501 964 637 999 prmsidio,
661 969 741 998 prout
760 968 940 998 opportumtm
965 961 1057 993 fuerit,

263 1010 342 1044 quasi
355 1010 531 1038 charissimos
547 1010 616 1038 ﬁlios
628 1010 824 1044 adjuvabitnus.
842 1010 907 1036 Data
924 1013 949 1034 ut
965 1015 1055 1041 supra.

606 1065 714 1093 CCVIII.

313 1118 349 1139 ΑΙ)
370 1119 607 1143 ARCHIEPISCOI‘OS,
628 1119 770 1142 εοιιυιιρυε
790 1117 1002 1138 ευῖῐνἸῑᾹΟΛΝΕοε.

570 1157 659 1192 (Anno
676 1157 751 1192 879.)

266 1203 306 1230 Νι*
321 1203 498 1230 Iiirbertinum
515 1209 575 1230 ante
595 1212 682 1230 cuum
699 1203 887 1230 disrussioncm
907 1209 1058 1228 excommu-

612 1244 708 1266 meum.

299 1294 541 1321 llevcrendissimis
557 1298 585 1321 et
607 1293 788 1321 sanctissimis
809 1293 992 1321 confratrilms
1012 1300 1060 1318 no-

263 1339 338 1371 stris,
354 1340 511 1367 Aunsuno
525 1345 551 1367 et
566 1339 746 1370 OTTERAINO,
763 1346 868 1366 necnon
885 1343 913 1365 et
936 1339 1060 1365 ΤηΕουο-

266 1393 337 1417 nico,
353 1391 381 1412 et
401 1386 534 1413 universis
548 1386 716 1420 coepiscopis
731 1385 839 1412 vestris.

299 1431 425 1459 OIlIlIllllll
441 1436 561 1459 vestrum
578 1432 714 1458 sanctitati
740 1436 831 1457 notttm
855 1438 914 1457 (ESSE
938 1429 1060 1455 νοιιιιιιιις

266 1479 371 1505 venisse
395 1478 588 1509 Bicberlinum,
612 1477 777 1504 deferentem
802 1475 975 1511 imperatoris
990 1483 1059 1510 prm-

265 1527 372 1557 ceptum
386 1528 414 1550 et
435 1522 654 1550 commutationis
670 1522 821 1549 chartulam
840 1521 873 1548 de
896 1520 975 1548 rebus
993 1528 1060 1555 quas

267 1570 375 1596 charius
388 1577 450 1596 cum
466 1569 562 1596 Amulo
577 1569 778 1604 archiepiscopo
791 1568 889 1595 dudum
906 1567 1060 1594 celebrave-

268 1621 341 1642 runt.
357 1615 468 1650 lnsuper
489 1620 582 1643 nostro
603 1615 765 1650 apostolatui
790 1613 924 1641 iutiniavit
949 1618 979 1640 ut
1000 1620 1060 1639 cum

268 1662 327 1689 sine
350 1662 453 1689 ratione
471 1662 593 1689 discussa
619 1663 853 1689 exconununicarc
875 1661 964 1687 vultis.
988 1660 1061 1693 Qua-

268 1712 378 1744 propter
389 1708 536 1743 apostolica
550 1709 712 1735 auctoritate
723 1707 850 1739 jubcmus
871 1710 901 1733 ut
923 1714 1002 1732 nemo
1019 1713 1062 1733 ve-

268 1757 354 1781 strum
365 1761 424 1779 cum
436 1753 663 1784 excommunicet,
672 1757 816 1786 antequam
828 1751 860 1778 ad
873 1751 938 1786 legis
949 1757 1061 1777 examen

268 1799 418 1833 proveniat.
435 1798 548 1829 Scitote,
565 1798 790 1833 quemadmodum
814 1798 840 1824 in
855 1798 1003 1824 centesimo
1018 1805 1063 1823 ca-

268 1844 351 1878 pitqu
370 1844 490 1874 Africani
514 1844 620 1873 concilii
639 1844 747 1878 legitur,
763 1844 889 1870 similiter
903 1843 928 1870 in
944 1841 1063 1869 secundo

267 1889 432 1918 novellarum
447 1890 592 1917 Iustiniani
607 1890 687 1921 libro,
704 1893 733 1915 ut
752 1896 832 1916 nemo
853 1889 995 1923 episcopus
1017 1891 1062 1913 aut

267 1936 408 1970 presbyter
433 1935 792 1970 aliquem.exeonuuuuicet
815 1938 959 1968 antequam
982 1940 1061 1960 causa

267 1981 404 2016 probetur.
416 1981 467 2014 Qui
478 1981 728 2009 excommunicatns
748 1980 876 2014 majorem
895 1979 1061 2006 sacerdotem

266 2027 360 2058 adeat,
375 2031 400 2053 et
418 2026 462 2052 ille
485 2027 529 2060 qui
555 2026 653 2060 injuste
677 2025 939 2055 excotnmnnicavit,
956 2025 988 2050 ab
1006 2024 1063 2058 ipso

262 2069 336 2102 jnste
351 2069 478 2104 patiatur.
495 2070 528 2096 Et
543 2077 621 2096 nemo
636 2073 766 2100 vestrum,
790 2073 836 2094 aut
851 2069 965 2102 quilibet
979 2067 1062 2096 laico~

268 2122 325 2142 rum
362 2113 477 2150 praefati,
494 2122 536 2142 res
563 2119 626 2141 ante
650 2114 715 2148 legis
743 2113 911 2140 sanctionem
938 2112 1063 2139 invadere

265 2159 373 2188 audeat.
385 2159 463 2191 Nam,
475 2159 545 2195 quod
562 2167 614 2187 non
627 2159 772 2189 credimus,
785 2159 806 2185 si
817 2158 878 2193 quis
888 2163 981 2185 contra
994 2157 1063 2184 hanc

266 2211 386 2234 nostram
410 2205 587 2242 apostolicam
615 2197 805 2232 auctoritatem
832 2204 871 2231 ire
899 2203 1060 2235 lentaverit,

265 2252 333 2278 sciat
353 2259 382 2279 se
405 2252 584 2280 anathematis
612 2251 719 2278 vinculo
745 2250 912 2278 innodatum.
943 2249 1008 2276 Data
1035 2254 1060 2275 ut
1078 2265 1102 2295 υ

265 2305 354 2332 ευριπ.

619 2343 708 2371 CCIX.

502 2398 534 2416 AD
554 2397 671 2417 BOSONEH
692 2396 811 2416 COIITEH
817 2407 824 2414 .

575 2446 664 2480 (Auno
684 2445 759 2479 879.)

267 2503 304 2535 De.
314 2503 439 2531 incolumi
453 2503 510 2537 ejus
521 2503 690 2537 prosperitate
703 2502 853 2537 gratulatur
865 2510 873 2528 :
885 2509 912 2528 se
925 2506 979 2537 tum
991 2508 1060 2530 eum,

298 2543 355 2566 tum
374 2536 561 2573 Aagelbcrgam
583 2536 773 2573 imperatricem
788 2537 887 2573 charos
903 2536 1061 2573 habereuer-

300 2574 398 2606 tendit;
415 2569 490 2608 rogat
502 2569 532 2600 ἶιι
548 2569 686 2599 Adclberto
701 2578 724 2599 et
740 2572 810 2608 illius
829 2571 933 2608 cottjttgi
946 2569 1061 2597 Rolildtc

302 2609 368 2649 bona
387 2607 452 2644 qua!
466 2608 493 2635 in
516 2608 651 2644 provincia
675 2607 855 2642 possederant,
879 2607 988 2632 retinere
1003 2613 1061 2640 per-

300 2648 398 2672 mittat.

300 2700 403 2729 Dilecto
417 2700 472 2727 ﬁlio
485 2699 583 2728 Bo~oat
599 2699 715 2735 glorioso
728 2698 852 2734 principi.

299 2747 366 2782 Quia
386 2746 484 2774 litteris
498 2746 649 2774 nobilitatis
675 2749 772 2773 vestra:
789 2745 964 2779 relectis,vos
984 2746 1059 2773 inco-

264 2793 351 2821 lumes
379 2800 441 2820 eum
465 2796 557 2828 optata
584 2792 765 2827 prosperitate
789 2792 880 2828 vigere
905 2792 1060 2824 didicimus,

264 2838 408 2875 plurimum
420 2847 514 2867 sumus
529 2839 581 2866 lani
597 2838 700 2871 effecti;
718 2846 779 2866 nam
795 2843 891 2866 vestra:
908 2838 1060 2866 dilectionis

264 2891 357 2913 amore
371 2884 516 2918 apostolica
522 2891 629 2918 semper
637 2883 761 2918 cupitnus
774 2882 941 2919 benignitate
951 2888 1060 2911 manere

1108 957 1180 991 quod
1194 957 1271 984 vobis
1286 957 1311 984 in
1326 957 1452 984 omnibus
1466 956 1558 984 Iideles
1574 961 1601 984 et
1615 957 1729 983 devotos
1745 957 1847 983 amicos
1860 963 1916 983 eos

1108 1010 1169 1030 esse
1180 1003 1386 1037 cognoscimus;
1408 1002 1469 1029 ideo
1484 1009 1614 1036 rogamus
1626 1007 1655 1029 ut
1674 1009 1768 1029 eorum
1780 1001 1914 1028 comitata

1110 1048 1137 1075 in
1149 1048 1286 1083 provincia
1302 1047 1400 1082 posita,
1417 1048 1487 1074 sicut
1500 1047 1555 1082 jam
1578 1051 1700 1083 tempore
1714 1047 1794 1081 longe
1815 1051 1916 1073 tenue—

1109 1098 1182 1126 runt,
1207 1093 1243 1120 ita
1260 1093 1386 1127 deinceps
1407 1100 1456 1127 pro
1474 1098 1567 1120 nostro
1591 1099 1684 1119 amore
1706 1092 1844 1119 securiter
1863 1091 1916 1118 ba-

1109 1139 1200 1167 heant.
1216 1138 1348 1174 Optamus
1363 1138 1475 1174 gloriam
1493 1143 1612 1165 vestram
1628 1145 1700 1165 nunc
1716 1143 1744 1164 ct
1758 1144 1871 1173 semper
1884 1135 1915 1164 in

1109 1185 1217 1212 Christo
1231 1191 1343 1212 manere
1360 1187 1530 1220 perpetuam.
1548 1183 1614 1210 Data
1634 1188 1661 1209 ut
1677 1191 1770 1218 supra.

1156 1293 1190 1312 AD
1209 1293 1407 1313 LIUDTEFBIDUI
1427 1291 1556 1319 (ιοιιιτειι,
1577 1291 1695 1311 ειυεοει
1715 1290 1868 1311 CONJUGEI.

1415 1340 1505 1376 (Auno
1524 1340 1601 1375 879.)

1111 1386 1327 1414 Euommunicat
1351 1393 1409 1418 col,
1434 1386 1495 1421 quia
1521 1384 1662 1412 monialem
1687 1384 1851 1412 monasterio
1870 1391 1918 1412 ra-

1449 1425 1572 1455 puerum.

1146 1466 1331 1495 Ltunrermoa
1345 1466 1439 1493 comiti
1453 1471 1481 1493 et
1494 1464 1600 1500 conjungi
1617 1473 1684 1492 sum.

1148 1513 1215 1546 Quia
1233 1517 1327 1539 contra
1349 1512 1439 1539 divina
1454 1515 1481 1539 et
1504 1511 1591 1547 legum
1613 1514 1748 1546 praecepta
1771 1510 1917 1538 temerario

1112 1566 1192 1594 agere
1211 1566 1264 1586 non
1287 1558 1442 1591 erubuistis,
1466 1558 1503 1585 ita
1528 1562 1572 1589 ut,
1598 1556 1703 1584 calcato
1725 1556 1771 1583 Dei
1796 1557 1914 1587 timore,

1075 1591 1097 1622 (ἶ
1112 1603 1287 1632 Garelindam
1301 1610 1380 1630 sacro
1395 1602 1526 1630 velamine
1538 1605 1649 1634 tectam,
1662 1607 1691 1628 et
1707 1602 1733 1628 in
1748 1601 1916 1628 monasterio

1112 1649 1289 1685 Angelbergaz
1300 1648 1404 1675 dilectae
1415 1647 1476 1675 lilia)
1488 1652 1586 1674 nostrae
1594 1648 1776 1681 imperatricis
1786 1648 1916 1682 Augustae

1113 1693 1163 1719 sub
1190 1693 1358 1728 professione
1385 1692 1503 1727 regulari
1531 1692 1684 1719 diutissime
1709 1696 1916 1725 cont‘ersalam,

1113 1739 1184 1773 quod
1204 1739 1348 1766 Placentia:
1362 1739 1442 1766 situm
1466 1743 1524 1771 est,
1540 1739 1697 1765 abstrahere
1714 1737 1918 1765 fraudulentis-

1114 1786 1181 1812 sima
1204 1785 1331 1813 suasione
1355 1784 1413 1812 attsi
1438 1783 1561 1816 fueritis;
1603 1785 1688 1811 tandiu
1719 1788 1744 1810 te
1774 1787 1919 1818 tuamque

1113 1832 1254 1868 conjugcm
1270 1833 1433 1860 auctoritate
1459 1832 1546 1860 sancti
1564 1831 1680 1867 Spiritus
1692 1830 1793 1858 Domini
1818 1830 1917 1857 uestri

1114 1885 1128 1904 a
1142 1885 1255 1912 corpore
1280 1882 1307 1904 et
1323 1877 1455 1913 sanguine
1479 1877 1585 1905 Domini
1612 1876 1696 1904 nostri
1722 1875 1782 1903 les“
1805 1875 1918 1903 Christi

1114 1930 1283 1956 separamus,
1311 1927 1339 1949 et
1367 1930 1381 1949 a
1408 1922 1547 1950 consortio
1572 1921 1795 1952 Christianitatis.
1824 1920 1918 1947 donec

1114 1968 1270 2003 prmdictam
1285 1967 1413 1997 feminam
1429 1967 1616 2000 Garelindam,
1640 1967 1700 1994 loco
1718 1967 1788 1993 unde
1809 1965 1918 2000 degan-

1116 2014 1211 2046 nastis,
1227 2013 1388 2041 restituatis.
1406 2013 1482 2047 Quod
1495 2014 1517 2041 si
1536 2014 1587 2041 hoc
1603 2013 1785 2048 neglexeritis,
1798 2012 1920 2039 mathe-

1115 2059 1195 2086 malis
1210 2065 1257 2086 vos
1272 2058 1386 2085 vinculis
1402 2059 1573 2086 innodamus.
1591 2058 1657 2085 Data
1671 2063 1699 2084 tu
1713 2065 1803 2091 supra.

1470 2103 1558 2131 CCXI.
1572 2119 1574 2121 τ

1303 2157 1337 2176 AD
1357 2156 1511 2176 θιιεοοῐιιυιι
1531 2155 1718 2176 PRIIICEMUI.

1422 2194 1513 2229 (Anno
1529 2193 1603 2228 8'19.)

1115 2240 1286 2269 Commendat
1309 2241 1367 2277 ejus
1388 2241 1504 2277 studium
1525 2248 1588 2276 ergo
1596 2240 1740 2268 Ecclesium
1753 2241 1921 2277 eti-utpar-

1151 2281 1218 2303 tores
1230 2285 1238 2308 ,'
1254 2274 1383 2311 signiﬁcat
1396 2285 1422 2303 se
1430 2276 1465 2302 ad
1476 2274 1771 2310 Constantinopolitanae
1785 2274 1919 2302 Ecclesia:

1150 2311 1356 2344 perturbationes
1382 2311 1512 2338 sedanda;
1539 2316 1660 2344 paratum
1684 2319 1738 2337 esse
1761 2317 1771 2335 :
1798 2311 1919 2336 ostendit

1150 2347 1316 2380 imperatoria
1330 2346 1429 2380 legatos
1448 2346 1592 2380 honoriﬁce
1605 2354 1633 2372 se
1649 2351 1827 2379 ext-cpiarum,
1849 2353 1919 2379 quos

1149 2381 1228 2408 etiam
1243 2390 1258 2407 a
1277 2382 1371 2409 comite
1393 2381 1520 2416 Capuam
1536 2381 1615 2415 recipi
1636 2385 1659 2407 et
1672 2381 1706 2407 ad
1719 2388 1746 2407 se
1763 2381 1833 2406 tanti
1854 2380 1918 2414 ξι-

1150 2421 1227 2443 antea
1243 2417 1393 2443 marularat.

1151 2474 1253 2502 Dilecto
1268 2474 1328 2501 viro
1342 2474 1483 2502 GREGORIO
1496 2474 1614 2509 glorioso
1630 2473 1798 2509 primicerio,
1819 2479 1849 2500 et
1864 2474 1920 2501 im-

1114 2519 1208 2554 periali
1223 2519 1323 2555 bajttlo.

1149 2565 1258 2593 Litteris
1280 2565 1345 2598 tuis,
1363 2573 1432 2601 quas
1455 2565 1534 2593 nobis
1556 2574 1603 2600 per
1624 2565 1791 2600 Stephanum
1816 2564 1920 2592 candi-

1113 2611 1205 2639 datum
1217 2610 1322 2638 ﬁdelcm
1336 2615 1410 2638 tuum
1421 2611 1555 2643 direxisti,
1567 2611 1685 2643 releetis,
1697 2610 1850 2638 devotionis
1862 2615 1920 2639 tua

1112 2657 1296 2685 sinceritatem
1312 2661 1340 2684 et
1352 2657 1442 2688 Iidem,
1462 2665 1543 2692 quam
1560 2657 1634 2684 circa
1650 2657 1798 2684 Ecelcsiam
1819 2656 1873 2684 Dei
1891 2663 1920 2684 et

1112 2701 1323 2736 gloriosissimos
1336 2702 1515 2737 imperatores
1530 2702 1614 2730 habes
1628 2703 1769 2737 Augustos,
1785 2702 1921 2730 enuclea-

1114 2748 1168 2775 tius
1191 2752 1379 2783 agnoscentes,
1403 2748 1549 2784 plurimum
1574 2748 1767 2776 coilaudamus.
1795 2747 1826 2775 Et
1854 2748 1921 2775 ideo

1114 2792 1201 2820 sacris
1213 2794 1384 2820 orationibus
1397 2794 1509 2826 nostris,
1526 2794 1597 2821 sicut
1612 2793 1724 2829 supplici
1740 2797 1803 2819 voto
1816 2797 1918 2826 posta-

1114 2837 1187 2870 lasti,
1213 2838 1326 2865 Domino
1350 2839 1542 2866 commendare
1567 2843 1597 2867 ut
1620 2843 1649 2867 et
1670 2847 1685 2866 a
1711 2837 1869 2866 visibilibus
1892 2845 1920 2865 et

1115 2882 1296 2914 invisibilibus
1322 2892 1454 2919 securus,
1482 2893 1514 2913 ac
1542 2886 1630 2914 victor
1653 2886 1769 2919 existas,
1786 2881 1919 2912 omnino
