4042 6302
1438 376 1795 437 εριετοωε
1836 378 1923 434 ΕΤ
1962 377 2303 435 DECRE'I'A.

3409 376 3516 432 830

228 499 535 559 stridemus.
564 494 634 552 Et
660 495 788 569 quia
816 510 1014 568 magno
1049 494 1362 565 imperatori
1403 502 1496 548 tuo
1525 492 1822 549 Ecclesium
1852 499 1899 557 Α
1928 491 2156 561 apostoli
2198 489 2631 547 benedictionem
2670 488 3000 547 fraternitati
3045 494 3242 545 vestra:
3285 488 3518 545 mantia-

229 588 329 643 Dei
358 585 635 658 paciﬁcari
667 586 893 652 volenti,
939 601 1039 640 nos
1071 594 1131 640 ut
1160 583 1345 640 lavere
1373 584 1668 640 debeamus
1695 584 1821 640 bor-

226 678 392 745 taris,
437 677 494 736 id
537 675 693 746 jux‘ta
729 676 901 737 nostri
944 675 1104 731 cilicii
1155 675 1525 746 magisterium
1569 682 1821 745 prompta

222 768 503 824 duntaxat
543 783 708 838 agere
734 767 1012 823 voluntate
1046 766 1302 822 divinitus
1327 765 1491 835 adjnti
1522 780 1815 828 curamus;

218 858 507 931 quoniam,
556 858 770 913 dicente
808 857 1089 928 Apostolo,
1136 857 1500 912 Ecciesiarnm
1556 856 1650 911 Dei
1699 863 1818 915 om-i

221 953 382 1008 nium
436 950 591 1009 nobis
630 950 934 1006 sollicitudo
979 951 1258 1006 incumbit.
1291 949 1630 1020 Quapropter
1666 961 1818 1003 more

222 1043 688 1111 praedecessorum
718 1050 1027 1096 nostrorum
1058 1040 1395 1111 pontiﬁcum,
1432 1039 1817 1095 Constantino-

222 1130 527 1201 potitanam
574 1130 875 1187 Ecclesium
926 1129 1312 1202 multiplicibus
1361 1128 1629 1184 scandulis
1671 1143 1818 1183 nunc

220 1221 637 1288 perturbatam,
698 1228 855 1292 prout
903 1221 1110 1292 justum
1167 1228 1252 1276 est
1309 1229 1473 1290 atque
1522 1218 1817 1289 possibile,

218 1308 421 1364 sedare
470 1308 763 1375 volumus,
825 1320 882 1369 et
938 1325 1125 1380 pacem
1180 1319 1495 1379 perpetuam
1548 1308 1814 1363 stabilire.

220 1402 497 1459 Pus-terea
540 1401 700 1473 legati
744 1403 1071 1472 imperiales,
1100 1418 1237 1472 quos
1277 1401 1344 1457 ad
1374 1410 1557 1456 nostra
1604 1408 1820 1471 aposto-

216 1491 328 1550 lica
358 1493 575 1565 fastigia
618 1494 757 1549 dicis
779 1509 899 1550 esse
927 1495 1181 1560 directos,
1230 1494 1274 1550 si
1306 1493 1570 1571 venerint,
1602 1505 1819 1562 compc-

218 1587 360 1644 ωηιί
395 1601 425 1639 a
454 1585 608 1640 nobis
636 1585 965 1658 recipientur
992 1587 1222 1651 honore,
1262 1594 1316 1641 et
1339 1584 1684 1657 Augustalem
1723 1597 1820 1653 per

216 1689 319 1731 eos
347 1674 503 1730 nobis
523 1674 759 1730 delatam
790 1674 1113 1744 legationem
1139 1674 1433 1733 clementer
1463 1673 1814 1743 recipiemus;

217 1776 388 1838 aurae
409 1767 579 1838 ipsius
604 1766 889 1838 legationis
915 1776 1118 1823 textum
1140 1776 1196 1823 et
1219 1768 1465 1823 ordinem
1492 1781 1819 1837 cognoscen-

1925 581 2119 637 vimus.
2152 581 2326 653 Quam
2356 582 2589 652 petimus
2634 590 2691 635 ut
2736 595 2835 651 pro
2864 573 2958 635 Dei
2988 588 3047 634 et
3088 579 3259 650 ipsius
3301 587 3517 649 aposto-

1923 669 2096 727 lorum
2120 670 2379 740 principis
2407 684 2595 725 amore
2622 679 2916 738 nostraque
2946 668 3242 724 dilectione
3280 669 3523 745 benigne!

1923 761 2218 830 recipiatis,
2273 761 2528 830 quoniam
2558 760 2725 815 nimia
2779 774 3109 831 paganorum
3161 746 3513 829 oppressione

1922 850 2154 920 gravati,
2186 850 2360 919 plura,
2389 859 2449 904 nt
2468 850 2803 915 volebamus,
2826 850 3058 922 dirigere
3082 865 3188 905 non
3212 851 3509 919 potuimus.

1926 941 2197 1013 Rogamus
2223 952 2484 1015 praeterea
2506 952 2749 998 sanctam
2782 952 3016 998 vestram
3049 944 3102 998 in
3126 943 3352 997 Domino
3380 942 3514 997 cha-

1923 1034 2140 1088 ritatcm
2168 1042 2227 1088 nt
2258 1035 2310 1089 in
2342 1034 2548 1090 sanctis
2574 1034 2914 1089 orationibus
2945 1034 3141 1091 vestris
3169 1034 3339 1090 nostri
3370 1048 3511 1090 scm-
3546 1017 3552 1023 ’

1922 1138 2021 1192 ρει·
2072 1139 2339 1180 memores
2384 1125 2723 1191 existentes,
2780 1140 2879 1195 pro
2932 1125 3089 1181 nobis
3142 1139 3334 1195 preces
3381 1122 3507 1180 Jesu

1923 1210 2142 1268 Christo
2167 1214 2393 1269 Domino
2418 1225 2607 1270 nostro
2633 1216 2875 1285 quotidie
2896 1214 3121 1270 fundere
3150 1213 3511 1272 alacrianimo

1922 1303 2241 1376 dignemini,
2271 1306 2550 1362 carissime
2575 1307 2763 1363 frater.
2799 1307 2930 1362 Data
2952 1324 3005 1366 vt
3045 1307 3228 1364 Nonas
3263 1306 3409 1365 Maii.

2611 1416 2837 1473 CCXIV.

2324 1522 2394 1562 AD
2431 1523 2861 1565 οΑιιοιοιιΑῐςςωι
2902 1520 3097 1566 ιιιεοειι.

2540 1599 2722 1662 (Anno
2754 1598 2903 1670 s79.)

1925 1687 1993 1744 Ut
2032 1690 2088 1745 in
2124 1688 2440 1747 Vercelletm'
2469 1690 2714 1774 Ecclesia
2755 1690 3037 1774 Casperius
3084 1690 3352 1748 manus:
3384 1710 3515 1748 cen-

2432 1772 2517 1816 sttt
2525 1773 2683 1816 natur
2711 1772 3001 1833 episcopus.

221 1866 326 1917 tes.
360 1873 465 1912 una
493 1873 617 1913 eum
660 1857 805 1914 sedis
847 1857 1155 1929 apostolica:
1195 1858 1350 1913 nobis
1376 1859 1679 1915 commissa:
1719 1874 1806 1917 as-
1834 1858 1882 1917 B
1978 1852 2186 1909 Dilecto
2227 1862 2285 1909 et
2304 1853 2532 1925 spiritali
2561 1853 2673 1909 ﬁlio
2696 1853 3095 1911 Ctnoromsrto
3117 1855 3353 1929 glorioso
3375 1853 3511 1926 regi.

218 1962 411 2013 sensu,
443 1956 703 2017 quantum
737 1946 822 2007 las
848 1955 950 2012 cst,
985 1963 1084 2017 pro
1124 1946 1379 2002 Ecclesiae
1411 1946 1504 2002 Dei
1550 1962 1683 2017 pace
1713 1948 1818 2003 im-

221 2034 421 2107 periali
472 2035 731 2092 voluntati
785 2036 967 2091 favere
1019 2037 1244 2092 omnino
1304 2036 1659 2092 studebimus.
1710 2037 1817 2093 Pro

222 2125 426 2197 quibus
474 2125 638 2180 etiam
699 2126 879 2181 missis
928 2124 1262 2181 Paudenull'o
1323 2124 1579 2196 Capuauo
1630 2127 1817 2183 comiti

217 2215 541 2287 scripsimus
570 2223 629 2270 ut
670 2230 766 2271 eos
796 2215 1075 2271 venientes
1115 2216 1360 2286 recipiat,
1392 2225 1446 2270 et
1489 2231 1588 2286 pro
1633 2224 1819 2272 nostro

221 2322 414 2362 amore
457 2321 717 2378 prospero
771 2306 929 2363 nobis
975 2308 1204 2373 itinere,
1252 2308 1482 2363 Domino
1522 2316 1815 2374 annuente,

219 2396 458 2468 dirigere
482 2398 716 2453 studeat.
762 2395 915 2453 Nunc
957 2412 1087 2468 ergo
1115 2397 1278 2453 iidem
1306 2398 1462 2455 missi
1502 2399 1818 2471 prtcsentia-

222 2487 353 2544 liter
380 2487 608 2544 Romam
632 2490 822 2546 venire
845 2499 1156 2562 procurent,
1188 2492 1312 2562 quia
1345 2508 1444 2549 nos
1483 2492 1603 2547 aliis
1636 2494 1820 2552 causis

221 2576 493 2648 impediti,
546 2580 681 2635 istas
727 2579 784 2635 in
837 2589 1023 2652 partes
1074 2583 1256 2648 modo,
1301 2583 1444 2643 sicut
1494 2582 1816 2653 dispositum

221 2668 534 2737 habuimus,
570 2684 866 2743 properare
894 2686 1004 2732 non
1030 2686 1339 2741 possumus.
1371 2672 1506 2732 Data
1551 2682 1606 2726 nt
1634 2689 1815 2727 suum.

915 2780 1119 2841 CCXII.

828 2873 885 2946 (Α
898 2890 1006 2928 nno
1065 2873 1214 2945 879.,

218 2965 715 3022 Emmmunicatio
751 2966 997 3049 Ausperti
1021 2968 1165 3049 quia
1191 2966 1558 3049 adAsyttodum
1609 2977 1819 3022 vocatus

717 3046 891 3091 venire
911 3046 1311 3107 contempserat.

291 3131 623 3195 Anspertum
656 3124 1115 3182 Mediolaneusem
1138 3126 1626 3197 archiepiscopum,
1655 3141 1816 3196 quem

221 3217 404 3289 Papiae
428 3217 734 3274 existentes
763 3224 819 3273 et
863 3218 1208 3289 postmodum
1235 3218 1303 3273 ad
1333 3218 1594 3290 synodum
1628 3217 1818 3275 Romae
1844 3209 1887 3271 C

222 3324 328 3382 pro
352 3307 535 3364 multis
558 3307 926 3371 Ecclesiarum
967 3307 1063 3364 Dei
1093 3308 1509 3365 necessitatibus
1533 3308 1816 3365 collectam

225 3399 560 3464 vocavitnus,
612 3414 712 3456 nec
735 3414 836 3469 per
864 3414 924 3455 se
957 3414 1251 3456 occurrere
1280 3416 1387 3455 nec
1408 3400 1817 3457 excusationem

222 3502 379 3544 suam
424 3487 722 3544 secundum
750 3503 939 3544 sacros
967 3503 1208 3545 canones
1255 3489 1309 3545 in
1337 3489 1591 3544 tractoria
1615 3490 1823 3561 scripta-

222 3579 385 3643 nobis
409 3588 465 3634 et
506 3587 697 3637 sancto
731 3579 981 3642 concilio,
1016 3594 1179 3635 causa
1208 3581 1529 3636 temeritatis
1553 3590 1607 3638 et
1635 3580 1820 3638 inobo-

223 3669 467 3736 dicntire,
519 3669 754 3741 dirigere
785 3672 1083 3736 nolentem,
1123 3670 1326 3725 virtute
1374 3672 1547 3733 sanati
1583 3672 1819 3743 Spiritus

222 3771 278 3817 et
300 3760 601 3839 principum
648 3761 1012 3837 apostolorum
1048 3761 1195 3818 Petri
1235 3777 1302 3817 ac
1326 3762 1502 3829 Pauli,
1526 3773 1819 3836 nostraque

222 3852 572 3918 auctoritate,
619 3867 741 3909 cum
787 3868 1059 3908 consensu
1091 3862 1295 3910 sanctae
1327 3855 1542 3926 synodi,
1593 3869 1821 3928 corpore

224 3952 285 3997 et
331 3942 595 4015 sanguine
629 3942 843 3999 Domini
882 3944 1056 4000 nostri
1109 3943 1237 4008 Jesu
1285 3943 1487 4007 Christi
1517 3944 1819 4023 priv'amps,

224 4048 509 4105 quousque
525 4048 678 4090 suam
707 4034 861 4091 nobis
884 4034 1229 4106 praesentiam
1258 4035 1519 4092 exhibere
1538 4028 1815 4108 procuret.

225 4128 363 4184 Data
402 4138 455 4183 ιιι
482 4146 665 4200 supra.
928 4196 934 4201 η
1070 4196 1075 4201 η

916 4245 1140 4303 CCXIII.

297 4354 367 4393 AD
406 4354 740 4396 τιιεοιιοθιωι
765 4353 1144 4401 ΡΑΊἬΙΑΜΖΙΙΑἎΙ
1182 4352 1743 4402 ιιιεῃοεοιιιιιτιιδωι.

845 4433 1023 4503 (Anno
1055 4431 1208 4502 879.)

228 4521 464 4577 Eacasat
510 4522 723 4577 tardum
770 4522 1061 4593 legatorum
1100 4520 1221 4593 ejus
1261 4520 1509 4584 reditum,
1550 4535 1642 4590 per
1684 4533 1815 4590 quos

297 4593 787 4663 qua'dam‘munera
825 4592 895 4647 od
924 4608 1045 4646 eum
1088 4592 1284 4657 mittit,
1333 4606 1527 4661 rogans
1558 4601 1611 4644 ut
1639 4606 1735 4659 pro
1762 4605 1818 4644 se

295 4661 507 4717 assidue
539 4661 704 4717 Deum
739 4662 1065 4733 deprecetur.

298 4770 771 4830 Reverenzlissimo
815 4780 871 4829 et
924 4772 1268 4829 sanctissimo
1319 4768 1819 4829 conlratrinostro

225 4863 534 4921 Tnsouosto
570 4866 897 4937 patriarcha!
934 4872 1138 4923 sancttc
1168 4862 1672 4933 Ilierosolymitaum
1706 4859 1815 4916 Ec-

224 4953 427 5011 clesia}.
489 4968 496 4975 '

295 5047 496 5105 Notum
535 5063 657 5106 esse
682 5050 933 5107 volumus
959 5047 1236 5107 sanctitati
1281 5054 1478 5103 vestrm
1512 5043 1637 5115 quia
1678 5058 1817 5121 pra:-

222 5148 413 5199 sentes
438 5142 690 5199 monachi
724 5143 919 5209 vestri,
969 5139 1304 5199 Theodosius
1345 5138 1614 5204 videlicet,
1648 5137 1818 5197 David

220 5240 281 5289 et
325 5231 497 5297 Saba,
549 5235 831 5305 venientes
877 5234 1108 5290 Romam
1159 5232 1226 5288 ad
1270 5231 1457 5292 limina
1505 5238 1819 5291 sanctorum

222 5321 595 5393 apostolorum
640 5324 789 5381 Petri
841 5333 898 5380 et
945 5322 1119 5388 Pauli,
1167 5322 1429 5379 demorati
1477 5331 1602 5378 sunt
1645 5321 1719 5376 ibi
1752 5336 1823 5377 co

218 5414 370 5484 quod
399 5429 499 5469 nos
528 5430 627 5484 pro
658 5423 864 5471 nostrae
907 5413 1170 5473 Ecclesia
1194 5412 1376 5469 causis
1405 5422 1462 5470 et
1500 5412 1823 5470 utilitatibus

215 5505 512 5563 Franciam
559 5523 994 5579 perrexeramus.
1046 5507 1121 5564 At
1166 5508 1279 5573 ubi,
1324 5504 1438 5563 Deo
1466 5506 1699 5569 volente.
1736 5521 1829 5562 rem

219 5596 372 5651 versi
405 5612 595 5653 sumus
620 5597 944 5664 incolumes,
973 5597 1055 5654 eis
1082 5598 1150 5654 ad
1176 5606 1411 5654 vestram
1435 5595 1817 5668 paternitatem

218 5686 534 5743 revertendi
575 5686 850 5744 licentiam
896 5686 1163 5751 dedimus,
1206 5702 1305 5759 per
1350 5701 1489 5756 quos
1536 5684 1815 5751 nimirum,

218 5787 395 5835 causa
425 5776 731 5857 charitatis,
760 5777 996 5849 aliquam
1025 5777 1151 5837 licet
1192 5778 1459 5837 modicam
1495 5776 1641 5835 beati
1670 5775 1817 5835 Petri

1990 1942 2278 1999 Multorum
2312 1944 2576 2001 relatione
2604 1944 2892 2000 didicimus
2939 1946 3084 2015 quod
3112 1945 3351 2001 Ecclesia
3382 1943 3516 2000 Ver-

1917 2035 2171 2091 cellcnsis
2198 2052 2343 2091 nunc
2366 2037 2522 2092 valde
2548 2028 2762 2093 turbata
2788 2047 2843 2092 ct
2879 2037 3216 2106 quotidianis
3236 2043 3514 2099 commota

1919 2126 2195 2182 scandatis
2218 2127 2500 2194 consistat,
2530 2128 2658 2183 dmn
2690 2128 2743 2183 in
2766 2129 2903 2185 duas
2939 2136 3126 2198 partes
3153 2126 3384 2198 populus
3415 2140 3515 2197 pro

1924 2217 2163 2288 episcopi
2188 2217 2463 2281 electione
2501 2217 2726 2283 divisus,
2760 2217 2850 2271 alii
2883 2233 3071 2284 unum,
3099 2218 3191 2272 alii
3221 2232 3349 2273 vero
3378 2217 3514 2273 alte-

1920 2324 2037 2363 rum
2080 2308 2281 2379 eligere
2315 2310 2622 2380 habercquc
2647 2310 2978 2365 contendant
3010 2317 3067 2364 et
3111 2309 3354 2379 cupiant,
3401 2310 3513 2365 elc-

1919 2406 2179 2469 ctumque
2207 2397 2503 2455 enormiter
2522 2396 2812 2453 defendere
2838 2404 3064 2468 uterque
3093 2404 3368 2469 procuret.
3399 2395 3508 2452 Sed

1918 2493 2042 2563 quia
2079 2492 2234 2563 juxta
2267 2491 2436 2547 nostri
2469 2489 2756 2546 ministerii
2797 2489 3151 2563 apostolicum
3180 2487 3413 2544 cilicium
3456 2497 3512 2546 et

1918 2582 2335 2642 sollicitudinem
2373 2582 2617 2638 omnium
2659 2581 3025 2638 Ecclesiarum
3079 2580 3210 2647 Dei,
3252 2580 3411 2637 nobis
3453 2580 3511 2637 in

1918 2673 2036 2743 ipso
2077 2672 2442 2743 apostolorum
2473 2672 2714 2743 principe
2754 2671 3126 2737 commissam,
3163 2670 3319 2742 juxta
3347 2686 3512 2727 cano-

1919 2765 2093 2820 nicam
2121 2765 2285 2818 etiam
2310 2772 2624 2825 sanctorum
2655 2762 2877 2818 Patrum
2923 2762 3164 2839 regulam
3192 2762 3459 2817 dicentem
3492 2780 3509 2816 :

1919 2854 1979 2912 Si
2005 2856 2197 2913 divisio
2230 2842 2552 2917 clericorum
2595 2854 2678 2912 vel
2707 2855 2885 2926 populi
2917 2855 3215 2920 exstiterit,
3251 2854 3400 2909 etde
3427 2852 3515 2910 fe-

1921 2946 2025 3001 turi
2053 2946 2318 3002 electione
2346 2946 2622 3018 pontiﬁcis
2660 2945 2937 3001 contentio
2960 2943 3124 3000 fuerit
3150 2945 3366 3010 oborta,
3393 2942 3515 2999 nul-

1919 3034 2028 3090 lum
2053 3051 2120 3092 ex
2155 3036 2238 3092 his
2264 3037 2474 3094 duobus
2511 3037 2564 3092 in
2596 3037 2792 3092 throno
2819 3035 3112 3107 episcopali
3148 3049 3269 3091 esse
3291 3035 3509 3105 aliqua-

1922 3138 2077 3184 tenus
2121 3128 2574 3193 consecrandum,
2625 3128 2720 3183 sed
2763 3127 2988 3182 alterius
3035 3127 3354 3183 electionem
3394 3126 3512 3183 ﬁeri

1918 3217 2115 3273 debere
2142 3216 2442 3275 sacerdotis
2464 3216 2720 3273 Ecclesiae
2740 3216 2959 3285 proprio
2984 3216 3254 3272 destituta:
3280 3225 3515 3281 rectore.

1918 3317 1976 3363 ot
2015 3308 2085 3363 ob
2113 3306 2166 3362 id
2197 3309 2550 3378 perturbatae,
2573 3307 2700 3376 jura
2746 3307 2901 3377 pacis
2944 3308 3177 3363 ferentes
3226 3308 3517 3364 subvenire

1920 3399 2203 3455 debemus.
2251 3398 2475 3470 Regiam
2506 3396 2879 3456 excellentiam
2908 3405 3145 3453 vestram
3175 3412 3427 3468 rogamus
3455 3406 3516 3453 ut

1920 3510 2019 3565 pro
2046 3509 2230 3551 amore
2274 3494 2368 3548 Dei
2412 3503 2469 3549 et
2512 3492 2575 3550 S.
2623 3492 2796 3560 Petri,
2843 3508 2909 3548 ac
2936 3500 3134 3549 nostra:
3166 3490 3523 3561 paternitatis

1921 3583 2230 3651 dilectione,
2287 3584 2461 3654 ipsum
2510 3582 2910 3639 Vcrcellensem
2970 3582 3337 3652 episcopatum
3387 3580 3518 3637 huic

1922 3673 2262 3730 nobilissimo
2308 3674 2449 3741 viro,
2478 3673 2743 3744 Gosperto
2779 3673 3032 3730 videlicet
3068 3671 3364 3727 venerabili
3398 3670 3515 3727 dia-

1921 3779 2085 3831 cono,
2121 3765 2274 3821 vobis
2304 3765 2442 3820 bene
2488 3766 2708 3837 cognito
2736 3763 3119 3834 communique
3151 3761 3291 3817 ﬁdeli
3327 3770 3517 3817 nostro

1923 3874 1986 3914 ac
2014 3868 2218 3923 vestro,
2248 3853 2408 3927 quem
2440 3873 2536 3927 pro
2557 3856 2943 3912 ecclesiasticis
2974 3855 3300 3910 utilitatibus
3321 3853 3375 3909 in
3398 3867 3513 3909 ser-

1921 3947 2112 4003 vitium
2166 3955 2409 4001 vcstrum
2452 3946 2792 4011 direximus,
2847 3944 3058 4017 placido
3107 3945 3176 3999 de
3226 3942 3514 4014 prmsentia

1921 4037 2080 4097 modo
2107 4036 2382 4105 tribuatis.
2423 4036 2691 4104 Quoniam
2722 4051 2850 4092 vcrc
2880 4033 3258 4108 cognoscimus
3286 4035 3430 4088 hunc
3456 4033 3512 4088 in

1920 4127 2173 4185 omnibus
2217 4136 2325 4182 tam
2374 4126 2624 4185 civilibus
2673 4142 2836 4196 quam
2902 4125 3068 4180 etiam
3129 4120 3515 4179 ecclesiasticis

1921 4221 2101 4276 causis
2135 4230 2415 4276 strenuum
2448 4231 2609 4289 atque
2656 4218 3004 4274 utilissimum
3053 4216 3199 4281 fore,
3250 4216 3516 4284 nobisque

1921 4329 2028 4369 non
2060 4311 2412 4368 mediocriter
2432 4310 2830 4365 ﬁdelissimum.
2859 4310 3203 4380 Quapropter
3226 4324 3290 4364 ac
3322 4317 3514 4363 vestrm

1920 4402 2202 4473 prmsentis
2224 4412 2279 4458 et
2299 4402 2494 4456 lutum
2522 4401 2707 4472 gloria:
2728 4410 3077 4472 augmentum
3107 4400 3210 4455 hoc
3239 4414 3333 4459 vos
3358 4398 3517 4455 nobis

1921 4495 2217 4552 concedere
2265 4495 2519 4565 petimus,
2568 4494 2711 4549 hanc
2755 4495 2987 4563 primam
3033 4491 3205 4548 nostri
3253 4489 3517 4559 pontiﬁcii

1843 4574 1895 4633 υ
1916 4587 2120 4659 justam
2151 4586 2470 4659 petitionem
2513 4594 2693 4640 vestra
2743 4584 2941 4654 regalis
2974 4582 3227 4639 alacriter
3271 4580 3519 4652 perﬁciat

1925 4678 2275 4750 magnitudo;
2333 4685 2394 4733 ut
2442 4686 2499 4733 et
2547 4691 2647 4732 nos
2693 4685 2932 4733 vestram
2989 4673 3179 4729 libenti
3247 4673 3518 4744 possimus

1922 4768 2104 4825 animo
2149 4765 2416 4839 perﬁcere
2458 4764 2815 4827 voluntatem,
2869 4763 3192 4819 charissime
3232 4763 3330 4828 ﬁli,
3376 4777 3514 4832 quoq

1920 4859 2066 4914 niam
2094 4857 2174 4914 sic
2194 4873 2336 4915 verte
2365 4854 2671 4915 dilectionis
2693 4853 3052 4909 unanimitate
3073 4853 3270 4925 pioque
3313 4850 3516 4906 amoris

1917 4947 2111 5005 allecto
2146 4948 2452 5005 videbimur
2492 4959 2715 5005 manere
2758 4942 3055 5013 conjuncti,
3083 4945 3128 4999 si
3162 4959 3263 5001 nos
3298 4957 3360 4997 ea
3397 4955 3525 5011 quas

1923 5040 2122 5112 cupitis
2146 5040 2442 5115 apostolica
2470 5039 2736 5095 duntaxat
2763 5037 3148 5109 perfecerimus
3171 5032 3523 5101 auctoritate,

1926 5141 1980 5189 et
2009 5148 2108 5193 vos
2134 5133 2259 5190 item
2289 5140 2473 5193 vestro
2502 5130 2666 5203 regali
2692 5129 2815 5200 jure
2846 5129 3016 5186 nostri
3044 5124 3297 5182 desiderii
3328 5138 3523 5194 preces

1926 5225 2117 5282 audire
2164 5240 2288 5281 cum
2337 5223 2676 5293 iucunditate
2722 5221 2910 5294 procul
2959 5219 3122 5275 dubio
3177 5216 3518 5277 studueritiS.

1928 5317 2111 5379 Talem
2158 5330 2393 5388 namque
2440 5315 2813 5388 progenitores
2858 5320 3089 5376 vestros,
3135 5307 3527 5365 invictissimos

1929 5411 2287 5482 imperatores
2305 5409 2599 5481 Augustos,
2624 5407 2766 5465 circa
2793 5405 3105 5461 decessores
3129 5409 3372 5473 nostros,
3391 5412 3521 5457 sane

1924 5510 2045 5559 ctos
2067 5498 2317 5560 videlicet
2356 5497 2617 5553 Romanae
2652 5495 2800 5550 sedis
2839 5492 3134 5558 antistites,
3164 5489 3420 5552 habuisse
3443 5486 3524 5545 ὥς

1921 5594 2208 5652 lectionem
2239 5590 2551 5656 recelimns,
2577 5598 2637 5645 ut
2683 5585 2946 5658 quidquid
2974 5584 3043 5640 ab
3070 5583 3334 5639 alterutra
3365 5589 3525 5652 parte

1920 5685 2227 5756 petebatur.
2255 5681 2404 5743 omni
2433 5678 2735 5751 postposita
2760 5676 3049 5734 occasione
3070 5688 3195 5730 mox
3221 5670 3529 5733 etiicacitcc

1919 5776 2299 5852 compleretur.
2332 5772 2413 5845 ita
2456 5784 2585 5827 vero
2627 5777 2684 5826 et
2728 5776 2920 5841 nostra
2946 5780 3089 5827 nunc
3117 5760 3442 5835 pomiﬁcalis
3486 5774 3529 5827 ξι
