4042 6302
541 380 638 436 851

1853 377 2136 434 JOANNIS
2171 379 2372 437 ΡΑΡᾸΕ
2411 380 2519 437 VIII

3715 395 3818 453 83$

541 489 654 546 Deo
677 500 997 548 conservata
1023 489 1276 558 majestas
1302 500 1356 545 et
1396 499 1574 546 vestra
1623 490 1769 562 regia
1817 492 2127 561 magnitudo
2157 497 2200 554 A
2231 491 2624 549 Carolon'ianno
2644 493 2880 564 glorioso
2907 499 3176 571 regi,cum
3194 502 3392 571 quibus
3416 519 3568 568 sane,
3588 513 3683 558 aut
3707 506 3814 574 ipse

542 581 762 638 sibimet
815 582 1013 638 debent
1069 580 1280 651 placide
1322 575 1504 636 favere
1571 581 1828 636 vicissim.
1892 583 2026 637 Data
2074 591 2130 637 ut

541 689 726 744 supra.

1237 765 1438 821 CCXV.

1043 871 1111 910 ΔΙ)
1147 872 1391 912 (ιλιιοιωι
1431 874 1623 913 REGEN.
1671 874 1687 886 '

1182 947 1336 1002 Anno
1367 949 1488 1004 879.

1182 949 1336 1002 Anno
1367 949 1488 1004 879.

545 1030 810 1086 Hortatur
828 1043 884 1087 ut
913 949 1298 1104 auamprifuum
1322 951 1760 1108 contra)inﬁdeles
1790 1053 1836 1096 et
1879 1041 2127 1100 Ecclesite

950 1122 1273 1176 oppressores
1298 1109 1500 1163 auxilio
1523 1112 1712 1164 veniat.

581 1232 584 1234 ‘
614 1215 820 1271 Dilecto
849 1217 913 1272 ac
963 1217 1190 1286 spiritali
1240 1218 1348 1274 ﬁlio
1376 1220 1592 1275 Canem
1616 1221 1852 1289 glorioso
1881 1225 2016 1294 regi.

613 1306 874 1362 Miramur
907 1310 1034 1379 quia
1069 1325 1167 1366 vos
1192 1313 1388 1381 smpius
1419 1313 1771 1370 exhortantes
1805 1325 1863 1372 ut
1889 1320 1954 1372 ad
1978 1320 2129 1375 exalo

542 1399 800 1453 tationem
829 1409 1034 1455 sanctze
1065 1400 1159 1456 Dei
1187 1401 1445 1458 Ecclesiae
1486 1413 1834 1476 vestrumque
1865 1408 2124 1466 honorem

541 1498 597 1542 et
627 1490 792 1544 totius
821 1499 978 1547 terra:
1023 1501 1225 1548 nostra:
1251 1493 1618 1550 defensionem
1651 1499 1866 1554 venires
1910 1503 2126 1556 vocavi-

542 1593 680 1644 mns,
711 1589 765 1634 et
793 1583 1052 1638 hactenus
1083 1583 1360 1640 distulisti.
1410 1585 1646 1642 Credere
1687 1604 1919 1658 namque
1967 1593 2125 1648 nobis

539 1672 768 1739 potestis
801 1672 942 1742 quod
975 1675 1143 1730 nimia
1186 1676 1420 1745 undique
1452 1686 1558 1733 tam
1589 1694 1918 1749 paganorum
1961 1699 2123 1753 quam

540 1760 805 1818 malorum
833 1763 1265 1820 Christianorum
1296 1769 1671 1836 persecutione
1695 1773 1936 1839 gravati,
1961 1774 2120 1828 undi-

2235 583 2287 636 in
2329 583 2612 638 servitium
2651 585 2997 642 sancti'Petri
3029 589 3196 646 alacri
3226 600 3403 646 mente
3445 592 3546 655 ire,
3574 609 3815 648 omnem-

2233 689 2338 744 que
2372 687 2569 732 nostra:
2601 676 2894 733 voluntatis
2924 696 3140 737 causam
3177 691 3232 737 et
3267 685 3649 739 necessitatem
3681 687 3812 754 apud

2231 764 2476 821 eumdem
2509 783 2688 838 regem
2715 771 2977 840 perlicere
3006 775 3283 839 studentis,
3321 785 3411 828 aut
3443 775 3806 828 ﬁdelissimum

2229 867 2285 912 et
2313 858 2563 914 idoneum
2599 876 2631 914 a
2685 861 2852 917 latere
2884 873 2974 918 tuo
3027 866 3209 918 virum
3239 866 3440 936 dirigas
3491 867 3594 935 qui
3649 867 3809 919 vicem

2233 957 2376 1002 tuam
2409 950 2460 1004 in
2499 952 2750 1006 omnibus
2779 955 3046 1024 sagaciter
3073 957 3244 1024 possit
3283 957 3525 1025 explere.
3557 955 3694 1010 Nam
3731 967 3812 1010 tuo

2229 1040 2454 1094 consilio
2475 1051 2528 1096 et
2554 1041 2889 1112 adjutorio...
2940 1046 3158 1100 eosdem
3206 1044 3410 1116 legatos
3447 1054 3668 1100 nostros
3705 1061 3810 1099 ma-

2231 1131 2347 1184 nias
2362 1131 2663 1197 hortamur,
2689 1142 2954 1202 quatenus
2975 1134 3114 1188 sedis
3144 1135 3451 1204 apostolica:
3468 1134 3806 1204 legationem,

2228 1231 2388 1289 prout
2417 1223 2638 1293 dignum
2675 1232 2780 1288 est,
2814 1233 2871 1278 et
2915 1224 3166 1280 instantis
3213 1227 3472 1293 temporis
3522 1225 3808 1279 necessitas

2228 1313 2416 1381 exigit,
2455 1315 2564 1368 Deo
2595 1315 2858 1382 propicio,
2889 1314 3151 1382 perlicere
3197 1315 3427 1385 possint.
3462 1314 3532 1367 Et
3558 1315 3684 1382 quia
3724 1329 3807 1367 eos

2227 1404 2344 1459 sine
2396 1405 2650 1459 tarditate
2684 1405 2762 1458 ire
2793 1420 2856 1459 ac
2895 1405 3091 1460 reverti
3139 1405 3505 1476 przecipimus,
3563 1420 3632 1457 ne
3679 1403 3803 1456 ultra

2229 1504 2340 1549 tres
2367 1495 2482 1548 dies
2513 1494 2635 1550 illos
2665 1510 2828 1565 penes
2852 1504 2902 1550 te
2933 1497 3165 1550 retinere
3186 1511 3480 1566 procures;
3515 1496 3610 1549 sed
3635 1496 3804 1548 habito

2227 1600 2349 1640 mox
2383 1586 2612 1640 consilio
2634 1596 2900 1654 quatenus
2932 1586 3063 1641 salvi
3087 1597 3140 1641 et
3169 1588 3343 1641 securi
3369 1587 3436 1641 ad
3470 1587 3581 1656 jam
3615 1585 3801 1640 dictum

2228 1689 2407 1745 regem
2459 1675 2890 1745 proﬁciscantur,
2941 1685 3034 1730 aut
3088 1676 3393 1732 nullatenus
3441 1677 3796 1730 demorentur.

2226 1765 2379 1832 Quod
2402 1767 2446 1820 si
2473 1765 2698 1822 fortasse
2720 1768 2786 1820 ad
2802 1768 3254 1822 Carolomannum
3288 1782 3386 1836 pro
3407 1769 3523 1836 ejus
3553 1780 3798 1835 corporea

542 1867 648 1921 que
676 1855 945 1918 concussi,
999 1854 1124 1908 talia
1151 1869 1271 1924 qua:
1295 1855 1408 1924 jam
1463 1874 1490 1912 a
1523 1859 1682 1929 longo
1715 1869 1951 1930 tempore
1980 1863 2121 1933 pati-
2152 1855 2200 1914 B
2228 1856 2541 1912 inﬁrmitate
2576 1859 2656 1911 ire
2685 1874 2791 1912 non
2826 1874 2982 1928 posse
3008 1859 3319 1929 contigerit,
3352 1859 3419 1912 ad
3448 1857 3696 1912 Canolum
3719 1870 3797 1911 re-

543 1959 666 1996 mur
691 1942 920 1998 sull‘erre
963 1946 1286 2013 nequimus:
1319 1954 1375 2001 et
1404 1948 1522 2002 ideo
1548 1949 1739 2003 iterum
1772 1950 2122 2009 admonemus

542 2045 600 2088 ut
657 2043 770 2090 toto
820 2037 1122 2099 conamine,
1152 2039 1294 2094 sicut
1328 2040 1480 2095 vobis
1518 2041 1912 2106 mandavimus,
1937 2045 2122 2115 procul

539 2126 704 2181 dubio
734 2127 1046 2181 attendatis.
1079 2127 1210 2182 Nam
1241 2145 1339 2199 pro
1382 2139 1532 2185 certo
1557 2131 1698 2186 scire
1728 2133 1936 2188 debetis
1982 2151 2120 2204 quo-

539 2217 684 2270 niam
720 2233 818 2286 pro
848 2218 1044 2273 nullius
1077 2218 1308 2275 hominis
1357 2221 1543 2286 lucro,
1597 2223 1681 2277 vel
1733 2224 2120 2295 blandimento,

538 2307 654 2363 sive
683 2317 917 2376 terrore,
941 2325 969 2363 a
1000 2321 1181 2366 vestro
1207 2328 1304 2367 nos
1342 2318 1613 2370 consortio
1643 2324 1696 2371 et
1727 2326 1920 2374 vestrze
1941 2321 2124 2376 amici-

540 2398 628 2452 tim
681 2399 882 2455 ftedere
939 2404 1341 2471 separahimus;
1389 2405 1591 2463 idcirco
1645 2417 1850 2465 tantum
1896 2413 2127 2470 viriliter

537 2506 697 2561 agere
721 2509 782 2546 ea
808 2509 925 2564 quae
948 2495 1102 2550 nobis
1124 2512 1187 2550 ac
1213 2499 1365 2554 vobis
1386 2499 1622 2570 prolicua
1647 2513 1791 2569 sunt,
1821 2507 2123 2564 nullatenus

537 2581 813 2636 dubitetis.
845 2583 949 2638 Sed
999 2587 1360 2655 priestolando
1391 2601 1628 2647 vestrum
1660 2595 1975 2664 adventum,
2004 2599 2122 2653 diu-

537 2685 642 2740 que
689 2672 990 2728 tardantem
1023 2677 1370 2744 putavimus,
1433 2697 1500 2735 ne
1551 2681 1688 2738 forte
1741 2684 2120 2745 Carolomanni

536 2761 754 2831 gloriosi
787 2764 945 2832 regis,
979 2767 1218 2835 germani
1245 2769 1406 2823 vestri
1438 2773 1703 2840 prmdicti,
1735 2775 1917 2845 aliquo
1948 2779 2118 2846 impe-

537 2851 777 2906 dimento
799 2851 910 2920 jam
944 2856 1127 2909 venire
1162 2860 1490 2926 nequissetis
1521 2879 1534 2915 :
1569 2865 1708 2918 unde
1752 2865 1825 2918 illi
1876 2878 2119 2923 nostram

535 2942 887 3012 apostolicam
941 2945 1236 3002 direximus
1266 2951 1548 3018 epistolam
1574 2993 1588 3018 ,
1623 2955 1971 3014 admonentes
1995 2962 2120 3030 quia

533 3033 580 3089 si
613 3034 716 3090 hoc
746 3051 968 3106 regnum
1011 3039 1241 3107 amplius
1271 3042 1454 3098 taliter
1478 3057 1796 3117 occupatum
1833 3067 1894 3105 ac
1918 3051 2121 3108 inordi-

534 3134 723 3179 natum
747 3135 801 3180 et
828 3127 947 3181 sine
974 3128 1285 3187 defensione
1315 3136 1569 3202 tenuerit,
1595 3138 1789 3194 animm
1817 3158 1926 3198 sure
1954 3145 2119 3202 detri-

533 3224 774 3270 mentum
827 3218 1151 3273 omnimodis
1202 3221 1292 3276 fiet
1315 3240 1329 3288 ;
1353 3197 1665 3296 nullumque
1696 3231 1846 3286 vobis
1873 3197 2112 3304 pro‘P—J—c-
2144 3197 2188 3258 Ο

532 3305 712 3362 clesiae
764 3307 858 3362 Dei
909 3311 1220 3369 defensione
1270 3317 1612 3373 venientibus
1658 3321 2115 3392 bimpedimentum

535 3399 744 3469 aliquot
780 3401 958 3459 facere
985 3419 1292 3474 praesumat.
1320 3411 1660 3482 Quapropter
1685 3418 1826 3485 quod
1850 3422 2114 3489 agendum

530 3500 616 3545 est
640 3501 816 3547 vestra
847 3498 1042 3566 regalis
1083 3500 1404 3555 excellentia
1427 3518 1586 3574 agere
1617 3507 1765 3561 nullo
1792 3510 1949 3564 modo
1975 3510 2119 3566 desi—

535 3591 657 3648 nat;
690 3601 814 3638 nam
846 3587 891 3642 si
940 3603 1039 3657 per
1069 3606 1162 3646 vos
1189 3603 1376 3647 sancta
1412 3594 1651 3649 Romana
1683 3597 1919 3654 Ecclesia
1956 3600 2120 3657 fuerit

531 3674 764 3729 exaltata
812 3688 974 3749 atque
1020 3681 1260 3748 defensa,
1297 3694 1476 3739 vester
1502 3684 1674 3741 honor
1704 3697 1757 3743 et
1795 3691 1964 3760 gloria
2007 3693 2112 3754 hic,

529 3773 588 3821 et
630 3766 682 3820 in
715 3765 892 3824 futuro
921 3771 1038 3826 sine
1084 3773 1246 3829 dubio
1276 3789 1458 3830 coram
1491 3777 1714 3832 Domino
1767 3781 2116 3850 multiplicata

530 3858 789 3912 manebit.
825 3861 956 3916 Data
987 3873 1041 3916 ut
1068 3881 1248 3934 supra.

1209 3977 1430 4033 CCXVI.

965 4081 1033 4119 AD
1072 4081 1312 4120 πωΒοου
1324 4084 1351 4118 .\l
1385 4083 1694 4122 EPISCOPUI.

1143 4158 1320 4227 (Auno
1360 4157 1509 4226 879.)

531 4258 605 4318 Ut
637 4279 743 4318 una
794 4281 912 4340 cum
943 4264 1134 4340 legatis
1167 4283 1298 4335 quos
1348 4267 1419 4340 ad
1451 4265 1896 4324 Carolomannum
1940 4273 2117 4340 mittit,

601 4345 708 4397 eat,
736 4333 812 4406 re!
841 4333 1062 4404 aliquem
1087 4333 1193 4388 rice
1218 4353 1312 4388 sua
1344 4338 1516 4388 mittat
1543 4353 1562 4399 ;
1593 4340 1789 4406 arguit,
1818 4342 1955 4405 quod
1985 4333 2117 4398 bona

601 4405 935 4474 Angelbergm
963 4406 1121 4473 diripi
1166 4422 1269 4459 non
1311 4407 1631 4475 prohibuerit
1656 4405 1956 4464 hortatur
1979 4422 2035 4466 ut
2057 4431 2118 4468 ea

602 4476 952 4544 recuperanda
975 4485 1138 4529 curet.

601 4587 859 4642 Wmanno
883 4588 1155 4657 episcopo.

601 4678 863 4745 Quoniam
905 4695 1016 4747 prae
1043 4679 1292 4734 omnibus
1330 4681 1420 4749 qui
1456 4680 1509 4735 in
1541 4682 1625 4737 his
1653 4683 1904 4738 videntur
1933 4685 2114 4739 consi-

529 4776 677 4826 stere
723 4769 982 4837 partibus,
1035 4770 1142 4824 Deo
1169 4770 1378 4825 dilectis
1405 4774 1779 4829 sacerdotibus
1805 4815 1819 4839 ,
1855 4784 1905 4828 te
1933 4783 2116 4844 utpote

527 4856 910 4914 charissimam
947 4856 1112 4912 filium
1143 4867 1198 4912 et
1238 4859 1461 4915 fratrem
1487 4864 1797 4918 unanimem
1829 4865 2114 4935 specialius

529 4945 824 5017 diligimus,
870 4956 924 5000 et
971 4962 1067 5014 pro
1105 4957 1251 5002 tanta
1292 4958 1394 5003 tum
1444 4953 1771 5008 sinceritatis
1825 4955 2110 5012 devotione

459 5047 462 5049 λ
527 5054 686 5110 quam
713 5039 854 5094 circa
887 5054 984 5092 nos
1012 5047 1066 5092 et
1090 5038 1270 5092 sedem
1300 5043 1649 5109 apostolicam
1695 5047 1896 5101 habere
1926 5047 2109 5118 digno-

527 5130 719 5194 sceris,
759 5139 871 5184 toto
923 5127 1120 5184 mentis
1150 5128 1344 5185 aﬂ‘ectu
1394 5134 1791 5202 amplectimur,
1826 5144 1878 5190 et
1909 5135 2111 5192 idcirco

526 5223 884 5276 reverentiam
916 5231 1061 5273 tuam
1104 5220 1188 5290 pie
1229 5222 1384 5276 nobis
1416 5239 1600 5278 amore
1637 5226 1979 5295 conjunctam
2015 5243 2111 5282 cu-

525 5315 704 5385 pimus
732 5314 1023 5383 apostoliea
1045 5329 1259 5382 semper
1283 5315 1614 5386 benignitate
1643 5317 1843 5383 fovere,
1875 5321 2108 5374 auctori-

529 5413 638 5460 tate
683 5404 893 5458 fulcire.
942 5403 1094 5459 Nunc
1117 5405 1281 5475 igitur
1309 5407 1581 5461 dilectioni
1610 5416 1714 5461 tua:
1755 5417 1938 5462 notum
1989 5424 2108 5464 esse

523 5495 772 5550 volumus
799 5496 922 5564 quia
955 5510 1052 5564 pro
1083 5505 1159 5550 tot
1204 5505 1257 5550 et
1303 5498 1466 5552 tantis
1493 5498 1915 5565 calamitatibus,
1951 5515 2106 5569 quas,

526 5585 669 5640 sicut
711 5587 824 5656 ipse
875 5586 1013 5641 bene
1061 5588 1382 5659 cognoscis,
1437 5589 1651 5645 assidue
1695 5591 1950 5659 patimur,
2009 5591 2110 5645 hos

523 5666 824 5744 praesentes
848 5679 1041 5733 missos
1061 5689 1276 5735 nostros
1297 5680 1612 5748 direximus,
1634 5697 1732 5753 per
1757 5691 1808 5738 te
1830 5681 1983 5750 quasi
2011 5695 2112 5751 per

526 5764 794 5831 quoddam
849 5768 1043 5821 ostium
1109 5769 1405 5826 intraturos
1444 5771 1710 5842 spirituali
1761 5770 1871 5827 lilio
1925 5778 2112 5826 nostro

2225 1963 2345 2018 gem
2394 1949 2562 2018 ipsius
2614 1964 2929 2018 germanum
2962 1965 3056 2005 eos
3099 1964 3418 2018 quocunque
3461 1948 3617 2000 modo
3640 1945 3799 2016 proﬁ-

2225 2039 2358 2096 cisci
2415 2040 2595 2096 facito.
2650 2041 2938 2106 Prmlerea,
2981 2041 3220 2096 veridico
3285 2041 3571 2094 multorum
3632 2039 3826 2110 relati.

2225 2127 2382 2200 longe
2411 2131 2623 2200 lateque
2656 2141 2942 2185 resonante
2994 2131 3280 2185 didicimus
3307 2131 3452 2199 quod
3486 2147 3572 2184 res
3603 2142 3655 2183 et
3683 2146 3796 2198 pos-

2225 2218 2498 2274 sessiones
2538 2220 2745 2274 dilectm
2772 2236 2836 2274 ac
2863 2220 3158 2290 spiritualis
3188 2220 3311 2274 tiliae
3341 2230 3537 2274 nostra?
3563 2230 3619 2273 et
3641 2223 3792 2274 sancti

2224 2309 2369 2364 Petri
2418 2312 2804 2365 commendata:
2852 2311 3204 2382 Angclbergze
3243 2313 3606 2381 imperatricis
3634 2313 3731 2365 sint
3767 2328 3792 2364 ει

2225 2403 2546 2472 quibusdam
2592 2403 3035 2459 malefactoribus
3083 2405 3409 2459 omnimodis
3461 2404 3793 2476 deprzedau‘,

2225 2506 2331 2546 non
2378 2493 2549 2546 solum
2578 2509 2696 2562 quae
2726 2493 2856 2546 foris
2884 2494 3140 2547 exstitere
3168 2491 3218 2545 in
3251 2493 3396 2563 agris
3428 2501 3482 2547 et
3511 2491 3677 2557 villis,
3710 2491 3800 2547 sed

2225 2583 2388 2639 etiam
2441 2599 2562 2652 quae
2606 2584 2752 2638 intus
2800 2599 2896 2652 per
2943 2584 3272 2638 venerabilia
3320 2594 3376 2638 et
3405 2599 3508 2638 non
3561 2582 3792 2636 violanda

2225 2673 2340 2730 loca
2377 2685 2687 2729 sanctorum
2739 2673 3191 2728 monasteriorum
3247 2675 3497 2743 repositae
3540 2673 3794 2727 fuerant:

2223 2779 2322 2835 pro
2359 2779 2467 2833 quo
2505 2765 2710 2819 scilicet
2761 2777 2868 2818 tam
2927 2764 3153 2826 immani
3209 2765 3415 2819 scelere
3473 2764 3794 2834 nefandoque

2223 2858 2434 2928 piaculo
2483 2857 2892 2914 sanctimoniam
2961 2867 3109 2912 tuam
3165 2859 3360 2912 merito
3414 2859 3790 2927 redarguimus.

2223 2947 2488 3015 Quoniam
2519 2948 2806 3003 sacerdotii
2831 2947 2907 3001 tui
2931 2946 3164 3002 cilicium
3191 2957 3278 3001 est
3298 2947 3440 3001 male
3465 2957 3685 3014 agentes
3709 2959 3795 2998 aa-

2223 3037 2472 3092 ctoritate
2518 3037 2697 3091 divina
2724 3038 3019 3106 corrigere,
3051 3037 3340 3106 verbisque
3368 3037 3676 3091 salubribus
3712 3052 3794 3090 co-

2224 3129 2438 3194 hibere,
2459 3145 2525 3182 ne
2558 3129 2787 3182 tacendo
2812 3128 2965 3194 tales,
3007 3129 3144 3198 proh
3175 3129 3362 3184 dolor!
3395 3129 3594 3182 imitari
3628 3129 3790 3198 potius

2220 3234 2384 3290 quam
2426 3220 2715 3289 prohibere
2765 3219 3019 3274 videaris.
3049 3219 3144 3273 Est
3170 3220 3312 3274 enim
3343 3235 3410 3274 ex
3453 3220 3552 3274 hoc
3575 3219 3790 3289 pessima

2220 3308 2362 3363 fama
2391 3308 2701 3362 universum
2734 3308 3044 3363 discurrens
3079 3323 3176 3377 per
3203 3308 3412 3373 orbem,
3445 3307 3588 3378 quod
3631 3307 3800 3362 domi-

2221 3415 2345 3453 nam
2370 3399 2639 3468 quondam
2667 3408 2719 3453 et
2745 3398 3146 3468 imperatricem
3171 3407 3425 3464 vestram,
3451 3396 3536 3453 cui
3561 3402 3794 3452 vestram

2223 3490 2381 3544 fidem
2417 3505 2514 3559 per
2555 3487 2936 3558 jusjurandum
2966 3488 3210 3553 dedistis,
3241 3489 3380 3543 male
3417 3485 3676 3550 tractatis,
3705 3485 3790 3539 eui

2221 3581 2508 3650 pristinum
2548 3581 2810 3636 honorem
2843 3580 3170 3651 dignamque
3201 3578 3534 3636 reverentiam
3569 3591 3792 3646 semper

2221 3675 2476 3730 exhibere
2508 3675 2836 3730 debueratis.
2882 3673 3035 3728 Nunc
3071 3675 3255 3742 itaque
3295 3687 3384 3744 pro
3409 3666 3588 3727 amere
3609 3672 3788 3726 sancti

2221 3767 2389 3830 Petri,
2418 3766 2517 3821 sub
2545 3765 2698 3834 cujus
2749 3765 2970 3836 speciali
3025 3765 3340 3820 defensione
3372 3763 3634 3830 consistit,
3672 3776 3793 3816 eam

2221 3855 2476 3923 adjuvare
2520 3872 2624 3911 non
2680 3856 3082 3926 praetermittas,
3140 3869 3418 3926 quousque
3469 3868 3566 3908 sua
3615 3853 3796 3909 olnuia

2220 3961 2340 4016 qum
2394 3947 2589 4016 injuste
2619 3947 2869 4016 perdidit,
2915 3945 2978 4018 [f.
3032 3948 3174 4000 deest
3223 3943 3560 4016 recuperare]
3611 3941 3790 4016 possit.

2223 4041 2357 4093 Data
2386 4049 2440 4092 ut
2463 4055 2641 4107 supra.

2888 4129 3137 4185 CCXVII.

2506 4235 2572 4274 AD
2614 4236 2916 4275 HICHAELEM
2942 4235 3115 4276 REGE!
3141 4233 3512 4275 BULGABORUI.

2829 4313 3008 4381 (Anno
3053 4311 3202 4382 879.)

2223 4401 2484 4458 Hortatur
2511 4412 2566 4456 ut
2593 4403 2661 4456 ad
2685 4402 3028 4456 obedientiam
3062 4401 3316 4456 Romana!
3343 4400 3616 4464 Ecclesiae,
3643 4417 3676 4453 α
3698 4415 3790 4471 quo

2325 4474 2571 4528 seductus
2616 4483 2918 4538 recesserat,
2947 4489 3065 4525 cum
3099 4489 3194 4526 sua
3218 4482 3366 4542 gente
3390 4480 3698 4525 revertatur.

2142 4564 2192 4624 Ῑ)
2286 4586 2494 4643 Dilecto
2523 4586 2634 4641 lilio
2659 4586 2922 4641 Mtcmeu
2955 4587 3065 4657 regi
3105 4586 3475 4657 Bulgarorum.

2285 4679 2420 4747 Quia
2467 4693 2566 4733 vos
2595 4678 2936 4747 omnipotens
2971 4678 3113 4732 Deus
3139 4678 3282 4731 dono
3310 4675 3563 4747 gratuita:
3595 4673 3792 4729 miseri-

2214 4770 2415 4825 cordia:
2439 4784 2549 4824 sua:
2573 4777 2898 4838 gentemque
2935 4778 3174 4822 vestram
3209 4768 3276 4821 ad
3329 4766 3693 4836 cognitionem
3720 4763 3793 4819 sui

2216 4861 2449 4916 nominis
2465 4875 2658 4915 vocare
2681 4858 2932 4928 dignatus
2950 4866 3055 4924 est,
3076 4859 3387 4913 meminisse
3406 4857 3692 4911 debebatis
3703 4855 3793 4909 hoc

2216 4953 2356 5022 quod
2387 4953 2648 5006 Dominus
2669 4952 2828 5005 beato
2855 4949 3016 5005 Petro
3040 4950 3284 5020 apostolo
3310 4949 3444 5003 dixit
3472 4968 3484 5001 :
3514 4947 3599 5002 Tu
3626 4965 3678 5001 es
3703 4945 3792 5000 Ρε-

2214 5053 2343 5101 trux,
2370 5053 2416 5096 et
2438 5058 2594 5110 super
2615 5042 2752 5094 hanc
2773 5050 2974 5109 petram
3003 5040 3274 5107 cdiﬁcabo
3310 5038 3608 5093 Ecclesium
3639 5052 3792 5090 mra

2215 5131 2428 5203 (Matth.
2480 5129 2624 5200 1m);
2660 5131 2746 5186 cui
2798 5145 2894 5186 vos
2943 5130 2998 5184 in
3042 5131 3340 5200 primordio
3385 5127 3814 5184 christianitatis

2217 5232 2408 5277 vestrae
2436 5222 2503 5277 ad
2527 5223 2819 5292 regendum
2843 5221 3194 5276 commisistis
3219 5223 3441 5292 ejusque
3469 5217 3796 5276 successori-

2214 5314 2313 5368 bus
2332 5312 2399 5366 ad
2445 5313 2823 5368 obedientium.
2859 5311 2965 5367 Sed
2991 5311 3183 5366 nescio
3215 5327 3321 5381 qua
3352 5312 3564 5365 ratione
3592 5310 3662 5363 ab
3686 5307 3794 5376 ejus

2215 5401 2529 5471 magisterio
2566 5400 2855 5455 calliditate
2887 5401 3248 5470 quorumdam
3276 5400 3407 5455 estis
3436 5397 3677 5459 abducti,
3727 5398 3790 5448 ita

2213 5500 2270 5545 ut
2297 5507 2417 5547 eum
2442 5492 2699 5563 Apostolo
2733 5495 2978 5548 dicamus
3002 5512 3014 5546 :
3041 5493 3171 5560 Qui:
3195 5510 3282 5548 vos
3315 5492 3593 5562 fascinari:
3617 5489 3669 5542 ei
3695 5502 3798 5540 nos

2217 5582 2443 5648 obedire,
2471 5585 2555 5637 cui
2595 5583 2794 5637 dudum
2822 5583 2959 5637 colla
3001 5583 3317 5637 submisistis
3363 5579 3502 5652 (Gal.
3537 5578 3672 5649 In)?
3709 5583 3793 5629 aut

2219 5673 2325 5729 illis
2362 5673 2684 5737 credidistis,
2731 5682 2790 5728 ut
2829 5687 2960 5744 pace
2989 5674 3303 5730 Graecorum
3345 5672 3654 5741 loquamur.
3708 5664 3790 5733 Qui

2219 5771 2457 5841 quelidic
2487 5771 2640 5826 novis
2662 5777 2717 5826 et
2747 5770 2908 5826 variis
2941 5770 3242 5842 disciplinis
3269 5778 3428 5840 atque
3454 5761 3795 5837 dogmatibus
