2021 3151
138 192 193 220 835'

744 190 923 219 EPISTOLA'I
942 191 986 219 ET
1005 191 1176 221 DECRE’I'A.

1713 198 1766 225 επι

130 247 353 276 contunduntur?
365 246 417 275 Sed
427 254 530 283 quaso,
543 247 580 275 liii
597 247 766 280 charissimc,
778 248 811 275 ad
825 252 925 276 sanctae
938 251 962 280 Α
1013 250 1080 283 Quia
1095 250 1164 277 fama
1180 254 1233 278 una:
1251 250 1403 279 dilectionis
1411 256 1499 287 .atque
1512 252 1639 280 bonitatis
1662 258 1689 281 et
1707 253 1770 281 rell-

129 293 229 320 matris
243 297 340 320 vestrm
362 292 489 320 Romana:
512 292 641 320 Ecclesim
658 293 756 324 sinum.
773 300 832 327 quae
846 297 926 327 caput

129 343 185 370 est,
213 338 369 365 instituente
397 339 461 369 Deo,
486 338 604 365 omnium
619 338 799 365 Ecclesiarum
820 339 848 365 in
868 343 925 365 toto

125 385 199 411 orbe
223 383 392 415 ditl‘usarum,
420 383 520 410 relictis
547 383 776 417 superﬂuitatibus
798 388 825 410 et
845 384 925 410 scdu-

127 429 251 456 ctionum
277 428 419 460 scandalis,
444 435 491 455 vos
510 434 671 463 gentemque
693 433 810 455 vestram
833 435 925 455 amore

128 475 232 502 mentis
259 474 318 501 sine
332 482 407 501 mora
427 474 555 501 reducitc.
572 474 639 507 Quia
656 474 681 501 in
705 478 808 501 tantum
827 482 874 500 vos
889 473 926 500 af-

128 521 248 548 fectione
266 525 377 555 paterna
394 520 538 554 diligimus,
566 525 595 546 ut
609 520 635 546 in
661 520 810 547 visceribus
824 519 925 547 Christi

127 566 195 594 Jesn
222 574 281 593 esse
298 566 447 601 cupiamus.
471 566 504 592 Et
523 573 587 593 ecce
611 566 698 600 parati
713 573 816 597 sumus,
836 570 865 592 ut
877 573 925 592 vos

128 605 342 642 lucrifaciamus,
361 614 388 637 et
399 610 529 644 quidquid
544 610 694 645 legatorum
710 614 864 638 nostrorum
879 608 922 636 of-

127 655 282 683 fuscatione
297 662 383 689 nuper
405 653 535 681 oﬂ‘ensum
549 659 601 686 est,
620 655 654 681 ad
675 662 772 689 purum
785 654 923 690 corrigere

127 706 157 728 et
173 701 264 728 omnia
289 701 469 729 maturissime
494 700 702 735 redintegraudo
728 707 842 732 curare;
857 699 922 727 etsi

127 749 286 784 contigerit,
303 756 356 776 non
379 747 465 775 solum
488 747 603 781 compati
627 751 655 774 et
665 745 808 773 condolere
833 746 923 773 vobis-

128 801 206 826 cum,
226 794 273 821 sed
291 794 373 821 etiam
403 800 452 827 pro
480 793 567 820 salute
596 792 746 819 animarum
772 796 922 819 vestrarum

127 840 199 868 mori
221 847 273 867 non
296 840 491 871 recusabimus,
517 839 623 866 dicente
646 838 749 866 Joanne
774 838 895 873 apostolo
915 847 921 864 ε

128 884 262 918 Quoniam
279 885 348 915 Deae
360 893 407 920 pro
419 885 492 912 nobis
505 885 620 912 animum
631 892 706 911 suam
726 884 822 919 posuit,
836 889 860 911 et
876 892 922 911 nos

976 296 1064 332 gionis
1085 297 1111 324 in
1126 297 1210 324 Deum
1225 297 1258 324 ad
1281 305 1330 325 nos
1345 305 1429 333 usque
1443 300 1566 333 pervenit
1579 319 1587 331 ,
1604 300 1770 328 conﬁdenter

976 342 1069 376 gloriae
1094 346 1146 369 tua:
1177 342 1347 377 prmcipimus
1373 348 1454 381 atque
1479 344 1637 372 mandamus
1661 349 1690 371 ut
1719 352 1770 380 pro

976 394 1068 414 amore
1088 391 1245 414 sanctarum
1270 388 1452 422 apostolorum
1468 388 1540 415 Petri
1561 397 1593 416 ac
1610 389 1685 416 Pauli
1706 397 1769 425 pro-

977 437 1108 460 tectorutn
1127 437 1276 460 vestrorum
1302 440 1462 468 pvmseutem
1486 435 1614 470 legatum,
1639 443 1718 470 quem
1733 437 1767 464 ad

975 483 1081 512 gentem
1109 478 1284 513 Bulgarorum
1301 479 1442 514 dirigimus
1459 480 1485 511 1³,
1504 480 1606 507 salvum
1628 485 1709 515 atque
1725 481 1767 508 in-

975 523 1107 550 columem
1124 524 1216 550 venire
1232 522 1338 550 faciatis
1359 531 1444 556 usipie
1471 525 1504 551 ad
1530 523 1657 552 dilectum
1682 524 1766 551 tilium
1789 544 1792 548 η

975 573 1095 596 nostrum
1109 568 1266 596 Michaelent
1277 568 1421 603 gloriosum
1435 576 1523 604 regem
1535 577 1640 602 eerum.
1655 574 1681 597 et
1695 578 1768 604 qua:-

975 621 1081 648 cunque
1091 614 1115 641 ei
1127 618 1188 641 sunt
1200 614 1352 641 necessaria
1366 615 1398 642 ad
1411 614 1511 642 victum
1525 619 1552 641 et
1564 615 1765 647 vestimentum,

975 659 1013 686 ibi
1032 667 1081 694 pro
1094 659 1140 686 Dei
1156 667 1248 686 amore
1268 660 1466 690 administrate.
1484 660 1546 695 quia
1562 660 1691 687 Dontings
1701 660 1767 687 dicit

975 704 1002 731 in
1018 704 1161 739 Evangelio
1176 714 1183 731 ί
1196 705 1320 741 Quandiu
1332 705 1429 738 fecistis
1442 706 1486 732 nni
1498 706 1530 732 de
1543 705 1687 732 minoribus
1699 705 1764 735 iuit,

975 751 1038 777 milii
1058 751 1155 785 fecistis
1170 750 1278 786 (Matt/1.
1295 751 1378 785 xxv);
1395 755 1422 778 et
1437 751 1574 786 apostolus
1588 761 1595 778 :
1616 750 1767 785 Hospitales

974 797 1081 823 invicem
1098 797 1154 823 sine
1174 798 1380 824 murmuratione
1408 797 1434 832 (Ι
1458 797 1530 825 Petr.
1560 798 1608 832 tv).
1626 797 1694 831 Quia
1720 806 1768 833 per

974 843 1042 869 lianc
1069 842 1202 869 latuerunt
1230 843 1352 877 quidam,
1380 843 1479 878 angelis
1503 845 1614 879 hospitio
1642 844 1767 878 susceptis

975 886 1054 922 (Heb.
1069 888 1140 922 xm).
1156 888 1234 923 Agat,
1245 888 1282 915 tili
1294 889 1462 919 charissime.
1478 890 1511 916 de
1523 890 1575 916 hoc
1592 894 1636 916 tua
1646 889 1766 922 dilectio.

126 931 251 961 debemus
263 939 309 965 pro
327 931 453 964 fratribus
467 930 583 957 animum
596 938 691 964 ponere
715 929 740 964 (I
765 930 845 956 Joan.
869 929 921 964 In).
939 924 960 953 Β
975 937 1004 960 ιιι
1020 937 1129 960 meum
1150 933 1212 960 vitm
1233 934 1343 969 pmmia
1369 934 1509 969 percipere
1531 933 1628 961 valeat.
1651 934 1718 961 Data
1736 939 1766 962 ιιι

128 977 233 1004 Vestrae
259 982 348 1004 tamen
363 976 499 1004 dilectioni
523 977 648 1004 convenit
674 976 783 1003 monitis
802 976 922 1011 paternis

127 1025 247 1060 benigno
268 1032 360 1052 amore
374 1032 481 1059 semper
493 1025 614 1059 prmbere
624 1031 773 1056 assensum,
785 1028 812 1049 et
826 1024 921 1051 admo-

127 1071 277 1099 nitionibus
295 1071 403 1099 nostris
421 1071 626 1098 accommodare
641 1070 778 1101 auditum,
793 1070 855 1104 quia
877 1070 922 1096 ille

125 1116 174 1143 cui
200 1124 214 1142 a
240 1116 353 1143 Domino
369 1116 459 1143 claves
474 1116 549 1151 regni
571 1115 701 1143 cmlorum
719 1115 816 1151 ligandi
842 1119 922 1150 atque

126 1161 248 1189 solvendi
265 1161 368 1189 collata).
391 1166 465 1193 sunt,
484 1161 604 1196 quotidie
620 1166 647 1188 et
667 1160 848 1188 indesinenter
872 1167 921 1187 ex-

126 1208 222 1242 pandit
235 1208 355 1240 brachia,
379 1213 406 1236 et
419 1215 466 1235 vos
480 1211 647 1235 revertentes
667 1207 699 1234 ad
714 1215 743 1235 se
756 1207 922 1242 gratulanter

126 1257 267 1287 exspectat
279 1261 287 1286 ;
308 1257 440 1287 quatenus
453 1260 500 1279 vos
511 1257 612 1280 mterno
625 1252 837 1286 pastori'reddat
847 1260 921 1279 com-

126 1304 205 1334 potes
230 1303 337 1325 :eternaa
350 1298 532 1328 beatitudinis.
548 1306 562 1324 a
582 1305 635 1332 quo
651 1298 755 1332 accepit
769 1298 920 1325 ministerio

125 1343 170 1371 Sui
200 1343 365 1378 apostolatus
392 1343 496 1370 animas
512 1347 614 1370 vestras
637 1342 779 1370 redimere.
801 1342 869 1369 Data
892 1347 920 1369 ut

126 1395 220 1427 supra.

455 1433 591 1462 CCXVIII.

183 1486 217 1506 AD
235 1486 419 1507 CONSILIARIOS
430 1486 570 1506 MICHAELIS
585 1485 660 1505 REGIS
678 1484 865 1506 BULGARORUI.

430 1524 518 1557 (Anno
547 1522 621 1557 879.)

374 1567 500 1603 Ejusdem
525 1567 680 1602 argtmtenli.

973 986 1063 1013 supra.

1318 1024 1422 1052 CCXX.

1160 1078 1194 1097 AD
1214 1077 1367 1098 GBEGORIUH
1386 1078 1573 1098 PRIIICERIUI-

1274 1115 1362 1150 (Anno
1386 1116 1463 1150 879.)

974 1158 1106 1196 Rogati“
1121 1159 1219 1195 legatos
1239 1160 1542 1196 constantinopolitanos
1560 1162 1595 1188 tu!
1610 1170 1638 1189 se
1661 1163 1765 1196 mittat;

1008 1194 1155 1231 pollicetur,
1181 1203 1248 1231 Cttth
1257 1194 1420 1222 Francorum
1435 1204 1480 1222 rea:
1493 1196 1601 1224 Romam
1616 1197 1723 1231 venerit,
1736 1194 1766 1225 se

1008 1230 1042 1255 ad
1054 1238 1112 1256 eum
1127 1230 1226 1256 auxilio
1241 1230 1348 1256 iturum.

1008 1284 1111 1312 Dilecto
1127 1284 1180 1311 lilio
1194 1284 1332 1312 Gneoomo
1356 1285 1510 1321 primicerio
1523 1294 1555 1314 ac
1575 1286 1664 1321 bajulo
1680 1286 1765 1322 impc-

973 1330 1042 1358 riali.

1007 1376 1172 1412 Religionem
1188 1381 1240 1403 tum
1254 1376 1394 1405 charitatis
1405 1378 1431 1405 in
1446 1378 1554 1406 Christo
1562 1383 1589 1406 et
1601 1379 1626 1406 in
1640 1379 1699 1413 ejus
1710 1379 1763 1407 Ec-

971 1422 1052 1450 clesia
1070 1422 1264 1455 collaudantus,
1285 1427 1312 1450 et
1333 1428 1363 1451 ut
1386 1424 1472 1459 magis
1491 1432 1522 1451 ac
1538 1426 1621 1460 magis
1641 1425 1668 1452 in
1690 1425 1763 1452 bono

972 1474 1053 1501 opere
1077 1467 1203 1502 proﬁcias
1223 1469 1409 1496 exhortamur.
1425 1469 1540 1505 Legatos
1561 1470 1595 1496 ab
1610 1470 1676 1497 urbe
1692 1469 1762 1497 Con-

973 1512 1210 1547 stantinopolitano
1236 1513 1269 1539 ad
1290 1520 1338 1540 nos
1362 1513 1479 1540 direcms
1506 1522 1553 1549 per
1569 1513 1763 1546 Beneventum.

973 1558 1069 1586 deinde
1091 1566 1139 1592 per
1153 1558 1270 1593 Capuam
1292 1559 1389 1594 dirige,
1415 1560 1541 1593 quoniam
1553 1559 1609 1594 jam
1633 1560 1764 1587 habemus

166 1613 268 1645 pum.
284 1598 415 1641 οεκηυιξε
431 1617 458 1639 ει
477 1598 613 1643 δυκοξελε,
627 1611 785 1646 “uerisque
806 1610 920 1645 optima.
934 1598 956 1628 C
972 1602 1181 1637 prmordinatum
1205 1603 1330 1637 qualiter,
1359 1604 1413 1631 Deo
1435 1604 1551 1636 volente,
1575 1606 1608 1632 ad
1625 1614 1674 1633 nos
1695 1605 1763 1633 salvi

128 1659 202 1686 tibus
225 1658 386 1686 consiliariis
401 1656 489 1685 dilecti
514 1656 561 1683 ﬁlii
588 1656 672 1683 nostri
698 1655 835 1683 Michaelis
849 1655 921 1690 regis

127 1703 316 1736 Bulgarorum.

167 1751 287 1785 Denique
301 1756 396 1777 moneo
417 1753 534 1777 vestram
555 1748 675 1775 omnium
698 1747 870 1774 dilectionem
892 1751 921 1773 ut

126 1797 265 1825 continuis
280 1796 514 1824 adhortationibus
533 1799 614 1829 atque
641 1794 856 1829 suggestionibus
877 1792 919 1819 di-

127 1844 201 1872 lecto
214 1843 268 1870 ﬁlio
281 1847 372 1870 nostro
386 1841 507 1869 Miehacli
519 1840 636 1876 glorioso
650 1840 704 1875 regi
720 1839 819 1867 seniori
831 1843 921 1866 vestro

129 1888 308 1920 annuntietis,
323 1895 424 1922 vosque
437 1894 499 1915 cmn
512 1894 545 1914 eo
554 1886 587 1913 ad
605 1886 692 1912 sinum
707 1888 808 1911 sancta:
819 1883 920 1911 Roma-

129 1943 172 1962 ntc
183 1934 318 1966 Ecclesiae,
337 1942 396 1968 quae
409 1941 456 1960 vos
471 1937 578 1960 interna:
593 1931 766 1959 beatitudinis
776 1930 848 1965 cupit
861 1936 921 1957 esse

129 1981 286 2016 participes,
294 1981 386 2008 redeat
398 1988 429 2007 ac
444 1979 570 2011 redeatis;
586 1986 619 2005 ne
630 1977 731 2004 diutius
742 1977 919 2011 quorumdam

130 2027 251 2062 perversi
271 2027 403 2062 dogmatis
426 2025 597 2053 suasionibus
616 2023 763 2058 perniciem
789 2029 822 2049 ac
836 2021 920 2050 detri-

130 2078 263 2104 mentum,
281 2073 353 2108 quod
367 2072 448 2104 absit,
468 2072 563 2099 anima:
575 2074 671 2097 vestra:
682 2069 833 2104 patiamini,
850 2076 919 2103 quo-

130 2117 205 2145 niam
219 2125 269 2145 nos
282 2117 309 2144 in
323 2122 425 2144 tantum
446 2123 565 2143 amorem
584 2121 666 2149 super
679 2121 726 2141 vos
739 2113 874 2145 ducimur,
891 2117 920 2140 ut

129 2163 260 2198 quidquid
273 2162 344 2197 juste
362 2166 389 2189 et
401 2160 546 2189 secundum
561 2160 643 2187 Deum
656 2158 799 2194 petieritis,
812 2166 826 2184 a
842 2157 919 2185 nobis

130 2207 277 2242 impetrare
291 2206 413 2238 valeatis,
426 2206 576 2240 vestrisque
586 2204 761 2239 petitionibus
772 2203 918 2238 irretraga-

128 2252 221 2280 biiiter
245 2251 357 2279 velimus
370 2250 493 2279 eﬂ‘ectum
521 2257 650 2276 annuere.
676 2248 732 2275 Hoc
759 2248 855 2275 itcrum
871 2247 921 2275 ite-

129 2305 246 2332 rumque
267 2304 418 2328 monemus,
432 2299 459 2322 et
478 2295 504 2321 in
520 2294 602 2321 verbo
613 2293 713 2320 Christi
732 2292 872 2325 edicimus,
894 2296 924 2318 ut

129 2343 220 2370 redire
232 2342 264 2369 ad
277 2350 326 2369 nos
336 2341 445 2369 omnino
460 2340 591 2368 festinetis
602 2348 610 2372 ;
624 2338 696 2373 quia,
713 2338 781 2365 sicut
794 2345 844 2364 nos
856 2344 920 2372 pce-

129 2395 193 2414 care
206 2387 341 2416 timemus.
357 2386 380 2413 si
393 2393 440 2413 vos
453 2386 486 2412 ad
501 2385 588 2412 sinum
599 2388 698 2411 sanan
713 2382 808 2409 matris
822 2387 920 2409 vestrae

128 2441 184 2461 non
202 2433 366 2462 deducimus.
390 2433 426 2459 ita
449 2439 496 2458 vos
512 2432 538 2458 in
560 2431 643 2458 Deum
663 2428 817 2464 peccabitis,
835 2428 856 2454 si
871 2435 919 2454 no~

128 2483 215 2506 stram
226 2486 317 2506 vocem
332 2478 426 2505 audire
440 2476 581 2504 omittatis.
597 2475 663 2503 Data
678 2481 705 2502 ut
720 2482 810 2509 supra.

466 2531 580 2560 CCXIX.

329 2586 363 2606 ΔΙ)
381 2584 567 2606 εεινεδειλνυι
585 2583 716 2603 ῦοιιιτεκ.

438 2623 526 2659 (Anno
543 2621 618 2656 879.)

130 2670 255 2705 Pram'pit
271 2675 298 2696 ut
310 2668 393 2703 legato
406 2676 481 2702 quem
495 2668 529 2694 ad
543 2674 626 2701 regem
642 2665 817 2705 Bulgnrorum
832 2664 919 2695 mittit,

202 2701 251 2731 iter
266 2701 350 2731 tutum
363 2701 475 2738 prrebent
491 2711 520 2729 ne
531 2701 677 2728 necessaria
694 2701 848 2734 suppeditet.

168 2748 270 2777 Dilecto
292 2748 346 2776 lilio
363 2748 534 2776 Senescuvo
555 2746 673 2782 glorioso
697 2744 789 2772 comiti
814 2743 922 2770 Sclavo-

131 2802 192 2821 1⁸11111
208 2800 232 2821 ⁸.

168 2866 182 2880 ³
193 2860 235 2887 De
249 2859 352 2888 Selavis
365 2860 482 2888 Historia
499 2857 658 2886 Miscellanaa
674 2855 719 2884 lib.
735 2863 787 2883 nn
803 2854 829 2882 iu
846 2854 921 2882 Mau-

131 2895 212 2928 ricio,
223 2894 240 2921 l.
254 2903 298 2922 ιη
313 2900 340 2923 et
351 2895 396 2921 9.3.

972 1653 1052 1682 atque
1075 1648 1148 1674 illa-si
1165 1650 1330 1682 perveniant.
1351 1650 1386 1676 De
1409 1654 1502 1677 nostro
1520 1651 1553 1677 ad
1575 1659 1622 1677 vos
1635 1651 1761 1683 adventu,

972 1693 1041 1727 quod
1061 1698 1113 1724 tua,
1131 1693 1167 1719 tili
1183 1694 1354 1724 charissimc,
1376 1694 1483 1720 dilectio
1504 1699 1698 1728 pcrserntatur,
1713 1704 1762 1730 pro

971 1742 1046 1764 certo
1059 1738 1235 1765 deliberatum
1249 1740 1407 1771 habuimus;
1424 1740 1469 1766 sed
1483 1747 1529 1766 rex
1546 1739 1712 1767 Francorum
1727 1742 1761 1767 ad

971 1792 1020 1811 nos
1042 1792 1190 1818 properans
1214 1785 1369 1819 suppliciter
1395 1785 1516 1819 deposcit
1531 1790 1559 1811 ut
1572 1785 1605 1811 ab
1623 1785 1693 1812 Urbe
1709 1793 1760 1811 non

972 1830 1141 1857 discedamus
1152 1838 1284 1864 quoquam
1297 1832 1382 1858 donec
1394 1831 1450 1865 ipse
1463 1831 1609 1865 perveniat.
1627 1831 1676 1863 Qui
1689 1839 1761 1862 cmn,

971 1876 1084 1903 Domino
1096 1882 1262 1911 protegente,
1275 1878 1390 1908 venerit,
1407 1886 1466 1904 cum
1484 1878 1567 1904 valida
1577 1886 1667 1909 manu,
1682 1883 1763 1911 prout

973 1927 1123 1957 temporum
1138 1923 1220 1949 dictat
1232 1923 1387 1954 necessitas,
1405 1923 1466 1950 illuc
1479 1923 1552 1950 onmi
1568 1931 1640 1949 mora
1650 1927 1760 1958 postpo-

972 1968 1033 1999 sita.
1062 1968 1228 1994 studebimus
1255 1968 1417 1994 omnimodis
1435 1975 1579 2001 properare
1591 1988 1598 1999 ,
1615 1975 1664 2002 pro
1679 1967 1761 1994 totius

972 2016 1071 2039 sancta:
1086 2012 1131 2038 Dei
1157 2012 1283 2038 Ecclesiae
1297 2017 1323 2038 et
1336 2012 1455 2039 omnium
1480 2011 1691 2038 Christianortnn
1708 2012 1762 2038 sal-

972 2063 1086 2085 vatione.
1103 2058 1166 2085 Data
1182 2066 1206 2084 v1
1225 2058 1267 2085 die
1282 2057 1353 2089 Maii,
1367 2058 1511 2085 indictione
1526 2066 1572 2085 xtl.

1311 2114 1425 2141 Cuxxt.

1181 2168 1213 2186 ΑΙ)
1228 2167 1369 2186 WIBBODL’M
1388 2167 1543 2186 EPISCOI‘UH.

1276 2216 1364 2250 (Anno
1379 2216 1453 2249 879.)

939 2280 961 2310 ι)
975 2271 1009 2298 Ut
1023 2272 1092 2310 apud
1104 2272 1341 2310 Carolomnnnum,
1360 2270 1396 2297 vel
1417 2269 1541 2310 Carolnm
1554 2278 1617 2310 'ejtlf
1639 2269 1758 2310 fratrem,

1012 2304 1043 2334 de
1055 2308 1172 2334 Ecclesia
1186 2307 1231 2333 Dei
1244 2316 1258 2332 α
1270 2313 1431 2340 paganorum
1444 2304 1759 2340 ilifeslatiﬁonibusﬁefen-

1010 2344 1094 2370 denqu
1109 2348 1186 2377 ngat;
1206 2348 1229 2368 et
1253 2343 1274 2368 si
1299 2339 1525 2377 itrclticapellnnus
1545 2339 1632 2366 Caroli
1649 2339 1759 2366 Romam

1010 2375 1185 2411 renerilfipse
1200 2384 1300 2411 quoque
1314 2376 1413 2407 rmint;
1431 2376 1471 2402 ain
1492 2375 1587 2407 minus,
1606 2382 1695 2401 eorum
1721 2382 1760 2400 re-

1007 2422 1067 2448 gum
1083 2413 1238 2439 voluntatem
1253 2412 1301 2438 sibi
1313 2410 1405 2436 litteris
1418 2414 1527 2444 aperiat.

1007 2468 1241 2495 Revcrcmlissimo
1273 2466 1402 2493 Wmnouo
1431 2465 1578 2500 episcopo,
1604 2469 1630 2491 et
1658 2464 1756 2491 dilecto

972 2513 1126 2540 consiliario
1141 2517 1243 2539 nostro.

1007 2559 1073 2584 Cum
1089 2558 1194 2585 assidue
1206 2565 1254 2584 vos
1268 2557 1343 2592 quasi
1363 2556 1550 2583 charissimum
1568 2554 1649 2580 lilium
1665 2553 1692 2579 in
1707 2560 1757 2579 no-

972 2609 1029 2631 stro
1043 2605 1182 2639 cupiamus
1196 2603 1296 2630 habere
1309 2602 1447 2636 obsequio,
1461 2601 1578 2635 placeret
1594 2606 1664 2625 nunc
1683 2598 1758 2625 nobis

972 2657 1021 2684 pro
1041 2649 1166 2675 instantis
1191 2647 1318 2682 temporis
1340 2645 1531 2680 multiplicibus
1555 2643 1645 2670 causis
1669 2646 1759 2669 vestro

973 2695 1062 2730 sagaci
1086 2694 1198 2720 rmtsilio
1222 2693 1289 2724 frui;
1307 2692 1352 2719 sed
1380 2691 1441 2725 quia
1460 2689 1618 2716 industriam
1639 2691 1756 2713 vestram

974 2748 1005 2767 ea
1019 2747 1078 2774 qua:
1090 2739 1122 2765 ad
1136 2739 1264 2765 honorem
1277 2742 1377 2763 sanctzc
1391 2735 1437 2762 Dei
1454 2735 1579 2762 Ecclesia:
1593 2741 1623 2759 ac
1636 2736 1758 2771 nostrum

974 2786 1129 2821 pertinent,
1153 2791 1259 2818 semper
1283 2783 1381 2817 ubique
1407 2789 1487 2815 agerc
1516 2780 1584 2807 ﬁdeli
1617 2777 1759 2806 devotione

1008 2853 1023 2873 δ
1043 2851 1182 2879 Aimoinus
1193 2851 1239 2877 lib.
1252 2858 1289 2881 tv,
1304 2857 1327 2876 c.
1339 2849 1374 2877 26
1391 2853 1418 2875 et
1432 2848 1476 2875 8|.
1491 2847 1628 2875 Cotlrcuus
1642 2845 1667 2872 in
1681 2843 1759 2871 Man-

975 2889 1049 2920 ricio,
1065 2887 1238 2922 Nicephorius.
1253 2885 1299 2912 lih.
1320 2893 1397 2916 XVIII,
1411 2892 1434 2911 c.
1453 2883 1496 2910 28.
