2021 3151
258 214 311 242 333

260 316 384 342 stolieam
407 314 497 340 venire
525 313 698 347 pr:rsentiam
724 319 776 338 non
799 316 953 345 gravantus.
979 308 1052 340 Qua-

260 365 370 395 propter
386 364 482 385 vestra:
497 358 690 385 iunotcsciuttls
708 355 843 383 dilectioni
861 353 988 388 quoniam
1009 359 1053 378 as-

260 406 337 432 sidua
353 408 381 431 et
394 411 473 438 supra
491 404 599 430 modum
613 403 686 437 gravi
702 408 868 436 paganorum
885 398 1054 426 infestatione

260 451 376 484 gravati,
393 448 536 483 cujuslibet
552 450 622 483 regis
634 449 691 483 jam
705 448 873 482 cnpissemus
893 445 993 472 habere
1009 451 1054 471 so-

260 496 364 523 latium.
381 494 458 523 Unde
480 496 501 522 si
520 495 748 522 Carolomannum
770 500 849 527 posse
867 492 1057 518 incunctanter

261 542 419 578 agnoscitis,
436 542 506 576 apud
523 541 615 572 illum;
635 541 674 566 sin
690 544 790 569 autctu,
811 538 880 572 aptnl
898 544 1055 578 germanum

261 592 288 614 et
303 588 470 621 mquivocum
489 585 558 619 ejus,
572 585 697 612 Carolqu
718 583 842 609 videlicet
856 574 1057 616 gloriosum're-

262 640 333 667 gent,
357 639 454 659 causas
472 636 499 658 et
520 631 651 658 utilitates
677 633 779 656 sancta:
804 629 876 655 sedis
903 627 1057 662 apostolica:

263 678 390 712 prudenti
405 677 538 703 duntaxat
552 676 664 703 consilio
681 683 761 710 agere
782 679 818 706 el,
832 675 887 700 Deo
900 673 1056 704 auxiliante,

265 724 298 750 ad
309 723 460 758 perfectum
473 723 603 750 deducere
617 722 756 756 satagatis,
772 726 904 755 quatenus
915 720 1057 754 pristinutn

264 769 323 802 ejus
338 770 468 795 honorem
484 772 565 802 atque
585 767 703 802 vigorem
727 767 810 800 ipsius
829 765 899 800 regia
920 765 1057 799 majestas,

264 821 340 840 more
371 813 498 840 videlicet
523 816 666 846 parentum
694 819 823 841 suorum,
851 815 992 837 conservet
1032 810 1057 836 in

265 858 400 885 omnibus.
416 857 549 884 Praeterea
566 857 587 884 si
608 857 667 883 talis
685 855 916 890 archicapellanus
931 855 987 889 jam
1011 854 1057 881 fati

264 904 354 931 Caroli
376 905 455 938 regis,
472 904 541 931 sicut
562 904 638 931 uobis
657 903 814 934 mandastis,
829 902 942 933 venerit,
955 902 987 928 ad
1008 909 1057 927 no-

892 203 1034 233 JOANNIS
1053 201 1152 229 ΡᾹΡᾸΞ
1173 201 1228 228 νιιι

260 270 330 297 velle
344 269 436 304 procul
452 268 532 295 dubio
549 268 695 298 credimus,
719 272 790 292 ttunc
812 263 844 290 ad
861 267 980 290 nostram
994 268 1056 294 apo—
1074 261 1096 289 Λ

1438 253 1505 282 CCX
1510 253 1575 281 χιιι.

1154 322 1188 341 Al)
1204 320 1363 340 ANSX‘ERTUDI
1383 317 1609 338 Αιιειιιενιδεοιιωι
1626 314 1873 338 ΗΕΒΙΟΙΛΞΕΧΞΕΙ-

1416 366 1504 402 (Anno
1515 365 1590 400 879.)

1107 427 1202 461 Arguit
1226 434 1285 452 eum
1311 425 1379 461 quod
1406 424 1483 461 tertio
1503 428 1606 461 vocatus
1631 422 1835 461 ad‘couciliitm
1865 430 1922 449 βίη-ι

1143 457 1255 492 uenerit;
1275 457 1391 495 priucipit
1405 464 1431 485 ut
1445 458 1479 485 ad
1494 459 1634 495 ,ευιιοιίωη⁵
1643 457 1837 484 celebrandam
1852 466 1919 495 run

1143 496 1197 522 suis
1211 491 1336 530 episcopis
1355 491 1481 530 accedat,
1493 491 1516 519 ei
1536 500 1594 519 cum
1611 491 1780 530 raucorum
1796 493 1920 528 regibu.

1145 531 1190 566 qui
1201 528 1229 556 in
1239 530 1347 556 Italiam
1356 529 1460 566 fuerant
1473 529 1593 566 ingressi,
1602 528 1728 562 placitum
1741 535 1796 554 non
1808 528 1901 562 faciat
1911 536 1921 554 :

1144 563 1221 593 aliter
1231 563 1526 592 excommunicationcm
1543 563 1669 589 minatur.

1145 621 1383 649 Reverendissimo
1410 624 1438 647 et
1462 619 1635 647 sanctissimo
1655 620 1805 646 Assem-ro
1824 618 1922 645 alchi-

1110 667 1238 702 episcopo
1252 665 1456 693 Mediolanensi.

1146 712 1235 739 Multa:
1255 710 1444 739 inobedientite
1462 712 1543 744 atque
1563 708 1724 744 perniciosae
1746 708 1921 735 temeritatis

1111 757 1204 794 procul
1219 757 1301 785 dubio
1314 757 1441 792 reperiris
1452 755 1598 787 obnoxius,
1618 762 1680 782 cum
1701 754 1784 781 nobis
1796 761 1849 788 pro
1865 753 1920 780 Ec-

1111 804 1256 832 clesiarum
1273 803 1321 830 Dei
1341 802 1461 830 omnium
1480 802 1557 836 juxta
1579 799 1741 835 Apostolum
1762 799 1920 827 commissa

1111 851 1293 879 sollicitudine
1306 850 1451 885 populique
1464 849 1552 876 salute
1565 848 1591 874 iu
1605 847 1656 874 hoc
1673 846 1833 882 periculoso
1844 850 1919 873 tem-

1112 905 1188 932 pore,
1204 896 1367 923 necessitate
1378 895 1483 922 scilicet
1498 894 1579 921 nimia
1590 898 1713 929 cogente,
1735 897 1851 920 stratue
1866 893 1918 919 de-

267 954 377 984 straque
396 949 541 983 apostolica
564 949 675 984 vestigia
696 949 794 975 missus
817 955 962 982 properare
984 955 1056 981 qme-
1075 946 1095 974 Β
1110 944 1290 974 certantibus,
1307 942 1421 974 nullum,
1435 945 1464 968 ut
1478 941 1620 975 oportebat
1635 939 1758 974 praebere
1767 945 1918 965 assensum

266 997 343 1023 sierit
355 995 478 1022 volumus
496 1000 525 1021 ut
540 1003 600 1022 cunt
615 1002 647 1022 eo
661 995 693 1021 ad
710 1002 757 1021 nos
772 995 873 1029 pariter
885 994 1015 1025 veniatis;
1030 997 1059 1019 ut

267 1041 403 1068 communi
420 1045 534 1068 tractatu
554 1040 617 1074 quid
632 1048 679 1074 pro
693 1040 820 1067 Ecclesia:
837 1040 882 1066 Dei
894 1040 1058 1066 exultatione

267 1087 400 1121 agendum
418 1088 462 1118 sit,
478 1087 582 1121 pariter
600 1087 811 1114 consideremus.
836 1086 883 1113 Sin
899 1092 988 1113 atttcm
1003 1087 1059 1121 ipse

266 1132 380 1158 Romam
395 1140 447 1159 non
463 1132 578 1164 venerit,
595 1139 626 1158 eo
641 1132 786 1167 diligenter
802 1132 942 1166 inquisito,
963 1139 1060 1158 causas

267 1181 295 1204 et
307 1177 462 1204 voluntates
476 1182 558 1212 atque
573 1178 729 1204 devotiones
741 1177 781 1204 vel
799 1177 999 1207 Carolomanni,
1019 1177 1059 1203 vel

268 1223 353 1257 ipsius
364 1223 484 1257 germani
503 1224 558 1258 jam
575 1224 638 1250 dicti
657 1224 727 1258 regis
751 1224 828 1251 nobis
853 1224 950 1250 litteris
964 1223 1061 1250 vestris

268 1269 317 1295 sub
332 1269 404 1294 oumi
419 1268 582 1296 certitudiue
601 1270 808 1303 przeseutialiter
829 1269 1014 1301 innoteseatis,
1034 1272 1062 1294 ut

261 1313 333 1353 Iquid
349 1320 477 1348 prospere
487 1314 620 1348 agendum
635 1314 669 1340 sit
685 1315 744 1340 lucc
758 1313 858 1340 clarius
872 1321 1060 1348 agnoscamus.

270 1359 354 1393 llujus
369 1367 476 1394 quoque
498 1364 598 1386 textum
617 1360 747 1394 epistolua,
761 1364 789 1385 ut
812 1360 900 1386 nullus
923 1363 1062 1394 agnoscat,

271 1411 332 1431 cum
364 1404 502 1439 legeritis,
537 1405 627 1431 statim
659 1405 721 1439 igne
752 1405 911 1431 coutburite.
942 1404 1008 1430 Data
1035 1408 1062 1429 ut

285 1458 362 1484 uprn.

605 1528 729 1556 CCXXII.

510 1604 543 1624 AD
557 1604 675 1625 BOSOXEM
689 1604 816 1625 COMITESI.

577 1665 666 1698 (Anno
687 1664 761 1696 879.)

274 1740 372 1767 Scribit
387 1749 413 1766 se
426 1741 535 1766 tacitum
551 1745 635 1766 tenere
656 1740 724 1774 quod
738 1746 834 1766 secreto
849 1748 881 1766 er
894 1749 949 1769 ipso
970 1741 1064 1766 audie-

310 1780 361 1807 rut,
374 1781 397 1802 et
414 1775 553 1807 auxilium,
569 1775 637 1809 quod
659 1775 824 1809 promist-ml,
851 1776 882 1801 ub
903 1784 932 1801 co
959 1777 1066 1802 umuiuo

310 1816 479 1845 exspectare;
495 1816 623 1845 μηνίει-ευ
639 1819 666 1836 δε
681 1811 743 1837 bene
759 1810 852 1836 ualere.

314 1903 454 1931 Sccrelum
470 1904 550 1938 quod,
567 1903 622 1930 Deo
637 1904 796 1936 auxiliante,
819 1904 955 1931 valiscum
976 1904 1069 1931 Trccis

275 1950 424 1977 existentes
438 1950 592 1981 habuimus,
609 1949 799 1976 imumtilatum
823 1958 854 1977 ac
878 1951 959 1976 lixum
977 1954 1069 1977 nostro

274 1995 422 2029 apostolico
435 1999 553 2028 pectore,
568 1995 643 2028 quasi
655 1995 789 2028 quoddam
809 1996 963 2021 lllCﬁlllHllll
976 2003 1070 2022 recou-

275 2041 360 2067 tlitum
378 2039 471 2074 procul
487 2039 568 2065 dubio
583 2040 741 2071 retinemus,
758 2045 783 2066 et
801 2041 873 2072 totis,
891 2041 943 2066 vita
959 2041 1069 2073 covnite,

277 2084 382 2110 nisibus
400 2083 474 2115 illud,
495 2088 626 2118 quantum
643 2084 668 2109 iu
682 2084 758 2110 nobis
784 2088 836 2114 est,
853 2085 979 2111 alacriter
995 2091 1071 2120 opta-

278 2137 337 2156 mus
362 2128 502 2163 pcrﬁccre.
542 2128 710 2163 Quapropter
735 2130 756 2156 si
786 2130 952 2157 excellentia:
973 2137 1070 2159 vestra:

277 2175 351 2204 libet.
365 2174 420 2208 jam
438 2175 488 2201 hoc
501 2174 588 2209 ipsum
606 2175 638 2201 ad
650 2174 774 2201 effectum
795 2175 899 2203 debetis
913 2177 1069 2211 perducere.

277 2221 344 2255 Quia
360 2221 438 2255 juxta
455 2225 579 2248 sanctum
595 2220 751 2255 Apostolum
768 2221 957 2249 admonentem
974 2230 980 2249 :
1003 2223 1072 2250 Ecce

274 2276 345 2294 nunc
361 2273 460 2302 tempus
480 2267 647 2301 acceptubi/e,
669 2276 725 2293 cccc
744 2276 813 2294 nunc
836 2269 890 2295 dies
911 2269 1003 2295 salutis
1028 2269 1070 2305 (ΙΙ

277 2309 339 2337 Cor.
356 2315 416 2345 vn),
431 2311 529 2345 quibus
542 2311 646 2337 favente
660 2311 782 2342 Domino,
800 2317 889 2339 vestra
905 2315 1016 2348 potestis
1029 2315 1070 2341 ef-

279 2354 398 2382 ﬁcaciter
425 2356 558 2383 desideria
583 2356 699 2390 explere.
721 2357 775 2384 Nos
802 2359 873 2385 enim
898 2360 1070 2393 sponsionem

279 2404 395 2427 vestram
416 2401 527 2428 uiutinm
544 2402 741 2436 prmstolantes,
754 2403 800 2430 sed
820 2411 903 2438 usque
918 2405 1005 2432 adhuc
1021 2406 1071 2432 mi-

278 2447 352 2474 nime
367 2447 589 2482 contemplantes,
608 2448 698 2476 tristes
709 2450 862 2482 existiinus,
878 2459 910 2477 eo
921 2451 991 2484 quod
1005 2452 1071 2478 assi-

280 2491 347 2519 duas
361 2496 387 2520 et
409 2499 490 2526 supra
507 2492 615 2519 modum
631 2501 727 2528 graves
741 2502 907 2529 paganorum
922 2496 1073 2523 infestatio-

278 2543 330 2566 res
351 2537 516 2565 omnimodis
541 2538 695 2572 patiamur;
723 2544 749 2566 et
774 2540 875 2568 idcirco
889 2549 937 2576 pro
960 2542 1072 2570 instanti

280 2583 443 2610 necessitate
468 2582 521 2610 alio
547 2583 662 2619 dirigere
683 2585 865 2621 auxiliumque
892 2593 1071 2623 opportunum

280 2629 504 2663 praetermisimus
516 2636 647 2663 quwrere.
663 2628 746 2662 Unde,
763 2631 784 2658 si
800 2631 888 2666 placet
899 2641 987 2668 agerc,
1003 2635 1073 2669 quod

282 2674 415 2709 agendum
440 2678 483 2701 est
507 2674 598 2709 agite;
622 2675 663 2702 sin
693 2680 793 2709 autem,
815 2678 893 2704 nobis
915 2679 1073 2705 remaudarc

282 2719 340 2747 sine
355 2727 429 2746 mora
446 2720 569 2755 satagite.
585 2721 653 2754 Quia
670 2729 733 2748 vero
747 2721 781 2748 de
792 2722 879 2749 salute
898 2728 989 2750 nostra
1002 2724 1073 2751 solli-

282 2763 329 2792 citi
343 2763 477 2798 gaudetis,
488 2770 586 2792 vesme
600 2765 794 2794 inuolescimus
808 2768 995 2802 magnitudini,
1011 2769 1074 2803 quia

283 2814 310 2836 et
325 2817 492 2845 prosperum,
516 2810 625 2839 Christo
639 2812 716 2845 duce,
732 2813 892 2841 revertendo
909 2814 960 2841 iter
981 2814 1075 2841 habui-

283 2862 355 2887 mus,
366 2860 392 2882 et
407 2865 478 2885 nunc
489 2865 619 2893 corporea
641 2859 758 2887 sanitate
775 2860 844 2888 bene
858 2860 987 2887 valemus.
1009 2860 1074 2887 Data

284 2904 313 2927 ut
326 2907 414 2935 supra.
1030 2906 1031 2909 ‘

1079 1617 1101 1648 C

1086 2293 1111 2322 D

1110 991 1278 1026 nullumque,
1296 990 1379 1017 veluti
1405 989 1487 1023 capiti
1505 993 1550 1015 tuo
1565 987 1768 1022 compatiendo,
1782 984 1918 1013 studuisti

1110 1037 1235 1066 conferre
1255 1036 1391 1064 solatium.
1412 1035 1502 1062 Missis
1526 1034 1608 1061 etiam
1631 1032 1798 1068 apostolatus
1821 1030 1916 1058 nostri

1111 1084 1230 1112 secundo
1246 1091 1279 1111 ac
1295 1083 1375 1110 tertio
1389 1090 1438 1118 per
1458 1082 1558 1109 fratres
1569 1086 1596 1108 et
1610 1080 1787 1115 coepiscopos
1803 1083 1916 1105 nostros

1111 1130 1221 1162 litteris,
1237 1129 1263 1156 in
1276 1128 1441 1156 consortium
1457 1127 1647 1155 sollicitudinis
1664 1130 1766 1152 nostra:
1786 1128 1814 1151 te
1835 1130 1914 1150 more

1112 1182 1307 1211 przecessortun
1326 1179 1492 1205 nostrorum,
1509 1175 1599 1207 utpote
1620 1172 1748 1198 idoneum
1767 1168 1916 1197 commini-

1113 1226 1208 1252 strum,
1224 1228 1341 1255 primum
1354 1220 1463 1254 quidem
1480 1219 1508 1246 in
1521 1217 1607 1246 Gallia
1618 1222 1644 1245 et
1663 1215 1838 1252 postmodum
1858 1213 1912 1242 Pa-

1113 1267 1163 1301 piae
1180 1266 1361 1293 consistentes
1385 1263 1515 1292 canonice
1535 1262 1703 1292 vocavimus,
1728 1261 1776 1288 sed
1799 1260 1914 1287 minime

1113 1319 1258 1340 occurrere
1273 1311 1391 1339 voluisti.
1412 1309 1538 1345 [tegulari
1549 1310 1631 1336 etiam
1650 1312 1678 1335 et
1692 1312 1789 1334 nostra
1804 1311 1915 1341 aposto-

1114 1358 1166 1385 lica
1180 1356 1324 1384 vocatione
1333 1355 1465 1390 jussimus
1479 1359 1508 1381 ut
1519 1353 1633 1380 Ruinam
1647 1359 1697 1387 pro
1710 1356 1767 1378 tam
1782 1349 1916 1384 multipli-

1115 1403 1192 1430 cibus
1209 1400 1417 1428 necessitatibus
1440 1400 1466 1426 in
1490 1404 1633 1425 columnae
1655 1395 1859 1431 pertractandi:
1884 1402 1918 1421 ac

1115 1448 1245 1484 synodico
1257 1446 1441 1475 deliberandis
1455 1444 1577 1479 negotiis,
1597 1442 1694 1470 venire
1709 1443 1816 1477 altaque
1827 1440 1919 1476 quoli-

1116 1495 1161 1522 bet
1176 1494 1287 1521 obtentu
1303 1497 1455 1527 satageres;
1473 1491 1519 1518 sed
1535 1497 1622 1524 neque
1635 1489 1787 1516 secundum
1802 1487 1919 1514 canoni-

1116 1547 1176 1567 cam
1199 1539 1368 1566 sanctionem
1400 1536 1603 1564 excusationem
1633 1539 1707 1561 tuam
1734 1533 1761 1560 in
1786 1532 1918 1560 tractoria

1119 1585 1248 1621 scriptam
1262 1585 1340 1612 nobis
1354 1589 1381 1611 et
1392 1587 1493 1611 sancta
1520 1581 1623 1617 synodo
1647 1580 1825 1615 peridoneum
1844 1587 1861 1605 :t
1876 1577 1920 1604 la-

1119 1638 1175 1660 terc
1190 1636 1235 1658 tuo
1258 1630 1411 1657 ministrum
1432 1628 1556 1663 dirigere,
1577 1634 1663 1661 neque
1680 1626 1739 1661 ipse
1760 1624 1850 1659 potius
1870 1630 1919 1650 ve-

1118 1678 1187 1709 nire,
1217 1675 1366 1711 improvida
1392 1675 1523 1701 duntaxat
1550 1676 1639 1700 mente
1665 1671 1777 1703 curasti,
1802 1674 1833 1697 ut
1863 1676 1919 1696 una

1119 1723 1271 1754 nobiscum,
1296 1722 1342 1756 qui
1366 1724 1485 1748 vestrum
1510 1718 1632 1746 ontttium
1654 1725 1736 1744 onera
1759 1720 1919 1751 portamus,

1116 1769 1192 1803 juxta
1207 1771 1370 1802 praeceptum
1386 1764 1517 1800 Apostoli,
1543 1772 1575 1791 ea
1595 1768 1700 1798 portare
1713 1762 1785 1789 omni
1805 1762 1921 1788 διπήχη

1119 1815 1252 1841 studeres.
1285 1813 1338 1840 Pro
1361 1811 1460 1846 quibus
1493 1809 1619 1837 videlicet
1644 1814 1680 1836 tot
1696 1807 1922 1835 evidentissimis

1120 1860 1205 1894 culpis
1217 1865 1244 1886 et
1257 1858 1410 1886 temerariis
1423 1855 1676 1892 prmsumptionibus
1695 1862 1710 1881 a
1734 1858 1759 1881 te
1777 1853 1922 1888 peractis,

1121 1912 1171 1931 una
1199 1910 1262 1930 cum
1289 1903 1442 1929 veneranda
1472 1901 1575 1936 synodo
1606 1905 1669 1927 ante
1700 1899 1922 1927 sacratissimum

1122 1948 1193 1975 beati
1209 1947 1282 1975 Petri
1295 1946 1478 1982 apostolorum
1493 1946 1623 1982 principis
1636 1953 1735 1980 corpus
1751 1944 1857 1974 habita,
1873 1950 1925 1970 se-

1121 1994 1239 2021 cundum
1273 1992 1462 2020 immutilalam
1499 1991 1619 2019 Africani
1653 1990 1760 2019 concilii
1795 1988 1921 2024 regulam

1123 2038 1213 2074 (Cone.
1228 2039 1312 2074 Afric.
1329 2045 1389 2073 cap.
1402 2037 1446 2069 42,
1463 2035 1670 2072 Carthaginence
1684 2044 1711 2068 ν,
1727 2043 1752 2062 c.
1768 2034 1824 2069 10),
1840 2038 1871 2060 le
1887 2035 1923 2061 ad

1122 2085 1265 2112 coneiliutn
1284 2089 1406 2112 nostrum
1422 2092 1475 2111 non
1489 2087 1688 2114 occurrentem,
1704 2088 1792 2115 neque
1802 2087 1924 2107 causa-

1124 2132 1223 2158 tionem
1250 2136 1323 2158 tuam
1351 2130 1378 2157 in
1403 2129 1532 2157 tractoria
1564 2128 1801 2157 subscribentem,
1829 2132 1924 2160 neque

1121 2179 1223 2214 justam
1239 2179 1370 2206 rationem
1391 2176 1573 2212 impedimenti
1591 2176 1627 2203 lui
1647 2176 1717 2211 apud
1733 2182 1781 2201 nos
1795 2173 1925 2201 omnium

1123 2230 1242 2252 vestrum
1257 2225 1400 2259 primatem
1419 2223 1533 2251 reddere
1547 2226 1699 2252 curantem,
1716 2220 1790 2248 omni
1805 2227 1926 2254 prorsus

1125 2272 1309 2300 ecclesiastica
1329 2270 1530 2302 communione,
1552 2269 1638 2296 sancti
1664 2268 1781 2302 Spiritus
1801 2266 1927 2294 auctori-

1126 2322 1191 2350 tate,
1207 2316 1381 2352 privavimus,
1398 2322 1537 2351 quousque
1552 2319 1626 2341 tuam
1638 2312 1780 2348 specialem
1797 2319 1926 2346 pra-sen-

1124 2363 1189 2390 tiant
1212 2362 1289 2389 nobis
1311 2366 1338 2389 ct
1364 2362 1421 2389 sedi
1448 2360 1603 2396 apostolicse
1617 2360 1746 2387 exhibere
1764 2356 1925 2385 curaveris.

1124 2407 1200 2436 Nunc
1212 2408 1313 2443 itaque,
1329 2407 1457 2442 quoniam
1469 2410 1625 2433 constanter
1635 2409 1756 2433 tenentes
1764 2403 1924 2438 justitiam,

1124 2454 1239 2489 benigne
1252 2453 1381 2481 debemus
1405 2459 1512 2486 semper
1531 2452 1653 2486 praebere
1672 2449 1863 2481 clementiam,
1881 2449 1928 2476 his

1126 2500 1224 2527 iterum
1241 2499 1340 2526 nostris
1354 2498 1510 2533 apostolicis
1524 2497 1624 2525 litteris
1636 2495 1772 2525 dilectioni
1787 2500 1841 2522 tut
1852 2502 1929 2529 pm

1124 2546 1248 2580 cipimus,
1265 2549 1296 2571 ut
1310 2544 1372 2578 quia
1388 2544 1421 2570 ad
1436 2542 1576 2578 praefatam
1592 2542 1724 2578 synodum
1740 2548 1792 2568 non
1808 2540 1928 2571 venisti,

1125 2590 1158 2617 ad
1173 2597 1232 2617 eam
1251 2597 1331 2623 quam
1346 2596 1451 2621 rursus,
1462 2588 1539 2622 juxta
1562 2588 1676 2615 canonis
1690 2585 1830 2622 apostolici
1847 2586 1931 2620 capi-

1126 2634 1210 2662 tuluut
1236 2634 1401 2661 tricesimum
1428 2638 1564 2668 quartum,
1589 2632 1693 2659 erimus
1722 2634 1819 2665 quarto
1861 2629 1930 2656 ldus

1126 2680 1262 2712 Octobris,
1277 2679 1424 2707 auxiliante
1436 2679 1560 2711 Domino,
1574 2678 1746 2709 celebraturi,
1757 2676 1830 2703 omni
1845 2682 1929 2711 pnsb

1126 2726 1213 2761 posita
1237 2725 1389 2756 occasione,
1418 2732 1479 2752 eum
1505 2723 1684 2760 sutl‘t'aganeis
1708 2722 1843 2758 episcopis
1874 2723 1933 2749 tuis

1128 2771 1239 2797 devotus
1252 2777 1390 2796 occurras.
1408 2769 1457 2797 Vel
1469 2769 1492 2796 si
1508 2769 1599 2804 aliqua
1618 2769 1735 2796 evidenti
1758 2768 1933 2796 necessitate

1129 2821 1155 2844 te
1168 2823 1220 2843 non
1235 2824 1314 2851 posse
1334 2815 1427 2843 venire
1443 2815 1587 2847 claruerit,
1612 2815 1726 2843 eximios
1740 2822 1755 2841 a
1774 2814 1867 2841 latere
1882 2819 1932 2840 tuo

1128 2861 1230 2897 dirigas
1242 2862 1326 2894 viros,
1349 2862 1395 2896 qui
1412 2866 1475 2888 tunc
1488 2861 1566 2889 nobis
1579 2865 1609 2889 et
1626 2859 1854 2888 sancto‘concilio
1870 2860 1932 2886 ido-

1129 2915 1180 2935 nee
1194 2906 1327 2942 faciendo,
1342 2912 1369 2935 et
1389 2914 1498 2936 cattsant
1513 2912 1565 2950 tua:
1579 2905 1804 2942 impossibilitatis
1817 2906 1931 2932 veraci-
