4042 6302
237 401 348 458 837

1441 395 1800 453 EPlSTOLAZ
1842 395 1930 451 ET
1967 395 2309 453 DECRETA.

3419 408 3523 462 858

237 524 328 569 ter
351 509 621 574 intimcnt,
655 517 709 564 et
735 523 796 564 ea
820 524 940 580 quae
961 525 1060 579 pro
1085 510 1444 565 Ecclesiarum
1475 513 1566 566 Dei
1599 512 1830 567 utilitate
1859 517 1909 574 A
1937 525 2190 586 promptu
2238 518 2501 571 habentes
2547 517 2736 573 ulcisci
2788 533 3005 574 omnem
3063 522 3520 589 iuobedieutiam,

234 602 549 675 peragenda
573 607 721 665 sunt,
767 600 1048 655 uobiscum
1079 601 1348 671 sagaciter
1377 603 1590 656 valeant
1628 601 1830 656 delibe-

238 707 384 746 rare.
435 689 567 744 Nam
615 689 659 743 si
703 695 756 743 et
787 689 926 742 hanc
981 697 1229 758 quartam
1281 699 1478 746 uostrw
1523 691 1832 760 apostolica:

237 780 586 837 auctoritatis
618 779 958 833 vocationem
1003 780 1420 850 parvipendens,
1478 783 1544 835 ad
1579 782 1690 852 jam
1739 783 1831 838 de-

236 874 546 928 nuntiatum
601 872 864 942 synodum
913 871 1027 942 ipse
1078 873 1260 928 venire
1307 874 1389 928 vel
1439 883 1559 929 tuos
1613 875 1829 930 mittere

235 964 652 1031 contempseris,
689 962 832 1016 scias
860 977 959 1031 pro
986 971 1136 1016 certo
1163 965 1418 1034 quoniam
1451 966 1640 1036 majori
1670 976 1719 1020 te
1741 967 1828 1036 ju-

237 1051 368 1106 dicii
399 1050 756 1106 ecclesiastici
786 1051 1006 1105 vinculo
1032 1051 1179 1106 velut
1201 1053 1597 1108 inobedientem
1642 1056 1829 1111 incun-

232 1150 450 1198 etantcr
479 1143 782 1212 ligabimus.
833 1141 1102 1196 Przcterea
1136 1144 1240 1199 hoc
1279 1145 1443 1198 etiam
1486 1146 1582 1200 tibi
1613 1147 1827 1216 tuisque

230 1231 586 1303 suffraganeis
598 1233 848 1287 erunibus
858 1233 1227 1290 admonitione
1241 1244 1425 1290 nostra
1448 1237 1826 1294 denuntiamus

227 1333 399 1394 atque
427 1323 788 1392 prmcipimus,
817 1333 877 1377 ut
917 1340 1040 1379 cum
1074 1341 1140 1380 eo
1167 1329 1256 1396 qui
1288 1328 1354 1382 de
1395 1329 1611 1398 regibus
1655 1329 1823 1385 Fran-

225 1430 446 1480 corum,
473 1416 580 1471 Deo
602 1415 836 1481 favente,
860 1417 1069 1472 italiam
1096 1418 1264 1474 fuerit
1290 1421 1591 1490 ingressus,
1617 1423 1819 1477 nullum

227 1507 436 1579 absque
465 1516 653 1563 nostro
685 1523 948 1564 consensu
975 1519 1030 1565 et
1057 1512 1411 1567 unanimitate
1443 1513 1699 1583 placitum
1737 1514 1818 1570 fa-

226 1613 358 1654 cere
384 1601 755 1668 prmsumatis;
787 1602 1152 1669 apostolorum
1199 1619 1407 1661 canone
1453 1609 1671 1676 capituli
1722 1610 1817 1664 tri-

225 1691 420 1745 ccsimi
455 1690 626 1761 quinti
671 1693 744 1746 ita
785 1692 1010 1762 jubente
1047 1703 1209 1766 atque.
1235 1697 1488 1752 dicente:
1526 1698 1819 1771 EpiscOpos

225 1785 468 1854 gentium
514 1785 847 1855 singularum
897 1785 1036 1842 scire
1082 1789 1334 1844 convenit
1378 1791 1500 1859 quis
1550 1791 1692 1846 inter
1723 1808 1816 1847 eos

1933 605 2094 676 digna
2135 607 2480 677 correptione
2519 609 2796 666 canonicis
2823 611 3049 666 vocibus
3085 627 3180 668 vos
3233 615 3523 683 perlerire-

1933 710 2074 761 mus,
2129 696 2231 750 nisi
2287 697 2662 753 misericordia
2711 701 3024 769 apostolica:
3065 703 3210 757 sedis
3270 713 3520 760 nostrum

1933 787 2170 841 animum
2214 795 2557 857 temperaret.
2603 787 2712 846 Vos
2753 799 2957 855 autem,
3001 791 3332 858 charissimi,
3370 805 3522 850 tanta

1931 887 2114 932 nostra
2147 879 2408 948 patientia
2441 896 2548 934 non
2577 881 2752 947 abusi,
2797 884 2968 938 redite
2997 885 3062 938 ad
3093 900 3209 952 cor,
3257 896 3312 941 et
3361 888 3522 958 depo-

1932 978 2122 1024 nentes
2149 986 2366 1026 omnem
2395 973 2780 1038 temeritatem,
2810 991 2910 1045 pro
2933 978 3208 1034 communi
3258 977 3431 1033 salute
3462 989 3518 1036 et

1929 1076 2060 1131 pace
2109 1064 2259 1134 regni
2295 1065 2450 1118 nobis
2499 1066 2722 1130 haerete,
2776 1067 2912 1121 adeo
2960 1075 3016 1122 ut
3059 1083 3180 1137 qua:
3228 1069 3520 1140 recipimus

1930 1153 2224 1222 recipiatis,
2255 1164 2310 1208 et
2359 1170 2479 1224 quae
2521 1157 2828 1226 respuimus
2873 1160 3165 1228 respuatis,
3197 1169 3256 1214 ut
3287 1161 3516 1230 idipsum

1927 1247 2172 1301 dicamus
2195 1263 2385 1302 omnes
2413 1256 2468 1302 et
2497 1251 2685 1303 eadem
2712 1251 3008 1320 sapiamus,
3036 1252 3164 1321 quia
3195 1261 3250 1307 et
3273 1268 3373 1323 ego
3409 1252 3518 1308 sol-

1929 1339 2104 1393 licitos
2151 1355 2245 1394 vos
2275 1355 2375 1409 pro
2423 1341 2697 1396 communi
2747 1343 2920 1398 salute
2963 1359 3029 1398 ac
3074 1353 3225 1398 statu
3259 1346 3410 1414 regni
3459 1354 3515 1402 et

1926 1445 2058 1500 pace
2087 1431 2318 1486 libenter
2359 1431 2540 1496 audio,
2572 1433 2713 1487 sicut
2758 1447 2790 1488 e
2824 1442 3014 1490 contra
3043 1435 3186 1490 aliud
3229 1452 3390 1505 quam
3435 1445 3514 1492 te-

1925 1536 2114 1576 nemus
2167 1530 2428 1585 tcncntes,
2483 1539 2591 1576 non
2645 1524 2875 1579 libenter
2918 1525 3166 1582 admitto.
3212 1525 3329 1581 Jam
3378 1543 3512 1582 vero

1923 1613 2047 1683 quia
2079 1611 2355 1667 multoties
2383 1615 2452 1668 ad
2483 1616 2746 1686 synodum
2777 1618 3080 1684 convocati,
3110 1620 3296 1674 venire
3325 1621 3509 1677 bacte~

1923 1720 2026 1759 nus
2070 1707 2492 1775 contempsistis,
2533 1708 2674 1762 sicut
2718 1710 3075 1777 praetulimus,
3106 1713 3254 1767 omni
3293 1715 3511 1768 temeri-

1925 1802 2032 1848 tate
2076 1803 2239 1864 atque
2287 1795 2584 1850 iuevitabili
2627 1800 2914 1854 occasione
2943 1801 3205 1868 deposita,
3242 1803 3309 1856 ad
3345 1802 3507 1857 aliam

224 1878 436 1947 primus
467 1877 754 1941 habeatur,
787 1887 840 1930 et
866 1893 1028 1947 quem
1054 1879 1200 1933 velut
1223 1889 1385 1949 caput
1405 1881 1735 1946 existiment,
1759 1893 1814 1938 et
1845 1868 1888 1926 Β
1917 1887 2200 1958 synodum,
2257 1903 2418 1957 quam
2438 1929 2451 1951 ,
2485 1890 2660 1960 gratia
2710 1891 2892 1946 divina
2947 1893 3264 1962 opitulante,
3315 1905 3508 1964 quarto

225 1967 364 2021 nihil
394 1967 623 2036 amplius
651 1976 848 2036 praeter
876 1969 993 2038 ejus
1019 1971 1406 2025 conscientiam
1433 1982 1623 2042 gerant
1645 1989 1807 2043 quam

225 2057 312 2112 illa
345 2057 456 2112 sola
489 2057 682 2128 singuli
710 2073 830 2128 quae
855 2059 1128 2129 parochias
1155 2061 1386 2131 propriae
1411 2069 1467 2116 et
1506 2063 1648 2119 villis
1689 2080 1810 2134 quae

224 2148 326 2202 sub
355 2162 415 2200 ea
441 2155 587 2210 sunt,
615 2157 947 2216 competunt,
979 2151 1074 2204 sed
1098 2166 1198 2206 nec
1227 2151 1314 2207 ille
1353 2161 1547 2221 praeter
1568 2157 1808 2210 ominum

223 2241 610 2296 conscientiam
644 2242 822 2308 faciat,
875 2245 1113 2315 aliquid;
1161 2246 1241 2300 sic
1286 2247 1433 2301 enim
1478 2249 1810 2304 unanimitas

221 2332 331 2386 erit
361 2342 415 2387 et
452 2334 844 2404 gloriﬁcabitur
872 2336 1014 2391 Deus
1056 2353 1151 2407 per
1190 2337 1465 2394 Christum
1517 2341 1569 2394 in
1606 2339 1808 2407 Spiritu

222 2436 435 2482 sancto.
463 2427 690 2498 Propter
711 2431 851 2499 quod
876 2439 930 2484 et
957 2446 1052 2485 nos
1079 2440 1260 2486 vestro
1282 2434 1552 2486 communi
1577 2441 1811 2490 tractatu

222 2531 388 2592 atque
416 2538 702 2588 consensu,
743 2539 804 2578 ea
851 2538 970 2592 qum
995 2525 1064 2579 ad
1101 2539 1445 2581 communem
1477 2536 1531 2581 et
1562 2543 1811 2584 necessa—

222 2613 360 2668 riam
384 2614 667 2668 utilitatem
695 2614 932 2669 Ecclesia
944 2631 1059 2671 rum
1088 2616 1182 2671 Dei
1210 2617 1366 2672 nobis
1395 2620 1809 2676 conuuissarum

223 2706 428 2774 agenda
456 2715 615 2771 sunt,
643 2706 971 2762 omnimodis
997 2724 1157 2779 agere
1177 2711 1444 2778 cupimus.
1505 2711 1618 2766 Non
1663 2714 1810 2768 enim

183 2795 190 2803 '
221 2795 396 2858 aliter,
428 2797 637 2851 dicente
664 2807 857 2853 sancto
885 2797 1084 2864 Leone,
1119 2815 1258 2855 unus
1285 2815 1415 2870 grex
1449 2810 1502 2857 et
1534 2818 1674 2858 unus
1719 2820 1811 2874 pa-

221 2893 339 2940 stor
360 2901 565 2950 sumus,
593 2887 694 2941 nisi
730 2887 1180 2958 quemadmodum
1215 2889 1503 2960 Apostolus
1531 2894 1710 2957 docet,
1757 2895 1812 2949 id

222 2976 397 3043 ipsum
445 2977 686 3032 dicamus
733 2993 922 3032 omnes
961 2995 976 3031 :
1025 2977 1207 3034 Simus
1257 2988 1436 3034 autem
1481 2980 1706 3050 perfecti
1755 2984 1810 3038 in

219 3067 410 3122 eodem
441 3083 602 3124 sensu
647 3079 701 3123 et
752 3071 804 3124 in
834 3071 1022 3125 eadem
1055 3071 1280 3125 scientia
1311 3071 1366 3142 (1
1409 3070 1531 3127 Cor.
1564 3076 1647 3144 ιι).
1679 3075 1808 3131 Data

224 3176 313 3216 xlv
341 3161 607 3220 Kalendas
634 3163 796 3230 Junii,
830 3165 1122 3220 indictione
1147 3181 1244 3220 xu.

870 3275 1076 3331 CCXXI
1089 3277 1149 3331 γ.

845 3406 910 3444 ΑΙ)
948 3405 1187 3444 εωωεδι.

840 3480 1021 3551 (Anno
1048 3479 1197 3550 879.)

639 3591 886 3659 Eiusdem
912 3608 1042 3662 pene
1071 3593 1384 3662 argumenti.

291 3703 581 3759 Ansrea'ro
609 3704 1041 3774 archiepiscopo.

291 3794 426 3849 Cum
455 3793 689 3849 universi
723 3795 814 3865 qui
857 3793 1168 3849 Christiano
1196 3804 1492 3849 censentur
1523 3792 1802 3858 vocabulo,

204 3885 290 3938 ab
319 3883 437 3954 ipso
470 3884 744 3954 religionis
771 3885 1016 3948 exordio,
1047 3883 1152 3940 fide
1177 3894 1233 3939 et
1260 3885 1469 3940 meritis
1509 3884 1654 3940 Petri
1691 3884 1802 3941 Ro-

215 3989 435 4027 manam
501 3973 796 4029 Ecclesium
849 3973 1194 4028 sublimatam
1252 3976 1397 4029 omni
1453 3975 1802 4030 veneratione

217 4061 373 4131 sequi
418 4063 670 4132 omnique
719 4065 1018 4119 reverentia
1070 4064 1713 4130 honorare,studuerint;
1751 4076 1805 4121 et

216 4163 407 4208 contra
439 4171 593 4221 eam,
642 4157 741 4211 nisi
775 4157 864 4226 qui
911 4157 977 4211 de
1027 4172 1084 4211 se
1126 4157 1295 4211 voluit
1327 4155 1592 4225 judicari,
1627 4157 1804 4214 nullus

214 4246 403 4301 obices
449 4262 612 4302 manu
659 4248 946 4313 habuerit;
989 4247 1143 4303 valde
1205 4250 1468 4304 miramur
1522 4265 1620 4305 cur
1670 4251 1804 4306 adeo

215 4338 384 4392 vestri
409 4339 617 4394 ordinis
643 4340 998 4394 ministerium
1028 4340 1322 4406 excedatis,
1354 4350 1413 4396 ut
1443 4340 1596 4410 cujus
1626 4351 1807 4398 aucto-

217 4428 412 4493 ritatis,
443 4428 700 4498 cujusque
725 4430 990 4500 privilegii
1022 4431 1209 4486 eadem
1240 4441 1428 4486 sancta
1457 4432 1527 4486 sit
1559 4431 1802 4488 Romana

211 4519 476 4579 Ecclesia,
511 4518 634 4574 fuco
662 4521 979 4590 ignorantiae
1020 4535 1124 4574 non
1161 4519 1481 4586 advertatis,
1515 4531 1568 4577 et
1615 4523 1805 4590 ciquaa

212 4627 312 4665 vos
366 4612 550 4681 genuit
588 4612 788 4666 dolenti
820 4629 884 4667 ac
924 4610 1145 4680 injurias
1196 4612 1441 4681 patienti,
1487 4612 1632 4667 nullo
1669 4613 1804 4668 lilio-

213 4717 337 4755 rum
390 4701 582 4756 affectu
627 4703 860 4773 couipati
909 4703 1189 4758 studentis.
1222 4701 1362 4769 Quin
1384 4702 1564 4772 potius
1589 4703 1640 4756 iu
1675 4718 1804 4757 con-

212 4801 476 4864 temptum
522 4796 796 4866 religionis
834 4812 940 4850 non
987 4796 1157 4851 solum
1208 4795 1488 4866 possibilia
1537 4794 1802 4862 adjutoria

209 4884 371 4938 nobis
397 4885 634 4953 prtebere
657 4885 1025 4950 contemnitis,
1054 4885 1146 4940 sed
1172 4885 1335 4940 etiam
1360 4899 1533 4954 nuper
1560 4901 1590 4938 a
1612 4883 1804 4939 Galliis

209 4978 612 5044 remeantibus,
665 4988 722 5034 ut
767 4979 958 5034 saltem
1012 4977 1305 5033 clamorem
1330 4987 1385 5030 et
1432 4977 1667 5031 laborem
1711 4991 1803 5030 uo-

209 5075 409 5130 strum,
439 5082 599 5139 quem
633 5085 732 5138 pro
771 5068 1022 5123 omnibus
1051 5067 1410 5136 patiebamur,
1458 5066 1718 5122 audiretis
1745 5073 1800 5120 et

210 5153 500 5222 doleretis,
535 5160 675 5228 apud
703 5159 949 5214 Ticinum
988 5158 1144 5214 nobis
1171 5173 1462 5213 occurrere
1491 5158 1795 5220 distulistis,

209 5247 306 5302 ubi
347 5249 510 5303 etiam
541 5251 743 5304 diutius
770 5251 1139 5314 immorantes,
1171 5257 1230 5302 ut
1263 5249 1331 5302 ad
1362 5249 1624 5320 synodum
1659 5249 1800 5303 veni-

208 5339 352 5396 retis
373 5354 470 5392 vos
499 5339 695 5396 litteris
733 5340 932 5396 nostris
969 5338 1298 5396 vocavimus.
1342 5335 1448 5392 Sed
1486 5337 1797 5393 inobedien-

212 5429 305 5485 tite
340 5438 502 5498 atque
545 5430 870 5486 temeritatis
909 5430 1133 5484 audacia
1187 5427 1335 5494 freti,
1382 5442 1482 5482 nec
1533 5437 1660 5482 tunc
1701 5441 1794 5481 ve-

209 5527 386 5575 stram
410 5519 569 5574 nobis
592 5521 934 5590 praesentiam
960 5520 1218 5577 exhibere
1241 5519 1504 5583 cerastis;
1527 5525 1800 5588 postremo

211 5611 454 5678 generali
479 5614 685 5682 synodo
706 5611 894 5669 Roma:
921 5613 1210 5684 praeteritis
1242 5609 1501 5666 Kalendis
1541 5607 1664 5662 Maii
1712 5623 1800 5664 ce-

209 5697 456 5766 lebrata,
483 5717 534 5758 α·
564 5703 718 5759 nobis
764 5720 980 5760 rursum
1030 5705 1229 5770 vocati,
1276 5705 1540 5760 interesse
1582 5701 1800 5777 penitus

209 5789 518 5854 distulistis.
586 5794 753 5863 Hiijiis
802 5796 876 5852 r-ci
925 5797 1104 5867 gratia
1167 5797 1324 5867 juxta
1380 5793 1696 5865 Apostolum
1741 5793 1796 5848 in

1913 1977 2037 2032 ldus
2063 1977 2315 2034 Octobris
2356 1979 2550 2034 futura:
2598 1983 2772 2036 tertia:
2809 1983 3032 2038 decimae
3066 1984 3378 2040 iudictionis
3412 2001 3507 2041 ce-

1915 2070 2174 2128 lebraturi
2221 2086 2439 2136 sumus,
2489 2073 2779 2127 occurrite.
2830 2075 3109 2141 Quatenus
3152 2092 3215 2132 ea
3264 2093 3384 2147 quae
3434 2077 3503 2132 ad

1914 2159 2202 2213 utilitatem
2231 2171 2435 2215 sanctae
2467 2161 2559 2215 Dei
2593 2161 2848 2217 Ecclesiae
2889 2164 3186 2232 pertinent,
3230 2166 3507 2223 communi

1915 2259 2166 2314 tractatu,
2185 2254 2459 2307 communi
2487 2264 2613 2308 voto
2633 2264 2797 2324 atque
2821 2269 3108 2320 consensu,
3135 2273 3256 2311 cum
3282 2257 3502 2313 Domini

1913 2341 2182 2411 adjutorio
2207 2349 2591 2412 exsequamur.
2639 2343 2792 2411 Quod
2820 2345 2864 2399 si
2894 2344 3036 2400 forte
3068 2355 3122 2400 et
3155 2357 3282 2402 tunc
3313 2349 3498 2404 venire

1912 2433 2366 2502 contempseritis,
2406 2434 2592 2490 sciatis
2616 2451 2709 2488 vos
2737 2445 2792 2491 et
2820 2435 2886 2490 de
2923 2437 3213 2506 praeteritis
3237 2447 3294 2494 et
3331 2439 3396 2492 dc
3419 2439 3505 2494 fu-

1915 2525 2052 2580 turis
2093 2526 2437 2598 negligentiis
2462 2530 2722 2585 canonice
2746 2529 3090 2600 judicandos,
3122 2532 3195 2586 ita
3231 2536 3299 2586 ut'
3328 2534 3502 2590 C(3th-

1913 2618 2115 2673 siarum
2145 2630 2452 2674 vestrarum
2479 2624 2858 2678 communione
2878 2625 3031 2694 juxta
3055 2639 3241 2682 sacros
3265 2641 3503 2684 canones

1911 2711 2032 2766 sitis
2060 2713 2322 2778 contenti,
2367 2714 2460 2783 qui
2504 2729 2610 2768 non
2647 2715 2810 2770 vultis
2853 2715 3242 2772 ecclesiasticis
3277 2720 3500 2788 acquie-

1911 2819 2066 2859 scere
2125 2805 2425 2876 disciplinis
2490 2805 2812 2877 (Concilium
2875 2809 3228 2877 Africanum,
3281 2825 3330 2866 c.
3391 2811 3495 2878 45;

1913 2894 2326 2965 Carthaginense
2359 2912 2409 2962 v,
2462 2912 2512 2952 c.
2547 2899 2659 2969 10).
2711 2898 2843 2953 Data
2885 2915 2980 2956 xm
3017 2901 3290 2958 Kalendas
3318 2902 3494 2970 Junii,

1912 2986 2206 3042 indictione
2234 3001 2328 3040 xu.

2581 3078 2834 3135 CCXXV.

2019 3183 2085 3220 AD
2113 3183 2450 3224 τιιεουοεεωι
2486 3185 2732 3225 ιῑιεςτωι
2768 3187 3059 3228 εριεεορυιι
3088 3189 3385 3232 NONENSEI.

2527 3262 2706 3332 (Auno
2729 3263 2877 3331 879.)

1913 3367 2121 3422 Laudat
2161 3369 2274 3438 ejus
2301 3385 2423 3440 ergo
2455 3369 2761 3440 Romanam
2791 3370 3082 3427 Ecclesium
3109 3375 3494 3433 observantium

1981 3449 2028 3492 et
2076 3440 2367 3510 prteclnras
2413 3439 2525 3510 ejus
2568 3443 2818 3505 virtutes;
2854 3453 3075 3496 testatur
3103 3462 3250 3500 suam
3295 3448 3348 3500 in
3375 3463 3495 3501 eum

1981 3509 2384 3588 benevolentiam
2409 3509 2623 3588 {monet
2654 3523 2706 3565 ut
2743 3530 2775 3566 a
2810 3529 2865 3566 se
2901 3517 3342 3571 consecrationem
3379 3518 3493 3588 epi-

1979 3580 2236 3651 scopalem
2272 3583 2516 3650 accipiat.

1980 3671 2285 3728 'l‘nsooosm
2334 3673 2626 3729 venerabili
2678 3675 2907 3731 diacono
2956 3685 3011 3731 et
3063 3677 3238 3733 electo
3292 3686 3494 3734 sanctte

1907 3762 2164 3818 Ecclesia:
2188 3762 2474 3818 Nonensis.
2527 3827 2531 3829 _

1977 3851 2290 3907 Dilectiouis
2337 3863 2440 3908 tum
2490 3854 2686 3910 litteris
2734 3857 2967 3926 receptis
3009 3867 3170 3929 atque
3216 3859 3492 3928 perlectis,

1906 3942 2206 3996 devotionis
2237 3951 2290 3995 et
2323 3941 2444 3996 fidei
2481 3951 2583 3997 tua:
2609 3944 3002 4011 sinceritatem,
3034 3963 3196 4016 quam
3221 3949 3364 4003 circa
3394 3949 3492 4004 Ec-

1906 4033 2123 4088 clesium
2143 4033 2202 4088 B.
2227 4033 2370 4089 Petri
2395 4033 2618 4104 apostoli
2644 4043 2692 4089 et
2719 4036 2862 4090 circa
2890 4049 3134 4093 nostrum
3159 4038 3492 4108 pontificium

1907 4126 2091 4186 habes,
2123 4126 2241 4182 luce
2265 4127 2463 4182 clarius
2489 4129 2828 4198 agnovimus.
2850 4128 2916 4183 Et
2941 4131 3066 4201 quia
3095 4141 3339 4186 nostram
3365 4148 3492 4202 gra-

1906 4217 2038 4272 tiam
2069 4226 2124 4272 et
2163 4217 2594 4272 benedictionem
2625 4219 2811 4273 humili
2841 4235 3064 4290 prorsus
3098 4218 3293 4276 all‘ectu
3330 4237 3494 4292 expe-

1910 4318 2021 4364 terc
2055 4310 2328 4376 studuisti,
2355 4310 2509 4363 valde
2547 4325 2734 4366 sumus
2779 4312 2987 4382 gavisi;
3023 4328 3148 4366 nam
3177 4323 3231 4366 et
3257 4312 3495 4367 Joannes

1908 4400 2230 4456 venerabilis
2286 4401 2611 4471 presbyter,
2670 4401 2736 4456 de
2788 4411 2966 4455 vestra
3017 4413 3171 4471 parte
3225 4402 3487 4467 veniens,

1913 4491 2078 4545 multa
2125 4491 2279 4545 nobis
2322 4502 2426 4545 tua:
2476 4491 2733 4545 bonitatis
2780 4499 2832 4544 et
2883 4491 3160 4560 patientia:
3192 4491 3311 4545 viva
3358 4507 3493 4548 voce

1837 4585 1886 4643 D
1909 4584 2174 4655 przcconia
2224 4584 2424 4645 retulit,
2459 4599 2578 4653 qua:
2607 4585 2661 4638 in
2703 4583 2988 4639 sacerdote
3027 4582 3229 4638 Christi
3262 4600 3486 4655 magno-

1907 4692 2036 4748 pere
2064 4685 2189 4732 sunt
2219 4678 2485 4732 habenda.
2522 4675 2675 4731 Unde
2696 4685 2751 4732 te
2774 4677 2930 4734 quasi
2959 4677 3214 4731 dilectum
3246 4679 3491 4748 corporis

1907 4768 2108 4824 Christi
2140 4769 2443 4825 membrum
2472 4777 2527 4822 et
2555 4766 2853 4839 spiritalem
2883 4767 3048 4823 lilium
3080 4769 3248 4824 nostri
3276 4779 3492 4839 aposto-

1907 4863 2047 4917 latus
2077 4861 2217 4916 ulnis
2238 4860 2480 4917 extensis
2511 4858 2916 4930 amplectimur,
2945 4869 3281 4930 paterneque
3303 4873 3490 4918 amore

1907 4952 2200 5028 diligimus,
2225 4961 2386 5020 atque
2411 4949 2704 5021 apostolica
2729 4965 2942 5020 semper
2967 4949 3213 5004 volumus
3239 4947 3488 5017 benigni-

1909 5053 2018 5099 tate
2049 5042 2251 5098 fovere.
2307 5042 2434 5097 ideo
2473 5056 2755 5098 monemus
2803 5042 3156 5113 sagacitatem
3217 5049 3363 5093 tuam
3417 5053 3490 5094 ne

1908 5136 1960 5189 in
1992 5135 2289 5205 quamlibet
2318 5141 2527 5205 partem
2560 5135 2721 5189 aliam
2754 5135 3012 5198 declines,
3043 5141 3098 5188 et
3123 5141 3310 5187 contra
3332 5147 3486 5186 sacra

1905 5227 2295 5282 venerabilium
2335 5225 2558 5282 Patrum
2589 5227 2830 5282 inStituta
2875 5225 3216 5294 episcopatus
3258 5223 3484 5294 gratiam

1909 5323 2148 5395 recipere
2173 5337 2406 5393 qumras,
2432 5322 2656 5376 audiens
2680 5321 2827 5374 illam
2852 5317 3264 5374 desiderabilem
3287 5311 3484 5371 summi

1897 5412 2099 5481 judicis
2129 5428 2314 5467 vocem
2365 5412 2592 5466 dicentis
2623 5429 2636 5464 :
2675 5406 2846 5481 Euge,
2875 5426 3018 5463 serve
3049 5409 3182 5462 bone
3213 5417 3260 5461 et
3291 5404 3483 5475 ﬁdelis,

1903 5509 2028 5579 quia
2055 5521 2209 5576 super
2233 5519 2401 5575 pauca
2429 5504 2578 5573 fuisti
2612 5503 2806 5571 ﬁdelis,
2835 5519 2995 5574 supra
3027 5500 3191 5556 multa
3219 5511 3268 5555 te
3295 5502 3488 5554 constio

1905 5611 2083 5663 tuam;
2108 5599 2246 5652 intra
2269 5596 2322 5648 in
2345 5595 2596 5663 gaudium
2619 5592 2830 5647 Domini
2853 5594 2933 5647 tui
2965 5592 3180 5664 (Matth.
3207 5590 3356 5660 xxv).
3375 5588 3484 5645 Sed

1906 5703 2020 5750 toto
2046 5691 2210 5748 corde
2239 5693 2458 5755 totaque
2487 5683 2762 5738 voluntate
2792 5684 2859 5737 ad
2894 5682 3159 5752 gremium
3187 5681 3330 5736 sedis
3354 5695 3485 5750 apo-

1903 5787 2126 5854 stolicae,
2166 5785 2307 5840 unde
2335 5771 2712 5838 antecessores
2749 5777 2823 5831 tui
2853 5775 3047 5832 divinae
3073 5775 3206 5846 legis
3229 5775 3482 5847 dogmata
