2021 3151
279 201 332 230 859

932 198 1075 227 ,ιοΑΝΝιδ
1095 198 1197 227 ΡΑΡᾹΞ
1218 198 1275 227 γιιι

1882 201 1929 229 διο

280 257 416 290 melliilna,
429 265 491 285 cum
504 264 588 285 sacra:
604 256 787 285 institutionis
802 256 901 289 forma,
923 256 1076 292 summique
1092 258 1115 287 Α
1163 256 1231 290 Quia
1247 263 1322 284 more
1341 257 1572 292 praedecessorum
1589 262 1746 286 nostrorum
1764 257 1929 293 pontiﬁca-

280 303 423 331 sacerdotii
443 303 573 330 honorem
595 306 782 337 sumpserunt,
808 302 923 329 redeas:
939 306 1074 337 quatenus

280 354 308 377 et
323 350 387 385 ipse
403 349 437 375 ab
457 348 605 384 apostolica
619 349 693 380 sede,
710 356 771 383 qlae
789 352 871 381 caput
894 351 922 374 et
944 348 1073 382 magistra

280 400 323 422 est
334 395 453 421 omnium
468 393 651 421 Ecclesiarum
667 393 725 425 Dei,
740 392 919 428 episcopalem
934 399 1076 420 consecra-

282 440 398 472 tionem,
423 446 471 474 per
486 444 585 466 nostra:
608 446 703 465 manus
728 438 940 473 inquisitionem,
959 437 1071 465 Christo

280 491 428 516 annuente,
453 485 604 520 percipias;
618 489 751 519 quatenus
766 484 914 510 secundum
930 484 1073 518 pristinum

281 538 384 558 morem
408 531 495 558 sancti
519 530 591 557 Petri
615 534 642 556 et
661 535 754 556 nostra
778 537 886 563 semper
911 529 1074 556 auctoritate

279 581 362 611 atque
384 577 496 604 tuitione
516 577 647 608 munitus,
669 576 796 611 populum
812 575 917 602 Domini
934 575 981 602 tibi
1000 583 1073 602 com-

279 622 392 650 missum
413 626 523 649 strenue
537 630 570 649 ac
584 622 717 649 securiter
733 629 822 655 regas,
837 626 865 648 et
881 621 908 648 in
924 625 1072 656 conspectu

279 666 410 694 Altissimi
425 668 536 695 veniens
556 667 649 695 venias
670 675 732 695 cum
749 667 940 697 exsultatione.
958 671 1069 702 portans

279 713 431 748 manipulos
449 718 518 746 tuos,
535 714 679 748 dicereque
694 713 810 740 Domino
824 714 910 746 possis
934 718 1047 740 orauter
1063 722 1069 739 :

278 758 349 786 Eccc
360 766 421 792 ego,
445 764 472 787 et
485 759 571 795 pueri,
589 764 615 786 et
631 767 699 794 quos
717 759 781 786 mihi
796 758 912 791 dedisti;
928 763 954 785 et
966 758 1001 785 ob
1021 759 1072 786 hoc

280 811 342 832 cum
356 805 410 832 Deo
423 804 513 832 valeas
523 804 582 832 sine
594 804 646 831 ﬁne
653 804 779 838 gaudere.
794 803 860 830 Data
876 810 902 829 tv
916 803 959 830 die
971 804 1072 831 mensis

277 848 364 882 Junii,
379 849 526 877 indictione
537 856 586 876 xu.

602 903 741 931 CCXX“.

381 959 415 978 AD
433 958 574 979 ANSELIUM
592 957 738 977 EPISCOI‘III
755 957 966 978 LEIIOVICENSEII.

584 997 673 1027 (Anno
691 995 766 1031 879.)

278 1040 342 1069 Non
360 1041 536 1077 separandum
554 1042 636 1068 uirum
659 1041 690 1067 ab
711 1049 803 1077 uxore,
824 1041 869 1076 qui
888 1040 973 1075 filium
993 1049 1070 1068 suum

453 1077 605 1103 necessitate
620 1081 726 1111 urgente
740 1076 892 1110 baptizavit.

1085 935 1108 965 Β

311 1131 439 1160 Ausstuo
455 1132 583 1167 episcopo
598 1131 778 1159 Lem0viciua:
792 1132 930 1160 Ecclesiae.

312 1176 358 1212 (50
372 1181 471 1212 quzest.
488 1177 513 1208 Ι,
527 1177 567 1204 Ad
579 1177 694 1212 limina.)
706 1177 745 1204 Ad
761 1178 853 1204 limina
867 1178 1007 1206 beatorum
1023 1179 1071 1207 Pe-

275 1221 312 1249 tri
338 1226 366 1249 et
390 1221 465 1249 Pauli
491 1222 675 1257 apostolorum
701 1223 855 1258 principum
881 1223 926 1251 hic
951 1231 1071 1258 prmsens

275 1267 368 1301 homo,
388 1269 497 1296 nomine
517 1267 682 1303 Stephanus,
701 1269 833 1298 orationis
851 1277 931 1297 causa
945 1271 1069 1303 veniens,

275 1316 370 1340 nostro
389 1313 545 1347 pricsulatui
566 1314 735 1348 suggerendo
759 1314 877 1341 innotuit
898 1315 970 1349 quod
986 1315 1070 1342 tilium

274 1366 353 1386 suum
371 1359 397 1386 in
412 1364 535 1387 extremo
548 1360 609 1387 vita:
625 1360 753 1395 positum,
770 1360 885 1388 necdum
900 1361 1070 1395 baptismatis

275 1405 346 1432 unda
361 1404 456 1437 lotum,
470 1406 591 1433 absentia
606 1406 709 1433 Scilicet
723 1406 893 1433 sacerdotum
908 1408 1069 1435 necessitate

274 1453 390 1483 cogente
407 1450 589 1483 baptizasset,
610 1457 727 1485 eumque
742 1451 798 1484 ipse
814 1451 930 1485 propriis
946 1452 1070 1479 manibus

275 1493 419 1522 retinendo
436 1495 615 1529 suscepisset,
636 1500 718 1529 atque
736 1503 785 1530 pro
803 1495 883 1529 lnijns
902 1496 939 1522 rei
960 1497 1069 1531 negotio

274 1540 378 1568 notitia:
403 1545 454 1568 tum
477 1541 621 1575 patefacto,
649 1542 799 1568 reverentia
826 1546 885 1574 tua,
911 1542 988 1576 quasi
1011 1542 1069 1570 zelo

277 1587 447 1615 rectitudinis
459 1587 588 1622 ﬂagrans,
602 1587 743 1622 prmfatum
759 1588 896 1615 hominem
910 1596 925 1615 a
939 1596 986 1616 sua
998 1589 1069 1623 judi-

276 1633 380 1661 caverit
397 1634 510 1669 conjuge
524 1634 713 1669 separandum.
739 1633 816 1666 Quod
837 1634 894 1661 lieri
917 1634 1069 1662 nullatenus

277 1679 376 1710 debet,
398 1679 506 1706 dicente
527 1679 666 1714 Scriptura
689 1687 703 1706 a
726 1679 781 1707 Deo
798 1679 919 1713 junctam
935 1679 994 1708 viro
1010 1687 1071 1708 esse

285 1732 402 1756 :xorem,
417 1729 462 1751 et:
478 1724 555 1756 Quod
571 1724 640 1751 Deus
653 1726 799 1759 conjunxit,
814 1725 892 1751 homo
907 1734 957 1752 non
970 1731 1070 1760 separet

277 1767 384 1802 (Matth.
394 1768 463 1803 xtx).
479 1769 554 1797 Unde
564 1773 592 1796 et
603 1769 730 1796 Dominus
742 1770 767 1796 in
780 1770 924 1805 Evangelio
935 1770 1069 1797 neminem

276 1820 355 1848 posse
375 1813 512 1841 dimittere
529 1822 639 1841 uxorem
660 1822 735 1842 suam
752 1815 803 1841 nisi
818 1822 899 1842 causa
914 1814 1071 1843 fornicatio-

279 1857 322 1884 nis
345 1858 516 1893 apertissime
537 1859 624 1893 jubet.
650 1858 820 1894 Quapropter
842 1863 870 1887 et
893 1868 963 1893 nos,
989 1864 1070 1888 tanta:

277 1904 449 1932 auctoritatis
467 1904 590 1939 jussione
609 1906 744 1940 prmcipue
759 1905 839 1938 freti,
860 1906 975 1933 dicimus
988 1906 1069 1934 omit-

272 1950 383 1977 tendum
401 1958 462 1977 esse
476 1955 502 1978 et
517 1951 678 1986 inculpabile
693 1951 869 1986 jndicandum
885 1953 956 1987 quod
975 1961 1067 1980 neces-

271 1993 338 2022 sitas
355 1995 453 2021 intulit.
479 1995 546 2022 Nam
562 1996 717 2030 baptizandi
736 1997 787 2024 hoc
804 2005 872 2031 opus
889 1998 971 2024 etiam
991 1997 1066 2025 laicis

272 2039 407 2071 ﬁdelibus,
427 2040 504 2074 juxta
527 2042 684 2068 canonicam
706 2043 889 2074 sanctionem,
913 2045 934 2070 si
957 2051 1067 2070 necesse

272 2086 362 2117 uerit,
382 2085 478 2113 facere
497 2086 582 2114 libere
596 2087 765 2114 conceditur.
790 2087 867 2115 Unde
883 2089 904 2116 si
921 2089 1066 2123 pracdirlus

271 2130 379 2165 genitor
392 2129 475 2157 [ilium
496 2139 574 2158 suum
595 2139 709 2167 corpore
729 2133 890 2161 morientem
910 2135 1062 2169 aspiciens,

270 2181 305 2202 ne.
325 2175 443 2202 animam
463 2181 550 2203 morte
567 2181 695 2211 perpetua
717 2183 874 2213 pereuntem
896 2179 1061 2213 dimitteret,

255 2216 340 2249 isacri
360 2221 528 2257 baptismatis
546 2223 615 2250 unda
637 2222 718 2255 lavit,
743 2228 771 2251 ut
792 2232 855 2252 eum
875 2226 907 2253 de
930 2231 1063 2261 potestate

269 2268 388 2295 auctoris
400 2269 494 2296 mortis
507 2275 534 2296 et
546 2269 717 2297 tenebrarqu
731 2271 858 2306 eriperet,
871 2277 896 2299 et
911 2272 937 2299 in
951 2280 1061 2308 regnum

269 2311 370 2340 Christi
382 2314 438 2349 jam
453 2320 641 2349 regeneratum
656 2315 839 2344 indubitanter
853 2316 981 2351 mitter'et,
994 2319 1061 2346 bene

270 2356 367 2385 fecisse
381 2358 516 2387 laudatur.
540 2359 573 2387 Et
588 2361 687 2388 idcirco
703 2369 763 2389 cum
780 2370 827 2389 sua
845 2371 928 2390 uxore
942 2363 992 2390 sibi
1003 2364 1060 2399 jam

268 2402 334 2429 olim
350 2403 468 2438 legitime
482 2405 582 2432 sociata
597 2405 721 2441 impune,
737 2408 854 2442 quandiu
870 2408 999 2440 vixerint,
1017 2407 1061 2442 ju-

269 2448 392 2475 dicamus
414 2457 522 2477 manere
545 2451 718 2486 conjunctum
732 2473 739 2485 ,
764 2461 814 2480 nec
836 2453 871 2480 ob
892 2454 943 2481 hoc
965 2459 1059 2482 contra

269 2494 396 2529 praefatus
419 2496 595 2523 auctoritates
618 2497 724 2524 divinas
748 2498 917 2533 aliquatenus
941 2500 1061 2535 separari

269 2538 378 2567 debere.
394 2540 461 2568 Data
474 2548 510 2567 vn
524 2540 567 2568 die
580 2541 681 2568 mensis
694 2542 776 2575 Junii,
793 2544 847 2570 in.l.
859 2551 908 2572 xu.

588 2595 738 2624 CCXXVII.

472 2648 507 2668 AD
523 2649 737 2671 CAP-OLODIA-SNUM
756 2652 854 2672 REGE".

576 2688 664 2723 (Anno
681 2689 757 2724 879.)

249 2723 254 2728 ”
270 2731 401 2774 [loti-tatur
418 2733 452 2774 ad
467 2733 733 2774 Ecclesiwﬁomanw
750 2735 942 2774 defensionem,
965 2747 1023 2774 qua:
1045 2747 1061 2766 η

306 2766 446 2806 §araccnis
464 2769 553 2806 (nullis
569 2770 729 2805 afficiebatur
745 2766 924 2804 deirimentis;
935 2766 1017 2806 ⁷νοῂίιι
1033 2778 1060 2801 ut

304 2801 402 2837 legatos
415 2804 524 2839 benigne
536 2801 659 2839 excipiat,
676 2810 699 2832 et
712 2806 791 2840 [idem
805 2807 859 2834 illis
873 2801 1005 2835 adhibet-il.

1082 1610 1105 1640 C

1078 2292 1100 2321 D

307 2857 486 2886 Dilectissimo
503 2868 535 2888 ac
551 2860 665 2896 spiritali
683 2861 737 2890 ﬁiio
750 2862 949 2892 Canouousxxo
963 2864 1061 2900 glorio-

270 2903 378 2932 sissimo
392 2908 458 2943 regi.

1128 302 1229 337 regiam
1248 302 1438 330 excellentiam
1453 303 1582 331 divinitus
1599 304 1747 332 exaltatam
1765 305 1814 338 pio
1835 307 1930 332 mentis

1128 346 1226 373 alIcctu
1241 347 1388 382 diligimus,
1405 348 1437 375 ad
1453 348 1583 376 honorem
1600 353 1629 375 et
1647 348 1848 376 exaltationem
1869 358 1929 377 san-

1127 396 1177 419 cta-
1189 392 1236 420 Dei
1249 392 1376 421 Ecclesiae
1385 402 1445 421 eam
1457 395 1594 422 sitibundo
1603 401 1712 430 pectore
1721 396 1819 423 videre
1825 396 1929 424 deside-

1128 446 1241 471 ramus,
1269 444 1402 474 quatenus
1426 445 1522 468 vestrae
1534 441 1744 476 magnitudinis
1768 442 1928 471 triumphali

1125 486 1276 512 certamine
1299 486 1372 515 sedis
1393 487 1547 522 apostolicae
1569 488 1644 523 vigor
1665 493 1693 515 et
1715 488 1827 520 honos,
1849 497 1926 523 quem

1125 531 1330 565 progenitorum
1344 536 1511 563 vestrorum,
1527 532 1787 568 gloriosissimorum
1805 534 1928 562 videlicet

1126 577 1331 612 imperatorum,
1344 582 1467 611 tempore
1480 578 1605 606 habuisse
1619 578 1778 611 recolimus,
1792 579 1877 607 vobis
1889 587 1927 606 re»

1125 622 1270 657 gnantibns
1292 627 1401 650 maneat
1422 622 1542 651 illibatus
1562 628 1589 650 et
1609 623 1725 658 integer,
1742 628 1774 651 ut
1789 629 1820 651 et
1833 628 1927 651 vestr:

1125 666 1223 702 regalis
1240 667 1332 702 gloriae
1352 667 1435 695 decus
1453 667 1542 701 vigeat
1562 667 1755 696 indiminutum
1773 672 1805 696 et
1819 673 1928 696 atem:

1124 712 1256 740 mercedis
1267 713 1344 740 vobis
1354 720 1451 740 munus
1461 720 1578 747 superna
1589 713 1676 748 gratia
1687 713 1841 742 tribuatur.
1853 713 1927 741 Nunc

1124 759 1205 793 igitur
1225 766 1274 794 pro
1295 762 1334 785 tot
1354 763 1381 786 et
1403 758 1486 787 tantis
1503 759 1704 787 calamitatibus
1720 767 1754 787 ac
1769 760 1925 787 necessita-

1124 803 1197 831 tibus
1209 811 1278 838 qnas
1296 811 1311 830 a
1329 804 1444 839 paganis
1457 804 1568 831 assidue
1582 808 1663 839 atque
1678 812 1694 831 a
1711 804 1795 831 malis
1809 805 1927 838 patinam

1121 848 1295 881 Christianis,
1310 849 1372 876 licet
1387 857 1437 884 pro
1450 849 1622 876 multitudine
1633 848 1757 876 scribere
1766 856 1828 876 non
1838 849 1926 876 valea-

1121 902 1193 927 mus,
1201 900 1229 922 et
1239 899 1357 922 vestram
1368 894 1557 922 excellentiam
1570 894 1695 929 ignorare
1707 901 1762 921 non
1774 894 1923 926 credimus,

1122 940 1249 974 pastorali
1267 940 1448 966 sollicitudine
1462 939 1537 971 moti,
1550 944 1682 974 ponentes
1693 940 1805 966 anilitas
1815 944 1925 966 nostras

1123 985 1149 1011 in
1167 985 1291 1011 manilius
1307 985 1415 1016 nostris,
1434 986 1556 1019 ingentes
1572 985 1678 1011 labores
1693 992 1748 1011 non
1761 985 1851 1011 solum
1867 993 1924 1011 ma-

1122 1030 1173 1057 rini
1186 1031 1231 1057 sed
1244 1031 1349 1057 itineris
1359 1031 1440 1057 etiam
1455 1030 1553 1057 terreni
1565 1030 1730 1057 omnimodis
1743 1037 1921 1064 snmpsunus.

1122 1075 1265 1101 Tcstamur
1284 1083 1399 1109 namque
1418 1076 1519 1106 Deum,
1542 1076 1585 1102 cui
1601 1075 1706 1101 Occulta
1723 1075 1844 1102 omnium
1862 1083 1922 1102 ma-

1121 1122 1218 1148 nifesta
1235 1122 1373 1153 existunt,
1398 1121 1469 1155 quod
1492 1126 1582 1148 vestro
1606 1120 1781 1148 desiderabili
1806 1120 1920 1151 honore,

1122 1168 1219 1194 nullius
1235 1168 1361 1199 hominis,
1377 1168 1427 1194 nisi
1444 1172 1564 1194 vestrum
1583 1171 1736 1201 praepotens
1752 1165 1919 1200 adiutorium

1122 1214 1198 1239 avida
1216 1218 1304 1239 mente
1320 1221 1441 1247 qua‘rcre
1455 1213 1603 1243 voluimus;
1620 1212 1666 1238 sed
1680 1211 1819 1238 malorum
1834 1211 1919 1238 homi-

1122 1268 1183 1286 num
1195 1280 1201 1291 ,
1218 1268 1284 1293 quos
1301 1260 1349 1293 ipsi
1366 1259 1458 1291 scitis,
1479 1258 1618 1294 praepediti
1634 1258 1756 1290 insidiis,
1776 1257 1831 1285 hoc
1843 1264 1921 1292 agerc

1122 1313 1173 1331 non
1193 1306 1335 1331 valuimus.
1362 1305 1541 1339 Quapropter,
1556 1304 1731 1331 dilectissime
1747 1303 1804 1334 iiii,
1827 1307 1921 1330 nostra

1120 1351 1265 1385 apostolica
1285 1351 1474 1377 exhortatione
1499 1357 1638 1377 monemus
1663 1349 1778 1384 gloriam
1798 1355 1919 1376 vestram

1121 1402 1147 1422 nt
1170 1405 1217 1430 pro
1238 1404 1329 1422 amore
1349 1402 1449 1422 sancta:
1469 1396 1597 1422 ltomaum
1618 1395 1746 1422 Etclesim
1762 1395 1863 1421 matris
1878 1402 1923 1421 vc-

1120 1448 1181 1469 Slra‘
1195 1443 1358 1468 defensionis
1374 1442 1492 1469 laborem
1508 1441 1692 1468 indubitanter
1706 1447 1851 1466 assumere
1868 1447 1922 1466 non

1119 1489 1332 1523 praucrmitlatis
1343 1509 1349 1519 ,
1371 1489 1442 1515 unde
1456 1488 1533 1514 vobis
1552 1487 1639 1514 honor
1653 1491 1680 1513 et
1695 1486 1768 1513 salus
1789 1486 1832 1512 hic
1849 1491 1878 1512 et
1895 1486 1920 1511 in

1119 1539 1250 1561 internum
1269 1538 1415 1561 accrescat.
1443 1534 1475 1559 Et
1496 1533 1556 1559 ideo
1577 1532 1692 1566 petimus
1712 1536 1741 1558 ut
1762 1539 1812 1565 pro
1826 1530 1877 1558 Dei
1893 1535 1922 1557 et

1121 1585 1275 1607 sam-torum
1291 1580 1473 1614 apostolorum
1488 1579 1560 1606 Petri
1576 1587 1606 1605 ac
1620 1578 1695 1604 Pauli
1710 1585 1800 1605 amore
1812 1577 1921 1604 nostris

1124 1625 1277 1660 Itpttsiolit‘is
1302 1625 1411 1651 monitis
1435 1628 1489 1651 toto
1515 1624 1656 1651 conamine
1677 1622 1821 1650 attendatis
1842 1630 1919 1656 qua-

1124 1675 1200 1696 tenus
1223 1675 1267 1696 aut
1289 1678 1335 1703 per
1350 1677 1397 1695 vos
1420 1673 1464 1695 aut
1485 1676 1533 1703 per
1547 1668 1752 1695 saluberrimum
1769 1666 1919 1694 musiiinm

1122 1722 1240 1741 vestrum
1257 1715 1336 1741 citius
1352 1714 1429 1740 nobis
1445 1714 1588 1740 subvenire
1603 1712 1754 1739 oamimodo
1767 1712 1919 1747 satagatis.

1122 1761 1253 1793 Quoniam
1272 1765 1342 1786 tanta
1360 1760 1435 1785 istius
1459 1763 1536 1785 terra:
1559 1758 1704 1793 perditione
1724 1757 1847 1791 undique
1869 1764 1920 1792 ag-

1121 1806 1234 1840 gravati,
1253 1806 1369 1839 iuuliqne
1384 1805 1507 1831 concussi
1527 1804 1588 1830 talia
1602 1803 1655 1837 jam
1670 1802 1776 1830 suﬂ'erre
1791 1803 1922 1831 minime

1121 1852 1250 1877 valemus.
1274 1850 1339 1877 Nam
1356 1851 1387 1881 si,
1406 1850 1475 1884 quod
1492 1850 1580 1881 absit,
1600 1857 1646 1884 per
1657 1856 1701 1876 vos
1715 1848 1781 1876 forte
1796 1855 1922 1876 reman-

1120 1897 1199 1926 serit.
1223 1901 1251 1922 ut
1266 1896 1385 1923 Ecclesia
1406 1896 1451 1922 Dei
1474 1896 1499 1922 in
1516 1896 1643 1930 prresenti
1658 1895 1838 1922 defensionem
1858 1903 1919 1922 non

1119 1942 1233 1971 haheat,
1253 1947 1279 1968 et
1300 1942 1389 1968 taliter
1406 1942 1509 1968 turbata
1527 1942 1673 1972 consistat,
1694 1940 1782 1967 videte
1796 1947 1831 1967 ne
1848 1946 1919 1968 ante

1119 1987 1234 2013 tribunal
1258 1986 1357 2013 Christi
1383 1991 1410 2013 et
1435 1995 1526 2013 coram
1550 1987 1731 2021 apostolorum
1756 1985 1917 2021 principum

1117 2032 1258 2065 praxscntia
1272 2037 1367 2058 vestrm
1379 2032 1474 2058 animm
1485 2032 1623 2066 patiamini
1635 2032 1832 2062 detrimentum,
1847 2032 1917 2066 quia

1118 2086 1165 2104 nos
1185 2083 1295 2112 paterna
1313 2069 1359 2105 ros
1376 2079 1560 2105 admonitione
1579 2079 1736 2109 hortantes,
1758 2079 1915 2105 secundum

1117 2124 1257 2149 ministerii
1276 2124 1358 2150 nostri
1376 2123 1491 2150 othcinm
1509 2131 1538 2150 ea
1559 2131 1618 2158 qua:
1634 2124 1679 2151 Dei
1696 2128 1757 2151 sunt
1778 2128 1805 2150 et
1826 2123 1915 2150 saluti

1115 2175 1211 2194 \‘t‘stt'u‘
1226 2169 1342 2202 proticua
1359 2176 1438 2203 agere
1454 2169 1641 2196 incunctanter
1654 2168 1842 2196 convenimus.
1862 2167 1917 2195 lli-

1115 2213 1199 2239 simus
1216 2218 1304 2239 autem
1321 2214 1353 2240 ad
1368 2221 1415 2240 vos
1435 2218 1582 2248 praesentes
1596 2214 1692 2241 missos
1708 2218 1812 2241 nostros
1826 2212 1916 2241 Joan-

1115 2266 1174 2284 nom
1202 2263 1228 2283 ιιι
1253 2258 1411 2285 I’aschulctn
1435 2258 1604 2286 venerabiles
1630 2259 1769 2293 episcopos
1793 2257 1916 2287 dilectos

1116 2302 1207 2328 tidclrs
1225 2308 1342 2335 nostros,
1358 2311 1425 2338 quos
1440 2304 1558 2337 petimus
1580 2308 1609 2330 ut
1631 2311 1680 2339 pro
1702 2308 1795 2331 nostro
1812 2310 1916 2331 amore

1116 2347 1230 2382 benigne
1245 2349 1389 2382 recipiatis,
1403 2354 1429 2375 et
1443 2350 1482 2376 cis
1495 2349 1584 2376 locum
1599 2349 1791 2376 familiaritatis
1804 2349 1917 2376 tribna~

1116 2393 1159 2423 tis,
1183 2398 1263 2427 atque
1282 2402 1313 2419 ea
1334 2402 1393 2427 qua:
1412 2394 1487 2421 vobis
1506 2395 1539 2421 de
1559 2399 1651 2422 nostra
1674 2400 1749 2430 parte
1770 2394 1916 2427 dixerint.

1116 2437 1291 2464 libentissime
1311 2439 1467 2465 attendatis.
1495 2439 1560 2466 Data
1574 2447 1610 2467 vn
1632 2439 1677 2466 die
1697 2437 1797 2466 mensis
1813 2437 1916 2471 Junii,

1114 2482 1259 2510 indictione
1271 2491 1318 2509 xu.

1426 2540 1585 2568 CCXXVIII.

1391 2595 1434 2614 AD
1462 2594 1629 2615 EUIIDEI.

1417 2632 1506 2667 (Anno
1522 2633 1597 2668 879.)

1168 2685 1203 2714 Ut
1224 2686 1251 2714 in
1268 2676 1424 2715 Verre/lenti
1437 2687 1558 2729 Ecclesia
1577 2687 1734 2723 Comperta:
1752 2694 1864 2716 creetur

1439 2731 1584 2759 episcopus.

1152 2778 1253 2806 Dilecto
1281 2787 1314 2807 ac
1339 2779 1453 2814 spiritali
1480 2779 1537 2807 tilio
1563 2779 1764 2808 ῦιιιοιοιιλιιιω
1790 2779 1920 2815 ﬂor-Bosa

1116 2825 1183 2860 regi.

1152 2870 1272 2898 Misimus
1286 2878 1347 2898 cum
1363 2871 1406 2898 bis
1420 2871 1598 2906 prazsentibus
1614 2872 1705 2899 missis
1718 2871 1824 2899 nostris
1840 2872 1917 2900 hunc

1115 2918 1297 2946 venerabilem
1313 2917 1456 2946 diaconum
1475 2919 1585 2948 nomine
1597 2918 1795 2953 Conspertutn,
1812 2919 1918 2950 vobis,
