4042 6302
188 380 297 436 8M

1407 373 1765 432 EPISTOUE
1802 375 1889 432 ET
1926 376 2266 437 DECRETA.

3356 390 3464 445 8η

187 494 579 569 ut_credimus,
614 497 834 556 notum,
875 488 927 544 iu
960 487 1239 543 servitium
1272 488 1660 560 magnitudinis
1690 502 1779 542 ve-
1806 488 1857 548 Α
1885 490 2353 565 tria‘snggessisti,
2384 501 2654 563 quatenus
2686 503 2872 552 nostro
2910 495 3005 553 tibi
3040 511 3136 553 ore
3167 502 3466 569 apostolico

188 594 325 655 atrae
355 604 369 639 :
403 599 563 654 quem
599 583 834 653 petimus
877 594 935 637 ut
977 600 1074 653 pro
1115 592 1300 637 nostro
1340 598 1526 638 amore
1557 582 1787 652 benigne

191 673 507 743 recipiatis;
537 682 590 727 et
612 672 739 741 quia
766 671 921 726 nobis
945 687 1010 727 ac
1032 671 1182 727 vobis
1208 671 1379 726 ﬁdelis
1400 671 1605 733 existit,
1632 686 1788 741 roga-

193 777 324 816 mus
362 761 739 816 excellentiam
779 769 1014 817 vestram
1066 770 1122 815 ut
1164 762 1535 832 episcopatum
1570 759 1786 815 Vercel-

193 852 372 909 lensis
408 853 663 908 Ecclesiae
704 853 917 924 placido
962 854 1147 908 animo
1193 852 1463 917 tribuatis,
1495 859 1786 921 quatenus,

194 943 313 998 Deo
344 943 671 1009 auxiliante,
717 958 816 1014 per
844 928 1087 1000 nostram
1115 959 1181 999 ac
1206 950 1441 997 vestram
1470 939 1790 995 muniﬁcen-

196 1033 333 1088 tiam
363 1033 655 1105 episcopali
687 1033 952 1089 duntaxat
981 1034 1188 1089 honore
1219 1032 1447 1103 potitus,
1492 1030 1648 1085 nobis
1674 1044 1790 1083 om-

195 1110 363 1180 nibus
386 1125 624 1181 esistere
647 1126 1074 1196 devotioratque
1099 1124 1311 1181 ﬁdelior
1331 1123 1520 1195 possit.
1557 1122 1693 1177 Data
1716 1138 1787 1177 ιιι

192 1214 290 1272 die
320 1217 525 1273 mensis
549 1214 718 1284 Junii,
750 1217 1045 1272 indictione
1071 1231 1172 1271 xu.

847 1329 1128 1388 CCXXIX.

701 1439 781 1479 ΑΙ)
828 1437 1285 1479 ΒΕΑΝΙΙΙΒΌΙ.

812 1531 991 1603 (Anno
1028 1530 1180 1603 879.)

198 1642 436 1716 Suscipit
466 1660 583 1699 eum
608 1643 677 1697 ad
710 1641 968 1716 Romana:
996 1640 1248 1696 Ecclesia?
1281 1641 1538 1716 gremium
1569 1641 1791 1716 redeun-

252 1711 416 1780 .m;
451 1724 622 1770 manet
648 1724 704 1767 ut
734 1714 789 1766 in
817 1711 915 1782 Dei
939 1728 1117 1768 amore
1141 1721 1461 1782 perseveret:
1486 1711 1792 1782 impertitur

272 1785 680 1842 benedictionem
713 1781 1076 1852 apostolicam,
1106 1781 1265 1852 quam
1306 1782 1525 1852 petierat
1536 1798 1565 1852 ί
1608 1781 1789 1852 [torta-

271 1864 383 1921 tur,
413 1864 468 1908 ut
496 1849 761 1924 permittat
791 1852 1019 1922 legatum
1048 1849 1204 1906 suum
1233 1849 1505 1922 epistolam
1530 1849 1787 1922 Bulgaro-

273 1941 393 1979 rum
427 1924 652 1993 deferre.

278 2041 487 2099 Dilecto
517 2039 626 2095 ﬁlio
652 2037 940 2092 Βιιλιιιιιιιι.

252 2120 597 2203 ~iielegentes
613 2127 924 2201 nobilitatis
954 2134 1060 2181 tuae
1088 2125 1321 2191 litteras,
1348 2138 1485 2194 quas
1509 2138 1609 2194 per
1628 2121 1796 2181 Joan-

203 2239 331 2279 nem
359 2218 721 2277 venerabilem
766 2215 1142 2289 presbyterum
1189 2228 1531 2269 communem
1579 2213 1794 2269 ildelem

203 2302 368 2369 nobis
397 2307 701 2375 mandasti,
746 2314 1005 2378 quantam
1048 2303 1208 2360 ﬁdem
1240 2311 1295 2359 et
1321 2302 1592 2359 sinceram
1631 2304 1796 2358 devo-

205 2405 413 2461 tionem
436 2400 582 2458 circa
603 2398 899 2456 Eccleslam
924 2408 1237 2455 sanctorum
1263 2395 1630 2467 apostolorum
1648 2395 1795 2451 Petri

205 2511 273 2553 ac
303 2493 458 2551 Pauli
487 2508 550 2549 ac
576 2493 724 2548 circa
759 2504 858 2547 nos
888 2490 1094 2545 habeas
1132 2488 1252 2545 luce
1286 2488 1488 2545 clarius
1523 2489 1793 2546 novimus.

204 2586 275 2641 Et
317 2587 474 2656 quia,
522 2585 632 2640 Deo
678 2582 915 2647 favente,
964 2580 1117 2650 quasi
1160 2579 1388 2635 dilectus
1430 2579 1571 2637 ﬁlius
1608 2588 1797 2636 sancto

205 2674 373 2731 Petro
399 2682 458 2730 et
483 2672 661 2738 nobis,
690 2672 784 2743 qui
815 2687 913 2742 per
939 2671 1180 2725 divinam
1210 2669 1444 2741 gratiam
1475 2670 1648 2726 vicem
1678 2671 1798 2741 ejus

209 2776 479 2830 tenemus,
514 2763 684 2835 ﬁdelis
711 2763 764 2819 in
794 2762 1045 2819 omnibus
1069 2769 1125 2817 et
1148 2763 1408 2818 obediens
1435 2776 1556 2817 esse
1584 2762 1795 2832 cupias,

207 2858 488 2914 humiliter
510 2855 812 2929 proﬁteris,
845 2863 947 2910 tua:
974 2854 1240 2910 nobilitati
1273 2853 1462 2925 dignas
1488 2854 1645 2911 valde
1674 2870 1797 2926 gra-

207 2953 320 3009 tias
343 2952 427 3007 his
448 2951 616 3007 nostri
648 2949 982 3021 apostolatus
1006 2947 1203 3002 litteris
1228 2947 1440 3018 agimus
1462 2955 1797 3019 paterneque

206 3058 421 3109 amore,
446 3051 635 3114 utpote
660 3040 1040 3097 charissimam
1071 3038 1261 3105 ﬁlium,
1286 3040 1353 3094 ad
1378 3039 1643 3110 gremium
1672 3054 1796 3094 san-

207 3147 316 3194 ctae
348 3137 494 3192 sedis
524 3134 833 3206 apostolicae
861 3134 1054 3189 matris
1078 3140 1216 3199 ture,
1263 3132 1330 3187 de
1360 3133 1513 3203 cujus
1538 3132 1795 3188 videlicet

207 3228 503 3302 purissimo
547 3228 693 3283 fonte
737 3234 917 3298 patres
947 3225 1021 3279 tui
1050 3223 1304 3280 melliﬁua
1350 3234 1551 3279 sanctae
1600 3223 1795 3294 praedi-

208 3321 445 3377 cationis
475 3328 731 3389 potavere
764 3316 990 3382 ﬂuenta,
1020 3315 1334 3372 redeuntem
1368 3315 1716 3384 suscipimus,
1746 3322 1802 3370 et

207 3409 548 3482 spiritalibus
578 3408 957 3479 amplectimur
988 3406 1152 3472 ulnis,
1187 3416 1352 3477 atque
1381 3406 1681 3476 apostolica
1713 3420 1803 3461 vo—

206 3502 394 3558 lumus
414 3500 744 3573 benignitate
769 3495 982 3563 fovere;
1008 3505 1068 3553 ut
1091 3494 1348 3567 gratiam,
1368 3497 1802 3553 benedictionem

209 3593 311 3649 Dei
341 3601 762 3662 sanctorumque
789 3588 937 3645 Petri
976 3603 1040 3644 ac
1075 3587 1227 3643 Pauli
1262 3589 1630 3659 apostolorum
1655 3589 1804 3660 prin-

209 3684 417 3756 cipum,
446 3692 503 3739 et
533 3690 775 3738 nostram
807 3694 971 3750 super
1001 3687 1053 3734 te
1082 3679 1289 3735 habens
1319 3679 1590 3745 diﬁ'usam,
1619 3695 1650 3734 a
1676 3680 1802 3735 visi-

208 3774 413 3835 bilibus
439 3784 494 3832 et
520 3770 880 3832 invisibillbus
909 3772 1188 3840 hostibus,
1226 3773 1321 3845 qui
1356 3769 1515 3829 saluti
1553 3772 1805 3830 humana:

209 3870 462 3927 insidiari
491 3878 549 3924 et
575 3867 839 3939 impedire
868 3878 975 3922 non
1005 3876 1257 3931 cessant,
1285 3865 1468 3921 salvus
1499 3880 1713 3934 semper
1738 3879 1804 3920 ac

210 3946 440 4017 securus
478 3958 702 4024 existas,
746 3967 1099 4028 optatamque
1141 3956 1208 4011 de
1252 3947 1487 4012 inimicis
1515 3956 1804 4012 victoriam

208 4049 429 4107 facilius
459 4047 636 4119 possis
662 4047 880 4103 habere.
941 4045 1075 4102 Nam
1104 4054 1308 4118 quanto
1338 4045 1453 4116 ipse
1484 4056 1537 4101 te
1565 4038 1804 4102 Dco'hu-

209 4140 418 4215 utiliter
447 4139 678 4195 subdere
711 4139 1023 4208 sanctisque
1062 4137 1230 4208 ipsius
1264 4137 1487 4193 obedire
1518 4138 1804 4209 prmceptis

210 4230 528 4297 studueris,
579 4238 742 4301 atque
789 4228 962 4301 ipsius
1009 4226 1387 4284 sacerdotibus
1434 4236 1490 4282 et
1538 4228 1802 4284 ministris

214 4324 480 4380 honorem
528 4321 769 4377 debitum
818 4336 919 4393 pro
964 4336 1150 4377 amore
1197 4319 1409 4375 Domini
1460 4319 1800 4388 exhibueris,

214 4423 370 4469 tanto
400 4428 560 4482 super
588 4426 777 4468 omnes
816 4412 1066 4468 inimicos
1100 4419 1222 4468 tuos
1258 4420 1315 4468 et
1350 4411 1579 4469 rebelles
1611 4414 1806 4469 adver-

1885 579 2328 639 benedicercmus
2358 600 2454 654 pro
2487 594 2588 639 tua:
2618 578 2810 641 salutis
2851 599 3160 659 augmento,
3203 591 3254 644 id
3292 591 3467 663 ipsum

1887 668 2118 725 libenter
2147 672 2374 729 iecimus
2452 673 2586 730 Nam
2639 676 2692 730 in
2741 668 2828 733 die
2873 674 3221 736 Ascensionis
3257 683 3471 737 Domini

1888 762 2030 818 inter
2059 780 2215 820 sacra
2251 767 2537 823 missarum
2569 760 2829 824 solemnia
2860 786 3021 839 super
3052 788 3265 828 sacrum
3299 775 3471 831 altare

1890 854 1947 911 S.
1973 854 2120 911 Petri
2153 848 2377 927 apostoli
2409 849 2767 926 celebrantes,
2797 863 3022 918 elevatis
3053 880 3271 923 sursum
3296 867 3470 921 mani—

1889 947 1991 1003 bus
2021 947 2399 1005 benediximus
2427 951 2555 1013 tibi,
2597 962 2653 1006 et
2689 953 2836 1007 omni
2875 954 3069 1024 populo
3097 962 3187 1009 tuo
3214 956 3470 1026 omnique

1891 1046 2052 1093 terrae
2085 1048 2216 1105 tute,
2258 1050 2316 1094 ut
2343 1041 2435 1096 hic
2469 1053 2524 1096 et
2555 1041 2606 1096 in
2645 1052 2907 1099 aeternum
2946 1053 3176 1118 corpore
3217 1048 3377 1103 simul
3418 1058 3474 1105 et

1889 1128 2068 1184 anima
2097 1130 2356 1197 salvatus,
2395 1141 2451 1188 et
2487 1134 2848 1204 principatum
2884 1144 3161 1195 terrenum
3187 1154 3348 1211 quem
3376 1139 3474 1194 ha-

1890 1220 2007 1287 bes,
2037 1236 2296 1292 prospere
2324 1239 2388 1278 ac
2419 1225 2687 1281 securiter
2716 1241 2906 1299 regere
2934 1231 3108 1298 possis
3177 1241 3232 1285 et
3272 1234 3329 1287 in
3367 1246 3478 1287 cce-

1892 1312 2013 1368 iesti
2044 1314 2263 1385 regione
2291 1325 2411 1385 post
2438 1327 2666 1373 mortem
2693 1335 2816 1375 cum
2847 1321 2954 1375 Deo
2982 1320 3210 1378 feliciter
3232 1326 3471 1395 gaudeas

1890 1411 1946 1458 et
1973 1403 2025 1458 in
2054 1416 2377 1475 perpetuum
2410 1421 2624 1479 regnes.
2678 1410 2749 1465 Et
2774 1411 2899 1481 quia
2933 1412 3077 1468 hunc
3108 1413 3284 1485 ipsum
3311 1412 3476 1471 Joan~

1894 1510 2016 1550 nem
2056 1496 2430 1568 presbyterum
2478 1499 2574 1554 tibi
2620 1512 2676 1556 et
2719 1501 2874 1561 nobis
2918 1520 3106 1561 verum
3156 1506 3368 1563 ﬁdelem
3422 1507 3476 1561 in

1892 1589 2144 1644 omnibus
2189 1604 2315 1646 esse
2355 1594 2760 1662 cognoscimus,
2813 1597 3060 1655 dedimus
3110 1601 3184 1657 illi
3233 1612 3474 1657 nostram

1892 1682 2244 1751 apostolicam
2271 1684 2556 1754 epistolam
2583 1687 2930 1744 deferendam
2960 1692 3072 1761 regi
3096 1692 3475 1765 Bulgarorum.

1819 1822 1867 1882 Β
1893 1774 2018 1831 Ideo
2052 1774 2288 1878 petimus
2319 1784 2394 1882 ἰιι
2432 1791 2530 1879 pro
2564 1793 2756 1882 amore
2788 1783 2965 1837 sancti
2996 1783 3140 1840 Petri
3185 1794 3242 1840 et
3287 1796 3476 1843 nostro

1896 1879 2021 1920 cum
2049 1873 2139 1919 tua
2168 1866 2283 1936 ipse
2318 1866 2534 1922 licentia
2563 1867 2887 1939 legationem
2920 1872 3060 1927 hanc
3086 1884 3328 1931 nostram
3360 1877 3481 1934 sine

1898 1957 2153 2013 tarditate
2180 1957 2457 2029 perﬁciat,
2497 1968 2560 2015 ut
2591 1968 2647 2017 et
2680 1972 2904 2034 propter
2930 1960 3032 2021 hoc
3065 1974 3169 2020 tuae
3198 1966 3478 2023 dilectioni

1898 2050 2221 2119 multiplices
2249 2053 2451 2121 gratias
2480 2053 2795 2111 habeamus.
2852 2056 2985 2113 Data
3027 2073 3101 2114 vn
3143 2059 3231 2113 die
3273 2057 3479 2115 mensis

1896 2137 2064 2207 Junii,
2098 2140 2395 2198 indictione
2425 2160 2524 2199 xu.

2563 2258 2819 2319 CCXXX.

1943 2365 2012 2407 Iw
2045 2367 2385 2411 sacramus
2419 2369 2488 2411 ετ
2524 2368 2756 2413 porucos
2791 2366 3082 2413 BﬁANlIIRO
3119 2368 3433 2417 centauros.
3478 2358 3487 2427 λ

2511 2466 2691 2539 (Anno
2722 2468 2874 2540 879.)

1898 2575 2109 2649 Eacipit
2134 2594 2221 2634 eos
2247 2578 2317 2632 ad
2343 2577 2595 2634 Romanae
2618 2578 2869 2636 Ecclesia:
2894 2583 3148 2648 gremium
3176 2584 3485 2655 redeuntes,

2379 2659 2555 2705 monet
2582 2661 2636 2705 ut
2663 2663 3004 2722 perseverent.
3084 2674 3087 2675 '

1969 2760 2231 2818 Omnibus
2256 2761 2657 2819 venerabilibus
2697 2764 3094 2829 sacerdotibus,
3134 2773 3192 2821 et
3226 2764 3485 2824 universo

2007 2853 2115 2908 uio.

2007 2866 2115 2908 uto.

1896 2866 2101 3002 pogum
2128 2947 2337 3004 litteras
2359 2949 2620 3021 principis
2644 2951 2812 3007 vestri
2842 2951 3131 3018 Branitnit‘,
3169 2965 3305 3023 quas
3327 2955 3487 3015 nobis

1896 3053 1995 3108 per
2017 3036 2279 3095 Joannem
2313 3038 2673 3097 venerabilem
2710 3043 3086 3115 presbyterum
3122 3045 3236 3117 ipse
3262 3047 3483 3116 direxit,

1900 3128 2221 3199 legeremus,
2254 3145 2360 3185 non
2399 3130 2574 3187 solum
2609 3131 2751 3189 illius
2787 3134 3150 3203 devotionem,
3197 3137 3293 3194 sed
3319 3140 3488 3196 etiam

1903 3222 2026 3277 ﬁdei
2051 3232 2244 3277 vestra:
2273 3223 2642 3279 sinceritatem
2670 3234 2727 3280 et
2751 3226 3112 3294 dilectionem,
3153 3230 3315 3298 quam
3342 3232 3491 3288 circa

1901 3320 2149 3368 sanctum
2172 3311 2389 3368 Petrum
2412 3308 2778 3383 apostolorum
2800 3316 3098 3385 principem
3127 3328 3184 3372 et
3208 3318 3357 3375 circa
3387 3334 3492 3376 nos

1902 3401 2180 3468 habeatis,
2218 3402 2586 3474 cognovimus.
2623 3404 2690 3458 Et
2724 3405 2849 3475 quia
2876 3405 3024 3461 velut
3046 3407 3353 3463 citatissimi
3390 3408 3492 3465 ﬁlii

1904 3493 1972 3549 ad
2005 3501 2247 3549 sanctam
2276 3493 2577 3550 Romanam
2606 3495 2916 3562 ecclesiam,
2945 3498 3087 3552 unde
3116 3508 3370 3567 parentes
3394 3514 3490 3555 ve-

1903 3592 2046 3640 stros
2069 3582 2318 3639 tnellillua
2357 3593 2560 3641 sanctce
2597 3586 2995 3656 przedicationis
3021 3587 3275 3659 dogmata
3303 3603 3493 3645 susce-

1901 3675 2049 3747 pisse
2071 3676 2381 3747 agnoscitis,
2412 3685 2525 3732 toto
2548 3678 2730 3733 animo
2763 3687 2980 3748 totaque
3010 3678 3285 3735 voluntate
3309 3680 3490 3737 redire

1903 3766 2152 3836 capiatis,
2181 3772 2417 3822 nostram
2440 3766 2790 3838 apostolicam
2818 3770 3047 3840 gratiam
3076 3780 3130 3824 et
3156 3770 3494 3826 benedictio-

1904 3871 2028 3913 nem
2060 3856 2262 3911 habere
2287 3871 2615 3928 magnopere
2642 3857 3048 3925 desiderantes,
3082 3874 3275 3931 magna
3301 3874 3491 3915 sumus

1904 3949 2095 4020 repleti
2118 3948 2322 4004 laetitia.
2352 3948 2418 4003 Et
2437 3949 2559 4005 ideo
2578 3948 2818 4006 brachiis
2838 3950 3077 4006 extensis
3093 3966 3191 4006 vos
3206 3949 3490 4021 amplecti-

1904 4056 2049 4111 mur,
2073 4050 2410 4114 paternoque
2437 4055 2623 4099 amore
2642 4043 2953 4112 recipimus,
2992 4051 3049 4097 et
3074 4042 3371 4113 apostolica
3393 4055 3494 4098 vo-

1904 4133 2084 4194 lumus
2110 4150 2323 4208 semper
2350 4136 2686 4209 benignitate
2705 4135 2913 4203 fovere,
2937 4137 2983 4192 si
3009 4152 3107 4193 vos
3132 4137 3274 4193 banc
3302 4135 3495 4191 volun-

1903 4238 2072 4286 tatem
2097 4237 2151 4285 et
2172 4229 2516 4301 sponsionem
2541 4238 2775 4284 vestram
2798 4244 2970 4300 usque
2989 4230 3057 4284 ad
3078 4228 3243 4286 ﬁnem
3265 4229 3495 4286 sinceri-

1906 4334 1990 4380 ter
2002 4321 2324 4388 habueritis,
2345 4330 2401 4377 et
2414 4321 2645 4377 ﬁdeliter
2664 4321 2974 4386 tenueritis;
2992 4323 3140 4390 quia,
3158 4322 3372 4377 dicente
3384 4322 3494 4377 Do-

1905 4414 2053 4469 mino
2072 4431 2085 4467 :
2106 4412 2212 4479 Qui
2223 4413 2621 4484 perseveraverit
2644 4426 2807 4479 usque
2826 4413 2880 4467 in
2895 4412 3074 4481 finem,
3097 4413 3181 4466 hic
3200 4412 3376 4467 saluus
3390 4411 3494 4466 erit

212 4496 392 4562 sarius
431 4505 542 4561 eris
585 4505 775 4578 procul
820 4504 988 4560 dubio
1019 4505 1193 4560 victor
1229 4512 1286 4560 et
1318 4512 1527 4575 potens.
1574 4505 1645 4561 Et
1680 4506 1802 4563 ideo
1827 4533 1881 4597 Ι)
1907 4506 2121 4579 (Matth.
2144 4507 2233 4576 x);
2262 4513 2319 4561 et
2339 4504 2585 4575 apostolo
2607 4502 2770 4558 Paulo
2798 4504 2850 4558 id
2876 4503 3051 4573 ipsum
3073 4502 3324 4558 dicente:
3355 4501 3491 4556 Par-

211 4612 502 4655 monemus
530 4591 855 4653 industriam
885 4607 1034 4650 tuam
1069 4603 1128 4649 ut
1162 4595 1214 4649 in
1250 4595 1500 4651 euntibus
1529 4596 1637 4650 tuis
1663 4597 1799 4653 acti-

208 4691 319 4749 bus
345 4690 514 4747 Deum
545 4703 761 4759 semper
791 4704 903 4760 pra:
929 4687 1102 4743 oculis
1127 4687 1350 4753 habeas,
1385 4687 1576 4743 timeas
1602 4698 1657 4743 et
1688 4697 1800 4745 t0to

212 4772 413 4854 diligas
451 4782 632 4847 corde,
679 4780 957 4851 quoniam,
989 4778 1203 4834 dicente
1236 4776 1522 4833 Psalmista
1551 4796 1563 4832 :
1605 4775 1802 4833 Beatus

211 4889 291 4934 est
330 4876 408 4931 vir
440 4876 530 4947 qui
571 4875 713 4929 timet
749 4854 1062 4936 Dominum,
1108 4872 1161 4924 in
1204 4870 1467 4924 mandatis
1507 4870 1622 4941 ejus
1661 4871 1801 4941 cupit

213 4965 418 5020 nimis:
454 4974 632 5032 potens
677 4963 732 5016 in
782 4971 924 5016 terra
966 4960 1065 5013 erit
1110 4976 1282 5014 semen
1316 4960 1430 5029 ejus
1462 4959 1634 5030 (Psal.
1662 4960 1799 5033 cst).

212 5058 286 5113 Et
324 5057 443 5126 ipse
483 5056 536 5111 in
575 5053 905 5126 Evangelio;
950 5053 1052 5119 Qui
1092 5067 1192 5116 me,
1234 5050 1431 5120 inquit,
1461 5051 1656 5121 diligit,
1688 5068 1801 5107 ser-

213 5163 424 5203 monem
453 5162 625 5201 meum
648 5144 891 5210 servabit,
931 5154 978 5198 et
1009 5140 1171 5195 Pater
1199 5158 1345 5196 ineas
1374 5141 1549 5212 diliget
1576 5144 1719 5209 eum,
1754 5154 1806 5199 et

212 5240 287 5293 ad
315 5255 435 5293 eum
466 5238 746 5302 veniemus,
789 5247 835 5290 et
874 5235 1197 5290 mansionem
1226 5232 1368 5302 apud
1403 5248 1520 5285 eum
1550 5232 1802 5302 faciemus

214 5328 407 5401 (Joan.
435 5329 566 5401 xw).
606 5328 757 5397 Quod
785 5344 909 5384 cum
935 5328 1009 5383 ita
1038 5326 1129 5393 sit,
1156 5326 1199 5381 si
1232 5324 1337 5380 tuis
1365 5324 1525 5379 bouis
1547 5327 1801 5397 operibus

209 5423 275 5481 in
314 5421 570 5493 praesenti
613 5421 919 5477 lucentibus
961 5420 1127 5475 Deum
1174 5415 1584 5491 gloriﬁcaveris,
1631 5418 1802 5490 gloria

211 5516 332 5574 eris
378 5518 711 5587 sempiterna
763 5516 817 5570 in
868 5514 1052 5570 futuro
1098 5515 1219 5570 sine
1268 5513 1433 5568 dubio
1476 5513 1800 5581 decoratus,

196 5607 474 5678 quoniam
518 5607 635 5677 ipse
673 5620 772 5677 per
813 5603 1033 5677 Moysen
1077 5605 1181 5659 hoc
1221 5619 1282 5658 se
1324 5602 1505 5658 facere
1552 5612 1802 5672 testatur,

212 5699 444 5754 dicens:
479 5697 846 5768 Cloriﬁcantes
876 5714 957 5752 me
984 5697 1284 5767 gloriﬁcabo
1307 5696 1354 5767 (Ι
1382 5695 1507 5767 Reg.
1530 5696 1614 5767 ιι).
1653 5696 1808 5754 Sicut

212 5796 400 5844 autem
425 5797 612 5847 nostro
636 5787 946 5860 praesulatui
971 5803 1067 5858 per
1086 5788 1199 5858 jam
1229 5785 1397 5843 fatum
1430 5791 1803 5861 presbyterum

656 5879 931 5944 Ριτιιοι..
976 5879 1261 5944 CXXVI.

1905 4598 2095 4668 ticipes
2122 4597 2264 4652 enim
2289 4589 2493 4652 Christi
2517 4588 2645 4651 iacti
2675 4596 2824 4661 estis,
2856 4595 2902 4651 si
2928 4591 3108 4651 tamen
3132 4595 3342 4652 initium
3367 4595 3494 4651 ﬁdei

1907 4704 2080 4759 usque
2105 4688 2172 4743 ad
2220 4687 2381 4744 ﬁnem
2415 4688 2641 4743 ﬁrmum“
2664 4688 2947 4743 retineatis
2977 4685 3164 4759 (Hebr.
3191 4688 3297 4762 ιιι).
3347 4688 3494 4757 Qua-

1906 4786 2131 4849 propter
2168 4786 2342 4833 estote
2383 4776 2571 4833 ﬁdeles
2616 4779 2760 4842 Deo,
2791 4786 2848 4833 et
2880 4785 3068 4833 sancto
3106 4777 3303 4845 Petro,
3353 4780 3497 4835 sicut

1908 4870 2229 4935 mandastis,
2268 4883 2441 4939 usque
2467 4870 2535 4925 ad
2563 4880 2813 4934 mortem,
2841 4877 2899 4925 et
2927 4868 3207 4941 accipietis
3233 4886 3495 4927 coronam

1910 4961 2070 5027 vitae,
2119 4976 2281 5033 quam
2320 4961 2630 5031 repromisit
2672 4960 2815 5017 Deus
2840 4961 3199 5033 .diligentibus
3245 4978 3323 5017 se.
3374 4960 3493 5018 Non

1908 5052 2054 5107 enim
2078 5053 2250 5108 sacris
2277 5052 2616 5107 orationibus
2636 5052 2836 5109 nostris
2863 5050 3182 5109 memoriam
3209 5053 3372 5108 vestri
3400 5066 3494 5109 co—

1908 5160 2026 5200 ram
2057 5135 2285 5201 Domino
2312 5145 2530 5201 assidue
2559 5140 2849 5211 facientes,
2885 5146 3134 5200 manibus
3161 5158 3377 5199 sursum
3422 5144 3493 5199 ad

1908 5236 2197 5292 Dominum
2237 5237 2482 5304 elevatis,
2521 5237 2873 5308 omnipotenti
2921 5236 3031 5291 Deo
3074 5249 3174 5292 vos
3214 5250 3321 5290 una
3365 5251 3491 5291 cum

1909 5327 2106 5384 dilecto
2134 5327 2244 5383 ﬁlio
2262 5335 2449 5384 nostro
2470 5327 2714 5398 principe
2743 5334 2924 5383 vestro
2949 5324 3416 5391 commendamus,
3437 5335 3495 5381 et

1907 5421 2056 5476 omni
2108 5420 2485 5476 benedictione
2531 5418 2757 5490 spiritali
2801 5418 2958 5473 vobis
3008 5416 3382 5473 benediCimus
3434 5415 3497 5473 in

1909 5514 2126 5571 Christo
2153 5511 2279 5571 Jcsu
2321 5513 2551 5567 Domino
2590 5520 2800 5575 nostro,
2831 5515 2891 5563 ut
2914 5508 3005 5563 hic
3033 5516 3089 5564 et
3132 5509 3184 5562 in
3229 5515 3492 5564 aeternum

1910 5620 2137 5676 corpore
2165 5600 2326 5660 simul
2347 5613 2402 5659 et
2424 5601 2603 5657 anima
2626 5597 2896 5656 benedicti
2918 5597 3188 5665 existatis,
3213 5606 3267 5654 et
3298 5599 3350 5653 in
3372 5611 3495 5668 pero

1908 5709 2132 5772 petuum
2155 5698 2383 5753 Domino
2409 5692 2709 5767 gaudeatis.
2745 5691 2881 5746 Data
2895 5705 2969 5745 vu
2993 5688 3084 5745 die
3104 5683 3495 5758 mensisJunii,

1912 5784 2202 5851 indictione
2228 5804 2326 5845 xu.

2940 5878 3016 5939 27
