4042 6302
545 363 649 420 835

1189 483 1468 539 CCXXXI.

821 605 886 643 AD
925 607 1226 648 MICIIAELEM
1266 611 1438 675 REGI?“
1478 613 1849 655 BL'LGAROI'KL'M.

1148 683 1324 753 (Anno
1357 685 1508 755 879.)

545 769 661 836 Agit
694 767 799 820 Deo
831 770 1043 852 gratias
1058 773 1198 842 quod
1237 773 1444 852 legatos
1473 778 1550 852 adp
1585 797 1639 833 se
1674 781 1894 846 miserit,
1929 783 2127 837 doctri-

613 853 732 922 rmm
757 840 1161 922 ecclesiasticam
1184 854 1230 898 et
1256 840 1510 922 canonico
1534 850 1771 922 instituta
1795 840 2090 922 recepturus
2106 867 2124 904 :

608 907 851 986 hortatur
883 921 934 962 ut
964 913 1033 986 ad
1061 912 1355 986 Romanam
1384 916 1672 972 Ecclesium
1701 923 1874 975 redeat
1890 907 1916 986 ;’
1934 933 1982 976 et
2003 924 2048 976 si
2077 925 2124 978 ei

606 975 888 1044 placuerit,
921 997 974 1034 se
1005 981 1232 1052 legatum
1261 985 1544 1041 missurum
1573 989 1868 1060 poilicetur.

610 1087 818 1144 Dilecto
861 1105 925 1146 ac
966 1092 1198 1162 spiritali
1244 1095 1354 1152 tilio
1411 1097 1674 1155 Mtcmsu
1719 1100 1956 1172 glorioso
2012 1107 2124 1177 regi

540 1175 915 1248 Bulgarorum.

608 1268 833 1336 Quantae
867 1273 1084 1342 pietatis
1120 1285 1175 1331 et
1215 1277 1580 1337 miserationis
1613 1298 1725 1338 sua:
1753 1282 2001 1355 largitate
2031 1301 2125 1343 vos

535 1363 876 1431 omnipotens
921 1365 1060 1420 Deus
1100 1361 1382 1437 dilexerit,
1430 1387 1655 1427 narrare
1695 1375 1816 1444 quis
1863 1375 2120 1442 sufficiat,

535 1453 854 1510 charissime
900 1456 1007 1511 fdi?
1038 1459 1266 1525 Quando
1302 1476 1399 1532 per
1428 1463 1753 1520 infusionem
1794 1469 1968 1522 sancti
1996 1467 2120 1538 Spi-

535 1542 675 1598 ritus
707 1545 788 1599 sui
829 1545 879 1599 in
908 1561 1002 1600 cor
1032 1559 1272 1605 vestrum
1320 1552 1653 1624 unigenitum
1698 1556 1891 1611 Filium
1940 1573 2118 1625 suum,

535 1645 629 1698 per
651 1647 809 1700 quem
834 1637 1013 1690 omnia
1035 1637 1266 1693 visibilia
1291 1648 1345 1695 et
1368 1641 1657 1697 invisibilia
1684 1647 1946 1712 condidit,
1969 1648 2121 1704 vobis

532 1722 829 1780 clementer
851 1727 1090 1784 revelare
1117 1731 1372 1801 dignatus
1394 1743 1498 1800 est,
1523 1745 1862 1806 mentemque
1887 1747 2119 1796 vestram

1812 375 2094 431 JOANNIS
2132 377 2215 432 PA
2225 379 2334 434 ΡᾸΞ
2381 381 2487 436 ΠΗ

2149 494 2196 552 Λ
2227 494 2399 549 salute
2428 511 2523 551 vos
2559 512 2883 554 conservare
2919 501 3168 572 dignetur
3204 503 3552 561 incolumem.
3598 508 3742 563 Data
3780 526 3837 568 vt

3715 392 3836 447 8M

2225 583 2346 639 ldus
2374 583 2581 652 Iunias,
2613 588 2909 646 indictione
2932 606 3029 644 xu.

2863 703 3167 760 CCXXXII.

2227 805 2294 843 AD
2359 806 2632 847 AIRARDL'M
2696 810 3148 852 ARCIIIEPISCOPL'II
3220 816 3521 856 Αυεεεκεειι

2793 881 3222 924 SUFFBAGANEOS.

2831 960 3008 1028 (Anno
3054 963 3204 1034 879.)

2229 1043 2491 1126 Hortatur
2523 1049 2598 1128 ad_
2632 1049 2954 1128 demoratos
2988 1054 3169 1128 papuli
3227 1073 3395 1111 mores
3446 1060 3825 1128 corrigendos,

2295 1116 2554 1196 pru’cipue
2579 1116 2776 1173 incesta
2799 1116 3133 1196 matrimonia
3154 1141 3172 1178 :
3199 1143 3263 1179 ne
3288 1129 3405 1196 quis
3433 1116 3621 1182 relicta
3660 1116 3830 1184 uxore

2294 1185 2457 1238 aliam
2517 1186 2698 1252 ducat,
2739 1200 2829 1244 aut
2885 1193 3042 1245 simul
3085 1211 3202 1247 cum
3253 1185 3418 1251 nitore
3467 1200 3827 1254 concubinam

2295 1255 2575 1340 habeat'mt
2600 1273 2681 1337 res
2709 1260 2995 1340 immobiles
3024 1264 3254 1340 ecclesia:
3277 1284 3426 1320 nemo
3449 1269 3551 1322 sibi
3581 1281 3826 1340 usurpet,

2294 1333 2341 1377 et
2364 1335 2419 1378 ut
2445 1324 2620 1380 clerici
2645 1329 2740 1381 sub
2762 1331 2988 1400 episcopi
3016 1333 3120 1386 sint
3147 1345 3417 1403 potestate.

3589 819 3832 868 EJUSOI‘I

2294 1436 2783 1496 Reverendissimis
2807 1450 2860 1497 et
2881 1445 3256 1510 sanctissimis,
3270 1445 3520 1502 Ammon
3541 1451 3826 1522 archiepi-

2224 1545 2408 1599 scopo,
2446 1540 2501 1585 ct
2546 1531 2813 1590 lsvou'ro
2857 1535 3223 1604 Convenensi,
3254 1531 3560 1597 Willis-sum
3614 1545 3825 1599 Conse—

2225 1635 2376 1684 rano,
2411 1619 2690 1676 Sansrouo
2715 1621 3026 1691 Bigorrensi
3058 1627 3324 1697 episcopis
3351 1643 3400 1682 α.

2293 1709 2489 1766 Multas
2516 1713 2990 1782 prmvaricationes
3013 1726 3200 1772 contra
3227 1721 3392 1775 totius
3417 1723 3818 1780 Christianita-

533 1812 802 1870 (πιπίηηίς
841 1832 951 1872 sum
990 1817 1194 1874 lumine
1240 1821 1529 1890 “radiare,
1572 1834 1628 1880 el
1660 1826 1726 1880 de
1769 1803 2004 1883 [enebris
2048 1830 2116 1885 ad
2146 1840 2192 1899 Β
2224 1803 2292 1859 tis
2326 1803 2638 1876 religionem
2669 1816 2831 1877 atque
2864 1819 3173 1866 sanctorum
3205 1811 3426 1868 Patrum
3475 1818 3820 1874 venerabiles

531 1916 714 1956 veram
747 1904 912 1960 voluit
936 1908 1233 1976 perducere
1256 1909 1427 1966 lucem
1450 1929 1700 1984 verarque
1724 1913 1844 1969 fidei
1867 1916 2115 1986 dogmate

529 2005 629 2046 suo
688 1993 900 2049 docere.
961 1995 1132 2066 lpsius
1173 2001 1335 2054 etiam
1379 2003 1553 2072 gratia
1603 2003 1755 2059 vobis
1799 2007 2110 2074 revelante,

529 2083 597 2135 ad
641 2084 824 2138 sedem
870 2086 1013 2140 beati
1058 2087 1202 2142 Petri
1253 2092 1620 2161 apostolorum
1664 2097 1944 2167 principis,
1994 2115 2114 2168 quae

527 2181 761 2240 copulet
791 2175 1050 2244 magistra
1079 2179 1319 2232 omnium
1361 2181 1723 2239 Ecclesiarum
1761 2185 1853 2240 Dei
1896 2187 2110 2253 existit,

521 2271 640 2317 et‘a
669 2278 775 2333 qua
809 2278 996 2320 omnes
1034 2283 1188 2337 reges
1229 2278 1283 2324 et
1309 2272 1584 2344 principes
1612 2277 1832 2332 verbum
1867 2280 2113 2335 veritatis

523 2362 870 2423 acceperunt,
912 2355 1118 2428 legatos
1148 2371 1379 2426 vestros,
1426 2363 1643 2420 Petrum
1679 2367 1882 2424 scilicet
1911 2386 2110 2442 cogna-

524 2452 633 2498 tum
664 2455 930 2514 vestrum,
977 2460 1029 2506 et
1057 2451 1319 2507 Joannem
1349 2464 1512 2527 atque
1542 2458 1859 2525 Martinum,
1903 2463 2112 2531 praede-

522 2539 756 2593 cessoris
795 2539 977 2596 domui
1029 2545 1197 2599 nostri
1256 2545 1459 2602 Nicolai
1508 2549 1811 2606 beatissimi
1861 2554 2109 2622 prccsulis

524 2637 764 2700 tempore
794 2631 1091 2699 direxistis,
1130 2644 1188 2688 ut
1225 2645 1281 2690 et
1307 2653 1402 2692 vos
1443 2638 1567 2693 inde
1607 2640 1907 2696 doctrinam
1937 2644 2109 2699 eccle-

527 2721 800 2778 siasticam
843 2735 1007 2795 atque
1045 2731 1309 2784 canonica
1350 2731 1594 2786 instituta
1633 2733 1977 2802 reciperetis,
2014 2735 2105 2790 ubi

522 2812 686 2864 totius
717 2813 973 2870 Ecclesia:
1019 2816 1268 2873 Christus
1305 2821 1481 2888 posuit
1520 2823 1917 2893 principatum,
1963 2828 2105 2896 quod

520 2899 799 2966 nimirum,
831 2907 1128 2960 secundum
1157 2917 1392 2963 vestram
1420 2911 1774 2977 voluntatem,
1817 2913 1884 2967 ab
1917 2915 2103 2969 eadem

519 3002 706 3046 sancta
741 2993 986 3050 Romana
1031 2999 1270 3054 Ecclesia
1313 3004 1708 3071 promeruistis.
1748 3005 1901 3062 Nunc
1943 3007 2106 3077 igitur

518 3099 634 3152 vos,
669 3087 825 3156 quasi
852 3090 1125 3159 propriam
1153 3095 1332 3162 gregis
1360 3092 1627 3151 Dominici
1669 3111 1824 3152 ovem
1864 3099 2019 3153 nobis
2049 3100 2101 3154 in

2220 1899 2530 1954 sanctiones
2553 1900 2638 1953 his
2664 1901 2860 1956 vestris
2889 1903 2938 1956 in
2972 1904 3216 1972 partibus
3243 1920 3272 1958 a
3297 1907 3484 1975 pravis
3507 1907 3625 1961 fieri
3650 1909 3816 1964 Chri-

2217 1989 2407 2045 stianis
2429 1991 2666 2046 veridica
2694 1993 2986 2048 multorum
3020 1995 3280 2051 relatione
3302 1999 3610 2052 didicimus.
3656 2000 3813 2065 Quos

2215 2095 2346 2135 vero
2370 2095 2467 2136 nec
2493 2082 2593 2152 pia:
2623 2083 3008 2139 admonitionis
3056 2095 3247 2141 vestra:
3286 2087 3674 2152 blandimento,
3697 2105 3808 2144 nec

2215 2171 2408 2226 debitae
2431 2175 3005 2229 excommunicationis
3040 2177 3276 2242 vinealo,
3320 2193 3418 2233 nec
3470 2181 3636 2233 etiam
3678 2195 3810 2248 apo-

2213 2264 2418 2320 stolicae
2455 2266 2858 2322 constitutionis
2900 2269 3065 2324 verbo
3092 2269 3435 2338 aliquatenus
3466 2288 3496 2324 a
3533 2283 3809 2328 tantorum

2213 2354 2477 2408 malorum
2501 2371 2723 2425 operum
2757 2355 3102 2413 iufestatione
3131 2375 3194 2414 ac
3232 2363 3644 2430 perpetratione
3688 2378 3811 2432 pro-

2212 2444 2398 2498 hibere
2423 2459 2523 2499 nec
2544 2446 2762 2513 penitus
2800 2447 2988 2502 valetis
3033 2464 3397 2519 compescere.
3434 2451 3502 2505 Et
3545 2453 3671 2507 i..'eo
3710 2453 3810 2508 do-

2211 2532 2382 2588 lemus
2407 2536 2609 2604 pariter
2639 2537 2948 2604 vobiscum,
2976 2539 3172 2594 fratres
3211 2543 3312 2596 mei
3339 2583 3352 2606 ,
3383 2559 3548 2611 super
3581 2547 3806 2599 temeri-

2211 2636 2320 2682 tate
2361 2629 2539 2698 populi
2599 2629 2723 2683 talia
2775 2633 3173 2700 pmsumentis,
3219 2641 3272 2687 et
3331 2635 3534 2689 nullam
3601 2652 3666 2690 ex
3717 2638 3806 2689 his

2209 2724 2595 2792 paenitudinem
2629 2725 2957 2782 fructuosam
2989 2728 3040 2781 in
3068 2730 3318 2797 prcesenti
3349 2745 3514 2800 agere
3543 2730 3803 2796 Valentis,

2206 2824 2550 2886 vestramque
2579 2816 2852 2872 salubrem
2884 2818 3281 2887 correptionem
3328 2835 3428 2888 pro
3477 2819 3646 2873 nihilo
3696 2822 3801 2872 du-

2207 2907 2395 2961 centis.
2421 2907 2588 2978 lgitttr
2613 2909 2738 2978 quia
2769 2919 2955 2964 nostro
2982 2910 3303 2980 apostolatui
3351 2911 3630 2965 huuullter
3671 2927 3805 2982 sug-

2205 2998 2453 3066 gessistis
2475 3008 2553 3065 ut,
2579 2999 2871 3068 apostolica
2900 3000 3014 3054 fulti
3031 3002 3374 3066 auctoritate,
3394 3002 3648 3072 populum
3674 3021 3805 3074 gra-

2205 3105 2325 3144 vem
2354 3100 2407 3146 et
2443 3090 2658 3160 plenum
2702 3093 2984 3162 iniquitate
3020 3093 3185 3149 libere
3227 3097 3457 3165 possetis
3479 3097 3796 3166 corrigere;

517 3176 635 3246 ipso
655 3181 1019 3248 apostolorum
1041 3185 1283 3255 principe
1304 3187 1669 3255 commissam,
1695 3197 1876 3259 utpote
1895 3191 2103 3246 charis-

2214 3182 2420 3250 quando
2446 3198 2512 3236 ex
2540 3184 2720 3238 divino
2747 3184 2961 3254 eloquio
2991 3187 3247 3242 docemur
3274 3196 3332 3240 ut
3354 3187 3633 3257 aliquando
3653 3203 3800 3242 eon-

513 3269 710 3326 simum
738 3271 906 3328 filium
941 3283 1184 3329 nostrum
1221 3275 1307 3330 his
1338 3273 1512 3331 nostri
1545 3279 1878 3348 apostolatus
1903 3281 2101 3337 litteris

516 3363 796 3422 visitamus
835 3376 890 3421 et
928 3369 1130 3423 nostris
1172 3369 1482 3438 apostolicis
1518 3371 1870 3440 spiritualiter
1895 3374 2100 3444 ample-

513 3456 716 3511 ctimur
759 3458 936 3525 ulnis;
979 3460 1195 3515 assidue
1219 3477 1314 3515 vos
1349 3476 1470 3515 cum
1508 3462 1655 3516 omni
1689 3463 1884 3532 populo
1918 3472 2102 3520 vestro

512 3547 684 3602 sacris
727 3549 1065 3605 orationibus
1106 3553 1307 3606 nostris
1348 3551 1579 3608 Domino
1622 3555 2096 3620 commendantes,

511 3642 573 3688 ut
606 3635 752 3704 ipse,
777 3637 871 3706 qui
905 3639 1056 3694 vobis
1084 3640 1374 3708 gloriosum
1415 3642 1467 3697 in
1505 3643 1663 3698 terris
1693 3643 1878 3698 tribuit
1899 3645 2102 3714 princia

511 3733 728 3792 patum,
758 3729 958 3784 tribuat
997 3739 1052 3785 et
1093 3738 1212 3800 post
1255 3742 1482 3788 mortem
1516 3733 1739 3790 coaleste
1779 3747 2002 3804 regnum
2045 3741 2100 3789 et

512 3815 736 3884 gloriam
763 3821 1170 3891 sempiternam.
1203 3822 1540 3894 Quapropter
1568 3841 1849 3882 monemus
1871 3826 2096 3896 gloriam

512 3917 748 3964 vestram
769 3950 784 3975 ,
824 3921 883 3965 ut
913 3914 979 3967 ad
1005 3923 1250 3968 sanctam
1278 3926 1504 3970 matrem
1529 3926 1763 3972 vestram
1798 3919 2095 3975 Romanam

514 4001 812 4057 Ecclesiam
844 4005 1034 4059 devota
1092 4017 1271 4062 mente
1306 4009 1598 4078 libentique
1629 4011 1809 4064 animo
1841 4013 2094 4080 redeatis;

512 4102 574 4147 ut
596 4093 965 4161 apostolorum
1011 4107 1320 4153 sanctorum
1349 4100 1600 4168 precibus
1637 4102 1805 4170 adjuti
1835 4114 1944 4158 tam
1971 4106 2097 4161 visi—

511 4180 646 4264 biles
669 4182 918 4238 inimicos
943 4184 1007 4256 lf.
1040 4188 1178 4240 deest
1207 4202 1366 4256 quam
1403 4188 1721 4260 invisibiles]
1763 4191 1916 4248 facile
1941 4210 2096 4264 supe-

511 4255 635 4330 rare
661 4273 880 4344 possitis
904 4291 916 4327 :
946 4283 1000 4329 et
1019 4277 1144 4346 quia
1169 4255 1284 4341 vos,
1308 4288 1365 4332 ut
1387 4279 1702 4348 praedictum
1733 4293 1839 4346 est,
1869 4255 2096 4340 multum

510 4365 806 4436 diligimus,
837 4375 1082 4422 nostrum
1109 4367 1177 4422 ad
1209 4383 1304 4424 vos
1337 4369 1585 4426 volumus
1628 4386 1750 4427 cum
1781 4376 1926 4430 sedis
1967 4391 2098 4446 apo-

507 4457 710 4514 stolica:
732 4458 1038 4515 visitatione
1063 4459 1298 4531 dirigere
1323 4460 1559 4532 legatum
1577 4502 1592 4526 ,
1628 4463 1954 4536 visitareque
1978 4482 2093 4532 vos,

2207 3275 2347 3330 versi
2373 3273 2570 3332 fratres
2601 3286 2814 3332 nostros
2841 3277 3020 3348 aliqua
3068 3280 3246 3333 smculi
3297 3279 3641 3334 fluctuatione
3701 3282 3800 3334 in-

2203 3365 2448 3422 efficaces
2479 3367 2805 3424 confirmare
2831 3370 3124 3426 debeamus
3155 3369 3306 3443 (Luc.
3333 3371 3457 3442 29.);
3506 3387 3602 3425 vos
3657 3388 3804 3429 cum

2204 3457 2424 3512 doctore
2461 3457 2703 3527 gentium
2735 3459 3107 3524 convenimus,
3161 3461 3400 3516 dicentes
3447 3479 3460 3512 :
3509 3458 3804 3532 Corripite

2203 3546 2493 3616 inquietos,
2518 3548 2872 3604 consulamini
2897 3549 3286 3621 pusillanimes,
3317 3551 3509 3619 arguite
3530 3564 3800 3617 peccan-

2203 3646 2303 3703 tes,
2318 3637 2598 3694 obsecrato
2628 3649 2928 3709 protervos,
2954 3649 3009 3696 et
3033 3641 3302 3712 increpate
3329 3641 3492 3708 inique
3517 3648 3798 3708 agentes,

2203 3741 2324 3781 cum
2355 3727 2500 3781 omni
2530 3728 2757 3797 imperio
2789 3727 2840 3796 (Ι
2871 3728 3049 3783 Thess.
3087 3729 3161 3801 v).
3196 3729 3355 3785 Vobis
3398 3741 3621 3796 namque
3675 3742 3804 3796 po-

2199 3816 2494 3888 pulusipse
2517 3818 2812 3890 sicutgrex
2859 3835 3039 3874 ovium
3091 3821 3303 3874 Domini
3349 3817 3653 3890 pastoribus
3710 3831 3808 3874 est

2198 3909 2550 3974 commissus;
2605 3918 2659 3963 et
2699 3909 2798 3963 nisi
2830 3925 2924 3966 eos
2955 3911 3026 3963 ita
3060 3923 3203 3964 nunc
3229 3908 3500 3979 temporali
3531 3909 3805 3977 increpa-

2201 3999 2347 4055 tione
2375 3999 2748 4065 correxeritis,
2775 4008 2833 4054 ut
2858 4000 3048 4068 spiritu
3081 4000 3210 4053 salvi
3238 4001 3346 4054 sint
3371 4000 3422 4052 in
3458 3998 3543 4052 die
3569 3997 3806 4054 Domini

2202 4091 2372 4146 nostri
2401 4089 2526 4145 Jesu
2564 4089 2786 4154 Christi,
2813 4092 3029 4162 sanguis
3056 4107 3244 4155 eorum
3286 4092 3352 4146 de
3376 4090 3568 4145 vestris
3594 4091 3807 4160 procul

2198 4183 2362 4237 dubio
2401 4182 2651 4238 manibus
2680 4183 3004 4251 requiretur.
3031 4181 3124 4238 Sin
3155 4193 3335 4238 autem
3375 4183 3526 4237 vobis
3570 4197 3807 4238 annm»

2200 4276 2457 4331 tiantibus
2485 4292 2590 4331 non
2622 4276 2946 4340 obedierint,
2996 4276 3096 4346 ipsi
3149 4277 3202 4330 in
3249 4277 3360 4330 suis
3406 4277 3807 4344 iniquitatibus

2197 4364 2465 4430 deficient,
2491 4381 2584 4420 vos
2612 4381 2737 4420 vero
2760 4365 2971 4420 animas
2994 4375 3209 4420 vestras
3233 4364 3520 4420 liberastis.
3550 4364 3808 4421 Pantol-

2200 4473 2263 4512 ea
2291 4475 2455 4513 unum
2491 4459 2643 4514 valde
2693 4459 2937 4514 illicitum
2966 4468 3022 4514 et
3053 4460 3386 4515 exsecrabile
3416 4458 3609 4513 malum
3649 4476 3808 4514 cono

509 4550 650 4605 sicut
679 4561 866 4620 pastor
897 4553 1082 4607 visitat
1109 4567 1326 4624 gregem
1371 4553 1575 4609 domini
1600 4555 1681 4610 sui
1708 4557 1806 4611 sibi
1831 4559 2091 4614 commis-
2118 4545 2177 4605 D
2201 4558 2282 4602 tra
2329 4552 2658 4606 venerabilia
2707 4560 3018 4606 sanctorum
3072 4550 3291 4605 Patrum
3318 4550 3531 4605 decreta
3561 4551 3806 4606 eosdem

509 4657 629 4697 sum
661 4644 744 4698 :si
790 4654 967 4702 tamen
1005 4646 1420 4716 cognoverimus
1457 4647 1785 4704 voluntatem
1833 4659 2090 4716 vestram,

507 4732 653 4804 quod
690 4742 930 4790 nostram
971 4737 1201 4806 cupiatis
1230 4737 1474 4806 recipere
1513 4737 1838 4810 legationem
1879 4748 1934 4796 et
1958 4757 2091 4813 apo-

505 4824 754 4881 stolicam
786 4825 1168 4883 visitationem.
1212 4827 1366 4896 Quod
1410 4829 1455 4883 si
1483 4829 1785 4896 volueritis,
1823 4845 1920 4900 per
1949 4831 2094 4887 hunc

503 4915 767 4972 Joannem
791 4919 1147 4973 venerabilem
1168 4921 1570 4990 presbyterum,
1595 4921 1802 4978 fidelem
1823 4931 2091 4989 nostrum,

505 5008 663 5064 nobis
700 5009 802 5063 sub
839 5007 1164 5064 certitudiue
1208 5009 1510 5065 litterarum
1547 5021 1847 5067 vestrarum
1878 5029 2095 5069 reman-

506 5099 636 5154 dare
672 5107 896 5160 curate.
954 5099 1304 5154 dilectissime
1356 5109 1518 5170 atque
1574 5103 1944 5159 amantissime
1999 5105 2094 5160 fili.

506 5189 860 5257 Omnipotens
893 5187 1055 5252 Deus,
1087 5189 1178 5257 qui
1205 5189 1356 5245 vobis
1391 5191 1533 5246 viam
1569 5193 1810 5247 veritatis
1838 5193 2096 5260 ostendit,

507 5291 560 5334 et.
599 5281 805 5336 lumine
845 5296 957 5335 sua:
990 5279 1256 5335 claritatis
1285 5295 1380 5335 cor
1420 5291 1661 5337 vestrum
1705 5283 1979 5339 illustrare
2019 5284 2098 5338 di-

501 5382 700 5446 gnatus
721 5382 807 5428 est
859 5388 1001 5428 Inuuc
1030 5379 1083 5426 et
1104 5386 1318 5428 semper
1341 5389 1463 5428 cum
1485 5374 1634 5430 omni
1656 5374 2015 5445 prosperitate
2037 5382 2092 5429 et

574 5541 600 5599 ξι
631 5528 688 5582 In
714 5529 844 5583 edit.
872 5528 1114 5599 Romana
1149 5528 1335 5587 titulus
1382 5530 1704 5599 depravatus
1733 5538 1846 5590 est,
1877 5537 1931 5584 et
1967 5544 2090 5584 cum

505 5597 860 5680 dubitaverim
886 5597 1158 5680 babheum
1190 5614 1285 5680 sua
1312 5597 1627 5680 conjectura.
1653 5601 1738 5654 hie
1764 5600 2087 5680 correxisse,

504 5681 612 5740 non
640 5683 704 5722 ex
737 5670 838 5722 fide
877 5669 1102 5735 alicujus
1150 5672 1374 5734 codicis,
1417 5671 1664 5740 ideoihic
1704 5678 1865 5740 prout
1893 5679 1980 5723 est
2036 5670 2089 5724 in

507 5735 750 5792 liomana
789 5743 1281 5810 reprzcsentandum
1336 5741 1465 5795 duxi
1495 5758 1508 5793 :
1538 5735 1992 5794 Rcreréndissimis
2038 5749 2088 5792 et

2199 4650 2406 4696 vestros
2437 4643 2795 4712 parochianos
2823 4643 3163 4698 committere
3188 4644 3453 4705 audimus,
3485 4642 3586 4695 hoc
3610 4654 3710 4697 est
3744 4653 3807 4698 ut

2200 4733 2343 4786 nulla
2380 4736 2592 4802 generis
2639 4735 3109 4805 consanguinitate
3150 4735 3436 4798 custodita,
3465 4731 3610 4786 nulla
3670 4752 3808 4806 pro-

2198 4823 2515 4894 pinquitatis
2543 4824 2820 4894 parentela
2848 4826 3164 4888 observata,
3214 4825 3580 4894 unusquisque
3630 4840 3809 4880 suam

2199 4918 2553 4987 propinquam
2583 4919 2634 4971 in
2679 4932 3005 4988 quocunque
3056 4916 3256 4972 fuerint
3309 4916 3496 4987 gradu,
3551 4917 3810 4985 accipiat

2201 5026 2443 5075 uxorem,
2473 5020 2632 5082 atque
2665 5012 2872 5067 incesto
2903 5020 2956 5065 et
2990 5010 3200 5066 nefario
3225 5025 3285 5065 se
3318 5008 3568 5077 conjugio
3615 5023 3811 5077 caput-

2191 5101 2324 5157 .lent.
2359 5103 2508 5170 Quod
2538 5102 2746 5156 licitum
2776 5101 2958 5158 facere
2985 5101 3306 5157 Christianis
3355 5115 3456 5152 non
3506 5105 3612 5163 cst,
3669 5101 3809 5152 dum

2198 5209 2371 5264 usque
2413 5209 2472 5249 se
2518 5195 2792 5262 generatio
2853 5194 3186 5263 cognoverit.
3249 5193 3399 5247 Unde
3450 5192 3809 5246 sanctissimi

2199 5286 2626 5356 przedecessores
2653 5286 2847 5351 nostri,
2871 5285 3178 5358 Stephanus
3207 5283 3478 5349 videlicet,
3514 5282 3816 5352 Eugenius

2199 5386 2361 5447 atque
2390 5377 2519 5443 Leo,
2550 5378 2792 5448 synodali
2838 5377 3059 5432 decreto
3106 5376 3209 5432 tale
3255 5375 3547 5430 nefandum
3594 5377 3811 5445 conju-

2198 5537 2540 5591 sunctissimis
2577 5538 2772 5592 Αἰναᾰο
2819 5538 3205 5608 archiepiscopo
3227 5580 3242 5601 ,
3271 5548 3319 5592 et
3367 5536 3640 5608 Inrolato_
3664 5537 3811 5593 Con-

2198 5608 2531 5688 vepienanna
2564 5610 2617 5662 in
2647 5609 2790 5663 Ardo
2839 5606 3148 5663 Couserano
3178 5609 3357 5665 Sarsto
3399 5609 3550 5662 nobis
3599 5606 3814 5665 Ormss'

2197 5693 2470 5748 epist-apis.
