4042 6302
214 411 327 469 8i5

1433 396 1790 456 EPIS’I‘OLIE
1834 398 1921 452 E'I'
1961 394 2300 456 DECRETA.

3376 404 3481 461 8‘8

218 524 370 594 gium
398 516 513 573 ﬁeri
540 516 953 587 prohibuerunt,
986 513 1268 568 dicentes:
1303 510 1375 565 Ut
1400 510 1801 573 consobrinam,
1834 513 1880 571 A
1909 513 2010 567 clis
2057 513 2306 567 eumdem
2368 510 2788 568 Nemausensem
2837 514 3147 585 episcopum
3201 519 3270 573 ad
3334 535 3481 576 com-

217 618 459 681 neptem,
491 620 798 670 novercam,
828 603 1013 659 fratris
1035 617 1280 668 uxorem,
1310 600 1392 661 vel
1422 602 1584 657 etiam
1618 615 1806 671 quam-

217 700 357 756 libet
378 699 445 754 de
471 697 689 769 propria
715 692 1065 767 cognatione,
1098 692 1277 748 nttllus
1306 701 1596 762 praesumat
1623 690 1723 744 sibi
1754 692 1806 744 in

213 789 473 863 coniugio
501 788 774 857 copulare,
823 787 949 855 quia
997 786 1257 856 scriptum
1310 795 1393 839 est
1440 784 1492 837 in
1544 784 1659 854 h-ge
1697 782 1805 836 Do-

218 880 402 935 mini:
437 877 832 948 Turpitudinem
874 876 1056 931 uxoris
1105 875 1273 946 patris
1325 874 1425 937 tui,
1470 873 1575 926 sive
1628 873 1809 925 uxoris

215 970 407 1042 fratris
430 970 528 1033 tui,
555 977 709 1033 alque
737 966 934 1019 sororis
962 975 1068 1020 tua:
1098 980 1202 1020 non
1226 962 1477 1017 reuelabis
1498 976 1516 1014 :
1540 962 1810 1032 turpitudo

214 1063 360 1117 enim
384 1071 474 1114 tua
496 1069 569 1114 est
591 1057 774 1130 (Leuit.
795 1057 972 1128 xvnt).
996 1056 1064 1112 Et
1086 1056 1130 1111 si
1153 1054 1294 1111 Deus
1318 1054 1586 1109 Ichraico
1606 1050 1806 1123 populo

216 1161 351 1209 ante
376 1152 803 1208 incarnationem
829 1148 1090 1219 unigeniti
1143 1146 1266 1201 Filii
1293 1145 1377 1201 sui
1402 1146 1519 1200 haec
1545 1145 1808 1200 servanda

217 1242 526 1307 mandavit,
557 1249 759 1312 quanto
796 1240 1029 1309 amplius
1054 1254 1174 1303 nos,
1204 1237 1295 1308 qui
1332 1236 1654 1292 Christianae
1687 1234 1812 1290 reli-

216 1337 400 1409 gionis
422 1337 745 1391 documenta
774 1341 1038 1397 tenemus,
1067 1334 1137 1389 ab
1165 1332 1367 1387 illicitis
1393 1330 1681 1388 cunnubiis
1721 1331 1815 1385 ob—

218 1441 444 1483 servare
472 1424 751 1487 debemus,
801 1439 867 1478 ne
916 1421 1148 1477 deincrsi
1200 1423 1252 1476 in
1310 1422 1625 1501 voraginem
1673 1420 1812 1492 ignis

218 1516 414 1573 aeterni
440 1528 852 1570 concrememur
881 1511 1166 1568 inccndio?
1204 1510 1261 1567 Si
1306 1512 1429 1580 quis
1469 1526 1601 1566 vero
1629 1510 1682 1564 in
1710 1510 1810 1567 hoc

220 1606 434 1663 nefario
477 1602 727 1676 coniugio
756 1604 1008 1660 inventus
1036 1604 1089 1658 in
1117 1617 1531 1673 eopermanere
1557 1602 1808 1667 voluerit,

223 1705 325 1753 aut
346 1712 490 1753 nunc
514 1698 583 1753 ab
602 1711 776 1753 uxore
805 1695 1012 1751 solutus
1033 1696 1138 1753 hoc
1164 1710 1325 1766 agere
1351 1695 1658 1762 tentaverit,
1673 1696 1812 1752 sciat

222 1793 639 1852 seauctoritate
683 1792 980 1862 apostolica
1029 1792 1389 1847 anathematis
1433 1790 1650 1857 vinculo
1692 1805 1812 1847 esse

1910 617 2070 659 mune
2095 603 2419 672 colloquium
2446 603 2778 670 convocatis,
2820 614 2874 663 et
2909 619 2977 660 ex
3018 608 3341 665 auctoritate
3378 624 3480 669 nov

1908 703 2019 746 stra
2050 694 2379 748 conveniatis
2417 703 2476 748 ut
2517 697 2585 750 ab
2611 696 2758 751 omni
2788 695 3064 753 invasione
3087 698 3255 769 ipsius
3297 716 3486 759 mona-

1910 783 2061 838 sterii
2109 790 2216 838 tam
2248 799 2306 839 se
2347 800 2507 855 quam
2538 800 2667 843 suos
2691 797 2982 853 removeat,
3021 798 3077 844 et
3116 790 3345 847 ulterius
3384 808 3484 850 nec

1912 890 2001 930 res
2044 876 2198 946 ejus,
2246 891 2347 931 nec
2393 879 2689 934 monachos
2736 878 2847 934 illic
2886 881 3111 935 Domino
3155 881 3487 937 famulantes

1912 964 2201 1020 molestare
2231 976 2545 1036 praesumat.
2581 968 2735 1037 Quod
2761 970 2805 1024 si
2831 972 2945 1040 ipse
2968 972 3129 1026 surda
3159 988 3312 1039 aure,
3338 978 3486 1045 quod

1912 1056 2075 1119 absit,
2119 1072 2216 1125 per
2244 1073 2339 1113 vos
2368 1061 2569 1113 monita
2610 1068 2794 1115 nostra
2822 1062 3077 1128 audierit,
3104 1070 3231 1119 tunc
3278 1081 3349 1121 ex
3393 1078 3489 1121 au-

1912 1150 2164 1204 ctoritate
2200 1151 2342 1207 beati
2390 1150 2534 1207 Petri
2573 1156 2837 1225 apostoli,
2884 1158 2971 1212 cui
3020 1156 3163 1212 idem
3212 1168 3486 1215 monaste—

1913 1239 2051 1293 rium
2089 1241 2346 1309 pertinet,
2395 1242 2553 1297 simul
2594 1253 2646 1299 et
2695 1253 2899 1312 nostra,
2938 1246 3085 1302 illum
3116 1265 3145 1303 a
3179 1249 3486 1306 ministerio

1911 1332 2229 1387 sacerdotali
2279 1336 2799 1391 excommunicando
2849 1339 3148 1410 suspende,
3206 1355 3487 1413 quousque

1913 1422 2041 1477 dum
2089 1431 2183 1477 aut
2221 1424 2288 1478 ab
2340 1424 2454 1493 ipsa
2491 1425 2767 1482 iuvasione
2802 1442 2861 1482 se
2905 1431 3227 1496 subtrahat,
3284 1441 3381 1487 aut
3419 1434 3487 1487 ad

1913 1511 2095 1566 sedem
2159 1513 2509 1581 apostolicam
2579 1516 2663 1570 vel
2721 1517 2791 1571 ad
2849 1528 3087 1574 nostram
3138 1522 3484 1591 praesentiam

1914 1602 2070 1657 nobis
2094 1598 2469 1660 satisfacturus
2505 1616 2774 1662 occurrat.
2806 1609 2946 1680 Agat
2991 1610 3044 1664 in
3072 1611 3157 1665 his
3186 1612 3485 1667 sanctim-

1916 1693 2006 1749 nia
2036 1702 2129 1749 tua
2149 1695 2288 1751 sicut
2316 1694 2459 1752 illam
2485 1712 2646 1769 agere
2670 1699 2826 1756 decet
2853 1709 2913 1755 ut
2939 1709 2996 1756 et
3032 1717 3132 1757 nos
3160 1701 3270 1758 Deo
3298 1702 3487 1759 laudes

1915 1792 1973 1838 et
2000 1784 2095 1841 tibi
2125 1787 2330 1855 gratias
2362 1787 2685 1845 referamus.
2730 1791 2863 1847 Data
2905 1808 3038 1847 mn
3068 1793 3186 1848 Kal.
3215 1792 3368 1859 Iulii,
3401 1793 3490 1849 in-

225 1885 567 1951 innodatum,
594 1892 650 1939 et
680 1851 858 1939 nullus
884 1884 1139 1939 sacerdos
1164 1882 1240 1938 illi
1262 1883 1461 1937 tribuat
1479 1851 1813 1937 communio-
1840 1851 1889 1911 Β
1915 1851 2152 1931 dictione
2174 1891 2272 1931 xu.

227 1993 351 2034 nem
376 1996 391 2031 :
420 1987 475 2033 et
500 1978 544 2033 si
575 1976 867 2031 inclinatus
896 1976 965 2031 ab
990 1975 1179 2031 illicita
1219 1990 1279 2031 se
1308 1974 1498 2046 copula
1544 1974 1812 2040 diviserit,

226 2067 558 2138 poenitentiae
580 2066 986 2130 submittantur,
1018 2075 1078 2121 ut
1099 2066 1354 2121 sacerdos
1371 2065 1474 2121 loci
1502 2065 1816 2121 considera-

225 2156 388 2211 verit.
416 2155 530 2211 Hoc
553 2155 717 2209 etiam
740 2169 864 2209 cum
896 2154 1002 2210 illis
1033 2154 1238 2224 pariter
1257 2153 1511 2224 iubemus
1537 2162 1599 2208 ut
1634 2154 1816 2209 nullus

226 2247 502 2317 prepriam
530 2246 1065 2316 relinquatuxoreiu,
1091 2253 1149 2301 et
1188 2246 1279 2300 illa
1323 2246 1538 2301 vivente
1586 2244 1814 2300 alteram

130 2350 135 2353 ·
227 2332 334 2392 sibi
358 2336 567 2391 sociare
594 2345 914 2406 praesumat;
972 2351 1075 2391 nec
1123 2335 1287 2392 liceat
1328 2336 1379 2390 ei
1426 2349 1535 2390 uno
1572 2324 1815 2405 tempore

228 2427 364 2483 duas
395 2425 595 2485 habere
623 2440 824 2483 uxores
852 2441 1146 2482 uxoremve
1172 2435 1229 2481 et.
1251 2425 1632 2482 concubinam.
1653 2424 1817 2482 Jube-

227 2529 351 2577 mus
389 2518 553 2577 etiam
598 2526 661 2572 ut
707 2516 839 2571 nulli
887 2517 1231 2573 sacerdotum
1270 2516 1509 2587 nullique
1555 2515 1814 2572 laicormn

226 2605 391 2662 liceat
421 2620 508 2662 res
540 2605 843 2661 immobiles
871 2605 971 2661 sub
1000 2605 1239 2674 qualibet
1268 2605 1552 2661 occasione
1572 2620 1607 2660 a
1634 2605 1736 2676 piis
1761 2615 1818 2659 et

227 2682 631 2751 venerabilibus
672 2694 807 2750 locis
866 2693 1190 2750 subtrahere
1240 2702 1293 2750 et
1345 2695 1401 2750 in
1450 2695 1670 2764 proprio
1714 2708 1815 2748 usu

229 2790 450 2846 habere.
478 2789 579 2857 Qui
615 2804 743 2844 vero
770 2789 1199 2860 praesumpserit,
1226 2788 1506 2844 canonicis
1535 2784 1818 2855 subiaceat

227 2880 675 2936 correctionibus.
703 2879 1003 2935 Statuimus
1031 2880 1196 2935 etiam
1223 2887 1284 2934 ut
1299 2893 1490 2934 omnes
1509 2877 1814 2951 presbyteri

152 3008 155 3009 ν
227 2978 286 3026 et
309 2970 492 3026 clerici
519 2972 618 3026 sub
644 2969 845 3041 proprii
889 2976 1156 3040 potestate
1203 2967 1508 3024 consistant
1553 2967 1813 3037 episcopi,

226 3069 289 3118 et
333 3061 465 3116 nihil
530 3061 648 3117 sine
703 3061 873 3132 ipsius
923 3061 1253 3116 conscientia
1278 3068 1490 3131 gerant,
1520 3060 1815 3116 secundum

230 3155 474 3226 regulam
499 3170 529 3209 a
555 3154 805 3209 Patribus
831 3154 1204 3209 constitutam.
1235 3153 1291 3208 Si
1329 3153 1452 3223 quis
1480 3167 1612 3209 sane
1637 3167 1817 3207 sacer-

231 3247 418 3302 dotum
444 3254 538 3299 aut
561 3244 882 3300 clericorum
920 3243 1079 3297 aliter
1121 3257 1281 3313 agere
1325 3240 1752 3312 praesumpserit,
1786 3257 1817 3296 a

229 3350 333 3391 suo
358 3334 615 3390 canonice
638 3334 994 3404 redarguatur
1015 3332 1304 3404 episcopo:
1364 3317 1535 3387 laicus
1579 3346 1813 3402 quoque,

230 3427 280 3482 si
314 3426 382 3481 de
400 3432 664 3496 potestate
692 3424 928 3495 episcopi
959 3423 1214 3479 clericum
1261 3422 1557 3491 quemlibet
1602 3423 1818 3478 subtra-

231 3518 365 3571 here
404 3516 835 3586 praesumpserit,
867 3513 1365 3570 excommunicatus
1404 3511 1621 3567 existat.
1668 3512 1813 3580 Haec,

230 3607 428 3663 fratres
454 3606 781 3672 charissimi,
806 3619 907 3677 pro
934 3613 1116 3661 vestra
1143 3603 1532 3674 supplicatione
1564 3610 1624 3659 et
1647 3604 1818 3660 hono-

220 3698 498 3755 'riﬂcentia
525 3700 581 3755 in
602 3699 977 3754 auctoritatem
999 3696 1240 3751 habenda
1259 3694 1646 3766 descripsimus
1665 3695 1818 3751 vobis

226 3800 499 3863 quatenus
522 3794 610 3848 his
637 3801 836 3849 nostrae
863 3789 1264 3848 constitutionis
1291 3788 1482 3843 muniti
1511 3788 1812 3859 praeceptis,

231 3883 393 3957 digna
415 3885 526 3940 Deo
548 3893 732 3940 nostro
761 3884 980 3955 possitis
1008 3882 1272 3938 securiter
1298 3879 1511 3934 deferre
1556 3878 1814 3949 obsequia

231 3976 551 4046 debitasque
577 3974 884 4045 persolvere
914 3972 1120 4028 laudes.
1156 3970 1420 4041 Optamus
1469 3969 1814 4025 sanctitatem

230 4076 470 4126 vestram
506 4067 560 4121 in
587 4067 806 4123 Christo
830 4066 966 4123 bene
994 4064 1196 4119 valere.
1243 4063 1375 4117 Data
1412 4059 1592 4116 Idibus
1616 4057 1811 4126 Juniis,

235 4160 527 4217 indictione
553 4175 651 4214 xu.

862 4245 1185 4304 CCXXXIII.

649 4357 717 4397 AD
756 4354 1069 4396 ROS‘I'AGNUII
1115 4355 1187 4395 ΕΤ
1225 4353 1394 4394 Λιῐοε.

692 4432 909 4505 Fragm.
943 4462 1011 4472 -—
1039 4430 1160 4504 (An.
1193 4431 1354 4503 879.)

2533 1970 2859 2027 CCXXXIV.

2310 2074 2378 2113 AD
2412 2075 2772 2118 SALONI'I'AN’OS
2808 2080 3083 2120 CLEBICOS.

2515 2173 2690 2244 (Anno
2730 2175 2880 2246 879.)

1917 2278 2175 2356 Honet‘ut
2201 2284 2269 2340 ad
2292 2285 2543 2355 gremium
2574 2285 2821 2341 Humana?
2848 2287 3098 2342 Ecclesia:
3132 2298 3490 2356 revertantur;
3534 2264 3539 2275 |

1983 2365 2031 2408 et
2064 2353 2260 2426 electus
2294 2353 2361 2409 ab
2402 2358 2475 2409 eis
2517 2356 2933 2426 archiepiscopus
2974 2360 3411 2413 consecrationem
3438 2353 3492 2414 et
3526 2362 3529 2365 ’

1982 2424 2202 2499 pallium
2232 2443 2265 2480 a
2287 2442 2361 2499 se,
2379 2436 2449 2499 Aet
2488 2442 2590 2499 non
2621 2425 2684 2479 ab
2713 2426 2820 2499 alio
2838 2424 3075 2499 accipiat
3096 2441 3114 2480 :
3137 2438 3294 2499 atque
3321 2428 3491 2499 legato

1981 2494 2224 2565 quadam
2253 2496 2417 2551 verbis
2436 2495 2671 2551 relaturo
2694 2495 2853 2565 ﬁdem
2879 2494 3179 2553 adhibeant.

1984 2603 2472 2661 Reverendissimis
2501 2615 2556 2661 et
2605 2607 2962 2663 sanctissimis
2997 2607 3266 2678 episcopis
3289 2607 3483 2664 Vrum

1914 2695 2169 2759 Adransi,
2207 2697 2471 2752 Donrstco
2515 2698 2827 2763 Absarensi,
2860 2699 3181 2768 cmterisque
3222 2699 3495 2769 episcopis

1916 2787 2254 2854 Dalmatinis,
2284 2803 2377 2844 seu
2403 2788 2592 2844 Josxst
2629 2790 3098 2862 archipresbytero
3129 2796 3332 2845 sancta:
3352 2790 3496 2845 sedis

1916 2878 2264 2943 Saldnitanaa,
2303 2880 2661 2951 omnibusque
2696 2880 3067 2936 sacerdotibus
3103 2889 3158 2935 et
3194 2880 3524 2936 senioribus

1915 2970 2096 3041 populi
2155 2971 2550 3026 habitatoribus
2611 2971 2944 3041 Spalateusis
2996 2971 3267 3038 civitatis,
3334 2982 3498 3041 atque

1916 3062 2264 3127 Zadarensis,
2293 3072 2722 3134 cantet-aramque
2746 3064 3046 3120 civitatum.
3520 3064 3527 3065 ί

1990 3151 2251 3208 Pastorali
2285 3155 2645 3210 sollicitudine
2670 3156 2823 3220 moti,
2846 3171 2943 3210 vos
2977 3156 3131 3224 quasi
3157 3170 3285 3211 oves
3318 3156 3497 3211 Domi-

1922 3244 2070 3298 nicas
2120 3244 2276 3299 nobis
2316 3244 2369 3299 in
2410 3245 2570 3300 beato
2627 3242 2788 3300 Petro
2839 3248 3205 3315 apostolorum
3255 3246 3497 3318 principe

1918 3335 2262 3400 commissas,
2313 3335 2527 3390 dicente
2575 3336 2803 3391 Domino
2832 3354 2845 3390 :
2873 3336 2933 3392 Si
2959 3338 3135 3407 diligis
3162 3354 3265 3401 me,
3308 3338 3494 3393 Simon

1919 3426 2092 3489 Petra,
2124 3443 2278 3498 pasce
2308 3444 2424 3482 oves
2447 3444 2587 3483 meas
2609 3427 2795 3499 (Joan.
2835 3430 2972 3500 xxi),
3004 3428 3129 3484 licet
3152 3444 3252 3499 pro
3280 3429 3527 3485 assidua‘

1917 3518 2157 3587 gentium
2210 3518 2584 3589 persecutione
2637 3530 2783 3574 nunc
2846 3533 3017 3589 usque
3078 3518 3354 3590 impediti,
3411 3519 3497 3573 his

1919 3611 2079 3666 modo
2108 3611 2438 3680 apostolatus
2464 3612 2636 3666 nostri
2680 3611 2876 3666 litteris
2906 3612 3127 3667 visitare
3163 3610 3497 3675 curavimus,

1917 3699 2270 3755 admonentes
2296 3697 2693 3756 fraternitatem
2724 3711 2960 3757 vestram
2985 3710 3064 3763 ut,
3096 3714 3245 3758 more
3266 3715 3498 3771 prteces-

1917 3803 2097 3843 sorum
2117 3797 2443 3855 vestrorum,
2469 3790 2537 3844 ad
2563 3785 2743 3845 sedem
2766 3791 2908 3846 beati
2932 3790 3076 3846 Petri
3101 3791 3348 3861 apostoli,
3379 3806 3500 3860 quas
3526 3816 3531 3823 ι

1917 3886 2078 3948 caput
2106 3888 2161 3932 et
2195 3879 2451 3949 magistra
2488 3888 2572 3934 est
2611 3881 2849 3936 omnium
2882 3881 3249 3937 Ecclesiarum
3294 3880 3412 3946 Dei,
3441 3888 3527 3936 et.

1918 3970 1984 4024 ad
2020 3984 2138 4032 nos,
2195 3969 2286 4039 qui
2333 3967 2384 4024 ei
2437 3970 2695 4025 divinitus
2727 3971 3115 4041 prmsidemus,
3165 3980 3277 4027 toto
3317 3972 3500 4026 animo

1916 4059 2214 4128 libentique
2237 4059 2519 4115 voluntate
2548 4060 2742 4115 reverti
2772 4060 3055 4125 studeatis,
3084 4069 3349 4130 quatenus
3373 4059 3530 4115 indev

1912 4151 2113 4208 summi
2148 4154 2407 4208 honorem
2452 4152 2764 4218 sacerdotii,
2806 4153 2975 4209 totius
3017 4151 3378 4210 institutionis
3396 4164 3493 4208 ee-

1915 4244 2236 4302 clesiastica:
2269 4245 2500 4300 formam
2539 4247 2787 4312 sumatis,
2822 4248 2966 4302 unde
2986 4256 3241 4318 parentes
3265 4261 3328 4302 ac
3355 4261 3502 4318 pra:-

1919 4352 2165 4395 cessores
2201 4346 2412 4393 vestros
2455 4336 2706 4392 mellitlua
2752 4348 2956 4394 sanctas
3002 4341 3404 4409 pmdicationis
3439 4351 3517 4395 et

1919 4427 2179 4484 doctrinae
2219 4427 2525 4499 apostolicae
2549 4436 2766 4497 potasse
2802 4428 3000 4483 fluenta
3027 4429 3286 4484 recolitis.
3315 4428 3502 4483 Remi-

305 4522 593 4580 ROSTAGNO
613 4524 1017 4593 archiepiscOpo
1042 4521 1369 4588 Arelatensi,
1394 4519 1687 4576 SIGIBOLDO
1721 4534 1895 4606 ειν-,1)
1917 4518 2053 4574 uisci
2099 4532 2332 4590 namque
2374 4519 2583 4574 debetis
2631 4527 2831 4589 quanta
2874 4518 3095 4575 eosdem
3141 4532 3525 4587 praecessores

233 4612 581 4683 chiepiscopo
625 4611 977 4678 Narbonensi,
1011 4621 1065 4665 et
1108 4609 1361 4665 Rosea-ro
1403 4608 1813 4680 archiepiscopo

233 4703 498 4773 Aquensi,
527 4718 554 4756 a
577 4702 817 4773 paribus.

310 4794 597 4851 Veracium
644 4794 904 4849 relatione
953 4792 1316 4864 comperimus
1360 4790 1664 4847 Gilbertum
1714 4791 1816 4847 Nec

235 4899 579 4940 mauseusem
608 4883 963 4940 venerabilem
991 4884 1323 4954 episcopum,
1363 4882 1508 4952 quod
1543 4882 1815 4952 quoddam

234 4975 627 5029 monasterium
659 4982 901 5029 nostrum
935 4974 1078 5043 quod
1128 4988 1291 5043 super
1322 4974 1573 5029 eumdem
1605 4971 1816 5041 episcoo

234 5083 366 5140 pum
389 5066 794 5135 acquisivimus,
836 5066 951 5136 ipse
990 5062 1264 5120 Gilbertus
1294 5073 1494 5119 temere
1529 5063 1811 5129 invaserit,

233 5165 571 5224 cunctasque
597 5168 684 5210 res
710 5155 879 5226 ipsius
925 5153 1238 5208 monasterii
1279 5167 1377 5222 per
1402 5166 1529 5209 suos
1564 5152 1817 5208 homines

234 5246 597 5311 distribuerit,
651 5257 706 5302 et
734 5247 875 5301 illius
915 5243 1209 5299 monachos
1237 5244 1362 5299 inde
1390 5251 1580 5299 contra
1629 5256 1817 5299 sacras

239 5341 456 5413 regulas
503 5340 725 5394 omnino
768 5337 1056 5408 expulerit.
1094 5335 1247 5403 Quod
1281 5344 1484 5391 tantum
1517 5335 1675 5392 nobis
1701 5336 1828 5392 dis-v

233 5431 466 5503 plicuit,
514 5441 808 5500 quantum,
865 5431 1007 5485 sicut
1061 5430 1176 5498 ipse
1230 5428 1510 5483 nobiscum
1557 5427 1812 5492 advertis,

232 5521 447 5578 εθιεαιι
492 5521 792 5576 reverentia
839 5520 1272 5576 venerandorum
1314 5533 1579 5573 canonum
1624 5527 1815 5573 contra

229 5612 581 5685 privilegium
616 5613 927 5683 apostolica:
954 5611 1099 5668 sedis
1123 5625 1249 5666 eum
1273 5608 1466 5666 fecisse
1499 5623 1605 5663 non
1645 5609 1818 5665 ambi-

232 5705 345 5777 gis.
389 5704 729 5776 Quapropter
768 5703 1098 5760 fraternitati
1130 5710 1236 5757 tua;
1273 5700 1562 5772 dirigimus
1598 5709 1659 5755 ut
1700 5700 1850 5774 vicet,

231 5805 424 5856 nostra
462 5810 585 5855 cum
617 5797 985 5857 confratribus
1019 5805 1076 5854 et
1101 5796 1437 5869 coepiscopis
1465 5795 1666 5851 nostris
1683 5792 1816 5867 juno

1917 4617 2131 4665 vestros
2143 4623 2402 4680 prospera
2421 4608 2824 4664 evidentissime
2839 4609 3258 4675 comitabantur,
3283 4608 3528 4679 quando:

1917 4697 1984 4752 ad
2019 4696 2203 4753 limina
2245 4696 2391 4753 Petri
2420 4697 2660 4753 ctelestis
2702 4697 2851 4768 regni
2882 4697 3139 4768 clavigeri
3175 4699 3372 4755 devoto
3405 4714 3521 4771 pem

1917 4798 2066 4844 ctare
2086 4788 2238 4858 quasi
2265 4788 2470 4859 proprii
2502 4786 2596 4841 ﬁlii
2624 4787 3002 4855 conﬂuebant;
3031 4799 3086 4844 et
3119 4799 3322 4860 qutmts
3349 4800 3523 4860 βοαὶ-ι’
3565 4824 3586 4861 ;Δ

1917 4880 2135 4934 modum
2164 4894 2306 4934 nunc
2328 4893 2497 4949 usque
2528 4879 2895 4934 sustinueritis
2921 4880 3166 4945 adversa,
3197 4896 3320 4936 cum
3343 4880 3415 4934 ab
3432 4893 3525 4934 ea-

1921 4985 2018 5026 vos
2044 4970 2200 5042 quasi
2242 4971 2447 5025 alienos
2494 4984 2746 5040 separare
2775 4986 2881 5024 non
2921 4971 3229 5027 dubitastis.
3257 4970 3521 5038 Quapro--

1919 5072 2042 5134 pter
2070 5077 2167 5118 vos
2211 5061 2505 5133 plurimum
2545 5061 2850 5133 diligentes,
2893 5077 3000 5117 non
3028 5077 3090 5116 ea
3132 5073 3253 5129 qua:
3289 5068 3543 5137 vestra...

1921 5155 2015 5212 sed
2065 5170 2163 5210 vos
2192 5162 2525 5223 quaerentes,
2574 5163 2799 5223 paterna
2847 5151 3179 5220 benignitate
3215 5163 3501 5205 monemus

1922 5257 2084 5316 atque
2131 5245 2413 5300 hortamur
2463 5252 2545 5307 ut,
2595 5244 2742 5300 sicut
2795 5243 3053 5307 diximus,
3108 5240 3175 5295 ad
3226 5241 3496 5311 gremium

1922 5344 2122 5391 sancte
2183 5334 2442 5391 Romanae
2503 5335 2765 5390 Ecclesiae
2817 5334 3007 5388 matris
3069 5340 3267 5387 vestrae
3317 5330 3519 5386 redire.

1921 5436 2148 5483 ovanter
2175 5426 2486 5490 attendatis,
2516 5434 2579 5481 ut
2620 5425 2826 5481 electus
2853 5440 2884 5479 a
2913 5423 3066 5479 vobis
3105 5420 3369 5478 canonice
3408 5435 3498 5476 ar—

1922 5518 2297 5588 chiepiscopus
2333 5532 2437 5571 una
2466 5531 2591 5572 eum
2621 5524 2805 5571 vestro
2841 5514 3082 5569 omnium
3123 5524 3411 5575 consensu,
3441 5516 3499 5564 et

1920 5610 2200 5665 voluntate
2231 5607 2297 5662 ad
2343 5623 2441 5663 nos
2470 5606 2694 5663 veniens
2712 5605 2940 5676 gratiam
2968 5601 3291 5675 episcopalis
3314 5612 3509 5655 consum

1923 5702 2187 5759 erationis
2215 5713 2541 5770 sacrumque
2578 5697 2802 5769 pallium
2830 5712 2862 5752 a
2896 5697 3053 5752 nobis
3076 5709 3231 5752 more
3267 5691 3513 5764 pristino-

1924 5793 2302 5851 incunctautc‘r
2322 5790 2603 5862 percipiat,
2637 5798 2698 5845 ut
2731 5789 2962 5861 gratiam
2988 5796 3045 5844 ct
3066 5785 3511 5847 bwetﬁctiouem.
