4042 6302
487 377 588 432 847
612 413 627 417 -

1817 364 2099 424 JOANNIS
2138 365 2337 423 ΡΑΡᾹΞ
2377 366 2490 422 V-lil

3651 362 3763 416 εδδ

490 490 547 542 S.
593 488 743 542 Petri
792 502 857 541 ac
914 494 1154 541 nostram
1209 485 1488 548 habentes,
1543 496 1574 535 a
1617 479 1776 534 malis
1815 477 2072 533 omnibus
2098 479 2144 538 Α
2173 479 2346 532 cando
2373 480 2658 547 suspende,
2707 493 2988 549 quousque
3027 479 3172 534 dum,
3201 487 3294 531 aut
3335 478 3404 533 ab
3452 477 3567 547 ipsa
3608 477 3764 529 inva-

489 579 667 642 liberi,
695 586 751 633 et
778 577 933 631 bonis
958 575 1226 630 universis
1275 574 1487 644 repleti,
1519 581 1574 627 et
1594 572 1686 626 hic
1725 571 1777 623 in
1813 567 2067 640 praesenti

488 669 684 723 smequ
732 668 1033 738 gaudeatis,
1078 677 1132 721 ct
1183 666 1235 719 iu
1280 666 1459 719 futuro
1513 679 1636 719 cum
1682 662 1914 717 Domino
1954 659 2070 714 sine

490 759 597 814 line
626 745 995 828 procul—dubio
1015 755 1312 810 cvsultetis.
1341 754 1510 808 Porro
1539 754 1583 807 si
1606 752 1805 822 aliquid
1829 752 1894 805 de
1920 757 2072 819 parte

487 847 801 902 Griecorum
823 844 904 899 vel
933 843 1248 899 Sclavorum
1275 858 1437 912 super
1460 852 1639 896 vestra
1675 841 1741 895 ad
1769 855 1865 894 nos
1893 853 2073 893 rever-

489 941 639 996 sione
683 937 770 993 vcl
813 937 1221 992 consecratione
1267 943 1360 988 aut
1407 935 1474 988 de
1525 933 1669 1003 pallii
1728 930 2074 1002 perceptione

490 1029 768 1094 dubitatis,
808 1028 1001 1082 scitote
1045 1042 1144 1096 pro
1174 1036 1328 1081 certo
1355 1025 1610 1095 quoniam
1643 1039 1743 1078 nos
1778 1023 2074 1078 secundum

489 1127 799 1176 sanctorum
837 1117 1056 1172 Patrum
1087 1119 1541 1184 decessorumque
1570 1123 1875 1170 nostrorum
1905 1112 2078 1182 ponti-

490 1211 650 1267 ﬁcum
693 1219 892 1264 statuta
941 1225 1038 1264 vos
1083 1209 1339 1279 adjuvare
1388 1207 1709 1262 auctoritate
1743 1205 2072 1260 curabimus.

491 1301 662 1379 Quod.
675 1304 718 1358 si
758 1303 896 1357 forte
927 1302 1068 1356 hanc
1099 1309 1338 1356 nostram
1376 1297 1724 1368 apostolicam
1755 1294 2079 1350 admonitio-

491 1417 638 1464 nem,
672 1401 781 1454 imo
810 1399 1124 1453 canonicam
1165 1396 1608 1465 prmceptioncm,
1651 1408 1748 1461 pro
1777 1390 1951 1446 nihilo
1981 1390 2078 1444 dn-

492 1502 700 1557 centes,
761 1491 829 1546 ad
879 1491 1062 1544 sedem
1117 1487 1464 1557 apostolicam
1515 1486 1772 1539 Romana:
1823 1481 2078 1537 Ecclesia

493 1586 695 1650 redire,
728 1593 784 1639 et
813 1583 936 1639 inde
961 1581 1259 1637 secundum
1287 1577 1562 1647 antiquam
1594 1590 1857 1636 normam,
1886 1587 2077 1628 conse-

493 1675 792 1730 crationem
833 1670 1196 1743 episcopalem
1225 1669 1549 1736 sacrumque
1581 1665 1803 1736 pallium
1835 1663 2078 1733 recipere

493 1766 950 1838 contempseritis,
987 1764 1133 1821 omni
1162 1760 1526 1818 ecclesiastica
1567 1775 1666 1815 vos
1694 1756 2074 1814 communione

2175 571 2325 626 sione
2357 585 2414 626 se
2437 571 2740 635 subtrahat,
2775 579 2865 624 aut
2890 571 2955 623 'ad
2985 571 3172 625 sedem
3195 570 3546 640 apostolicam
3577 569 3663 622 vel
3695 571 3764 622 ad

2174 670 2415 716 nostram
2455 661 2800 730 przesentiam
2852 661 3006 728 nobis
3052 661 3434 716 satisfacturus
3482 666 3761 712 occurrat.

2173 756 2312 824 Agat
2353 753 2406 806 in
2433 752 2518 806 his
2545 752 2900 808 sanctimonia
2933 761 3020 805 tua
3049 753 3190 806 sicut
3215 752 3359 818 illam
3389 765 3553 821 agere
3582 749 3763 810 decet,

2175 855 2232 897 ut
2262 855 2316 899 et
2346 860 2443 899 nos
2474 845 2580 898 Deo
2612 845 2798 898 laudes
2826 853 2881 898 et
2911 844 3004 898 tibi
3049 845 3250 915 gratias
3277 843 3599 896 referamus.
3631 838 3766 890 Data

2177 952 2308 990 xvm
2334 937 2557 991 Kalend.
2593 937 2781 1001 Julias,
2823 937 3007 992 indict.
3039 952 3138 990 xu.

2808 1041 3136 1096 CCXXX“.

2447 1141 2512 1177 AD
2555 1137 2857 1178 IlCliAELEM
2898 1137 3071 1175 REGE)!
3112 1134 3488 1174 BULGABORUII.

2794 1212 2972 1281 (Anno
3007 1211 3157 1281 879.)

2181 1304 2258 1358 De
2281 1303 2536 1373 legatione
2575 1320 2636 1356 ac
2678 1301 2979 1373 muneribus
3008 1301 3180 1373 missis
3217 1302 3418 1373 gratius
3452 1300 3559 1368 agit
3589 1316 3609 1350 .'
3633 1298 3768 1349 dolet

2248 1369 2366 1426 eunt
2395 1373 2642 1442 defecisse
2672 1374 2735 1425 ab
2769 1372 3002 1442 Ecclesia
3028 1371 3286 1442 Romanu,
3317 1369 3386 1422 ad
3413 1384 3571 1438 quam
3600 1375 3766 1442 mouet

2251 1454 2304 1495 ut
2332 1437 2653 1508 revertatur;
2675 1441 2898 1494 ostendit
2934 1438 3143 1494 (ἔνατος
3180 1437 3535 1508 Bulgarorum
3580 1437 3766 1489 dioece-

2251 1514 2382 1636 zimc,
2435 1529 2552 1565 cum
2594 1512 2660 1566 sit
2704 1510 2927 1566 Romani
2973 1509 3267 1580 pontiﬁcis,
3316 1518 3498 1561 cutura
3545 1522 3770 1559 canones

2287 1594 2502 1636 etmere.

2287 1586 2502 1636 etinere.

2252 1675 2458 1729 Dilecto
2513 1689 2578 1729 ac
2625 1673 2851 1744 spiritali
2907 1671 3017 1727 ﬁlio
3065 1671 3332 1727 MICBAELI
3380 1669 3624 1741 glorioso
3661 1665 3767 1740 regi

2182 1765 2558 1837 Bulgarorum.
2597 1790 2600 1792 ·

499 1861 693 1915 scitote
736 1858 952 1928 penitus
1008 1851 1576 1910 excommunicandos.
1623 1849 1846 1903 Interim
1899 1855 2078 1900 tamen
2114 1827 2156 1884 Β
2256 1857 2447 1910 Multas
2490 1856 2651 1926 regia;
2699 1855 3031 1910 excellentia;
3062 1865 3255 1910 vestrae
3301 1854 3510 1924 gratias
3537 1851 3762 1922 agimus,

496 1947 819 2003 auctoritate
863 1946 957 1999 Dei
987 1952 1058 1999 et
1081 1941 1254 1998 sancti
1285 1940 1429 1996 Petri
1461 1939 1612 1994 vobis
1638 1937 1982 2008 praecipimus
2021 1941 2081 1987 ut

499 2055 604 2094 non
647 2037 890 2094 habeatis
918 2035 1192 2091 licentiam
1231 2032 1447 2087 aliunde
1465 2029 1934 2086 consecrationem
1969 2027 2082 2098 pal-

497 2130 738 2200 liumque
764 2127 1024 2197 recipere.
1063 2124 1198 2178 Nam
1225 2123 1269 2178 si
1299 2121 1553 2184 feceritis,
1587 2120 1740 2190 quasi
1783 2128 2081 2188 transgres-

413 2227 416 2230 ’
495 2209 652 2295 seres
695 2227 749 2273 et
800 2205 1168 2290 inobedieules
1210 2227 1306 2267 vos
1351 2213 1466 2266 sine
1513 2209 1678 2264 dubio
1699 2207 2080 2277 iudicabimus.

498 2308 650 2364 Hanc
681 2316 860 2363 autem
892 2306 1062 2361 nostri
1089 2301 1729 2387 apostolatusepistola‘m
1762 2297 2081 2352 fraternitati

499 2410 695 2454 vestra:
738 2415 836 2469 per
884 2398 1029 2452 hunc
1073 2403 1392 2466 praesentem
1428 2386 1689 2448 Joannem
1727 2386 2084 2444 venerabilem

501 2489 902 2558 presbyterum,
948 2485 1158 2540 ﬁdelem
1205 2480 1527 2538 familiarem
1575 2489 1845 2543 nostrum,
1888 2475 2088 2532 direxi~

503 2594 663 2643 ntus,
721 2578 806 2634 cui
853 2577 1062 2632 scilicet
1111 2575 1289 2644 aliqua
1338 2570 1669 2641 injuuximus
1715 2569 1869 2624 vobis
1921 2565 2090 2621 verbo

503 2677 662 2726 tenus
707 2668 1010 2730 referenda,
1057 2674 1113 2721 et
1163 2666 1282 2720 ideo
1325 2663 1398 2718 illi
1435 2662 1615 2717 omnia
1668 2675 1788 2731 qua!
1831 2659 1896 2713 de
1936 2666 2089 2728 parte

501 2767 691 2816 nostra
739 2759 939 2813 dixerit
980 2757 1156 2821 vobis,
1200 2753 1422 2810 credere
1459 2752 1767 2807 nullatenus
1811 2749 2086 2805 dubitetis.

508 2835 793 2922 Ipsamque
830 2851 1134 2920 epistolam,
1188 2857 1248 2902 ut
1293 2848 1357 2903 ad
1391 2848 1630 2901 omnium
1676 2854 1910 2902 vestrum
1955 2845 2092 2900 noti-

509 2945 639 2998 tiam
681 2943 877 3006 ferant,
901 2942 1042 2995 bulla
1091 2948 1273 2994 nostra
1310 2940 1569 3009 iussimus
1596 2939 1649 2991 in
1679 2938 1825 2992 calce
1863 2936 2086 3007 signari.

509 3035 639 3088 Data
673 3049 705 3086 x
731 3031 818 3086 die
846 3031 1047 3086 mensis
1079 3029 1243 3093 Junii,
1275 3028 1568 3082 indictione
1600 3044 1695 3081 an.

1140 3140 1445 3198 CCXXXV.

931 3251 999 3289 ΑΒ
1041 3247 1176 3289 τηε
1216 3247 1674 3287 Αιιοιιιεριεεορος.

1129 3325 1306 3394 (Auno
1333 3322 1484 3392 879.)
1553 3387 1556 3390 .

511 3419 582 3480 Ut
628 3420 1032 3492 Neumuscusem
1063 3415 1356 3486 episcopum
1404 3429 1434 3465 a
1479 3412 1784 3492 monqslerii
1815 3411 2093 3490 cujusdqm

559 3494 756 3561 iniqua
820 3481 1100 3568 inuasione
1128 3481 1454 3547 removeam,
1496 3492 1541 3535 et
1591 3481 1635 3533 si
1683 3498 1785 3533 non
1825 3481 2090 3550 paruerit,

581 3566 1045 3618 excommuniceut.

588 3670 874 3725 llosncxo
917 3664 1326 3734 archiepiscopo
1358 3661 1683 3727 Arelatensi,
1723 3657 1977 3715 SIGIBODO
2009 3675 2091 3713 ar-

510 3761 852 3830 chiepisicOpo
901 3755 1270 3821 Narbonensi,
1333 3753 1628 3808 Rornsnro
1688 3751 2097 3822 archiepiscopo

511 3851 769 3923 Aquensi,
807 3866 834 3904 a
868 3849 1109 3920 paribus.

583 3941 869 3996 Veracium
898 3938 1159 3992 relatione
1182 3937 1546 4007 comperimus
1571 3934 1849 3990 Gibertum
1872 3933 2096 3990 Nemau-

511 4048 724 4090 Sensem
761 4031 1121 4086 venerabilem
1153 4030 1486 4099 episcopum,
1517 4028 1660 4097 quod
1689 4029 1958 4096 quoddam
1991 4044 2099 4083 mo-

511 4120 809 4177 nasterium
848 4127 1113 4181 nostrum,
1141 4115 1282 4185 quod
1311 4130 1475 4184 super
1508 4115 1758 4170 eumdem
1785 4117 2098 4186 episcopum

517 4210 924 4282 acquisivimus,
973 4209 1084 4276 ipse
1125 4205 1378 4262 Gibertus
1423 4213 1626 4261 temere
1663 4206 1937 4272 invaserit,
1985 4222 2101 4262 om-

517 4319 719 4374 nesque
766 4318 851 4356 res
887 4301 1054 4369 ipsius
1096 4297 1402 4353 monasterii
1433 4313 1530 4368 per
1562 4312 1688 4352 suos
1719 4297 1962 4353 homines
1989 4299 2100 4354 dis-

511 4396 791 4458 tribuerit,
847 4401 902 4448 et
965 4391 1106 4448 illius
1159 4390 1451 4444 monachos
1499 4389 1621 4442 inde
1673 4397 1862 4443 contra
1912 4403 2100 4445 sacras

512 4492 723 4562 regulas
763 4487 986 4544 omnino
1031 4483 1316 4556 expulerit.
1363 4483 1513 4550 Quod
1551 4490 1758 4536 tantum
1811 4483 1964 4538 nobis
2011 4484 2093 4537 di-
2128 4514 2175 4573 υ

514 4583 749 4654 splicuit,
775 4590 1038 4652 quantum
1067 4580 1207 4633 sicut
1236 4577 1348 4647 ipse
1379 4574 1657 4630 nobiscum
1697 4575 1948 4639 advortis,
1981 4575 2100 4630 cal-

516 4684 639 4730 cata
668 4672 968 4727 reverentia
1002 4669 1428 4724 venerandorum
1451 4681 1740 4731 canonum,
1769 4675 1954 4722 contra
1987 4666 2102 4736 pri-

514 4765 770 4835 vilegium
799 4761 1106 4832 apostolica:
1135 4759 1280 4816 sedis
1304 4774 1427 4812 cum
1472 4757 1667 4814 iecisse
1696 4773 1800 4814 non
1848 4758 2098 4827 ambigis.

514 4861 855 4929 Quapropter
887 4853 1208 4908 fraternitati
1243 4863 1347 4908 tuac
1380 4852 1660 4922 dirigimus
1687 4861 1743 4905 ut
1770 4853 1888 4906 vice
1911 4862 2097 4907 nostra

515 4966 642 5005 cum
683 4943 1048 5004 coufratribus
1108 4953 1161 4996 et
1211 4944 1541 5012 coepisc0pis
1589 4942 1788 4996 nostris
1835 4941 2093 5010 junctus,

519 5041 768 5096 eumdem
801 5037 1220 5092 Nemausensem
1251 5035 1560 5101 episcopum
1582 5032 1648 5086 ad
1672 5047 1962 5088 commune
1989 5035 2098 5088 col-

517 5134 754 5204 loquium
781 5128 1110 5188 eonvocetis,
1141 5135 1197 5180 et
1224 5141 1288 5181 ex
1316 5125 1640 5179 auctoritate
1678 5134 1861 5179 nostra
1903 5139 2098 5181 conve-

517 5227 700 5290 niatis,
733 5234 792 5278 ut
826 5223 894 5276 ab
920 5221 1066 5275 omni
1113 5217 1392 5274 invasionc
1436 5217 1604 5286 ipsius
1648 5217 1959 5273 monasterii
1988 5226 2099 5272 tam

517 5334 574 5373 se
599 5331 758 5386 quam
788 5329 916 5369 suos
942 5317 1236 5374 removeat,
1270 5318 1325 5364 et
1352 5307 1576 5363 ulterius
1620 5318 1717 5361 nec
1747 5323 1832 5363 res
1858 5309 1975 5379 ejus
2003 5317 2100 5362 nec

517 5407 816 5462 monachos
857 5403 967 5458 illic
1011 5402 1236 5457 Domino
1277 5398 1600 5454 famulantes
1641 5398 1930 5454 molestare
1966 5414 2102 5469 pra:-

522 5506 719 5553 sumat.
749 5494 904 5563 Quod
932 5495 978 5548 si
1005 5495 1120 5563 ipse
1145 5493 1307 5548 surda
1339 5506 1488 5556 aure,
1518 5491 1661 5561 quod
1692 5491 1853 5556 absit,
1882 5506 1980 5560 per
2008 5505 2102 5545 vos

523 5591 727 5644 monita
756 5596 941 5647 nostra
973 5585 1222 5649 audierit,
1249 5594 1374 5638 tunc
1398 5598 1464 5638 ex
1503 5582 1827 5638 auctoritate
1861 5581 1922 5636 Β.
1955 5580 2101 5635 Petri

522 5678 746 5748 apostoli
796 5677 884 5731 cui
915 5676 1056 5731 idem
1104 5673 1490 5728 monasterium
1540 5671 1796 5743 pertinet,
1849 5670 2008 5727 sim-ul
2048 5678 2106 5724 et

523 5778 729 5835 nostra,
771 5767 920 5822 illum
953 5779 984 5821 a
1023 5765 1322 5833 ministerio
1365 5762 1686 5819 sacerdotali
1735 5761 2104 5818 excommuni-

2184 1948 2308 2016 quia
2344 1947 2482 2001 sicut
2517 1946 2872 2000 charissimus
2899 1944 3044 2000 iilius
3084 1945 3268 1999 divino
3305 1943 3548 2013 repletus
3592 1957 3765 1994 arnore

2184 2040 2561 2108 paternilatem
2599 2049 2840 2094 nostram
2878 2053 2974 2106 per
2995 2037 3311 2092 Functicum
3351 2038 3615 2090 eximium
3637 2034 3761 2089 iide—

2185 2129 2288 2184 lem
2317 2138 2556 2184 vestrum
2598 2129 2822 2184 visitare
2855 2129 3144 2197 missisque
3181 2129 3337 2182 donis
3379 2128 3649 2180 honorare
3671 2141 3758 2180 cu-

2187 2220 2341 2281 rasti,
2373 2235 2468 2288 per
2496 2234 2655 2288 quem
2690 2228 2794 2273 tuae
2823 2218 3014 2273 salutis
3046 2217 3476 2272 incolumitatem
3505 2216 3763 2269 omnium-

2186 2325 2291 2380 quc
2316 2309 2552 2366 ﬁdeliut
2581 2321 2795 2365 tuorum
2836 2311 3116 2364 audientes
3145 2309 3590 2379 prosperitatum,
3626 2306 3768 2362 valde

2188 2418 2375 2457 sumus
2402 2402 2594 2473 gavisi.
2623 2401 2732 2457 Nos
2759 2411 2940 2456 autem
2969 2410 3023 2454 et
3047 2401 3248 2455 nostris
3265 2399 3498 2473 assiduis
3517 2399 3768 2468 precibus

2189 2503 2314 2548 ante
2347 2493 2770 2549 sacratissimum
2820 2483 2881 2546 Β.
2925 2493 3070 2548 Petri
3109 2495 3476 2563 apostolorum
3513 2491 3768 2560 principis

2191 2600 2388 2654 corpus
2427 2593 2689 2650 astantes,
2735 2593 2789 2638 et
2821 2593 2873 2638 te
2900 2592 2953 2638 et
2979 2597 3170 2638 omnes
3213 2582 3486 2654 principes
3512 2592 3640 2637 tuos
3661 2596 3768 2634 om-

2191 2689 2424 2744 nemque
2459 2673 2712 2744 populum
2761 2682 2911 2727 tuum
2951 2672 3079 2728 Jesu
3111 2672 3329 2726 Christo
3367 2672 3603 2726 Domino
3637 2684 3771 2726 sem-

2189 2780 2289 2836 per
2317 2764 2703 2819 commendare
2739 2764 3043 2828 studemus,
3087 2771 3142 2827 et
3166 2762 3533 2817 benedicimus
3567 2761 3683 2823 tibi,
3716 2766 3771 2815 et

2191 2855 2337 2910 omni
2367 2855 2565 2925 populo
2596 2863 2708 2918 tuo,
2735 2854 2992 2923 omnique
3013 2867 3180 2923 regno
3211 2861 3322 2918 tuo,
3355 2861 3493 2906 utet
3522 2867 3555 2904 a
3590 2850 3765 2905 visibio

2193 2945 2333 3001 libus
2383 2953 2437 2999 et
2489 2944 2846 3000 invisibilibus
2906 2943 3152 2998 hostibus
3211 2942 3506 3006 liberatus,
3577 2941 3770 3010 Deique

2113 3085 2120 3091 .
2193 3034 2396 3088 auxilio
2431 3031 2644 3102 adjutus
2667 3073 2680 3095 ,
2715 3033 3056 3088 inimicorum
3101 3040 3319 3087 tuorum
3366 3045 3582 3100 semper
3605 3031 3768 3084 victor

2193 3127 2418 3191 existas,
2446 3134 2502 3179 et
2532 3126 2598 3179 ad
2639 3123 2872 3194 palmam
2900 3139 3146 3194 superna:
3179 3122 3474 3178 vocationis
3506 3121 3767 3190 gloriosus

2192 3217 2488 3287 pertingas.
2522 3213 2593 3272 Ut
2635 3216 2748 3285 ipse
2787 3215 2876 3282 qui
2908 3213 3096 3284 gratia:
3141 3228 3255 3267 sua:
3302 3211 3546 3282 largitate
3591 3219 3642 3264 et
3685 3224 3767 3263 re-

2191 3320 2354 3376 gnum
2387 3304 2478 3360 tibi
2517 3311 2790 3358 terrenum
2817 3301 3107 3366 concessit,
3135 3309 3190 3356 et
3217 3299 3567 3355 illuminanda
3591 3297 3769 3352 oculos

2193 3395 2391 3451 mentis
2415 3403 2518 3449 tua:
2540 3395 2682 3448 viam
2712 3393 2958 3449 veritatis
2978 3393 3234 3459 ostendit,
3270 3400 3326 3446 et
3350 3391 3415 3447 de
3446 3390 3684 3446 tenebris
3708 3388 3773 3444 ad

2195 3500 2382 3540 veram
2427 3485 2604 3539 lucem
2650 3484 2921 3554 perduxit,
2966 3497 3138 3552 usque
3177 3483 3247 3538 ad
3295 3482 3453 3536 finem
3489 3482 3544 3534 in
3587 3481 3773 3534 eadem

2195 3582 2381 3629 sancta
2409 3574 2515 3630 fide
2545 3581 2600 3628 et
2627 3573 2785 3631 bonis
2813 3573 3068 3643 operibus
3090 3581 3490 3644 perseverantes
3513 3571 3704 3626 salvos
3723 3578 3776 3624 et

2196 3665 2490 3722 incolumes
2537 3666 2788 3736 dignetur
2829 3667 3147 3737 perducere,
3185 3672 3245 3720 ut
3272 3673 3389 3736 post
3429 3663 3594 3719 linem
3644 3676 3776 3732 pra-

2195 3754 2368 3809 sentis
2394 3755 2535 3820 vitae,
2583 3770 2681 3824 per
2719 3756 3141 3811 intercessiones
3164 3766 3475 3810 sanctorum
3509 3753 3776 3824 apostolo-

2126 3901 2132 3920 }
2197 3859 2316 3901 rum
2357 3841 2500 3897 Petri
2547 3853 2604 3898 et
2637 3843 2807 3908 Pauli,
2854 3859 3078 3914 regnum
3116 3843 3300 3899 valeas
3338 3844 3564 3898 caeleste
3611 3844 3776 3912 perri-

2197 3949 2361 4004 pere;
2393 3935 2447 3987 in
2474 3950 2581 4004 quo
2612 3934 2697 3988 illa
2733 3935 2912 3990 omnia
2937 3935 3100 4002 bona,
3127 3951 3248 4004 qua:
3275 3935 3464 3990 oculus
3489 3951 3602 3990 non
3625 3935 3772 3998 vidit,

2175 4042 2301 4084 'nee
2335 4027 2482 4082 auris
2527 4028 2752 4090 audivit,
2794 4044 2894 4082 nec
2925 4027 2979 4081 in
3017 4041 3113 4082 cor
3138 4027 3376 4081 hominis
3399 4027 3776 4087 ascenderunt,

2199 4133 2320 4172 cum
2352 4117 2554 4172 sanctis
2582 4118 2834 4172 omnibus
2861 4117 3021 4172 simul
3066 4118 3325 4188 accipias,
3360 4133 3478 4187 quae
3515 4115 3780 4186 diligenti-

2203 4211 2304 4264 bus
2353 4227 2410 4265 se
2467 4212 2536 4265 ab
2590 4210 2799 4282 origine
2846 4209 3028 4272 mundi
3070 4211 3395 4281 praeparavit
3438 4210 3777 4277 omnipotens

2201 4301 2459 4356 Dominus
2503 4300 2554 4372 (l
2581 4300 2701 4355 Cor.
2755 4303 2836 4370 ll).
2879 4301 2984 4357 Sed
3012 4317 3116 4357 non
3159 4302 3368 4357 modica
3398 4315 3493 4355 nos
3545 4299 3780 4362 tristitia,

2201 4411 2234 4449 ο
2262 4393 2333 4448 (ili
2366 4394 2705 4458 charissime,
2737 4393 3034 4461 replevisti,
3059 4395 3185 4464 quia
3211 4394 3394 4449 sedem
3435 4392 3588 4446 beati
3622 4390 3778 4454 Petri,

2201 4485 2439 4540 cmlestis
2467 4485 2614 4555 regni
2639 4485 2930 4556 clavigeri,
2951 4485 3042 4555 qui
3072 4485 3168 4540 tibi
3193 4486 3246 4539 in
3271 4484 3561 4539 manifesta
3587 4484 3781 4538 visione

2201 4574 2450 4654 apparuit
2477 4583 2532 4629 et
2571 4584 2937 4644 opportunum
2980 4575 3238 4632 auxilium
3269 4575 3513 4646 praebuit,
3569 4573 3782 4644 reliqui-

2201 4664 2290 4728 sti,
2331 4679 2451 4718 cum
2486 4664 2602 4735 ipsa
2641 4666 2798 4722 sedes
2837 4675 2999 4736 caput
3037 4677 3094 4721 et
3132 4667 3391 4737 magistra
3433 4665 3502 4720 sit
3549 4665 3783 4720 omnium

2200 4755 2566 4811 Ecelesiarum
2594 4757 2707 4821 Dei,
2737 4755 2806 4811 ad
2835 4757 2991 4827 cujus
3011 4767 3294 4814 auctorem
3325 4759 3546 4814 beatum
3569 4757 3780 4812 Petru

2201 4862 2236 4908 a_
2261 4847 2491 4903 Domino
2520 4849 2723 4904 dictum
2752 4858 2874 4904 est:
2907 4848 3072 4905 Pasce
3103 4867 3222 4906 oves
3259 4867 3402 4905 mea:
3433 4849 3624 4912 (Joan.
3655 4849 3782 4914 ut),

2203 4941 2368 4996 et'cui
2407 4943 2618 4996 tradita:
2657 4952 2782 4997 sunt
2812 4942 2990 4998 claves
3033 4945 3182 5015 regni
3222 4944 3500 5007 caelorum,
3553 4952 3616 4998 ut
3649 4957 3762 5013 qua:

2202 5050 2414 5105 cunque
2437 5034 2683 5104 Iigaverit
2715 5049 2878 5104 super
2917 5045 3141 5100 terram,
3163 5035 3326 5103 ligata
3355 5044 3623 5090 maneant
3647 5043 3700 5088 et
3733 5048 3782 5084 tu

2203 5125 2388 5189 caelis;
2416 5131 2470 5177 et
2496 5139 2829 5194 quaecunque
2854 5124 3073 5179 solverit
3112 5140 3277 5195 super
3301 5135 3530 5197 terram,
3566 5125 3676 5179 sint
3703 5138 3779 5175 so-

2204 5213 2314 5269 luta
2359 5224 2412 5268 et
2457 5213 2512 5268 in
2568 5213 2722 5268 ccelis
2760 5212 2975 5280 (Matth.
3013 5213 3489 5285 xvi)._-Revertere
3525 5213 3668 5281 jam,
3717 5211 3785 5265 liii

2207 5304 2608 5368 amantissime,
2641 5304 2708 5357 ad
2742 5314 2982 5358 sanctam
3016 5313 3243 5360 matrem
3295 5317 3444 5359 tuam
3491 5304 3786 5359 Romanam

2207 5397 2524 5463 Ecclesiam,
2579 5413 2700 5466 qua:
2753 5406 2806 5452 te
2846 5397 3101 5467 religioso
3157 5405 3313 5452 utero
3361 5396 3569 5467 genuit,
3606 5402 3664 5449 et
3698 5407 3788 5462 per

2204 5507 2364 5563 quam
2416 5491 2582 5546 totius
2617 5491 2903 5562 religionis
2949 5500 3006 5546 et
3039 5490 3264 5560 iustitia:
3311 5489 3563 5552 formam,
3606 5495 3790 5542 sancto

2205 5583 2602 5654 praedecessore
2643 5592 2829 5638 nostro
2850 5563 3080 5638 ‘Nieolao
3113 5581 3343 5653 praesule
3367 5581 3656 5642 mittente,
3679 5591 3788 5631 sns-

2204 5675 2426 5746 eepisti;
2469 5683 2524 5730 et
2565 5685 2685 5744 quae
2723 5677 2967 5732 omnium
3007 5676 3480 5748 gentiumzretiuet
3516 5672 3789 5744 principa-

2207 5776 2345 5835 tum,
2385 5775 2439 5823 et
2463 5767 2530 5824 ad
2555 5779 2720 5840 quam
2745 5769 2915 5826 totius
2952 5770 3160 5836 mundi,
3184 5768 3340 5840 quasi
3371 5768 3438 5824 ad
3472 5779 3644 5821 unum
3681 5775 3789 5818 rna-
