4042 6302
260 463 370 518 8i!)

1456 460 1816 517 El’lSTOLzE
1859 461 1944 515 ur
1984 461 2321 516 pecuum.
2358 428 2364 435 ’

3422 465 3527 520 850
3551 439 3556 442 _

262 587 406 630 trem
466 582 519 644 et
572 588 736 629 utmm
789 580 977 644 caput,
1033 571 1358 626 conveniunt
1417 570 1684 626 nationes.
1731 572 1844 626 Noli
1878 577 1918 633 Α
1951 572 2198 625 nuntiare
2232 581 2322 625 aut
2351 571 2644 640 praedicare
2687 572 3109 643 pra:sumpserit,
3147 572 3264 627 zelo
3299 573 3394 628 Dei
3436 589 3528 629 ac-

260 641 514 735 antplins‘
543 664 795 718 deserere
830 672 1057 718 matrem
1109 672 1275 729 tuam,
1319 665 1444 732 quia
1490 663 1578 717 illa
1629 665 1702 717 tui
1740 679 1842 718 non

255 757 632 821 oblivrscttur;
693 756 822 827 quin
865 757 1044 825 potius
1073 757 1224 826 quasi
1275 757 1492 811 unicum
1543 757 1732 826 diligit,
1791 765 1845 814 et

256 861 479 917 semper
528 847 842 901 memoriam
891 846 964 900 tui
1006 862 1187 900 coram
1251 847 1477 901 Domino
1524 846 1673 901 facit.
1727 846 1844 901 Non

257 938 407 990 enim
443 936 649 989 licitum
702 934 801 988 fuit
837 934 1039 990 Gratcis
1079 935 1303 990 alterius
1346 937 1656 1006 parochiam
1684 953 1841 991 usur-

261 1041 414 1097 pare,
459 1026 661 1079 sanctis
703 1026 806 1079 hoc
847 1025 1096 1080 Patribus
1139 1027 1475 1096 apertissime
1512 1027 1845 1095 prohibenti—

259 1117 385 1170 bus.
418 1116 484 1170 Et
513 1115 712 1170 idcirco
738 1116 837 1184 ipsi
868 1124 1056 1169 contra
1092 1131 1326 1170 canones
1360 1116 1566 1186 Spiritu
1597 1116 1689 1171 Dei
1714 1131 1843 1171 con-

257 1209 404 1262 ditos
423 1215 478 1262 et
512 1208 675 1262 totius
697 1208 879 1261 mundi
910 1210 1209 1265 reverentia
1245 1216 1591 1264 consecratos
1627 1217 1841 1262 nostras

258 1297 498 1351 retinent
527 1297 806 1352 ditecescs.
840 1298 986 1364 Quos
1025 1299 1069 1354 si
1114 1314 1212 1370 pro
1243 1308 1334 1353 tuo
1359 1299 1514 1353 nobis
1556 1314 1662 1352 non
1697 1306 1840 1352 esset

254 1404 462 1451 amore,
488 1387 603 1458 jam
648 1403 743 1458 per
772 1389 1122 1459 apostolicam
1165 1389 1488 1445 sententiam
1526 1389 1647 1443 inde
1685 1403 1835 1445 como

252 1478 581 1548 pelleremus
602 1480 768 1535 exire.
801 1480 931 1534 Data
962 1489 1018 1534 ut
1047 1496 1228 1551 supra.

871 1591 1219 1646 CCXKXVII.

673 1698 740 1734 λι)
791 1695 1120 1737 ANASTASIU!
1157 1697 1423 1737 ABBATEI.

871 1772 1046 1843 (Anno
1072 1773 1238 1842 8'79.)|

318 1863 565 1935 Praecipit
597 1875 654 1920 ut
687 1865 933 1920 cellulam
966 1863 1262 1922 Gauderico
1289 1867 1528 1937 episcopo
1560 1868 1761 1922 reddat.

328 1982 631 2034 ANASTASIO
659 1978 910 2050 religioso
934 1979 1136 2034 abbati.

328 2073 602 2127 Menenius
627 2072 935 2144 religionem
963 2081 1110 2125 tuam
1133 2080 1187 2126 et
1209 2085 1461 2141 expresse
1491 2070 1834 2140 praecipimus

241 2177 332 2228 ut,
364 2166 508 2220 omni
547 2171 749 2219 remota
782 2164 1065 2219 occasione
1105 2173 1161 2217 et
1186 2163 1460 2218 dilationis
1502 2163 1828 2225 inventione,

237 2259 496 2313 cellulam
545 2257 602 2311 S.
654 2257 918 2312 Valentini
968 2257 1021 2310 in
1073 2255 1289 2311 Sabinis
1318 2256 1760 2326 positam,quam
1799 2270 1829 2308 a

243 2351 556 2405 Ganderico
584 2348 872 2404 venerabili
904 2348 1156 2418 episcopo
1179 2346 1470 2412 abstulisti,
1493 2347 1541 2400 ci
1574 2344 1830 2400 continuo

241 2443 470 2508 reddas,
499 2457 667 2511 uSque
707 2442 758 2496 in
787 2454 1025 2496 nostram
1065 2441 1426 2511 prmsentiam,
1455 2452 1514 2495 ut
1546 2455 1645 2494 nec
1672 2452 1829 2494 suum

242 2533 491 2586 laborem
514 2532 720 2602 perdat,
745 2545 845 2584 nec
875 2545 974 2600 pro
1006 2545 1070 2586 eo
1100 2531 1240 2600 quod
1270 2545 1335 2586 ex
1367 2531 1491 2584 hinc
1527 2545 1626 2584 nos
1658 2529 1827 2592 addit,

244 2625 351 2680 sibi
386 2627 594 2686 obesse,
643 2625 768 2699 quin
801 2625 983 2694 potius
1025 2625 1280 2694 prodesse
1323 2631 1611 2694 cognoscat
1640 2639 1653 2675 :
1685 2622 1826 2691 quod

237 2718 409 2770 etiam
457 2715 550 2768 tibi
597 2714 897 2768 faciendum
936 2727 1033 2783 per
1083 2722 1402 2782 praesentem
1439 2713 1826 2793 cubicularium

244 2816 494 2860 nostrum
542 2805 891 2869 mandamus,
934 2814 992 2859 ut
1030 2805 1207 2859 aliter.
1233 2805 1379 2858 nullo
1422 2805 1578 2858 modo
1625 2803 1821 2867 facias;

241 2915 372 2954 cum
407 2907 583 2953 autem
631 2909 682 2953 te
725 2899 881 2953 nobis
913 2897 1246 2959 exbibueris,
1292 2897 1336 2951 si
1377 2897 1572 2951 merito
1607 2911 1701 2951 sua
1734 2907 1824 2951 ne-

239 2990 501 3061 gligentia
547 2990 774 3043 fortasse
817 2988 986 3058 ipsam
1027 2987 1271 3042 cellulam
1320 2987 1522 3052 amisit,
1563 3002 1661 3040 nos
1699 3001 1822 3040 eum

238 3091 436 3138 contra
462 3082 726 3152 justitiam
763 3082 1049 3138 defendere
1078 3082 1352 3145 nolumus;
1385 3083 1524 3136 sicut
1545 3098 1644 3136 nec
1675 3080 1822 3135 illum

239 3174 586 3228 innocentem
637 3173 843 3243 perpeti
900 3172 1091 3226 damna
1145 3171 1524 3242 permittimus.
1583 3170 1712 3224 Data
1765 3179 1820 3224 ut

239 3277 426 3330 siqua.

849 3353 1218 3408 CCXXXV'III.

595 3463 661 3500 AD
699 3462 1055 3502 TUVENTARUM
1100 3463 1164 3499 DE
1207 3462 1473 3504 MARAUNA.

861 3539 1035 3607 (Anno
1065 3539 1213 3612 879.)
1260 3559 1262 3561 ·

244 3626 510 3683 Hortatur
549 3640 624 3690 ut,
673 3648 874 3684 omnem
920 3631 1108 3699 falsam
1141 3631 1434 3699 doctrinam
1474 3631 1733 3697 rejiciens,
1769 3632 1824 3684 in

315 3701 570 3754 Romanae
593 3699 841 3754 Ecclesia!
865 3702 969 3769 ﬁde
989 3711 1198 3754 maneat
1216 3702 1472 3755 :miratur
1499 3701 1823 3755 Met/radium

312 3769 467 3823 aliter
491 3788 648 3840 quam
679 3770 851 3840 fuerat
879 3771 1144 3840 professus
1168 3772 1372 3836 docere,
1418 3781 1464 3825 et
1487 3779 1758 3841 propterea
1790 3789 1821 3824 a

308 3856 370 3892 se
397 3852 631 3894 vocatum
658 3841 819 3910 fuisse
839 3840 1119 3910 signiﬁcat.

317 3954 642 4008 Τεγεατικκο
677 3967 741 4005 ne
779 3950 1060 4006 blaesum.

315 4046 471 4100 Scire
504 4045 770 4110 volumus,
802 4047 925 4113 quia
971 4059 1068 4099 nos
1104 4045 1195 4115 qui
1228 4059 1324 4114 per
1365 4045 1454 4098 Dci
1492 4045 1721 4114 gratiam
1755 4044 1814 4098 Β.

237 4137 387 4192 Petri
438 4136 800 4206 apostolorum
863 4135 1138 4205 principis_
1173 4136 1342 4189 vicem
1405 4144 1680 4201 tenemus,
1733 4135 1820 4205 pio

237 4245 428 4284 amore
461 4244 556 4284 vos
593 4230 747 4299 quasi
790 4230 1140 4286 cbarissimos
1181 4229 1322 4291 ﬁlios
1365 4230 1740 4307 amplectimur
1766 4241 1822 4287 et

237 4331 464 4392 paterna
494 4321 780 4376 dilectione
805 4337 1072 4386 amamus,
1096 4323 1402 4391 matrisque
1428 4310 1658 4378 assiduis
1694 4339 1815 4393 pre-

233 4411 394 4466 cibus
425 4426 521 4466 vos
558 4427 749 4467 omnes
781 4411 908 4466 Jesu
950 4412 1169 4469 Christo
1217 4413 1444 4474 Domino
1475 4415 1817 4468 commenda—

236 4518 384 4566 mus,
407 4512 625 4558 orantes
645 4519 856 4574 semper
878 4519 974 4574 pro
1007 4505 1180 4570 vobis,
1204 4513 1263 4564 ut
1296 4505 1434 4559 Deus
1455 4505 1814 4573 omnipotens,

231 4591 331 4660 qui
380 4592 542 4645 corda
565 4602 757 4646 vestra
807 4592 1130 4655 illuminavit
1174 4601 1228 4645 et
1276 4593 1344 4647 ad
1386 4593 1524 4646 viam
1574 4593 1818 4647 veritatis
1851 4624 1896 4681 υ

233 4681 510 4752 perduxit,
555 4682 609 4736 in
655 4682 808 4737 bonis
828 4683 1088 4754 operibus
1129 4682 1413 4740 conﬁrmet
1455 4690 1510 4736 ct
1536 4699 1705 4752 usque
1747 4683 1814 4738 ad

235 4775 402 4829 tinem
443 4774 494 4828 in
543 4783 686 4829 recta
733 4774 837 4829 ftde
881 4775 1130 4843 bonaque
1157 4774 1368 4828 actione
1397 4773 1679 4829 decoratos
1721 4789 1816 4829 vos

233 4871 402 4932 atque
446 4863 747 4926 incolumis
771 4865 1018 4937 dignetur
1059 4865 1375 4935 perducere.
1409 4864 1564 4932 Quod
1607 4873 1814 4929 autem,

232 4957 377 5010 sicut
420 4953 625 5012 Joanne
672 4956 988 5031 presbytero
1036 4966 1236 5019 vestro,
1266 4971 1424 5027 quem
1473 4954 1628 5010 nobis
1670 4957 1819 5012 misi-

229 5049 356 5112 stis,
417 5046 682 5105 referente
740 5049 1040 5112 didicimus,
1096 5049 1146 5102 in
1201 5058 1344 5110 recta
1389 5048 1493 5104 title
1539 5048 1812 5112 dubitetis,

232 5155 519 5194 rranuemus
563 5139 904 5204 dilectionem
956 5148 1188 5193 vestram
1233 5140 1402 5193 utsic.
1446 5140 1694 5205 teneatis,
1737 5141 1817 5196 sic

229 5231 486 5291 creJatis,
514 5230 655 5288 sicut
679 5239 866 5286 sancta
899 5229 1144 5284 Romana
1174 5228 1412 5284 Ecclesia
1440 5229 1510 5283 ab
1549 5230 1664 5299 ipso
1686 5247 1814 5300 apo-

229 5321 500 5376 stolorum
538 5322 782 5398 principe
824 5321 1027 5380 didicit.
1061 5320 1231 5376 lenuit
1275 5329 1331 5374 et
1361 5337 1527 5390 usque
1554 5323 1605 5376 in
1652 5325 1810 5380 linem

231 5412 414 5468 seculi
453 5413 678 5480 tenebit,
718 5421 877 5482 atque
918 5430 1014 5482 per
1060 5423 1227 5482 totum
1273 5415 1530 5480 mundum
1573 5417 1814 5483 quotidie

228 5513 438 5564 sancta:
489 5503 808 5565 lideiverba
860 5515 1135 5580 rectaeque.
1167 5507 1566 5576 prtedicationis
1607 5509 1833 5572 semina.

230 5593 423 5657 mittit,
452 5603 506 5653 et
531 5595 673 5650 sicut
699 5603 1078 5670 antecessores
1109 5604 1346 5660 nostros,
1378 5608 1608 5652 sanctos
1632 5597 1817 5664 videli-,

231 5684 505 5758 cetsedis.
545 5685 854 5753 apostolica:
898 5687 1176 5754 praesules,
1210 5694 1464 5758 parentes
1512 5695 1720 5750 ,vestrus
1750 5689 1816 5746 ab

231 5776 684 5841 initiuldgouissc
711 5778 1078 5852 cognoscitis.
1112 5780 1170 5833 Si
1211 5786 1398 5836 autem
1443 5779 1643 5848 aliquis
1669 5779 1819 5846 vobis

229 5867 631 5942 velepiscopus
661 5879 838 5928 vester
865 5870 945 5925 vel
977 5871 1200 5940 quilibet
1227 5871 1480 5927 sacerdos
1521 5871 1676 5927 aliter
1717 5887 1812 5927 an-

1948 664 2098 717 ccnsi
2143 677 2331 717 omnes
2376 678 2483 716 uno
2524 663 2706 717 animo
2760 678 2972 730 unaque
3003 663 3278 716 voluntate
3324 663 3524 718 doctri-

1947 769 2070 808 nam
2099 753 2286 807 falsam
2325 754 2562 824 abjicite,
2591 762 2798 808 stantes
2825 762 2878 806 et
2903 763 3147 808 tenentes
3177 754 3519 809 traditionem

1946 842 2090 896 sedis
2117 843 2444 912 apostolicae.
2474 841 2612 908 Quia
2660 857 2788 897 vero
2817 843 3119 897 audivimus
3146 842 3273 912 quia
3317 842 3521 897 Metho—

1942 925 2065 987 dius
2114 941 2295 988 vester
2335 933 2773 1003 archiepiscopus
2812 934 2880 988 ab
2921 941 3264 988 antecessore
3310 941 3516 996 nostro,

1942 1022 2180 1076 Adriano
2210 1024 2415 1078 scilicet
2456 1038 2614 1093 papa,
2641 1024 2939 1085 ordinatus,
2967 1024 3224 1092 vobisque
3258 1025 3516 1087 directus,

1941 1113 2097 1167 aliter
2128 1115 2318 1168 doceat
2365 1129 2527 1183 quam
2571 1107 2755 1169 coram
2795 1116 2922 1170 sede
2960 1115 3248 1183 apostolica
3291 1129 3352 1170 se
3399 1129 3517 1170 cre-

1941 1207 2068 1258 dere
2096 1207 2276 1259 verbis
2299 1213 2354 1259 et
2386 1205 2579 1258 litteris
2600 1204 2874 1274 professus
2907 1214 3009 1269 est,
3040 1205 3195 1258 valde
3223 1205 3512 1259 miramur:

1939 1304 2119 1349 tamen
2149 1302 2369 1364 propter
2401 1295 2502 1349 hoc
2553 1295 2850 1350 direximus
2896 1295 2971 1350 illi
3020 1305 3079 1349 ut
3117 1297 3324 1366 absque
3367 1297 3514 1350 omni

1936 1385 2224 1440 occasione
2251 1384 2317 1438 ad
2363 1400 2461 1439 nos
2493 1385 2676 1440 venire
2713 1396 2982 1456 procuret,
3009 1394 3276 1456 quatenus
3309 1400 3375 1440 ex
3421 1401 3516 1441 ore

1936 1480 2056 1545 ejus
2084 1476 2368 1530 audiamus
2400 1484 2577 1529 utrum
2611 1477 2690 1531 sic
2720 1487 2897 1532 teneat
2919 1486 2974 1532 et
3004 1479 3191 1533 credat
3229 1478 3370 1533 sicut
3395 1491 3516 1549 pro-

1938 1566 2104 1632 misit,
2134 1573 2226 1620 aut
2247 1580 2370 1620 non.
2407 1565 2535 1618 Data
2567 1577 2620 1617 ut
2654 1583 2833 1635 supra.

2559 1681 2891 1736 CCXXXIX.
2951 1717 2955 1724 ι

2041 1787 2110 1826 λιι
2149 1786 2460 1826 ΜΕἸΊΙΟῙΠΠΙΙ
2503 1786 2948 1824 ARCIIIEPISCOPIJM
2990 1787 3403 1826 I‘ANNONIENSEI.

2536 1860 2714 1931 (Anno
2749 1860 2899 1928 879.)

1861 1920 1909 1979 Β
1939 1950 2182 2019 Praecipit
2210 1961 2263 2004 ut
2286 1952 2355 2004 ad
2380 1969 2434 2005 se
2462 1920 2649 2012 veniat,
2681 1959 2735 2020 at
2759 1949 2842 2020 Vde
2889 1951 3001 2018 ejus
3049 1952 3286 2005 doctrina
3323 1968 3512 2020 cogno—

2005 2039 2146 2092 scere
2195 2023 2374 2086 possit.
2433 2021 2624 2074 Missas
2676 2019 2985 2074 Sclavouica
3028 2021 3208 2092 lingua
3264 2019 3514 2083 celebtarj

2004 2091 2258 2161 prohibet.

2010 2207 2481 2263 Rcverendissimo
2520 2206 2805 2264 Meruonto
2849 2207 3254 2276 archiepiscopo
3297 2207 3512 2262 Pannor

1933 2297 2137 2352 niensis
2166 2297 2438 2352 Ecclesiae.

2003 2385 2408 2441 Praedicationis
2441 2397 2543 2440 tuae
2567 2387 2828 2441 doctrinis
2858 2387 3111 2456 populum
3149 2387 3358 2440 Domini
3389 2387 3509 2454 tibi,

1929 2476 2086 2546 quasi
2111 2476 2338 2546 spiritali
2369 2478 2948 2546 pastori,commissum
2977 2477 3186 2532 salvare
3219 2477 3516 2534 instruere-

1931 2581 2038 2635 que
2064 2581 2183 2619 cum
2207 2566 2424 2629 debeas,
2454 2567 2756 2621 audivimus
2787 2566 2927 2635 quod
2956 2580 3062 2620 non
3092 2581 3152 2620 ea
3178 2582 3296 2635 quae
3321 2574 3510 2626 sancta

1933 2655 2173 2712 Romana
2201 2657 2441 2712 Ecclesia
2467 2658 2534 2713 ab
2562 2659 2676 2726 ipso
2703 2657 3064 2728 apostolorum
3096 2658 3337 2727 principe
3376 2656 3512 2716 didi.-

1929 2749 2004 2802 cit.
2031 2757 2086 2803 et
2110 2749 2348 2818 quotidie
2377 2751 2652 2820 praedicat,
2680 2758 2732 2804 tu
2763 2751 3008 2810 docendo.
3026 2753 3236 2814 doceas,
3257 2760 3314 2807 et
3335 2753 3508 2822 ipsum

1929 2840 2183 2910 populum
2212 2842 2264 2895 in
2305 2856 2544 2896 errorem
2597 2843 2797 2897 mittas.
2857 2843 3006 2904 Unde
3055 2844 3136 2898 his
3179 2843 3508 2914 apostolatus

1929 2930 2098 2984 nostri
2124 2931 2318 2985 litteris
2341 2931 2433 2986 tibi
2452 2930 2704 3000 jubemus
2740 2932 2992 2997 ut,_omni
3037 2934 3320 2990 occasione
3366 2945 3512 3003 pest-

1928 3022 2124 3090 posita,
2157 3023 2220 3076 ad
2254 3038 2352 3078 nos
2396 3023 2462 3077 de
2508 3023 2756 3092 praesenti
2800 3024 2984 3078 venire
3032 3012 3308 3094 procures,
3340 3034 3399 3079 ut
3440 3040 3510 3082 ex

1929 3127 2025 3168 ore
2056 3121 2147 3168 tuo
2173 3113 2455 3172 audiamus
2483 3124 2537 3169 et
2560 3130 2946 3185 cognoscamus
2973 3125 3149 3174 utrum
3193 3117 3273 3172 sic
3319 3126 3506 3172 teneas

1928 3211 1986 3256 et
2013 3203 2090 3256 sic
2138 3203 2397 3271 praedices
2448 3203 2588 3257 sicut
2635 3203 2813 3259 verbis
2855 3213 2911 3260 et
2955 3205 3151 3262 litteris
3199 3215 3250 3262 te
3303 3216 3504 3264 sancta:

1851 3269 1895 3331 (ἶ
1932 3293 2186 3370 Romana:
2232 3293 2516 3360 Ecclesiae~
2532 3295 2752 3350 credere
2795 3297 3108 3364 promisisti,
3144 3307 3237 3352 aut
3280 3315 3416 3364 non,
3449 3309 3507 3360 ut

1833 3409 1836 3412 -
1930 3384 2193 3456 veraciter
2234 3399 2622 3456 cognoscamus
2673 3385 2970 3440 doctrinam
3021 3397 3187 3443 tuam.
3242 3389 3504 3446 Audimus

1926 3476 2089 3530 etiam
2121 3477 2268 3546 quod
2290 3478 2485 3533 missas
2516 3486 2702 3534 cantes
2748 3480 2800 3534 in
2843 3480 3092 3546 barbara,
3145 3485 3248 3537 boe
3293 3493 3395 3548 est,
3447 3486 3502 3540 in

1927 3566 2176 3621 Sclavina
2206 3567 2382 3639 lingua
2407 3585 2420 3635 ;
2457 3571 2596 3624 unde
2617 3568 2729 3638 jam
2771 3571 2964 3627 litteris
3009 3573 3213 3628 nostris
3235 3589 3332 3643 per
3361 3572 3502 3629 Pau-

1927 3658 2034 3712 lum
2058 3659 2366 3729 episcOpum
2391 3659 2786 3716 Anconitanum
2817 3663 2910 3715 tibi
2957 3662 3178 3717 directis
3222 3655 3505 3734 prohibui-

1921 3735 2044 3803 mus
2067 3765 2133 3803 ne
2158 3749 2210 3803 in
2232 3764 2294 3803 ea
2323 3750 2502 3821 lingua
2528 3767 2678 3806 sacra
2716 3753 3000 3806 missarum
3053 3753 3313 3808 solemnia
3361 3754 3500 3810 cele-

1924 3840 2131 3906 brares,
2163 3843 2254 3896 sed
2286 3843 2367 3897 vel
2390 3844 2444 3896 in
2475 3842 2683 3907 Latina,
2713 3845 2793 3899 vel
2831 3845 2881 3898 in
2917 3845 3102 3901 Graeca
3133 3830 3336 3918 lingua,
3361 3848 3503 3902 sicut

1924 3933 2164 3989 Ecclesia
2188 3935 2281 3989 Dei
2313 3944 2425 3991 toto
2461 3943 2727 3991 terrarum
2759 3937 2889 3992 orbe
2911 3937 3099 3992 dilfusa
3126 3945 3180 3992 et
3225 3939 3276 3993 in
3323 3940 3501 3994 omni-

1922 4027 2022 4082 bus
2043 4028 2291 4106 gentibus
2319 4029 2539 4083 dilatata
2561 4037 2758 4084 cantat.
2787 4029 3089 4085 Praedicare
3118 4045 3246 4085 vero
3272 4041 3365 4084 aut
3389 4047 3502 4086 ser-

1925 4134 2136 4173 monem
2165 4120 2216 4174 in
2247 4120 2442 4190 popqu
2463 4121 2640 4176 facere
2665 4122 2758 4176 tibi
2783 4121 2924 4181 licet.
2941 4123 3193 4192 quoniam
3211 4122 3499 4178 Psalmista

1920 4226 2108 4266 omnes
2121 4213 2372 4266 admonet
2389 4211 2672 4267 Dominum
2691 4222 2875 4283 gentes
2897 4213 3116 4268 laudare
3141 4213 3311 4284 (Psal.
3331 4212 3502 4280 cxvr),

1920 4310 1975 4356 ct
2001 4301 2287 4371 Apostolus
2329 4317 2342 4354 :
2377 4301 2575 4362 Omnis,
2603 4303 2794 4371 inquit,
2820 4304 2998 4374 lingua
3027 4306 3358 4374 conﬁteatur,
3381 4305 3507 4375 quia

1925 4390 2176 4445 Dominus
2197 4391 2352 4445 Jesus
2380 4391 2433 4446 in
2457 4392 2626 4462 gloria
2667 4402 2740 4446 est
2791 4394 2884 4447 Dei
2930 4394 3108 4449 Patris
3160 4393 3382 4466 (Philip.
3413 4396 3500 4468 tl).

1923 4478 2054 4533 Data
2083 4490 2135 4533 ut
2163 4496 2345 4549 supra.

2609 4591 2808 4646 δοκι.
3373 4663 3375 4666 λ

2011 4697 2078 4736 AD
2103 4683 2423 4740 ‘Aasrsuruu
2465 4698 2914 4755 ARCHIEI‘ISCOPUM
2955 4699 3413 4746 stentouttuuseu.
3509 4749 3512 4756 I

2529 4774 2707 4841 (Anno
2743 4775 2893 4846 879.)

1922 4865 2105 4936 Arguit
2133 4865 2272 4937 quod
2304 4865 2414 4937 sedi
2436 4864 2739 4937 apostolica:
2765 4866 3006 4922 obediens
3036 4886 3138 4922 non
3161 4869 3335 4937 fuerit,
3358 4869 3501 4937 ejus~

1993 4933 2091 5004 que
2128 4933 2323 5004 legatos
2369 4933 2622 5004 injuriose
2664 4937 2923 5000 tractarit,
2951 4948 3000 4991 et
3029 4933 3503 4992 exconamunicatus

1993 5002 2498 5058 niissas‘celebrarit.
2550 5002 2675 5058 Ideo
2713 5016 2886 5060 monet
2930 5018 2985 5061 ut
3030 5009 3098 5061 ad
3128 5007 3400 5076 synodica
3454 5024 3505 5060 se

1993 5085 2311 5145 purgaturus
2340 5076 2723 5143 quamprimum
2753 5076 2828 5133 vel
2859 5094 3022 5146 perae
3055 5075 3134 5140 uel
3174 5075 3264 5145 per
3305 5078 3506 5144 [cautos

1993 5147 2228 5198 accedat.

1990 5235 2272 5290 Auspsa'ro
2295 5234 2698 5305 arcliiepiSCOpo
2720 5234 3118 5298 lllcdiolanensi.

1993 5325 2200 5389 Tantis,
2227 5326 2352 5389 heu,
2382 5327 2515 5394 prob
2555 5325 2736 5382 dolor!
2789 5328 3306 5396 transgressionibus
3351 5327 3505 5398 inve-

1921 5415 2055 5470 niris
2082 5415 2367 5477 obnoxius,
2412 5415 2628 5483 quantis
2659 5414 2836 5470 nullus
2872 5415 2936 5469 de
2974 5416 3212 5472 Ecclesia
3252 5416 3504 5490 Mediola—

1921 5505 2072 5560 nensi
2102 5503 2474 5574 aliquomodo
2523 5512 2608 5556 est
2656 5505 2903 5559 inventus
2953 5522 2966 5558 :
3025 5505 3080 5558 in
3128 5505 3314 5575 primis
3359 5505 3505 5579 quod

1889 5587 2086 5660 nostri
2115 5593 2295 5663 operis
2322 5601 2484 5662 atque
2529 5593 2726 5660 laboris
2771 5593 2999 5662 noluisti,
3039 5596 3218 5651 socius
3275 5610 3395 5650 esse
3441 5611 3505 5650 ac

1887 5681 1890 5684 ’
1919 5689 2213 5759 particeps,
2239 5686 2338 5753 sed
2366 5686 2672 5756 apostolicae
2699 5685 2812 5742 sedi
2841 5694 3111 5756 proterve,
3137 5686 3504 5741 inobedientcr

1923 5796 1986 5836 ac
2003 5778 2304 5849 procaciter
2329 5775 2630 5848 resultasti;
2665 5776 2857 5832 deinde
2878 5776 3080 5846 legatos
3101 5788 3315 5840 nostros
3339 5776 3500 5832 Joan—

1921 5885 2041 5928 nem
2059 5869 2397 5925 Ticinensem
2420 5876 2473 5922 et
2499 5866 2828 5937 \Yalpcrtutn
2853 5866 3503 5936 Portuenscmepiscopos
