4042 6302
285 354 401 418 853

1432 349 1792 410 EPISTOLE
1830 345 1922 407 ΕΤ
1970 348 2310 406 DECRETA.

3466 357 3571 415 854

283 467 511 531 unicum
540 474 597 523 et
636 467 1017 524 charissimum
1059 468 1228 525 tilium
1286 468 1649 540 prmstulatur,
1694 473 1872 521 vestra
1900 461 1950 521 Α
1978 458 2135 530 loque
2157 469 2502 517 commotam.
2538 460 2647 518 Nos
2669 461 2872 533 itaque,
2898 465 3210 524 serenitatis
3229 476 3424 525 vestrae
3447 484 3572 540 pre—

282 557 509 628 sp'eciali
557 558 767 614 visione
812 559 1066 615 celeriter
1113 559 1454 629 perfruatur;
1503 559 1756 630 quoniam
1806 560 1874 622 si,

281 643 402 702 Deo
420 645 657 711 favente,
678 648 980 703 liotuanum
1006 649 1345 720 sumpseritis
1372 647 1875 719 imperium,omnia

281 737 453 801 vobis,
476 753 637 808 regna
664 737 902 807 subjecta
933 740 1186 794 existent.
1216 738 1348 794 Nam
1376 740 1419 795 si
1451 739 1682 809 pleniter
1710 739 1879 794 scire-

283 826 362 882 tis
399 836 599 896 quanta
631 843 731 883 nos
761 828 997 898 undique
1031 830 1204 895 mala,
1232 845 1352 900 quae
1388 844 1488 899 pro
1533 829 1878 885 multitudine

285 916 534 972 scribere
562 917 928 987 nequivimus,
958 920 1268 990 opprimunt
1291 929 1349 974 et
1376 919 1639 992 allliguut,
1666 929 1875 976 tantum

284 1003 341 1058 in
372 1013 551 1059 vestra
577 1008 957 1076 cognoscimus
985 1010 1249 1079 sapientia
1296 1012 1439 1081 quod
1493 1026 1592 1080 per
1638 1020 1875 1069 vestram

281 1100 715 1169 magnitudinem
740 1103 852 1174 jam
891 1119 1237 1161 maneremus
1264 1104 1491 1161 defensi.
1542 1106 1684 1162 Deus
1711 1114 1761 1161 te
1789 1106 1867 1161 in-

281 1191 556 1249 columem
585 1197 876 1262 custodiat,
903 1197 1224 1254 charissime
1247 1199 1343 1254 fdi.
1367 1197 1504 1254 Data
1534 1207 1592 1252 ut
1619 1214 1800 1270 supra.

951 1309 1219 1365 CCXLI".

283 1412 357 1454 AD
394 1412 677 1464 BASIUUI,
715 1415 1123 1458 CONSTANTINUI
1180 1418 1249 1457 ΕΤ
1307 1418 1659 1459 Αιιεςλκωιυ»
1718 1416 1871 1456 11η-

952 1487 1220 1529 ιιΑτοκεβ.

895 1560 1076 1631 (Anno
1115 1559 1266 1633 879.)

283 1666 675 1742 Ingeniorum
704 1672 942 1741 precibus
971 1682 1279 1736 commotus,
1308 1681 1364 1726 ut
1393 1689 1501 1742 pas
1530 1673 1596 1725 sit
1623 1671 1874 1727 Ecclesia:

405 1742 975 1811 cnstantinopolituntz,
997 1743 1261 1811 dispensat
1306 1741 1425 1797 cum
1472 1741 1665 1798 Photio
1712 1752 1766 1796 ut
1816 1745 1871 1798 in

1978 567 2072 608 ces
2096 568 2333 625 congrua
2356 554 2568 610 ratione
2592 555 2961 623 admittentes,
2987 560 3115 628 quia
3134 572 3155 600 ε
3175 560 3441 629 lgnatium
3468 563 3573 632 pire

1977 646 2257 700 memoriae
2279 647 2644 716 patriarcham
2665 648 2733 704 de
2751 651 3003 719 praesenti
3025 652 3134 707 vita
3158 651 3271 722 jam
3310 654 3573 725 migrasse

1977 738 2374 810 cognoscimus,
2404 741 2664 811 temporis
2686 742 2898 798 ratione
2918 753 3223 816 perspecta,
3276 746 3381 802 hoc
3412 748 3572 805 modo

1977 825 2323 884 decernimus
2346 829 2417 883 ad
2441 831 2654 886 veniam
2679 832 2954 902 pertinere
2981 835 3122 904 quod
3150 850 3323 906 nuper
3342 837 3409 893 de
3452 837 3571 909 ipso

1975 912 2191 983 Pbotio,
2208 917 2332 973 licet
2344 917 2459 987 ipse
2480 919 2945 989 absqueconsultu
2961 924 3107 979 sedis
3116 933 3318 982 nostra
3333 924 3568 984 cilicium

1976 1004 2077 1060 sibi
2102 1006 2447 1064 interdictum
2471 1010 2815 1081 usurpaverit
2834 1011 2887 1078 δ,
2908 1021 3120 1083 gestum
3147 1024 3360 1072 constat
3379 1016 3565 1074 fuisse.

2047 1094 2156 1153 Nos
2202 1097 2422 1153 statutis
2470 1099 2783 1169 apostolicis
2831 1118 2937 1157 non
2991 1103 3422 1174 prmjudicantes,
3468 1120 3570 1163 nec

1975 1187 2258 1243 beatorum
2281 1188 2506 1244 Patrum
2534 1192 2750 1263 regulas
2808 1194 3161 1262 resolventes,
3200 1198 3336 1269 quin
3386 1198 3569 1269 potius

1975 1278 2365 1351 multiplicibus
2383 1295 2575 1339 earum
2605 1286 3023 1343 auctoritatibus
3050 1287 3204 1353 freti,
3221 1289 3313 1359 qui
3362 1290 3577 1349 Nicani‘

1974 1371 2188 1426 concilii
2217 1372 2460 1443 capitulo
2486 1376 2729 1432 secundo
2782 1378 3129 1448 apertissime
3165 1379 3354 1437 dicunt
3376 1399 3393 1437 :
3415 1381 3566 1450 Que-

1974 1460 2120 1515 niam
2150 1460 2305 1532 plnra
2333 1472 2429 1518 aut
2453 1479 2552 1533 per
2574 1468 2977 1536 necessitatem.
3019 1478 3116 1527 aut
3139 1471 3273 1541 alias
3321 1474 3566 1545 cogenti-

1973 1550 2077 1605 bus
2118 1551 2449 1621 hominibus,
2478 1555 3190 1616 adversusecclesiasticam
3247 1562 3391 1618 facta
3436 1573 3566 1620 sunt

1973 1642 2237 1712 regulam.
2263 1640 2401 1698 Hinc
2429 1653 2486 1699 et
2511 1643 2759 1702 Gelasius
2786 1662 2922 1718 papa
2948 1649 3101 1715 dicit,
3124 1651 3273 1720 quod
3301 1652 3389 1709 ubi
3414 1653 3563 1714 nulla

1971 1741 2226 1803 perurget
2281 1734 2616 1801 necessitas,
2666 1738 2962 1794 constituta
3020 1737 3241 1796 Patrum
3312 1742 3569 1799 inviolata

360 1809 781 1906 {ﬁgtijjqutg
793 1809 1444 1906 fguslgufinpgoljtafg
1460 1811 1872 1906 chlffftfmrgj
1900 1809 1949 1870 Β
1974 1833 2260 1894 serventur
2286 1837 2333 1881 ε.
2366 1826 2435 1881 Ει
2462 1836 2687 1885 sanctus
2713 1828 2826 1884 Leo
2859 1833 3048 1887 eodem
3074 1833 3267 1904 spiritu
3322 1835 3569 1906 praecipit

359 1879 589 1953 trinrclta
626 1880 954 1953 subrogetur,
979 1879 1215 1936 statuens
1240 1900 1301 1937 ne
1327 1883 1566 1952 deinceps
1593 1879 1868 1953 quisquam

358 1950 429 2023 ad
462 1950 867 2023 patriarchalem
896 1952 1224 2023 dignitatem,
1261 1952 1362 2006 nisi
1408 1950 1515 2023 per
1552 1950 1747 2023 gradus
1789 1968 1872 2006 ec-

342 2020 674 2091 clesiasticos
700 2020 984 2091 ascendant
1016 2038 1035 2077 :
1068 2022 1214 2090 jubet
1236 2020 1593 2091 patriarchont
1613 2021 1871 2078 Constan-

355 2089 759 2161 tinopolitanum
787 2089 1141 2161 Bulgarorum
1185 2089 1443 2147 diwcesim
1482 2094 1577 2146 sub
1619 2091 1871 2147 Ecclesiae

364 2159 1003 2231 Ratnanwjurisdictione
1035 2161 1348 2231 relinquere,
1386 2172 1557 2216 monet
1598 2178 1774 2216 omnes
1816 2171 1870 2215 ut

355 2230 671 2301 patriarcha;
696 2230 929 2285 'debitum
954 2230 1199 2301 praestent
1229 2232 1529 2301 obsequium
1570 2248 1590 2286 :
1632 2232 1871 2301 prrrcipit

358 2297 415 2353 ut
435 2301 510 2372 μά
535 2297 787 2372 Ecclesite
811 2297 1225 2372 communionem
1253 2318 1340 2356 eos
1363 2297 1471 2372 'qui
1523 2318 1557 2355 α
1602 2297 1870 2357 Methodio

250 2412 253 2415 ρ
355 2380 404 2424 et
426 2369 636 2438 Ignatio
660 2369 858 2425 initiati
886 2370 1133 2438 fuerant,
1159 2369 1477 2435 admittant;
1515 2371 1873 2426 excommuni-

356 2448 441 2494 cat
468 2439 586 2493 illos
603 2441 693 2511 qui
720 2457 839 2495 cum
869 2439 1057 2496 Photio
1098 2440 1357 2495 noluerint
1394 2442 1799 2495 communicare.

356 2554 738 2613 Dilectissimis
764 2569 830 2611 ac
856 2554 1325 2611 excellentissimis
1344 2555 1716 2626 spiritualibus
1747 2554 1873 2611 [iliis

282 2646 493 2702 nostris
518 2645 760 2710 BASILIO,
779 2646 1160 2703 CONSTANTINO
1187 2655 1242 2701 et
1286 2646 1640 2713 ALEXANDRO,
1668 2645 1870 2718 glorio-

283 2734 522 2793 sissimis
557 2735 980 2805 imperatoribus
1011 2749 1225 2808 semper
1251 2736 1528 2805 Augustis.

358 2837 390 2869 ⁸
424 2825 574 2884 Inter
619 2826 799 2883 claras
853 2825 1133 2896 sapientia:
1184 2827 1618 2883 mansuetudinis
1677 2836 1868 2883 vestrae

284 2919 498 2984 laudes,
541 2934 576 2974 ο
622 2917 1071 2975 Christianissimi
1128 2918 1433 2989 principes,
1480 2918 1699 2988 aliquod
1743 2933 1869 2973 cum

286 3012 507 3083 puriore
534 3009 656 3067 luce
682 3025 908 3067 summm
933 3009 1235 3066 devotionis
1261 3011 1443 3066 lumen
1474 3010 1632 3081 longe
1656 3009 1872 3080 lateque

287 3105 612 3176 resplendet,
638 3106 782 3176 quod
803 3104 1323 3182 amore‘lidei,quod
1359 3104 1639 3161 charitatis
1666 3104 1867 3170 studio,

1972 1911 2331 1968 omittendum
2383 1930 2506 1971 esse
2558 1924 2615 1970 et
2663 1917 2986 1989 inculpabile
3026 1920 3378 1993 iudicandum
3420 1924 3565 1994 quod

1972 2002 2272 2057 necessitas
2303 2003 2501 2060 intulit.
2551 2005 2681 2061 lnde
2726 2015 2782 2062 et
2833 2007 2985 2062 Felix
3034 2010 3251 2079 praesul,
3312 2012 3567 2069 decessor

1971 2098 2177 2157 noster,
2207 2092 2260 2146 in
2283 2108 2382 2148 sua
2413 2094 2667 2153 decretali
2692 2097 2921 2167 cpistola
2950 2113 3082 2157 voce
3121 2115 3362 2159 consona
3408 2102 3563 2170 dicit,

1972 2179 2133 2236 aliter
2157 2184 2496 2238 tractandam
2522 2199 2643 2241 esse
2670 2187 3009 2245 necessitatis
3061 2191 3328 2249 rationem
3374 2204 3431 2250 et
3462 2192 3564 2252 alio

1973 2279 2056 2326 ter
2084 2271 2391 2329 voluntatis.
2415 2275 2543 2331 lude
2581 2276 2746 2333 etiam
2802 2288 3053 2336 sanctum
3095 2284 3383 2341 concilium
3419 2288 3562 2358 apud

1971 2364 2210 2423 Africam
2239 2376 2448 2438 gestum
2475 2370 2711 2441 capitulo
2752 2371 3030 2429 tricesimo
3077 2375 3267 2444 quinto
3306 2377 3461 2448 iubet
3499 2388 3560 2436 nt

1971 2453 2156 2511 clerici
2204 2455 2609 2514 Donatistarum
2638 2459 2695 2515 in
2722 2460 2986 2528 Ecclesia,
3034 2473 3255 2534 propter
3308 2465 3565 2525 Ecch

1971 2560 2159 2617 pacem
2189 2556 2245 2603 et
2272 2548 2580 2614 utilitatem,
2612 2551 2658 2606 si
2688 2561 2936 2609 correcto
2974 2555 3207 2612 concilio
3253 2557 3324 2613 ad
3369 2558 3556 2615 catho-

1972 2637 2132 2694 licam
2155 2639 2415 2696 unitatem
2443 2642 2676 2698 transire
2705 2642 2996 2711 voluerint,
3046 2646 3090 2701 si
3128 2647 3231 2703 hoc
3259 2648 3377 2718 paci
3407 2648 3563 2705 Chri-

1972 2728 2162 2785 stianae
2183 2730 2440 2800 prodesse
2466 2733 2640 2788 visum
2672 2732 2857 2800 fuerit,
2890 2734 2942 2789 in
2970 2737 3084 2791 suis
3127 2737 3424 2796 honoribus
3470 2754 3562 2796 su-

1974 2818 2289 2889 scipiantur,
2326 2836 2433 2876 non
2461 2830 2521 2876 ut
2551 2822 2840 2878 concilium
2892 2826 3036 2895 quod
3086 2826 3141 2880 in
3182 2827 3561 2887 transmarinis

1972 2909 2215 2979 partibus
2239 2910 2305 2965 de
2325 2909 2426 2965 hac
2453 2926 2514 2966 re
2552 2910 2756 2966 factum
2799 2924 2900 2977 est,
2953 2915 3300 2982 dissolvatur,
3350 2917 3406 2973 in
3453 2933 3562 2989 quo

1976 2999 2225 3055 videlicet
2248 3002 2479 3057 concilio
2507 3011 2778 3059 statutum
2808 3014 2973 3060 estut
3015 3007 3250 3063 ordinati
3298 3008 3354 3063 in
3409 3019 3562 3079 parte

1972 3090 2186 3156 Donati,
2218 3090 2263 3146 si
2299 3092 2366 3147 ad
2386 3092 2707 3149 catholicam
2740 3102 2949 3165 partem
2982 3097 3214 3154 transire
3269 3097 3558 3169 voluerint,

254 3157 1006 3266 ,disgipums'egdesimci,‘
1029 3157 1236 3262 θάοέιί,
1270 3195 1528 3251 Romam,
1559 3198 1675 3252 sedi
1718 3157 1870 3253 rem:
1897 3157 1941 3217 C
1973 3194 2079 3233 non
2128 3179 2493 3251 suscipiantur
2518 3180 2573 3236 in
2600 3182 2897 3236 honoribus
2943 3185 3073 3238 suis.
3136 3185 3211 3242 De
3254 3185 3360 3241 hoc
3397 3187 3560 3243 etiam

287 3288 520 3340 rentiam
551 3299 703 3341 more
742 3285 1202 3355 pra-decessurum
1250 3294 1556 3342 vestrorum
1592 3285 1867 3361 piissimo-

286 3388 407 3430 rum
439 3376 829 3445 imperatorum
854 3377 1217 3441 conservatis,
1244 3384 1300 3432 et
1329 3375 1444 3445 ejus
1471 3386 1665 3432 cuncta
1702 3378 1869 3450 subji-

284 3466 412 3523 citis
437 3467 467 3507 δ
500 3467 812 3523 auctoritati
847 3485 860 3522 :
893 3468 962 3523 ad
988 3468 1142 3538 cujus
1171 3476 1474 3533 auctorem,
1498 3468 1602 3524 hoc
1632 3476 1717 3524 est
1739 3483 1869 3539 apo-

283 3556 548 3615 stolorum
573 3558 814 3615 omnium
842 3558 1163 3628 principem,
1180 3559 1407 3615 Domino
1438 3558 1709 3630 loquente,
1730 3574 1868 3630 prte-

283 3655 501 3715 ceptum
522 3638 607 3701 est
636 3661 651 3701 :
679 3643 848 3701 Pasce
871 3663 986 3700 ores
1007 3662 1149 3701 meas
1183 3647 1366 3716 (Joan.
1391 3647 1526 3719 XXI).
1551 3646 1725 3714 Quam
1749 3663 1870 3705 esse

285 3753 415 3793 vere
441 3737 686 3793 omnium
723 3737 1085 3793 Ecdesiarum
1132 3738 1226 3793 Dei
1272 3746 1436 3808 caput
1482 3746 1539 3794 et
1584 3739 1868 3796 beatorum

284 3827 505 3883 Patrum
534 3828 818 3898 praecipua:
844 3829 1073 3900 regulae,
1101 3839 1157 3883 et
1197 3830 1621 3885 orthodoxorum
1669 3830 1869 3900 princi-

283 3936 413 3992 pum
441 3929 643 3977 statuta
670 3920 979 3987 declarant,
1007 3931 1062 3977 et
1109 3923 1329 3992 pictatis
1376 3929 1573 3978 vestra:
1617 3908 1872 3978 revereri:

280 4009 492 4067 dissimi
518 4011 702 4080 apices
730 4019 1078 4067 attestautur.
1108 4011 1252 4067 Nihil
1296 4021 1379 4068 est
1416 4013 1560 4069 enim
1599 4014 1744 4085 quod
1789 4014 1867 4070 luo

282 4102 434 4158 mine
461 4102 694 4161 clariore
720 4104 1059 4175 praefulgent,
1083 4119 1245 4174 quam
1275 4107 1363 4174 pia
1390 4106 1605 4162 devotio
1637 4116 1693 4164 et
1719 4118 1863 4164 recta

280 4191 421 4250 ﬁdes
446 4194 499 4248 in
527 4194 791 4264 principe.
832 4195 899 4250 Et
923 4196 1048 4265 quia
1084 4196 1348 4266 pontificii
1392 4198 1564 4253 nostri
1613 4213 1866 4255 reveren-

278 4285 418 4344 tiam
462 4286 567 4342 hoc
593 4286 793 4344 ardore
823 4288 1039 4348 mentis.
1069 4289 1173 4343 hoc
1207 4288 1480 4359 religionis
1511 4289 1689 4344 studio
1720 4289 1866 4345 lucu-

280 4379 461 4435 lenter
519 4379 715 4436 vestris
777 4378 1048 4435 mellilluis
1100 4379 1295 4435 litteris
1347 4381 1609 4446 exoratis,
1659 4380 1714 4436 id
1766 4398 1865 4436 nos

1972 3270 2164 3325 beatus
2186 3285 2322 3340 papa
2346 3270 2689 3329 Innocentius
2709 3272 2840 3328 dicit
2860 3275 3095 3345 capitulo
3114 3277 3560 3350 quinquagesimo

1972 3363 2159 3433 quinto
2184 3366 2354 3436 (epist.
2383 3365 2498 3434 27),
2527 3368 2673 3437 quod
2698 3367 2733 3421 ii
2764 3367 2856 3438 qui
2888 3383 2919 3421 a
2948 3369 3161 3425 Bonoso
3188 3371 3449 3427 hmretico
3471 3386 3537 3428 or

1970 3455 2141 3510 diuati
2171 3464 2321 3522 sunt,
2354 3464 2641 3526 propterea
2687 3457 2797 3513 sint
2852 3458 3078 3529 recepti,
3130 3474 3199 3515 ne
3243 3461 3556 3519 scandalum

1970 3557 2278 3604 remaneret
2305 3549 2580 3606 Ecclesia}.
2904 3596 2909 3601 .

1964 3628 1973 3633 ’
2042 3640 2195 3696 Nunc
2225 3642 2407 3711 itaque
2437 3643 2559 3697 aliis
2587 3644 2937 3713 patriarchis,
2989 3644 3354 3702 Alexandrino
3405 3648 3556 3705 vidc-

1968 3731 2097 3803 licet
2119 3742 2173 3787 ct
2205 3733 2539 3790 Antiocheno
2564 3744 2619 3790 et
2640 3733 3113 3807 Jerosolymitano,
3163 3746 3327 3808 atque
3374 3741 3553 3795 omni-

1968 3823 2068 3878 bus
2093 3823 2540 3895 archiepiscopis,
2571 3828 2948 3896 metropnlitis,
3002 3828 3273 3899 episcopis
3294 3837 3349 3884 et
3371 3846 3556 3886 sacer-

1968 3916 2204 3983 dotibus,
2243 3927 2550 3988 cunctoque
2577 3918 2724 3975 clero
2752 3919 3362 3990 Constantinopolitanae
3390 3922 3555 3983 sedis,
3610 3990 3619 4009 .
3682 3918 3697 3943 '

1967 4009 2062 4079 qui
2085 4010 2150 4065 de
2168 4010 2509 4066 ordinatione
2526 4012 2699 4068 beata:
2720 4012 2995 4069 memoriae
3017 4010 3272 4069 Mcthodii
3292 4022 3348 4069 et
3365 4012 3557 4086 lgnatii

1969 4104 2539 4160 reverendissimomm
2565 4106 2998 4177 patriarcharum
3021 4109 3285 4176 existunt,
3333 4122 3443 4163 una
3462 4124 3556 4164 vo-

1966 4194 2213 4259 luntate,
2280 4195 2507 4266 parique
2563 4204 2691 4252 voto
2740 4198 3203 4254 consentientibus
3229 4238 3246 4264 ,
3305 4198 3556 4254 eumdem

1966 4285 2216 4341 Photium
2243 4287 2622 4343 satisfaciendo
2653 4287 2700 4352 τ,
2751 4290 3177 4345 misericordiam
3227 4304 3413 4345 coram
3469 4305 3560 4362 sy-

1968 4381 2110 4433 nodo
2135 4379 2430 4433 secundnm
2460 4381 2907 4436 consuetudinem
2938 4381 3400 4451 postulantemtin
3428 4396 3557 4435 vera

279 4467 493 4522 ratione
516 4483 609 4523 seu
642 4468 899 4537 temporis
927 4468 1250 4523 necessitate
1284 4468 1547 4539 inspecta,
1570 4484 1693 4525 cum
1723 4471 1865 4525 sedis
1893 4497 1945 4556 Β
1969 4469 2262 4525 dilectione
2291 4469 2539 4535 fratrem,
2594 4470 2645 4524 in
2696 4470 2989 4540 pontiﬁcali
3039 4470 3215 4525 ollicio
3269 4472 3555 4525 commini-

278 4558 596 4628 apostoliea:
623 4561 781 4616 nobis
821 4560 1125 4617 commissa:
1175 4575 1445 4619 consensu
1489 4570 1545 4617 et
1588 4563 1864 4619 voluntate

277 4648 544 4719 perlicere
562 4648 689 4719 jure
711 4651 1010 4720 apostolico
1038 4651 1214 4708 decet.

1969 4569 2144 4615 strum
2197 4561 2384 4631 (atque
2443 4576 2628 4616 coram
2676 4561 2881 4632 synodo
2922 4561 3349 4617 misericordiam
3414 4576 3549 4632 qua:-

1963 4650 2152 4719 rendo)
2183 4649 2234 4704 in
2284 4650 2542 4720 pastorali
2577 4649 2891 4722 magisterio
2946 4651 3414 4717 consacerdotem,
3459 4669 3557 4722 pro

348 4740 518 4810 Igitur
558 4742 773 4812 petistis
796 4758 828 4796 a
854 4742 1012 4798 nobis
1059 4750 1326 4813 quatenus
1349 4784 1365 4807 ,
1407 4745 1536 4800 sede
1569 4745 1863 4814 apostolica
1960 4741 2213 4798 Ecclesiae
2242 4742 2334 4797 Dei
2360 4757 2494 4813 pace
2526 4751 2583 4797 et
2631 4741 2886 4809 utilitate,
2932 4740 3148 4808 amodo,
3196 4740 3414 4799 Christo
3473 4742 3553 4796 fa-

277 4848 394 4889 sutc
424 4833 697 4902 pandente
724 4832 930 4888 viscera
956 4832 1199 4903 pietatis,
1231 4832 1480 4889 Photium
1532 4835 1868 4891 reverendis-

275 4924 474 4981 simum
503 4924 557 4979 in
582 4924 983 4994 patriarchatus
1008 4924 1234 4988 honore,
1264 4923 1317 4979 in
1356 4923 1549 4978 summi
1575 4923 1862 4995 sacerdotii

275 5014 541 5084 dignitate
562 5022 619 5070 et
651 5014 707 5070 in
732 5013 1087 5071 ecclesiastici
1115 5013 1323 5083 collegii
1351 5014 1612 5070 societate
1656 5015 1860 5085 recipe-

275 5121 483 5171 remus,
506 5113 810 5175 nostraeque
855 5104 1248 5161 communionis
1295 5105 1612 5176 participem
1661 5105 1867 5162 facere-

276 5212 422 5260 mus,
451 5211 517 5252 nc
543 5196 841 5255 Ecclesiam
864 5196 982 5261 Dei,
1013 5204 1165 5251 tanto
1191 5196 1305 5267 jam
1366 5206 1607 5268 tempore
1650 5209 1864 5270 pertur-

275 5289 479 5351 balani,
507 5296 818 5356 pateremur
842 5286 1074 5358 amplius
1100 5301 1319 5342 manere
1365 5287 1593 5343 divisam
1638 5290 1865 5344 scanda-

347 5426 372 5454 ε
417 5414 541 5469 llmc
572 5414 797 5486 epistola
829 5430 858 5467 a
892 5414 1082 5486 Photio
1120 5423 1206 5486 est
1234 5424 1510 5486 corrupta,
1542 5415 1675 5473 locis
1722 5415 1861 5472 infra

347 5431 372 5454 ιι
420 5431 541 5469 inec
572 5431 603 5469 e
625 5431 797 5469 ttSlOla
829 5431 858 5467 a
894 5431 1082 5469 rnono
1122 5431 1206 5469 est
1234 5431 1510 5486 corrupta,
1544 5431 1675 5473 locis
1722 5431 1858 5471 intra

273 5431 744 5556 designatisinde
768 5485 1100 5547 notamSev.
1119 5484 1239 5540 Bin.
1271 5487 1338 5540 ad
1366 5488 1568 5542 calcem
1599 5488 1858 5556 epistolae.

350 5557 376 5594 ιν
400 5555 506 5609 ista
528 5557 595 5609 de
627 5559 953 5610 auctoritate
986 5556 1243 5611 ltomanze
1272 5556 1529 5612 Ecclesia:
1555 5555 1781 5612 Photius
1806 5560 1858 5613 in

276 5640 374 5680 sua
415 5625 771 5695 translatione
799 5640 904 5678 non
929 5626 1124 5695 posuit.

350 5707 371 5737 τ
409 5694 614 5750 Nomen
635 5695 823 5761 Ignatii
844 5694 1061 5750 sustulit
1084 5696 1330 5759 Photius,
1357 5697 1460 5750 alia
1484 5705 1749 5751 attcxcns.

348 5764 372 5807 ἀ
406 5765 633 5823 Mutavit
660 5766 771 5821 lucc
805 5766 857 5820 in
882 5767 1214 5823 contrarium
1248 5781 1465 5823 sensum
1495 5766 1740 5831 l’hutius,
1801 5778 1858 5822 ut

1961 4839 2143 4896 vente,
2172 4830 2462 4901 recipimus
2498 4840 2553 4884 et
2586 4828 2864 4884 habemus.

2037 4923 2171 4992 Quia
2199 4931 2256 4979 et
2293 4936 2390 4979 vos
2416 4921 2865 4978 Christianissimi
2895 4924 3250 4994 imperatores
3303 4922 3550 4993 Augusti.

1965 5017 2058 5086 qui
2092 5026 2295 5075 sancta:
2342 5013 2651 5085 reipublica:
2680 5015 3105 5072 clementissimo
3133 5014 3325 5069 alfectu
3354 5013 3550 5085 guber-

1967 5107 2108 5161 natis
2134 5106 2443 5176 imperium,
2490 5119 2589 5174 pro
2631 5103 2849 5161 Christo
2896 5105 3044 5175 fungi
3096 5104 3362 5175 legatione
3408 5101 3554 5157 vide~

1967 5196 2098 5250 mini
2131 5194 2212 5266 (11
2240 5192 2362 5249 Cor.
2388 5194 2463 5266 v),
2491 5195 2618 5250 dum
2647 5210 2745 5265 pro
2771 5210 2901 5265 pace
2931 5193 3132 5263 rogatis
3179 5193 3451 5259 Ecclesiae,
3497 5201 3554 5246 ct

1966 5283 2065 5341 nos
2092 5285 2307 5355 quibus,
2332 5286 2624 5341 secundum
2648 5284 2963 5355 Apostolum
2985 5284 3228 5338 omnium
3284 5283 3551 5339 Ecclesia-

1968 5416 2077 5470 vim
2100 5431 2318 5487 passum
2342 5431 2402 5472 se
2422 5416 2691 5486 recepisse.
2721 5416 2859 5469 hanc
2883 5415 3067 5470 sedem
3099 5415 3167 5469 ab
3208 5413 3551 5486 imperatori-

1968 5488 2072 5596 ΜΞ
2089 5489 2364 5620 (Egimus,
2389 5572 2475 5625 ep.
2502 5556 2536 5609 6
2568 5571 2581 5609 :
2619 5554 2957 5608 Necessitntis
2999 5565 3224 5624 tempore
3247 5554 3418 5607 locum
3449 5552 3549 5606 Ica—

1969 5628 2052 5682 bet
2080 5627 2419 5697 dispensatio.

2045 5698 2064 5737 ¹
2095 5692 2290 5753 omnia
2316 5694 2637 5751 istadelerit
2666 5692 2912 5760 Photius,
2960 5697 3025 5750 de
3047 5695 3200 5751 venia
3249 5710 3432 5751 coram
3463 5709 3551 5763 s1-

1965 5769 2106 5824 nodo
2130 5767 2380 5840 petenda.
