4042 6302
1955 226 1958 229 ¹
1991 225 2062 239 ...ρο

489 331 595 388 85ῖῦ

1791 339 1916 399 1οΑ
1926 339 2080 398 NNIS
2117 340 2318 399 ΡΑΡίΕ
2359 341 2468 402 νιιι

3671 341 3792 399 83

493 463 613 501 rum
637 447 730 502 Dei
758 447 1059 503 sollicitudo
1109 448 1370 505 incumbit
1429 448 1511 521 (11
1545 453 1670 507 Cor.
1702 455 1802 526 xl),
1852 461 2067 512 contro-
2095 448 2154 519 Α
2174 457 2392 513 familiae
2417 457 2630 514 Domini
2663 464 2835 513 status
2857 463 2911 513 et
2931 455 3064 512 ordo
3086 445 3318 523 nutabit,
3344 457 3388 514 si
3412 456 3562 528 quod
3587 461 3794 528 requi—

493 537 728 591 versiam
753 538 986 607 aliquam
1012 539 1064 592 in
1090 539 1325 595 Ecclesia
1355 539 1450 597 Dei
1507 544 1736 614 amplius
1788 561 2070 604 remanere

495 627 760 692 nolentes,
788 627 929 682 hunc
959 628 1130 698 ipsum
1154 623 1517 701 patriarcham
1539 650 1660 690 cum
1681 639 1930 694 onmibns
1957 641 2072 694 sive

492 719 776 788 cpisc0pis,
821 719 933 773 sive
961 715 1311 793 presbyteris,
1363 715 1455 781 seu
1506 729 1716 784 caeteris
1756 729 1968 785 clericis
2017 740 2074 785 et

493 809 744 863 omnibus
771 809 942 874 laicis,
972 811 1026 864 in
1057 812 1397 880 quosjudicii
1440 815 1616 871 fuerat
1668 833 1895 873 censura
1950 835 2075 889 pro-

493 899 622 963 lata,
651 899 719 954 ab
761 901 908 954 omni
965 902 1348 958 ecclesiasticae
1374 898 1693 962 'sanctionis
1727 908 1938 964 vinculo
1981 911 2076 964 ab-

493 992 774 1057 solvimus,
811 1004 1115 1063 sanctarque
1165 996 1777 1068 Constantinopolitanae
1817 1001 2075 1058 Ecclesiae

487 1080 795 1150 iudicamus
821 1085 1062 1154 recipere
1084 1087 1289 1152 sedem,
1318 1088 1690 1160 Dominicique
1734 1093 1911 1162 gregis
1957 1110 2077 1148 esse

491 1181 785 1240 pastorem,
814 1175 900 1230 illa
927 1177 1134 1242 scilicet
1155 1187 1424 1246 potestate
1455 1179 1571 1234 fulti
1602 1222 1615 1246 ,
1644 1197 1803 1249 quam
1839 1183 2076 1240 Ecclesia

459 1270 608 1318 .toto
636 1263 768 1319 orbe
789 1264 982 1320 diffusa
1019 1267 1196 1321 credit
1241 1269 1396 1324 nobis
1439 1270 1493 1323 in
1545 1270 1662 1339 ipso
1711 1273 2077 1340 apostolorum

489 1355 735 1425 principe
771 1370 804 1410 a
834 1355 1050 1412 Christo
1082 1358 1192 1412 Deo
1240 1369 1427 1414 nostro
1455 1375 1575 1416 esse
1602 1376 1938 1429 concessam,
1989 1381 2080 1421 eo—

493 1443 616 1502 dem
649 1443 933 1502 Salvatore
963 1447 1184 1502 beatum
1227 1448 1447 1504 Petrum
1480 1453 1781 1521 apostolum
1829 1470 1940 1524 prae
1979 1471 2080 1510 ca:-

493 1536 630 1592 teris
671 1538 980 1607 specialiter
1019 1539 1299 1610 deleganle
1333 1558 1346 1594 :
1384 1539 1496 1594 Tibi
1547 1542 1682 1596 dabo
1724 1544 1890 1600 claves
1939 1549 2082 1618 regni

497 1629 768 1694 caelorum,
794 1639 843 1683 et
867 1647 1188 1703 quwcuuque
1211 1631 1451 1702 ligaveris
1474 1651 1628 1701 super
1668 1645 1881 1699 terram,
1929 1649 2083 1694 erant

491 1716 656 1787 ligata
683 1729 730 1772 et
755 1720 812 1773 in
841 1721 1013 1786 caelis;
1040 1731 1086 1774 et
1105 1737 1387 1793 quercum]:
1419 1723 1633 1779 solveris
1676 1743 1833 1796 super
1865 1737 2079 1792 terram,

2173 545 2385 602 riturin
2414 561 2662 618 corpore,
2695 564 2800 602 non
2841 549 2912 603 sit
2940 550 2992 602 in
3023 549 3228 618 capite;
3284 558 3343 603 et
3383 548 3511 602 inde
3564 547 3668 601 fiet
3729 557 3794 601 ut

2171 641 2350 693 omnis
2377 640 2745 694 ecclesiastica
2769 639 3050 709 disciplina
3077 639 3400 703 resolvatur,
3427 639 3616 693 omnis
3638 641 3793 694 ordo

2175 729 2440 782 turbetur.
2468 729 2533 782 Et
2565 729 2683 782 ideo
2711 730 2813 784 hoc
2841 730 2984 798 quod
3011 744 3110 783 nos
3134 732 3292 783 modo
3345 744 3446 798 pro
3502 727 3791 782 ecclesia-

2175 821 2311 874 stica
2340 821 2544 888 unitate
2569 830 2624 875 et
2649 837 2781 890 pace
2807 837 2969 890 quam
2998 821 3245 875 Christus
3277 821 3548 875 Dominus
3583 831 3794 874 noster

2174 909 2334 962 nobis
2353 909 2498 963 dedit
2518 909 2816 968 habendam
2840 921 3112 982 utcunque
3129 912 3368 979 patimur
3385 926 3513 966 esse
3534 910 3789 974 veniaie,

2177 998 2406 1053 inultum
2439 999 2777 1070 postmodum
2803 1015 3053 1055 essenon
3079 1001 3278 1070 poterit
3309 1012 3357 1054 ε.

2251 1089 2362 1144 lloc
2388 1089 2550 1143 etiam
2583 1091 2742 1145 modo
2771 1091 2890 1154 ista,
2921 1091 3252 1146 excellentia:
3280 1103 3474 1147 vestrm
3508 1089 3791 1158 precibus

2179 1179 2330 1244 moti,
2362 1177 2776 1246 fierijubemus,
2816 1181 2859 1234 si
2892 1181 3003 1250 ipse
3049 1183 3356 1252 patriarcha
3405 1181 3790 1250 Bulgarorun

2180 1270 2457 1334 ditecesin,
2500 1287 2660 1340 quam
2701 1274 2801 1341 piae
2849 1274 3121 1328 memorize
3166 1273 3419 1328 Nicolaus
3465 1288 3793 1342 praecessor

2183 1373 2384 1427 noster,
2415 1363 2674 1419 Michaele
2705 1366 2942 1435 ipsorum
2987 1381 3114 1435 rege
3155 1374 3394 1432 petente,
3448 1363 3792 1435 apostolicis

2182 1453 2443 1509 doctrinis
2474 1453 2676 1520 docuit,
2711 1464 2767 1510 et
2789 1471 2887 1525 per
2923 1455 3259 1510 venerabiles
3307 1456 3601 1525 episcopos
3648 1469 3790 1510 suos

2183 1544 2311 1598 lavit
2331 1545 2470 1600 unda
2501 1547 2858 1617 baptismatis,
2886 1546 3140 1618 omnique
3161 1547 3536 1602 ecclesiastica
3587 1546 3788 1617 regula

2182 1645 2239 1691 et
2264 1637 2541 1706 disciplina
2581 1647 2744 1708 prout
2790 1639 3073 1708 oportebat
3119 1639 3395 1704 instruxit,
3427 1638 3630 1692 amotio
3681 1652 3793 1692 suo

2177 1725 2284 1794 juri
2317 1727 2587 1782 vindicare
2608 1727 2690 1782 vel
2722 1729 3014 1783 remittere
3033 1726 3178 1782 nullo
3205 1727 3363 1782 modo
3411 1734 3790 1796 praesumpse-

493 1818 644 1861 erum
672 1809 844 1863 soluta
869 1821 914 1865 et
946 1812 999 1864 in
1019 1812 1157 1866 oculis
1203 1812 1419 1882 (Matth.
1440 1814 1575 1886 xvr).
1628 1815 1781 1872 Sicut
1817 1820 1962 1873 enim
2013 1836 2079 1874 ex
2117 1803 2156 1861 Β
2187 1817 2277 1880 rit,
2302 1831 2401 1870 nec
2423 1815 2656 1884 aliquam
2682 1815 3049 1886 cujuscunque
3072 1815 3292 1870 honoris
3323 1814 3526 1870 ibidem
3549 1815 3784 1868 ordina-

500 1896 584 1952 his
608 1901 786 1954 verbis
809 1901 942 1956 nihil
967 1912 1180 1958 constat
1206 1916 1512 1974 exceptum,
1540 1907 1616 1963 sic
1645 1924 1744 1978 per
1769 1912 2079 1980 apostolica:

497 1985 920 2056 dispensationis
946 1991 1177 2048 ollicium
1201 2004 1254 2050 et
1275 2003 1444 2050 totum
1469 2012 1753 2066 possumus
1773 2003 1959 2070 procul
1981 2004 2080 2057 du-

496 2079 589 2136 bio
613 2082 938 2152 generaliter
956 2085 1195 2154 alligare,
1225 2096 1280 2141 et
1309 2096 1478 2142 totum
1499 2104 1892 2161 consequenter
1905 2095 2082 2150 absol-

493 2187 644 2240 vere,
675 2177 942 2247 praecipue
990 2194 1110 2233 cum
1142 2195 1207 2234 ex
1236 2179 1336 2235 hoc
1378 2183 1550 2252 magis
1597 2185 1826 2254 prmberi
1867 2189 2078 2244 cunctis

493 2273 740 2333 oporteat
766 2268 1073 2338 apostolica:
1103 2269 1466 2326 miserationis
1499 2275 1828 2345 exemplum.

564 2359 699 2414 Nam
748 2371 803 2416 et
859 2362 1019 2433 legati
1074 2363 1218 2419 sedis
1268 2367 1574 2436 apostolica:
1627 2351 1694 2423 ab
1736 2378 2080 2426 antecessore

491 2460 698 2512 nostro.
725 2451 964 2508 Adriano
992 2453 1241 2510 videlicet
1275 2457 1508 2513 almillco
1534 2459 1779 2528 praesule,
1808 2461 2073 2517 Constan-

493 2540 774 2610 tinopolim
809 2544 1020 2612 directi,
1056 2546 1261 2616 synodo
1287 2548 1484 2604 ibidem
1511 2559 1742 2619 peractae
1791 2567 1959 2622 usque
2009 2552 2076 2607 ad

491 2631 822 2688 voluntatem
867 2637 948 2691 sui
998 2637 1270 2706 pontificis
1321 2639 1562 2709 vigilanti
1621 2641 1798 2696 studio
1844 2643 2079 2697 subseri-

492 2732 735 2793 pserunt.
756 2766 767 2777 .
789 2764 802 2776 .
825 2764 837 2776 .
861 2763 874 2777 .
893 2763 907 2778 .
930 2765 945 2778 .
965 2765 979 2779 .
999 2714 1100 2781 nec
1121 2727 1189 2781 ab
1213 2729 1509 2798 apostolico
1536 2745 1755 2786 manere
1789 2751 1802 2786 :
1835 2733 1958 2802 quia
1993 2748 2075 2788 se-

491 2811 590 2868 des
618 2812 757 2867 beati
780 2813 923 2868 Petri
952 2814 1186 2871 cmlestis
1242 2818 1390 2888 regni
1447 2819 1702 2888 clavigeri
1754 2830 2074 2890 potestatem

495 2902 678 2970 habet,
712 2905 874 2975 ligata
900 2907 1152 2975 quaelibet
1196 2908 1509 2977 pontificum
1561 2925 1794 2980 congrua
1843 2913 2076 2965 aestima-

492 2998 643 3054 tione
690 2997 988 3053 absolvere.
1045 2997 1252 3068 Quippe
1305 3014 1425 3054 cum
1466 3009 1677 3057 constet
1731 3001 1926 3057 multos
1961 3003 2073 3072 jam

493 3091 851 3161 patriarchas,
877 3091 979 3146 hoc
1001 3098 1084 3145 est
1104 3090 1456 3146 Athanasium
1481 3101 1536 3148 et
1561 3091 1820 3164 Cyrillum
1844 3093 2075 3150 Alexan-

495 3182 700 3246 drinos,
729 3181 1042 3238 Flavianum
1067 3191 1121 3237 et
1145 3181 1406 3238 Joannem
1431 3183 2074 3254 Constantinopolitanos,

493 3274 982 3346 et‘l’olychronium
1012 3273 1516 3348 Jerosolymitanum
1548 3277 1803 3348 sy’nodice
1850 3278 2077 3332 damna-

493 3373 579 3421 tOs
608 3383 704 3438 per
746 3357 1057 3436 apostolica:
1100 3369 1241 3424 sedis
1292 3363 1633 3439 postmodum
1688 3369 2077 3425 absolutionem

492 3461 774 3520 restitutos
804 3461 1177 3515 incunctanter
1202 3459 1384 3516 fuisse.
1820 3497 1824 3513 ;

563 3552 642 3606 Eo
669 3561 846 3606 tamen
876 3560 1060 3606 tenore
1105 3553 1206 3606 ista
1237 3557 1552 3617 statuentes,
1604 3554 1895 3624 apostolica
1938 3553 2075 3608 dun-

497 3649 643 3698 taXat
675 3639 997 3699 auctoritate
1029 3653 1082 3698 ct
1132 3653 1439 3700 sanctorum
1490 3643 1734 3700 Patrum
1761 3646 2080 3700 venerabili-

493 3733 595 3790 bus
621 3734 879 3790 institutis
904 3735 1248 3790 decernimus
1277 3742 1336 3788 ut
1373 3745 1493 3805 post
1549 3736 1708 3806 hujus
1755 3736 2077 3805 patriarchae

492 3824 722 3889 obitum,
755 3824 932 3878 nullus
953 3825 1020 3879 de
1051 3825 1203 3879 laicis
1235 3825 1315 3878 vel
1343 3824 1635 3879 curialibus
1660 3825 1710 3878 in
1743 3825 2076 3894 patriarcha-

489 3923 580 3969 tus
599 3913 828 3985 eligatur
851 3915 932 3968 vel
960 3923 1308 3969 consecretur
1336 3915 1560 3980 honore,
1590 3915 1692 3969 nisi
1719 3915 1785 3970 de
1829 3915 2077 3970 cardina-

491 4005 638 4060 libus
659 4005 990 4075 presbyteris
1016 4013 1070 4059 et
1097 4007 1413 4061 diaconihus
1469 4005 2077 4075 Constantinopolitame

494 4099 664 4161 sedis,
691 4099 986 4152 secundent
1011 4113 1194 4154 sacros
1217 4113 1452 4152 canones
1479 4097 1682 4165 Spiritu
1707 4099 1800 4152 Dei
1831 4100 2078 4154 conditos

491 4198 547 4241 ct
570 4188 734 4240 totius
786 4187 968 4240 mundi
1025 4186 1325 4240 reverentia
1373 4195 1752 4254 consecratos;
1805 4188 1928 4258 quia
1977 4203 2078 4244 nec

491 4291 834 4350 prmpropere
865 4286 1054 4349 contra
1084 4294 1321 4333 canones
1364 4271 1781 4343 ecclesiasticos,
1835 4279 2077 4335 decreta-

491 4390 598 4443 que
642 4375 908 4444 majorum
963 4372 1071 4428 cito
1115 4371 1342 4442 quilibet
1388 4372 1579 4436 lector,
1619 4373 1728 4428 cito
1773 4373 2072 4444 acolythus,

489 4467 600 4520 cito
625 4465 900 4529 diaconus,
927 4463 1041 4516 cito
1073 4461 1328 4517 sacerdos
1353 4462 1436 4515 vel
1487 4463 1772 4532 episcopus
1820 4463 1928 4525 fiat,
1984 4467 2072 4533 qui

489 4553 546 4608 in
574 4543 872 4609 minoribus
895 4540 1084 4608 ofﬁciis
1114 4541 1194 4608 sic
1224 4552 1311 4607 diu
1345 4553 1656 4621 perdurent,
1683 4560 1737 4608 et
1757 4549 1863 4608 vita
1888 4569 2073 4608 eorum

493 4644 700 4714 pariter
725 4655 781 4700 et
809 4644 1126 4714 obsequium
1160 4643 1562 4712 comprobetur,
1599 4652 1658 4698 ut
1705 4659 1800 4713 per
1833 4653 2071 4713 tempora

491 4754 521 4790 a
546 4735 836 4804 majoribus
865 4737 1152 4799 instituta,
1203 4736 1567 4804 eornprobatis
1595 4717 1762 4800 prius
1812 4737 2071 4802 morilms,

489 4839 545 4884 et
574 4823 729 4884 bonae.
756 4828 876 4882 vitae
899 4827 1106 4883 meritis
1133 4828 1542 4898 refulgentibus,
1570 4829 1635 4883 ad
1662 4844 1930 4883 sunumnn
1988 4847 2072 4886 sa-

490 4909 794 4976 cerdotium
824 4919 1167 4989 postmodum
1194 4921 1394 4974 veniat.
1426 4917 1689 4986 Quoniam
1738 4936 1843 4975 non
1867 4930 1950 4975 est
1976 4938 2070 4976 su-

491 5008 1042 5080 bitoprzcripiendum
1078 5008 1160 5062 vel
1204 5011 1587 5080 usurpandum,
1638 5012 1778 5079 quod
1825 5011 1930 5065 vita
1985 5014 2074 5066 diu

492 5101 714 5169 probata
743 5103 983 5156 meretur
1031 5099 1294 5169 accipere.
1353 5098 1488 5153 Nam
1546 5101 1590 5155 si
1649 5101 1700 5154 in
1751 5101 2078 5170 quibuslibet

491 5191 749 5248 Ecclesia:
779 5191 1034 5264 gradibus
1067 5179 1416 5262 providenter
1439 5185 1736 5263 curandum
1778 5202 1862 5248 est
1910 5203 1968 5247 ut
2021 5194 2100 5268 in.

491 5287 703 5341 Domini
729 5286 895 5340 domo
917 5286 1050 5342 nihil
1096 5285 1166 5339 sit
1215 5285 1598 5348 inordinatum,
1655 5295 1858 5354 quanto
1903 5288 2077 5357 magis

491 5378 876 5458 elaborandum
899 5386 976 5433 est
1011 5386 1070 5432 ut
1107 5378 1161 5431 in
1193 5377 1454 5454 electione
1480 5377 1595 5446 ejus
1620 5379 1905 5448 qui'supra
1954 5395 2075 5434 om-

495 5487 591 5526 nes
621 5453 819 5544 gradus
841 5464 1371 5556 constituiturgnon
1413 5469 1684 5528 erretur?.
1719 5463 2079 5544 Namvttnius
2115 5533 2120 5540 θ

567 5613 592 5638 ιι
622 5598 718 5673 llic
747 5597 899 5657 dee‘s't
923 5597 1193 5672 periodus,
1220 5597 1386 5673 quam”
1427 5611 1498 5658 ‘ex
1550 5601 1786 5658 editione
1822 5595 2073 5656 Romana
2107 5609 2110 5612 ’

495 5671 716 5738 supplco
793 5673 866 5732 Si,
879 5671 1156 5754 quispiam
1180 5671 1401 5754 idmqu
1451 5675 1664 5754 onmiim
1692 5723 1704 5754 .1
1715 5673 2087 5754 interdicimus.

499 5742 947 5826 risui-parinquia
994 5744 1235 5808 remissio.
1271 5744 1470 5816 peccati
1519 5759 1633 5800 non.
1671 5743 1768 5826 dat
1813 5742 2117 5810 licentiam,

2182 1906 2381 1962 tionem
2413 1906 2714 1960 fecerit.....
2748 1906 2946 1960 ibidem
2985 1913 3111 1959 sunt
3155 1905 3341 1960 illicitae
3370 1905 3602 1960 ordinati
3652 1904 3786 1974 epi-

2179 1997 2328 2066 scopi
2357 1995 2440 2050 vel
2467 1996 2890 2051 sacerdotes.....
2920 1995 3352 2064 archiepiscopo,
3376 1995 3462 2050 vel
3491 1995 3780 2065 episcOpis

2177 2089 2269 2158 qui
2302 2087 2498 2142 ibidem
2551 2087 2804 2142 videntur
2854 2087 3244 2141 existere.......
3278 2101 3497 2139 sacrum
3547 2086 3782 2155 pallium

2179 2197 2287 2251 quo
2319 2182 2463 2236 inter
2483 2196 2634 2236 sacra
2659 2180 2950 2236 missarum
2977 2179 3239 2234 solemnia
3292 2180 3368 2234 uti
3424 2178 3781 2248 pontificibus

2178 2271 2394 2326 solitum
2422 2280 2524 2334 est,
2559 2272 2672 2341 ipse
2709 2270 3014 2340 patriarcha
3071 2271 3287 2324 mittere
3338 2269 3774 2338 praesumpserit.

2250 2363 2420 2419 Porro
2447 2379 2546 2433 pro
2569 2365 2732 2418 tantis
2760 2362 3276 2433 perturbationibus,
3329 2363 3535 2430 quibus
3580 2360 3777 2414 Eccle-

2177 2457 2255 2510 sia
2285 2464 2462 2509 vestra
2484 2454 2640 2524 longo
2662 2451 2773 2521 jam
2807 2463 3044 2523 tempore
3069 2460 3249 2505 manet
3281 2451 3517 2511 turbata,
3575 2459 3781 2504 vestra

2178 2527 2456 2618 Augustali
2482 2546 2691 2615 pietati,
2721 2544 2918 2600 obnixe
2951 2542 3291 2613 suggerimus
3339 2550 3402 2595 ut
3458 2540 3780 2595 Constanti-

2181 2640 2550 2710 nopolitanum
2575 2637 2938 2708 patriarcham
2976 2637 3138 2706 digno
3163 2635 3366 2689 honore
3413 2642 3770 2697 venerantes,

2177 2731 2332 2800 quasi
2358 2737 2564 2800 patrem
2591 2727 2910 2798 spiritalem,
2941 2733 2994 2780 et
3022 2735 3206 2794 utpote
3233 2724 3375 2777 inter
3401 2738 3497 2778 ves
3517 2731 3572 2777 et
3599 2723 3779 2777 Deum

2180 2821 2532 2875 mediatorem
2576 2819 2932 2888 przecipuum,
2983 2817 3161 2870 divina
3207 2816 3379 2880 vobis,
3416 2830 3516 2884 per
3540 2830 3663 2884 qua:
3703 2816 3779 2869 ad

2177 2927 2398 2980 regnum
2427 2912 2752 2981 perveniatis
2787 2919 3069 2972 :eternum,
3093 2907 3280 2962 sedule
3325 2908 3776 2970 annuntianten,

2176 3005 2266 3073 pio
2291 3018 2502 3074 semper
2523 3002 2715 3058 all'ecln
2737 3001 2949 3066 colatis,
2969 3011 3024 3055 et
3053 3009 3112 3055 ut
3131 3000 3411 3063 condecet,
3438 3000 3488 3052 in
3514 3000 3785 3054 omnibus

2179 3099 2487 3162 honoretis;
2518 3098 2640 3166 quia
2671 3111 2770 3165 pro
2814 3095 3130 3166 temporali,
3161 3109 3322 3164 quem
3357 3093 3432 3148 illi
3473 3092 3772 3152 exhihetis,

2183 3190 2405 3252 honore,
2439 3203 2533 3242 vos
2553 3196 2609 3242 et
2643 3187 2730 3242 hic
2761 3185 3115 3256 temporalem
3164 3183 3623 3239 honorificentiam
3653 3182 3775 3236 ha-

2179 3282 2376 3338 bebitis
2403 3321 2424 3343 .
2462 3290 2518 3335 et
2555 3281 2606 3335 in
2653 3291 2915 3335 aeternum
2965 3278 3316 3347 multiplicem
3361 3276 3544 3346 procul
3597 3274 3781 3330 dubio

2181 3373 2474 3442 recipietis,
2501 3373 2568 3426 ab
2594 3371 2684 3426 illo
2705 3385 2896 3439 nempe
2917 3370 3008 3439 qui
3057 3369 3420 3439 glorificantes
3462 3382 3522 3422 se
3558 3364 3782 3435 gloriﬁ-

2179 3476 2306 3516 care
2329 3469 2559 3516 testatur
2611 3459 2662 3532 (I
2692 3460 2821 3530 Reg.
2860 3461 2941 3532 ιι).
3005 3458 3115 3514 Nec
3169 3471 3355 3513 eorum
3403 3456 3556 3512 verba
3615 3454 3782 3511 falso

2179 3554 2408 3624 prolata,
2441 3555 2530 3623 qui
2558 3552 2936 3608 scandalorum
2959 3551 3167 3606 zizania
3195 3565 3352 3620 super
3394 3547 3767 3615 conspicuam

2178 3654 2413 3718 segetem
2440 3644 2648 3699 Domini
2679 3643 2948 3699 seminare
2979 3657 3086 3697 non
3116 3649 3350 3708 cessant,
3373 3646 3539 3692 vestra
3567 3635 3772 3704 impe-

2180 3736 2328 3792 rialis
2353 3737 2602 3810 dignetur
2627 3736 2813 3790 audire
2839 3734 3115 3804 majestas,
3143 3747 3244 3787 nec
3288 3745 3384 3802 pro
3435 3727 3614 3782 talium
3671 3741 3784 3782 su-

2177 3826 2576 3882 surrationibns
2598 3825 2892 3886 hominum,
2921 3825 3013 3892 qui
3044 3837 3260 3892 semper
3279 3821 3487 3876 student
3509 3817 3783 3873 scindere

2177 3917 2441 3970 unitatem
2504 3915 2618 3980 Dei,
2654 3923 2857 3968 vestem
2904 3912 3138 3976 Domini,
3190 3909 3480 3965 Ecclesium
3533 3906 3778 3973 Christi,

2177 4009 2376 4077 quique
2398 4007 2594 4077 linguis
2615 4006 2726 4060 suis
2749 4018 2964 4073 semper
2992 4003 3175 4058 dolose
3197 4016 3355 4072 agere
3387 4015 3490 4055 non
3518 4010 3777 4063 cessant,

2179 4112 2442 4152 venenum
2469 4096 2717 4166 aspidum
2762 4103 3044 4165 portantes
3087 4095 3186 4149 sub
3227 4093 3380 4149 labiis
3419 4092 3531 4146 suis
3579 4087 3775 4160 (Pal.

2178 4187 2322 4256 xm),
2341 4187 2578 4240 animum
2600 4185 2899 4241 clementia:
2919 4194 3116 4240 vestra:
3137 4185 3396 4238 adversus
3417 4197 3536 4236 eum
3558 4180 3784 4250 aliqua-

2176 4289 2330 4334 tenus
2357 4279 2756 4342 comtnovcatis,
2786 4288 2840 4333 et
2862 4291 3131 4333 summum
3157 4276 3488 4332 sacerdotem
3515 4282 3778 4327 vestrum

2178 4370 2270 4424 Dei
2285 4369 2618 4439 providentia
2644 4369 2696 4423 in
2719 4369 2974 4424 Ecclesiae
2994 4368 3194 4423 Christi
3219 4368 3474 4438 regimine
3493 4365 3778 4419 constitu—

2181 4470 2293 4514 tum
2308 4460 2385 4514 slc
2399 4458 2556 4514 facile
2565 4459 2939 4523 exhonoretis,
2954 4460 3096 4528 quod
3111 4459 3360 4512 nimirum
3377 4462 3566 4510 sancto
3579 4464 3782 4508 vestm

2181 4551 2407 4619 imperio
2435 4549 2590 4605 valde
2622 4551 2962 4605 inhonestum
2986 4558 3040 4604 et
3066 4550 3321 4604 indecens
3347 4563 3465 4602 esse
3490 4547 3779 4602 videatur.

2251 4639 2516 4696 Prmterea
2547 4641 2866 4696 mandamus
2895 4642 3082 4706 etiam,
3112 4649 3168 4695 ut
3192 4655 3379 4696 omnes
3403 4639 3698 4709 episcopos
3719 4649 3781 4694 et

2179 4732 2505 4796 sacerdotes,
2533 4747 2631 4787 seu
2651 4731 3019 4800 cujuscunque
3045 4731 3254 4786 ordinis
3278 4730 3522 4792 clericos,
3568 4728 3668 4796 qui
3703 4729 3781 4781 de

2175 4823 2612 4876 consecratione.
2645 4820 2835 4892 lgnatii
2889 4821 3044 4876 bonae
3106 4821 3377 4876 memoria:
3435 4819 3782 4889 patriarcha:

2177 4901 2500 4979 consistunt,
2522 4913 2635 4967 sive
2661 4914 2714 4967 in
2755 4913 2867 4983 ipsa
2913 4913 3060 4984 regia
3118 4912 3251 4967 urbe
3295 4920 3590 4974 manentes,
3649 4911 3779 4964 sive

2180 5007 2374 5062 alicubi
2405 5014 2579 5069 extra,
2633 5005 2792 5075 longe
2845 5019 2938 5058 seu
2989 5019 3156 5073 prope
3197 5012 3456 5067 retrusos,
3502 4998 3777 5052 clementi

2179 5097 2361 5151 animo
2377 5097 2444 5152 ad
2470 5095 2734 5167 gremium
2758 5105 2811 5150 et
2832 5096 3092 5150 unitatem
3109 5091 3579 5148 sanctteEcclesia:
3601 5105 3780 5145 revo-

2178 5191 2336 5256 cetis,
2366 5197 2420 5243 et
2450 5188 2591 5262 ulnis
2613 5188 2852 5254 extensis
2880 5197 3106 5257 paterno
3151 5181 3344 5240 aﬂ‘ectu
3388 5181 3671 5252 recipiatis
3717 5193 3783 5237 et

2177 5279 2595 5350 amplectamini,
2617 5279 2974 5349 propriasque
3004 5277 3295 5346 unicuique
3316 5275 3544 5336 illorum,
3566 5272 3788 5340 jubea-

2181 5372 2258 5424 tis
2277 5370 2504 5425 reddere
2531 5371 2686 5426 sedes
2699 5381 2741 5436 ;"‘
2770 5375 2842 5424 ut‘
2871 5370 3016 5424 sicut
3043 5375 3257 5446 una‘est
3285 5368 3436 5430 fides,
3481 5378 3662 5418 unum
3719 5369 3781 5421 in

2180 5467 2334 5522 nobis
2359 5461 2649 5542 ‘baptiSma,
2674 5467 2742 5546 et
2762 5459 2965 5538 enices;
2984 5480 3172 5545 tntum,
3203 5477 3388 5534 sumus
3423 5453 3779 5538 ἱειβῦάδφ.
3807 5527 3812 5530 .

2177 5602 2364 5654 iterum
2388 5598 2754 5670 delinquendi;
2798 5614 2890 5652 nec
2936 5596 3076 5670 quod
3113 5595 3283 5670 potuit
3332 5571 3838 5670 aliqua_'r_otiorc"“

2178 5669 2336 5752 rente!
2365 5660 2600 5752 concedi,
2610 5669 2710 5737 »εἶπε
2731 5660 2834 5724 erit
2848 5660 3084 5737 animus
3093 5660 3316 5736 ,εἰηριιιη
3329 5660 3620 5728 ιωὺιιιιίιιίν
3710 5679 3781 5729 οε

2176 5748 2614 5809 είέαηινβωοιπιιιςι
2646 5754 2832 5808 uelud-‘57
2881 5781 2890 5796 ι
2946 5769 3262 5816 ultime-uin;
3287 5761 3449 5803 num“:
3484 5763 3594 5801 .‘m‘l'
3627 5748 3684 5798 υἱ
