3984 5430
43 292 182 348 857

52 407 151 461 ita
187 416 256 461 et
290 405 388 461 isti
413 407 505 478 qui
555 406 623 462 ad
674 405 932 465 unitatem
983 418 1040 466 et
1078 409 1394 466 societatem
1442 412 1700 468 Ecclesia-
1727 416 1777 474 Α

60 498 178 551 Dei
207 507 274 551 et
306 497 556 565 corporis
582 497 779 553 Christi
808 501 1083 565 redierint,
1112 509 1168 555 et
1189 501 1241 555 id
1295 502 1468 572 ipsum
1517 503 1701 557 dicen-

62 596 167 641 tes
201 586 560 657 perfectique
579 590 872 645 existentes
895 590 946 644 in
971 591 1160 645 eodem
1189 607 1374 656 sensu,
1429 593 1481 646 in
1509 594 1701 648 eadem

67 675 365 741 scientia,
397 694 535 732 unus
563 696 692 748 grex
715 678 1032 744 eiliciantur,
1086 691 1142 737 et
1173 698 1311 736 unus
1337 692 1545 752 pastor,
1605 699 1703 738 nec

69 770 351 824 audeant
378 770 609 838 amplius
659 771 838 826 dicere
866 791 879 824 :
911 771 1024 843 Ego
1067 773 1273 843 quidem
1327 790 1443 828 sum
1480 773 1702 844 ﬂeplta',

73 876 189 928 ego
227 856 428 925 Pauli,
452 877 544 929 ego
568 872 741 915 autem
789 862 1008 932 Appollo
1059 863 1109 932 (1
1135 864 1258 919 Cor.
1291 865 1354 935 ι),
1404 856 1524 920 scd'
1547 866 1707 921 unius

76 949 314 1004 Christi
350 951 464 1004 veri
504 950 596 1004 Dei
621 953 814 1017 nostri,
843 954 933 1021 qui
963 963 1046 1009 est
1093 969 1196 1023 pax
1251 965 1434 1010 nostra
1483 964 1537 1009 et
1580 955 1708 1010 fecit

79 1048 350 1108 utraque
374 1057 560 1104 unum,
588 1043 916 1114 veniensque
943 1044 1183 1100 cmlestia
1205 1061 1326 1100 cmn
1354 1047 1586 1100 terrenis
1608 1061 1704 1115 pa-

81 1131 338 1186 ciﬁcare
362 1133 613 1204 dignatus
635 1143 738 1189 est.
772 1136 876 1201 Qui
913 1137 1107 1190 idcirco
1135 1138 1293 1192 semel
1345 1155 1440 1208 pro
1485 1138 1709 1209 peccatis

88 1223 311 1276 nostris
338 1233 575 1279 mortuus
604 1235 700 1290 est,
730 1236 783 1279 ut
810 1227 948 1296 ﬁlios
995 1227 1093 1282 Dei
1139 1229 1229 1299 qui
1264 1239 1414 1283 erant
1463 1229 1705 1298 dispersi,

90 1323 460 1383 congregaret
490 1316 542 1369 in
566 1333 726 1370 unum
754 1316 936 1387 (Joan.
967 1335 1041 1382 ιι,
1065 1319 1176 1388 52).
1208 1319 1316 1374 Nec
1345 1322 1488 1376 enim
1513 1322 1711 1391 poterit

94 1405 348 1459 unitatis
373 1419 563 1461 eorum
598 1410 750 1464 tirma
774 1425 894 1466 esse
915 1427 1196 1483 compago,
1227 1413 1331 1467 nisi
1367 1428 1460 1468 eos
1503 1414 1569 1468 ad
1626 1415 1710 1469 in-

95 1494 481 1562 separabilem
503 1497 830 1554 soliditatem
852 1501 1123 1558 vinculum
1145 1504 1428 1559 cltaritatis
1450 1505 1712 1560 astrinxe-

101 1583 185 1638 rit
213 1600 228 1639 :
263 1595 556 1656 quatenus,
584 1587 693 1644 Deo
713 1588 951 1656 favente,
974 1593 1179 1662 absque
1227 1595 1375 1650 omni
1421 1597 1710 1666 perturba-

102 1675 292 1740 tione,
332 1678 485 1733 vobis
512 1681 861 1750 regnantibus
886 1683 1018 1739 salvi
1049 1693 1105 1738 et
1127 1687 1304 1740 securi
1335 1687 1707 1756 persistentes,

97 1779 220 1836 pro
242 1767 421 1823 salute
442 1781 618 1826 vestra
646 1781 699 1826 et
723 1788 819 1844 pro
842 1783 984 1829 statu
1011 1777 1320 1847 reipublicae
1340 1779 1558 1849 jugihus
1579 1795 1716 1836 sem-
1745 1765 1790 1824 Β

105 1874 216 1926 per
247 1860 392 1916 votis
421 1861 707 1922 Dominum
737 1865 954 1920 valeant
981 1868 1282 1936 deprecari.

189 1947 352 2015 Quod
383 1950 429 2004 si
462 1950 599 2006 forte
624 1953 842 2022 quidam
881 1956 1190 2010 exstiterint
1217 1972 1339 2012 cum
1383 1958 1571 2013 eodem
1619 1975 1714 2030 pa-

108 2041 368 2097 triarcha
407 2045 811 2101 communicare
865 2047 1126 2109 nolentes.
1181 2051 1576 2105 admoneantur
1627 2066 1712 2107 se-

110 2130 309 2184 cundo
334 2139 390 2185 et
412 2131 573 2186 tertio
599 2143 658 2186 ut
691 2143 892 2190 sanctze
923 2136 1177 2191 Ecclesia:
1201 2153 1259 2192 se
1315 2138 1469 2192 unire
1522 2155 1717 2210 procu-

113 2227 272 2272 rent.
307 2219 462 2285 Quod
489 2221 532 2274 si
565 2223 882 2292 acquiscere
902 2226 1194 2290 noluerint,
1216 2227 1268 2282 in
1293 2243 1388 2283 sua
1413 2229 1712 2298 pertinacia

115 2323 350 2364 manere
378 2310 641 2376 volentes,
667 2328 822 2368 sacra
849 2329 944 2370 eos
997 2318 1402 2383 communione,
1449 2321 1532 2375 his
1580 2337 1717 2391 pra:-

120 2398 379 2453 sentibus
406 2399 586 2454 missis
637 2403 840 2459 nostris
897 2421 1000 2459 una
1045 2422 1167 2460 cum
1209 2409 1416 2478 synodo
1451 2408 1718 2478 jussimus

122 2489 368 2558 privare,
392 2508 674 2563 quousque
698 2495 766 2550 ad
798 2513 954 2550 suum
990 2498 1212 2554 redeant
1241 2501 1610 2570 patriarcham
1661 2511 1718 2558 et

121 2577 202 2635 ad
238 2589 440 2637 sauctte
489 2581 744 2639 Ecclesiae
789 2589 1072 2654 unitatem,
1121 2603 1244 2642 cum
1300 2589 1567 2660 praecipue
1615 2591 1716 2660 ipsi

124 2670 367 2742 episcOpi
399 2688 427 2726 a
458 2675 614 2729 nobis
643 2677 752 2731 sint
808 2679 1071 2733 canonice
1119 2682 1594 2736 exconnnunicati.
1649 2681 1718 2737 Et

126 2762 256 2818 ilco
284 2763 329 2817 si
357 2779 452 2820 eos
480 2767 531 2819 in
552 2768 886 2823 consortium
917 2785 1071 2824 suum
1099 2771 1386 2840 receperit,
1414 2773 1719 2844 aliquamve

122 2867 258 2908 cum
279 2854 358 2910 eis
383 2859 813 2915 communionem
837 2861 1109 2926 habuerit,
1137 2863 1302 2917 simili
1353 2865 1514 2919 modo
1561 2881 1716 2920 eum-

126 2945 254 2998 dem
283 2947 644 3014 patriarcham
686 2965 808 3005 cum
857 2951 986 3021 ipsis
1027 2953 1295 3024 episcopis
1349 2955 1718 3010 ecclesiastica

123 3039 512 3092 communione
525 3038 838 3107 judicamns
861 3058 980 3097 esse
1000 3043 1288 3112 privatum.
1335 3045 1470 3099 Data
1530 3060 1716 3101 mense

124 3130 372 3198 Augusto
396 3132 484 3188 die
505 3133 718 3189 decima
760 3144 911 3188 sexta
935 3147 982 3198 α,
1000 3108 1016 3112 ν
1037 3135 1329 3190 indictione
1375 3136 1712 3194 duodecima.
1745 3108 1790 3168 (δ

209 3219 370 3275 Missa
395 3239 488 3293 per
517 3223 732 3278 Petrum
756 3225 1132 3294 presbyterum.

536 3329 744 3368 ADNOTA
755 3329 845 3370 T10
877 3329 1118 3369 SEVERINI
1156 3330 1307 3369 BIN".

223 3401 301 3458 De
319 3405 655 3472 praecedentis
680 3407 914 3476 epistola!
938 3424 969 3460 a
998 3403 1191 3461 Photio
1218 3405 1624 3463 adulteratione.

208 3491 320 3556 Qua
346 3494 630 3548 occasione
650 3495 791 3550 hanc
816 3494 884 3549 de
903 3493 1078 3549 Pbotii
1115 3495 1452 3550 absolutione
1478 3505 1534 3550 et
1562 3499 1720 3552 resti-

133 3564 342 3636 tntione
363 3563 643 3636 epistolam
671 3565 907 3636 pontifex
934 3565 1230 3636 scripserit,
1258 3565 1494 3636 diximus
1554 3581 1716 3636 supra

133 3633 195 3686 in
227 3630 361 3702 notis
392 3631 467 3702 ad,
491 3630 912 3702 Vitam'Joannis
936 3630 1086 3702 papie
1116 3633 1244 3688 Vlll.
1274 3635 1399 3688 llaac
1422 3635 1474 3688 in
1531 3630 1718 3692 codice

132 3701 738 3774 Vaticanocharactere
761 3701 1115 3772 Longoba’rdo
1137 3715 1383 3768 exarato,
1415 3713 1578 3773 atque
1601 3705 1715 3774 jam

134 3768 283 3843 haud
299 3768 522 3843 pridem,
541 3768 908 3843 sedimendosé
926 3773 1191 3843 nonnihil,
1219 3789 1371 3838 cuso,
1389 3768 1713 3843 scriptaest.

212 3837 422 3912 summa
454 3840 729 3912 planeDei
759 3841 1094 3912 providentia
1119 3843 1320 3898 factum
1348 3837 1431 3897 est
1471 3837 1530 3898 ut
1575 3843 1718 3911 ejus-

135 3907 279 3964 modi
301 3905 518 3984 Joannis
562 3910 672 3966 V’lll
715 3905 864 3982 papae
893 3911 1112 3984 littera:
1152 3914 1204 3966 in
1246 3923 1492 3984 nostrum
1548 3905 1717 3984 usque

140 3989 344 4055 tempus
369 3977 421 4032 in
455 3980 570 4048 ejus
599 3977 828 4051 regesto,
860 3981 974 4037 sive
999 3984 1292 4055 ut‘dicunt
1345 3983 1526 4055 vulgo,
1579 3977 1716 4055 regi-

140 4056 252 4102 stro
270 4048 496 4122 integras
522 4048 892 4122 servarentur,
925 4066 1025 4106 nec
1047 4052 1186 4108 sicut
1216 4048 1709 4122 aliorum'pluriu'm

213 4117 709 4191 ntilicumepistolze
737 4122 1094 4191 perderentur
1117 4141 1129 4176 :
1165 4133 1224 4178 ut
1248 4137 1315 4177 ex
1347 4123 1432 4178 his
1454 4117 1620 4178 etiam
1643 4139 1712 4180 ex

196 4186 658 4261 icolaietAdriani
689 4186 931 4260 epistolis
963 4191 1188 4246 Photius
1210 4193 1406 4247 millies
1430 4193 1602 4261 possit
1633 4210 1716 4249 re-

142 4256 318 4327 dargui
341 4257 650 4327 imposturaa
673 4256 734 4316 et
750 4261 1001 4315 falsitatis
1025 4263 1295 4317 convinci.
1329 4263 1410 4316 Ad
1430 4256 1710 4318 'usitatam

141 4324 387 4394 impostor
412 4324 586 4384 artem
617 4332 774 4386 rediit
795 4331 1022 4386 ialsandi
1082 4332 1292 4388 litteras
1339 4332 1708 4388 Romanorum

140 4395 464 4471 pontiﬁcum,
495 4410 550 4454 et
590 4401 791 4471 ﬁngere
821 4417 958 4471 nova
985 4403 1204 4471 scripta,
1238 4417 1363 4456 nam
1405 4414 1599 4469 praeter
1643 4418 1705 4458 ea

185 4480 266 4539 uae
291 4467 404 4534 plus
448 4471 585 4525 satis
622 4467 691 4526 dé
734 4472 848 4539 ipso
885 4470 1028 4524 dicta
1075 4467 1198 4526 sunt
1250 4472 1351 4525 sub
1391 4467 1611 4526 Nicolao
1652 4483 1706 4529 et

193 4534 365 4591 driano
381 4534 817 4608 pontiﬁcibusfet
839 4541 890 4594 in
908 4540 1114 4610 synodo
1136 4541 1422 4596 universali
1440 4551 1568 4595 sunt
1580 4557 1704 4610 pro-

141 4611 387 4680 chmata,
404 4626 558 4666 novae
585 4625 774 4666 rursus
799 4611 868 4664 ab
898 4611 1190 4680 impostore
1213 4611 1462 4680 prodiere
1494 4612 1702 4666 falsita-

145 4683 244 4739 tes,
267 4686 328 4750 ut
342 4679 497 4746 plane
526 4681 787 4736 acciderit
807 4682 874 4735 de
913 4680 1009 4750 his,
1039 4679 1261 4750 Joannis
1311 4695 1462 4750 papae
1509 4681 1705 4738 litteris

145 4746 280 4814 quod
303 4748 363 4802 de
387 4751 518 4812 suis.
554 4750 621 4804 ab
642 4751 830 4805 eodem
858 4749 1050 4804 Photio
1080 4746 1588 4815 falsatis,'NicoIaus
1648 4753 1700 4806 in

145 4816 351 4888 epistola
379 4821 444 4874 ad
485 4820 798 4874 Michaelem
836 4830 1214 4888 nnperatorem
1259 4821 1547 4885 exclamat,
1579 4837 1701 4875 cum

147 4891 257 4960 ait;
284 4885 363 4960 Ea;
377 4890 479 4960 Itis,
512 4891 709 4960 inquit,
729 4907 845 4960 qua:
867 4885 1054 4960 ibidem
1078 4905 1144 4942 ex
1166 4907 1227 4942 ea
1255 4890 1386 4944 lecta
1408 4899 1552 4954 sunt,
1579 4907 1706 4944 non-

145 4954 285 5008 nulla
303 4954 494 5027 additu,
519 4954 932 5023 multamutata,
956 4959 1110 5030 plura
1129 4965 1395 5014 subtracta
1434 4959 1700 5030 reperitot-

145 5035 249 5089 tur,
271 5035 312 5078 et
334 5044 422 5096 per
441 5030 620 5084 omnia
651 5030 774 5084 talis
795 5047 826 5082 a
856 5030 994 5084 vobis
1013 5029 1196 5097 e/fecta
1225 5040 1321 5096 est,
1355 5041 1408 5084 ut
1429 5029 1522 5085 aut
1548 5029 1700 5094 nihil,

1336 294 1692 353 EPISTOLE
1729 297 1816 353 ET
1858 295 2194 355 DECRETA.

3284 302 3387 360 358

1877 415 1981 468 Sed
2023 430 2282 482 quorsum
2319 414 2435 470 lure
2493 416 2641 482 ipse?
2676 415 2841 472 dices.
2900 416 3080 471 Voluit
3127 412 3421 474 scelestus~

1803 485 1956 552 quasi
1990 500 2056 537 ex
2083 485 2306 539 Joannis
2332 501 2481 555 papa:
2512 485 2704 542 litteris
2743 503 2847 540 non
2891 487 3062 542 solum
3107 502 3260 540 suam
3309 499 3391 543 re-

1804 555 2135 626 stitutionem
2167 555 2375 626 ﬁrmam
2408 558 2823 626 rohoratamque
2848 567 3172 623 monstrare,
3206 558 3300 612 sed
3327 567 3384 614 et

1806 623 2013 697 falsatis
2034 623 2136 678 illis
2161 625 2393 693 probare
2423 628 2588 697 etiam
2621 623 2945 681 auctoritate
2987 627 3226 696 ejusdem
3254 642 3391 697 pon-

1806 693 1968 747 tificis
1996 702 2243 766 octavam
2273 696 2536 766 synodum
2574 699 2961 751 (ecumcnicam
2992 693 3111 753 esse
3163 693 3391 750 damna—

1809 772 1951 837 tam;
1983 765 2264 837 probatam
2295 780 2421 837 vero
2449 776 2719 821 recentem
2747 769 2816 821 ab
2848 769 2963 837 ipso
2987 770 3247 822 adversus
3269 781 3388 821 eam

1807 834 2266 907 constantinopoli
2283 835 2658 907 celebratam;
2683 834 3038 906 octava—mque
3069 839 3272 907 pariter
3301 852 3392 891 no-

1808 904 2067 975 minatam
2098 905 2148 958 in
2175 904 2468 960 abolitione
2509 908 2760 975 legitima:
2795 904 2999 961 octava:
3043 904 3394 962 memnenicte

1809 973 1909 1047 sub
1931 974 2171 1047 Adriano
2199 976 2452 1047 pontiﬁce
2477 973 2781 1031 celebrata}.
2809 977 2886 1030 Ex
2911 993 3016 1046 quo
3048 977 3252 1047 grande
3278 993 3392 1047 ma-

1811 1043 1916 1097 lum
1939 1042 2068 1117 illud
2113 1042 2294 1098 evenit
2324 1054 2380 1098 ut
2406 1059 2505 1114 pro
2547 1062 2802 1117 germana
2855 1042 3074 1110 ociava:
3113 1062 3142 1099 a
3191 1045 3394 1101 Graecis

1810 1114 2065 1188 maxime,
2094 1124 2315 1188 accepta
2345 1117 2414 1169 sit
2448 1114 2682 1188 synodus
2729 1117 3020 1181 Photiana;
3076 1125 3133 1170 ut
3185 1116 3390 1170 factum

1811 1185 1953 1255 inter
1981 1183 2115 1255 alios
2139 1200 2169 1238 a
2199 1184 2405 1238 Zonara
2436 1183 2518 1240 est
2548 1187 2751 1253 videre,
2805 1188 2893 1255 qui
2921 1189 2972 1240 in
3002 1201 3096 1240 sua
3122 1201 3388 1241 canonum

1811 1252 2127 1326 collectione
2169 1264 2223 1308 et
2281 1252 2744 1324 interpretatione
2789 1252 2965 1326 posuit
3022 1256 3141 1312 loco
3190 1264 3394 1310 octava;

1813 1324 2162 1397 tecumenige
2185 1326 2456 1397 synodum
2473 1324 2803 1397 Pholianam
2831 1327 3176 1397 sacrilegam;
3226 1341 3389 1397 quam

1814 1395 1984 1462 ipsam
2011 1402 2067 1448 et
2085 1395 2397 1449 Theodorus
2429 1395 2674 1451 Balsama
2729 1395 3087 1452 universalein
3142 1395 3392 1521 aspellat.

1814 1463 1965 1521 cuius
1990 1473 2044 1517 et
2069 1473 2180 1518 tres
2214 1480 2450 1520 canones
2475 1468 2699 1521 recitat:
2726 1468 2806 1521 sic
2839 1476 2893 1521 et
2922 1467 3125 1521 reliqua
3219 1481 3389 1520 neco-

1813 1463 1965 1530 cujus
1990 1473 2044 1536 et
2060 1473 2180 1536 tres
2214 1480 2450 1536 canones
2475 1468 2699 1530 recitat;
2726 1468 2806 1522 sic
2839 1476 2893 1522 et
2922 1467 3125 1536 reliqua
3167 1463 3389 1521 Ciacco-

1815 1534 2425 1608 rnm_schismat_icorum_
2446 1536 2722 1608 colluvies.
2755 1537 2833 1590 Tu
2859 1534 3052 1608 igitur,
3070 1536 3258 1608 lector,
3281 1536 3392 1608 hic,

1815 1604 2008 1676 amabo
2033 1612 2103 1669 te,
2133 1605 2283 1668 sede,
2312 1606 2517 1676 arbiter
2544 1607 2808 1670 veritatis,
2865 1604 3026 1676 atque
3079 1622 3146 1661 ex
3199 1604 3394 1676 litteris

1814 1672 2038 1728 Joannis
2058 1679 2207 1744 papa:
2233 1676 2286 1728 in
2311 1674 2558 1730 Graecum
2590 1691 2620 1729 a
2656 1676 2849 1730 Photio
2874 1672 3099 1730 redditis
3141 1685 3195 1729 et
3255 1675 3392 1729 reci-

1820 1744 1947 1815 tatis
1975 1744 2026 1797 in
2056 1746 2288 1815 seen_nda
2317 1746 2530 1800 actione
2556 1761 2666 1801 suae
2711 1746 3128 1815 pseudosynodi,
3171 1757 3397 1815 revoca-

1820 1814 1890 1867 tis
1910 1828 2037 1868 vero
2061 1815 2127 1868 ad
2168 1813 2514 1871 Latinitatem
2569 1831 2598 1869 a
2643 1813 3133 1871 Friderico'Metio
3186 1814 3396 1884 origine

1815 1884 2026 1956 Grzeco,
2049 1885 2142 1938 sed
2171 1886 2368 1954 pietate
2387 1887 2654 1941 catholico
2674 1895 2834 1956 atque
2864 1886 2968 1940 ﬁde
2993 1884 3206 1950 Latino,
3235 1883 3395 1938 niodo

1814 1954 1886 2025 ob
1940 1954 2195 2007 virtutum
2249 1965 2413 2025 atque
2461 1954 3145 2025 doctrinmiprmstantiam
3207 1961 3394 2025 creato

1817 2024 2174 2096 Thermarum
2200 2022 2474 2096 episeOpo,
2503 2022 2824 2082 veteratoris
2849 2026 3018 2080 malas
3058 2034 3205 2096 artes
3233 2022 3394 2096 intel-

1816 2092 1941 2165 lige.
1986 2093 2170 2165 Exstat
2220 2092 2336 2162 ipsa
2387 2092 2598 2165 integra
2649 2096 2910 2149 Photiana
2957 2094 3399 2165 pseudosynodul

1816 2162 2003 2218 Grzece
2045 2164 2097 2217 in
2131 2164 2333 2232 scripto
2380 2162 2567 2218 codice
2605 2162 2971 2220 bibliothccce
2995 2162 3395 2228 (Iolmnnensis,

1817 2248 1938 2301 quae
1966 2233 2378 2288 fuiteardinalis
2407 2234 2609 2300 Sirleti,
2661 2244 2786 2289 nota
2839 2234 3048 2288 numeri
3093 2233 3397 2303 quadrage-

1818 2303 1962 2372 simi,
2010 2303 2194 2372 inquo
2235 2304 2337 2358 sub
2387 2305 2601 2359 actione
2657 2305 2892 2360 secunda
2933 2301 3125 2358 eadem
3172 2301 3396 2372 epistola

1816 2370 2039 2427 Joannis
2069 2370 2219 2444 papae
2243 2375 2498 2444 recitatur
2518 2377 2584 2429 ad
2609 2375 2984 2444 imperatorem
3014 2370 3220 2444 scripta“
3260 2373 3398 2444 adeo

1819 2451 2045 2514 mutata,
2068 2453 2126 2496 ut
2156 2443 2240 2496 vix
2273 2443 2394 2512 quis
2422 2442 2710 2514 cognoscat
2735 2445 2978 2499 eamdem
3000 2442 3132 2497 esse
3151 2442 3397 2514 Joannis,

1817 2513 1979 2582 quam
2017 2528 2187 2582 nuper
2217 2513 2754 2581 recitatam’audisti;
2786 2515 2864 2569 sic
2892 2514 3034 2568 enim
3077 2529 3136 2568 se
3185 2513 3350 2567 habet
3378 2529 3393 2565 :

1896 2601 1914 2634 ι
1967 2582 2224 2648 Joannes,
2280 2598 2471 2640 servus
2522 2599 2802 2638 servorum
2861 2584 2978 2648 Dei,
3034 2582 3399 2638 serenissimis

1821 2653 2034 2707 dilectis
2067 2654 2190 2707 tiliis
2220 2655 2420 2708 nostris
2447 2655 2835 2723 spiritualibus,
2866 2664 2920 2708 et
2946 2655 3054 2709 Deo
3075 2654 3261 2723 Wcharis
3295 2651 3398 2707 ΒΑ-

1820 2739 1992 2794 snno,
2034 2723 2234 2794 Leoni,
2269 2733 2323 2778 et
2348 2722 2677 2779 Aminaeo
2724 2723 3039 2778 victricibus
3069 2722 3189 2794 [pro
3228 2723 3400 2794 victo-

1822 2793 1990 2864 ribus,
2017 2793 2216 2864 Hano.]
2244 2794 2660 2864 imperatoribus
2689 2803 2744 2849 et
2768 2794 2987 2848 aeternis
3017 2793 3290 2862 Augustis.
3323 2811 3344 2843 ι

1892 2863 2256 2942 {arm-itaset
2273 2865 2522 2942 splendor
2539 2875 2732 2942 vestra:
2758 2871 2919 2918 recta:
2935 2863 3081 2942 “ﬁdei,
3104 2871 3160 2942 et
3184 2876 3396 2942 morum

1821 2935 2080 3002 probitas,
2125 2943 2181 2989 et
2221 2931 2526 3004 benignitas
2569 2934 2830 3002 perfecta,
2867 2948 2900 2987 ο
2942 2931 3395 3004 Christianissimi

1819 3013 1874 3056 et
1901 3004 2122 3057 maximi
2148 3003 2501 3073 imperatores
2522 3005 2909 3068 Romanorum,
2940 3003 3202 3073 luminum
3228 3003 3400 3073 instar

1824 3073 1875 3126 in
1907 3074 2086 3128 medio
2123 3069 2284 3127 terra:
2327 3075 2590 3128 micantes
2623 3090 2794 3142 usque
2821 3074 2890 3127 ad
2932 3087 3122 3127 omnes
3150 3072 3301 3142 lines,
3334 3069 3399 3124 ad

1821 3157 1958 3210 quos
2017 3146 2305 3196 universus
2358 3145 2527 3207 orbis,
2581 3141 2947 3197 extenduntur
2989 3151 3043 3196 et
3093 3141 3395 3209 splendent.

1821 3212 1936 3264 Non
1966 3212 2110 3282 enim
2139 3211 2251 3264 sola
2299 3222 2446 3282 recta
2495 3213 2598 3267 [ide
2621 3222 2963 3282 prtestantes,
2992 3212 3044 3265 in
3075 3211 3196 3265 aliis
3239 3210 3400 3264 rebus

1821 3296 1917 3352 vos
1961 3281 2260 3352 oscitanter
2306 3281 2536 3352 habetis,
2582 3281 2675 3336 sed
2719 3283 2900 3352 potius
2956 3295 3118 3351 super
3162 3289 3397 3352 vestram

1820 3350 2349 3430 irreprehcnsibilem
2377 3351 2541 3430 (idem.
2568 3350 3036 3430 supenediticatis;
3051 3365 3158 3404 non
3189 3350 3393 3430 lignum

1818 3430 1916 3474 aut
1936 3419 2185 3483 herbam,
2215 3431 2325 3500 aut
2353 3419 2722 3500 arundinem._
2745 3429 2856 3500 sed.
2883 3421 3151 3500 pretiosos
3189 3419 3398 3500 lapides

1817 3507 2008 3562 aurum
2045 3499 2450 3562 etargentum.
2506 3502 2560 3547 et
2605 3500 2662 3546 ut
2709 3490 2950 3545 breviter
2974 3492 3173 3562 dicam,
3214 3490 3396 3543 omnia

1821 3560 1984 3614 alacri
2014 3559 2194 3638 stpdio
2214 3559 2502 3638 perticltis,
2529 3563 2726 3638 quibus
2752 3561 3080 3638 cognoscitis
3121 3561 3232 3638 Deo
3277 3573 3392 3638 rem

1818 3640 2026 3699 gratam
2057 3628 2258 3683 facere.
2287 3630 2430 3702 Nihil
2457 3628 2588 3686 vero
2616 3634 2724 3702 Deo
2751 3628 2961 3702 gratius
2984 3645 3104 3685 esse
3127 3628 3393 3699 dignosci-

1821 3711 1908 3769 tur
1950 3714 2111 3767 quam
2163 3708 2222 3752 ut
2265 3701 2528 3756 universae
2583 3699 2699 3769 ejus
2743 3699 2995 3769 Ecclesiae
3046 3711 3396 3769 quascunque

1818 3767 1896 3821 sol
1928 3766 2165 3848 respicit,
2206 3779 2350 3848 recta
2397 3771 2500 3826 [ide
2528 3766 2799 3848 etn'mutu'a
2841 3766 3077 3848 lutet-se
3103 3768 3394 3848 dilectione

1817 3847 1871 3891 et
1931 3839 2196 3910 charitate
2243 3839 2506 3905 viventes,
2560 3841 2635 3895 illi
2681 3839 2908 3910 singulis
2950 3840 3142 3910 diebus
3190 3839 3398 3907 gratias

1799 3917 1999 3989 figant:
2047 3908 2385 3989 Quapropter
2414 3912 2571 3989 _h_anc
2617 3908 2869 3989 unionem
2916 3910 3080 3964 etiam
3128 3908 3393 3989 investra

1818 3977 1910 4050 Dei
1959 3977 2200 4033 Ecclesia
2244 3977 2477 4050 conspici
2526 3991 2580 4035 et
2621 3981 2805 4047 vigere
2843 3995 2940 4034 vos
2985 3977 3389 4050 percupientes,

1817 4046 2116 4102 Romanam
2144 4046 2390 4104 sanctam
2415 4046 2712 4105 Ecclesiam
2748 4064 2846 4119 per
2872 4046 3081 4104 vestros
3112 4047 3315 4119 legatos
3337 4055 3394 4100 et

1813 4133 2000 4198 sacras
2027 4120 2574 4198 litterasadjutricem
2593 4117 2981 4198 assumpsisds,
3005 4133 3105 4187 pro
3118 4126 3274 4198 certo
3296 4117 3394 4198 ha-

1812 4188 2004 4243 bentes
2025 4204 2145 4244 eam
2167 4188 2576 4244 vobisl‘uturam
2604 4188 2802 4258 praesto
2823 4192 2888 4244 ad
2912 4191 2965 4244 id
2989 4189 3131 4259 quod
3145 4188 3393 4256 optastis.

1814 4259 2001 4327 Neque
2023 4275 2118 4314 vos
2144 4259 2300 4328 primi
2329 4261 2380 4313 id
2409 4275 2569 4329 agere
2595 4260 2860 4328 cmpistis,
2890 4269 2948 4313 ut
2979 4261 3120 4313 hanc
3154 4272 3267 4310 rem
3301 4271 3395 4311 ex-

1811 4331 2144 4406 cogitaretis,
2173 4329 2266 4406 sed
2309 4330 2550 4400 vestigiis
2591 4332 3052 4406 praedecessorum
3082 4335 3391 4406 vestrorum

1816 4398 2174 4461 inhaerentes;
2204 4399 2256 4452 in
2287 4398 2522 4468 quanam
2570 4398 2774 4462 schola,
2807 4412 3054 4468 quarrere
3099 4406 3183 4450 est
3210 4398 3393 4468 _etiam

1811 4469 2079 4546 dignum:
2123 4483 2152 4546 a
2211 4463 2456 4546 principe
2500 4469 2750 4546 videlicet
2776 4463 3161 4546 apostolorum
3210 4463 3396 4546 Petro,

1813 4552 1970 4606 quem
2005 4538 2258 4593 Dominus
2295 4537 2536 4593 omnium
2588 4537 3155 4606 Ecclesiarumicaput
3185 4537 3393 4588 consti-

1816 4605 1935 4672 tuit,
1963 4608 2210 4677 inquiens
2245 4608 2318 4660 illi
2347 4626 2359 4661 :
2403 4608 2568 4662 Pasce
2606 4623 2722 4661 oves
2745 4624 2888 4662 meas
2923 4605 3107 4676 (Joan.
3141 4619 3264 4669 XXI;
3297 4620 3397 4659 nec

1814 4694 1918 4731 non
1944 4695 1973 4731 a
2001 4678 2174 4731 sacris
2192 4688 2247 4732 et
2271 4678 2587 4735 orthodoxis
2613 4688 2924 4732 sanctorum
2952 4677 3177 4735 Patrum
3202 4677 3396 4728 decre-
3468 4717 3474 4722 .

1815 4750 1884 4801 tis
1933 4757 2092 4823 atque
2139 4749 2422 4814 doctrinis,
2463 4749 2916 4823 quemadmodum
2969 4759 3141 4802 sacra:
3190 4755 3245 4823 et
3282 4744 3398 4823 piae

1811 4814 2226 4872 vestric‘littera‘.
2255 4814 2572 4889 testantur;
2626 4819 2676 4889 id
2717 4833 2847 4873 vero
2876 4825 3166 4889 prapterea
3192 4814 3395 4889 facitis,

1811 4904 1922 4957 quo
1961 4889 2129 4959 tnagis
2151 4895 2342 4959 vestra:
2384 4889 2508 4945 ﬁdei
2533 4885 3056 4959 ﬁrmitascelebrata
3074 4885 3318 4959 eluceat,
3343 4887 3400 4934 et

1811 4955 1938 5029 ét‘ga
1969 4955 2134 5030 Deum
2157 4957 2376 5030 dilectio
2401 4964 2613 5018 sincera
2643 4969 2700 5014 et
2726 4958 2913 5015 etlicax
2941 4955 3179 5026 pateﬁat.
3302 4993 3306 4996 .

1891 5050 1909 5081 ι
1942 5029 2084 5099 Nihil
2111 5028 2256 5082 enim
2304 5031 2454 5088 aliud
2502 5030 2680 5098 aptius
2711 5039 2779 5083 .et
2829 5030 3040 5098 dignius
3077 5028 3401 5100 conﬁngere
