4042 6302
553 374 658 432 859

1843 373 2120 432 IOANNIS
2156 377 2358 432 PAPE
2399 378 2507 433 VIII

3726 387 3825 442 866

556 497 744 544 nostra
779 489 1117 565 sanctissima
1161 488 1526 565 _ltomanqrum
1573 487 1807 565 Ecclesia
1853 490 2138 565 unanimes
2165 493 2212 552 Α
2242 495 2584 565 conﬁrmavit
2609 502 2666 546 et
2701 495 2769 549 ad
2815 496 3049 562 priorem
3094 498 3409 565 dignitatem
3453 500 3723 554 restituit.
3770 503 3825 557 Si

555 569 614 614 et
641 560 937 614 concordes
966 558 1300 613 surreximus
1339 556 1407 612 ad
1450 572 1514 612 ea
1558 557 1738 612 omnia
1767 573 1888 627 qua:
1922 576 1953 614 a
1987 561 2138 616 vobis

557 629 760 700 scripta
811 637 936 700 sunt
984 636 1234 700 prompto
1282 635 1335 682 et
1375 627 1547 700 alacri
1583 630 1763 700 animo
1809 629 2133 700 peragenda.

558 698 866 768 Scripsistis
909 699 1081 758 nobis,
1129 706 1313 750 noster
1359 697 1552 751 dilecte.
1581 697 1674 760 lili,
1705 706 1762 751 ut
1788 697 1973 754 nostra
2012 715 2140 768 apo-

559 767 745 823 stolica
775 767 992 839 \iscera
1024 768 1446 822 misericorditer
1473 768 1828 839 aperircmus,
1867 778 1924 823 et
1951 767 2139 824 omnes

557 847 820 906 quotquot
862 836 1061 908 fuerint
1089 839 1178 905 qui
1210 839 1261 890 in
1303 846 1481 891 vestra
1511 836 1749 892 Ecclesia
1779 839 1861 893 vel
1909 842 2142 908 propriis

559 909 936 976 chirographis
967 907 1046 961 vel
1086 909 1192 961 alio
1222 908 1412 975 quovis
1441 918 1596 976 pacto
1623 911 1956 977 przevaricati
1994 919 2136 970 sunt,

556 986 610 1032 et
641 979 916 1031 canonicis
943 978 1188 1032 censuris
1212 979 1430 1032 obnoxii
1478 987 1604 1032 sunt
1631 978 1827 1043 cdocti,
1877 981 2141 1047 recipere-

556 1063 680 1101 mus
728 1059 780 1100 et
828 1049 975 1115 pacis
1023 1057 1078 1102 et
1121 1048 1333 1118 urnionis
1383 1063 1568 1102 curam
1621 1049 1963 1116 haberemus.
2000 1050 2140 1118 Quin

556 1119 720 1171 etiam
750 1129 875 1172 ante
913 1119 1093 1172 omnia
1136 1117 1385 1172 Pbotium
1430 1118 1895 1186 religiosissimum
1929 1121 2140 1188 episco-

555 1202 685 1256 pum
715 1197 912 1259 nostrae
956 1189 1353 1259 communionis
1400 1189 1664 1244 haeredcm
1714 1198 1769 1242 et
1803 1191 2140 1259 participem,

555 1266 614 1314 et
631 1258 1067 1328 comministrum
1094 1257 1378 1320 facientes,
1415 1261 1481 1312 ad
1515 1274 1766 1328 magnum
1799 1257 2142 1328 episcopatus

557 1327 769 1381 culmen
801 1338 857 1383 et
885 1328 1198 1398 dignitatem
1242 1327 1656 1396 patriarchalcm
1701 1327 1896 1382 iterum
1941 1327 2143 1384 consti-

558 1406 854 1461 meremus,
885 1415 953 1451 ne
994 1399 1233 1454 Ecclesia
1265 1398 1355 1452 Dei
1389 1399 1556 1452 nmlto
1597 1407 1840 1461 tempore
1885 1401 2144 1455 schismao

558 1476 672 1520 tiam
706 1467 813 1522 Deo
841 1482 1129 1522 exosorum
1172 1477 1228 1522 et
1264 1469 1528 1522 malorum
1560 1467 1937 1524 scandalorum
1970 1470 2144 1525 ﬂucti-

553 1532 658 1593 bus
687 1540 885 1608 agitata
926 1547 1259 1607 permaneat.

636 1625 654 1659 ι
686 1607 794 1663 Νοε
823 1624 949 1680 vero
983 1618 1176 1680 vestra:
1221 1609 1529 1680 serenitatis
1577 1623 1767 1676 preces
1811 1611 2144 1680 accipientes

557 1685 619 1751 ut
642 1678 932 1734 rationales
975 1689 1029 1733 et
1049 1677 1228 1748 justas
1263 1688 1327 1751 et
1373 1679 1483 1732 Deo
1509 1689 1779 1748 acceptas,
1832 1691 1887 1736 et
1931 1677 2144 1751 ietnpus

552 1746 668 1814 jam
708 1758 905 1818 praesto
948 1746 1089 1810 essc.
1133 1750 1273 1817 quod
1302 1759 1459 1802 antea
1486 1746 1882 1818 quaerebamus,
1916 1761 1972 1806 et
1997 1746 2144 1806 inve-

2244 563 2410 630 igitur
2463 578 2528 617 ex
2590 565 2885 618 Donatistis
2938 574 2995 619 et
3045 582 3114 621 ex
3154 563 3382 623 Bonoso
3415 571 3823 626 ordinationem

2245 643 2589 700 acceperunt,
2629 642 2686 687 et
2711 635 2779 687 ab
2816 634 3070 690 Ecclesia:
3099 638 3380 692 catholica:
3410 639 3681 693 limitibus
3711 640 3829 697 iue-

2243 711 2371 782 run_t
2395 703 2552 782 ejecii
2575 719 2622 782 _a
2651 703 2860 774 synodo
2901 719 3211 782 numerosa,
3245 707 3438 762 iterum
3467 709 3539 762 ab
3582 709 3696 762 alia
3740 727 3826 782 sy-

2244 773 2389 825 nodo
2423 773 2776 841 recipiuntur,
2822 783 2876 828 et
2921 775 2972 828 in
3014 777 3354 830 sacerdotum
3395 794 3630 832 numero
3665 773 3828 835 collo-

2243 851 2457 907 cantur,
2503 852 2558 895 ut
2587 843 2826 898 Ecclesia
2858 843 2950 898 Dei
2981 845 3245 900 indivulsa
3280 855 3336 901 et
3365 865 3393 902 a
3425 848 3824 906 schismatibus

2246 905 2451 978 integl
2476 922 2528 966 et
2558 913 2726 967 libera
2777 924 3094 983 permaneat
3138 917 3295 983 (nihil
3335 919 3476 972 enim
3527 919 3713 972 oculis
3739 905 3825 974 Dei

2245 983 2418 1057 magis
2440 983 2829 1057 exsecrandum
2854 993 2907 1037 et
2931 983 3289 1057 abominabile
3309 989 3651 1057 conspicitur
3669 1005 3826 1055 qua

2247 1053 2290 1105 is
2321 1051 2409 1120 qui
2454 1054 2806 1107 schismatum
2839 1062 3031 1108 auctor
3079 1055 3132 1109 in
3170 1057 3413 1112 ecclesiis
3441 1051 3752 1120 exstiterit,
3777 1071 3828 1114 et

2246 1121 2378 1196 nihil
2402 1123 2801 1196 jucundiusvel
2830 1123 3053 1196 charius
3078 1126 3239 1180 etiam
3269 1127 3492 1182 bonitati
3520 1143 3696 1196 quam
3728 1129 3828 1184 Ec-

2246 1192 2466 1246 clesiam
2501 1207 2655 1246 suam
2698 1194 3084 1268 integritatem,
3130 1195 3426 1268 perfectum
3476 1192 3611 1268 erga
3664 1199 3828 1253 Dea

2247 1277 2510 1333 amorem,
2545 1271 2616 1333 _et
2662 1277 2788 1332 erga
2852 1266 3156 1333 proximum
3213 1265 3570 1320 dilectionem'
3611 1283 3831 1323 conser-

2249 1332 2419 1397 vare),
2450 1331 2617 1387 multo
2643 1331 2815 1401 magis
2841 1331 2987 1389 viros
3014 1335 3313 1390 orthodoxa
3338 1337 3439 1392 tide
3465 1338 3740 1400 illustres,
3773 1348 3828 1393 et

2247 1402 2663 1477 vitzegravitale
2700 1412 2754 1456 et
2789 1419 2967 1477 rerum
2996 1406 3190 1474 peritia
3230 1407 3494 1470 celebres,
3536 1423 3646 1462 non
3671 1424 3832 1477 opor-

2249 1479 2325 1525 tet
2348 1472 2467 1548 illos
2493 1482 2780 1548 contemne
2801 1473 2828 1512 b
2845 1513 2860 1536 ,
2893 1472 3156 1548 obnoxios
3194 1477 3531 1548 poanitentiaa
3552 1479 3692 1548 jugo
3712 1472 3831 1548 gra-

2248 1543 2386 1606 vari,
2411 1543 2504 1614 sed
2530 1543 2594 1595 ad
2619 1543 2853 1614 priorem
2879 1543 3208 1614 dignitatem
3224 1546 3536 1602 restituere.

2322 1623 2343 1651 ο
2389 1630 2424 1684 ι.
2444 1612 2576 1666 Cum
2607 1613 2750 1684 enim
2777 1612 3259 1684 semel'apostolica
3290 1616 3405 1668 inec
3436 1618 3601 1670 sedes
3647 1616 3829 1672 claues

2247 1682 2556 1756 accepisset
2564 1683 2730 1756 _rergni
2760 1682 3083 1756 ccelorumra
3113 1686 3289 1753 primo
3317 1694 3374 1738 et
3411 1701 3616 1756 magno
3645 1689 3830 1754 ponti-

2248 1755 2347 1807 lice
2368 1751 2494 1824 Iesu
2519 1752 2736 1824 Christo
2755 1768 2850 1824 per
2872 1751 3167 1823 principem
3191 1751 3562 1824 apostolorum
3585 1751 3828 1818 Petrum;

557 1819 676 1871 nire
710 1819 1299 1903 Deumnpreca-baniur,’
1326 1831 1382 1903 e_t
1415 1820 1606 1903 rationi
1650 1821 2140 1903 etiatn_congiuum
2174 1843 2217 1901 Β
2246 1839 2368 1877 cum
2399 1823 2473 1876 illi
2501 1823 2726 1903 dixisset
2753 1819 2910 1903 ἱ.τὶὗὶ
2942 1819 3078 1878 dabb
3098 1819 3265 1879 claves
3297 1827 3438 1894 regni
3468 1826 3746 1903 crtior-um,
3781 1838 3829 1903 ᾳ

557 1899 841 1944 censentes
872 1889 1166 1944 Ecclesium
1210 1890 1300 1942 Dei
1355 1890 1699 1957 tranquillam
1745 1889 1988 1954 reddere,
2046 1892 2140 1945 mi-

558 1957 729 2030 simus
789 1959 1336 2030 propterealcgntos
1393 1960 1483 2028 qui
1535 1970 1764 2014 vestram
1819 1962 2144 2030 perlicerent

557 2025 964 2098 voluntatem—ﬁ.
1006 2031 1073 2083 Et
1101 2025 1228 2082 licet
1257 2025 1429 2098 pictis
1455 2040 1630 2084 vestra
1675 2025 1867 2084 Pbotin
1911 2034 2016 2084 vim
2063 2031 2141 2084 in-

553 2096 780 2153 I'erendo
813 2114 910 2152 nos
940 2100 1221 2169 ριίιεινοιιίι,
1255 2096 1306 2153 in
1351 2101 1439 2153 illo
1487 2101 1820 2154 restituendo
1867 2101 2138 2165 videlicet,

557 2175 848 2236 antequam
877 2171 1044 2224 nostri
1085 2171 1242 2237 legati
1273 2170 1462 2224 Aislbnc
1490 2171 1787 2234 venissent,
1820 2173 1934 2226 lucc
1962 2183 2140 2226 tamen

557 2253 658 2292 nos
702 2238 1011 2306 supplemus
1063 2255 1166 2292 non
1223 2240 1545 2294 auctoritate
1599 2251 1800 2300 nostra.
1861 2242 1987 2295 licet
2039 2242 2142 2296 hoc

555 2308 719 2379 etiam
750 2309 928 2362 facere
969 2310 1258 2377 possimus,
1311 2312 1404 2364 scd
1448 2311 1759 2379 apostolicis
1807 2313 2142 2366 constitutio-

558 2376 716 2432 nibus
753 2387 810 2432 et
837 2376 1147 2433 sanctorum
1175 2381 1392 2434 Patrum
1419 2376 1655 2435 decretis
1685 2381 1875 2435 horum
1921 2383 2137 2436 demou-

555 2450 875 2522 s_t_rationem
905 2448 1212 2522 aﬂ'erentes,
1255 2465 1428 2522 neque.
1455 2450 1710 2505 Ecclesia:
1744 2453 1960 2522 regulas
1998 2452 2141 2522 jam-

558 2518 648 2590 diu
704 2517 928 2590 traditas
978 2518 1267 2583 solventes,
1319 2517 1414 2574 sed
1458 2537 1552 2574 eas
1601 2522 1654 2574 in
1708 2517 2140 2590 quibuscumque,

557 2589 682 2642 dum
709 2589 900 2642 barum
927 2589 1088 2643 nimis
1115 2601 1302 2644 exacta
1327 2601 1381 2644 et
1415 2589 1767 2646 immutabilis
1795 2589 2140 2647 observantia

555 2668 822 2733 servatur,
856 2660 1060 2733 divellit
1086 2670 1151 2733 et;
1185 2661 1416 2733 destruit
1464 2671 1627 2715 totam
1676 2678 1990 2733 compagem
2021 2679 2143 2733 cor-

556 2728 704 2797 poris
751 2728 1030 2794 Ecclesiae,
1088 2731 1156 2785 ad
1213 2731 1354 2798 quod
1409 2733 1661 2786 conducit
1717 2728 2018 2797 trahentes,
2073 2732 2143 2786 ab

557 2799 785 2866 ipsumet
808 2799 1049 2855 Ecclesia
1076 2802 1273 2856 edocti.
1320 2801 1600 2857 Secundus
1642 2803 1787 2857 enim
1830 2819 2004 2858 canon
2053 2801 2142 2856 Ni-

556 2883 720 2922 caenaz
749 2871 936 2940 synodi
970 2872 1083 2942 haec
1113 2870 1295 2926 habet.
1327 2873 1592 2938 Quoniam
1627 2873 1940 2942 frequenter
1981 2873 2066 2926 vel
2110 2889 2138 2925 a

557 2942 884 3014 necessitate
915 2941 994 2993 vel
1031 2941 1136 2996 alio
1179 2943 1372 3010 quovis
1399 2941 1856 3014 pactocoguntur
1896 2943 2142 2997 homines

557 3009 960 3082 ecclesiasticos
1007 3009 1244 3066 canones
1293 3009 1618 3082 transgredi,
1653 3009 1709 3068 et
1761 3029 1880 3081 quae
1911 3029 2144 3082 sequun-

559 3088 664 3153 tur.
702 3079 810 3153 Nec
842 3097 946 3136 non
987 3097 1122 3151 papa
1173 3082 1419 3137 Gelasius
1454 3079 1530 3136 lle
1571 3084 1752 3152 seipso
1782 3079 1971 3152 inquit
1991 3079 2142 3153 quod

557 3150 756 3206 ubivis
795 3169 901 3207 non
957 3150 1260 3221 apponitur,
1311 3161 1618 3208 sanctorum
1657 3150 1887 3209 _Patrum
1939 3150 2140 3209 sta—tuta

559 3221 884 3278 inconcussa
933 3232 1206 3278 maneant.
1259 3223 1521 3278 Similiter
1563 3225 1726 3278 etiam
1771 3224 2144 3279 sanctissimus

559 3305 696 3364 papa
741 3294 851 3349 Leo
899 3293 953 3347 in
1000 3295 1188 3348 eodem
1238 3295 1431 3362 spiritu
1474 3295 1740 3364 praecipit,
1771 3295 1957 3349 dicens
1994 3313 2008 3348 :
2042 3294 2141 3350 Ubi

559 3360 647 3433 gis
670 3378 775 3417 non
804 3365 1078 3433 praecedit,
1125 3360 1419 3418 immobilia
1456 3360 1811 3431 permaneant
1833 3375 2143 3420 sanctorum

559 3430 784 3488 Patrum
804 3430 1068 3500 'statuta;
1114 3436 1202 3488 ubi
1248 3450 1377 3488 vero
1409 3430 1708 3489 necessitas
1743 3445 1798 3488 et
1827 3437 1909 3490 vis
1938 3435 2143 3504 reperi-

561 3511 672 3566 tur,
718 3505 790 3558 ibi
836 3504 905 3558 ad
948 3505 1000 3558 id
1027 3507 1169 3574 quod
1200 3505 1453 3558 convenit
1494 3505 1750 3560 Ecclesiis
1781 3505 1897 3567 Dei,
1935 3505 2022 3558 ille
2053 3505 2144 3574 qui

559 3581 878 3654 potestatem
927 3575 1091 3630 habet
1133 3575 1560 3654 dispenset.r.Ex
1614 3576 1936 3654 necessitate
1977 3575 2144 3654 enim,

577 3654 712 3716 gnua
743 3645 983 3699 divinum
1037 3645 1360 3714 apostolum,
1405 3645 1568 3698 etiam
1621 3645 1755 3716 legis
1799 3644 1859 3698 Iit
1895 3646 2144 3716 mutatio.

608 3716 714 3770 elix
760 3723 1022 3785 praeterea
1071 3731 1208 3785 papa
1243 3730 1477 3769 consona
1510 3715 1692 3769 etiam
1722 3716 1893 3768 dicit:
1929 3716 2004 3770 De
2045 3715 2149 3771 hoc

563 3787 709 3840 enim
741 3794 956 3853 oportet
983 3787 1416 3840 animadvertere
1447 3795 1504 3839 ut
1535 3786 1623 3839 ubi
1653 3785 1952 3840 necessitas
1976 3787 2150 3840 conti-

564 3859 728 3924 gerit,
788 3871 1159 3924 sa'penumero
1229 3858 1392 3914 etiam
1452 3857 1872 3910 constitutiones
1928 3855 2148 3910 Patrum

562 3927 868 3997 transgredi
904 3927 1081 3981 liceat.
1134 3929 1330 3981 Sancta
1378 3927 1542 3981 etiam
1583 3927 1820 3997 synodus
1867 3925 2152 3997 Carthagi-

563 3996 751 4052 uensis
780 3997 856 4050 ait
905 3997 1181 4065 trigesimo
1217 3999 1407 4064 quinto
1449 3996 1626 4063 capite
1673 4011 1687 4050 :
1729 3996 2048 4050 Mandamus
2093 4004 2152 4050 ut

564 4067 970 4122 Donatistarmn
999 4068 1182 4121 clerici
1230 4068 1425 4121 iterum
1456 4067 1522 4119 ad
1561 4065 1823 4120 ecclesias
1872 4074 2149 4120 revertan-

566 4145 676 4206 tur,
709 4135 838 4189 licet
864 4135 1028 4206 etiam
1059 4152 1088 4189 a
1132 4139 1335 4206 synodo
1367 4135 1570 4206 fuerint
1606 4135 1865 4189 damnati.
1899 4135 2150 4204 Synodus

563 4205 732 4285 etiam
756 4203 1018 4285 synodum
1043 4203 1336 4285 abrogasse
1355 4204 1628 4285 reperitur
1652 4213 1874 4285 propter
1898 4203 2151 4285 unionem

567 4273 825 4344 Ecclesiae
851 4281 905 4327 et
948 4273 1317 4330 concordiam.
1355 4273 1431 4329 Et
1467 4273 1812 4329 Innocentius
1855 4289 1993 4344 papa
2037 4277 2148 4330 ait:

566 4343 666 4400 Isti
718 4360 751 4400 a
799 4343 1012 4399 Bonoso
1069 4345 1300 4399 ordinati
1365 4346 1622 4400 haeretico
1677 4343 2026 4413 recipiantur,
2085 4363 2153 4401 ne

566 4415 766 4472 iterum
790 4415 1042 4471 scandala
1081 4416 1135 4470 in
1167 4415 1406 4472 Ecclesia
1449 4417 1542 4470 Dei
1573 4415 1841 4470 oriantur.

644 4507 663 4538 ι
712 4487 898 4556 Neque
927 4487 1101 4542 solum
1149 4487 1289 4551 istis,
1323 4488 1448 4541 licet
1493 4486 1626 4541 tales
1657 4495 1838 4540 essent
1867 4495 1926 4540 ut
1951 4502 2019 4541 ex
2050 4487 2154 4543 illis

566 4557 798 4613 fuissent
840 4567 899 4612 ut
928 4558 1168 4614 hieretici
1205 4557 1468 4622 damnati,
1519 4557 1814 4626 apostolica
1849 4565 2026 4612 tamen
2063 4574 2153 4613 se—

569 4629 665 4681 des
711 4629 964 4684 Ecclesia:
1010 4631 1158 4699 pacis
1183 4637 1368 4683 curam
1397 4643 1590 4696 gerens
1624 4642 1818 4681 manus
1863 4628 2157 4699 adjutrices

567 4699 829 4768 porrexit,
869 4698 1054 4753 verum
1099 4701 1262 4753 etiam
1307 4699 1624 4752 orthodoxis
1668 4698 1939 4768 episcopis
1981 4708 2034 4754 et
2061 4715 2159 4768 pa-

569 4767 827 4839 triarcbis
853 4769 920 4822 ad
952 4770 1124 4837 ipsam
1174 4768 1632 4839 coniugientibus,
1681 4767 1822 4823 sicut
1851 4785 1996 4824 nunc
2026 4767 2151 4823 reli-

571 4837 912 4908 giosissimus
975 4839 1223 4908 I’botius,
1291 4837 1364 4894 ρι’
1420 4839 1679 4892 auxilium
1741 4839 2156 4907 implorantibus

572 4907 727 4978 Opem
785 4907 933 4978 tulit.
980 4907 1161 4963 Nostis
1211 4911 1434 4964 omnino
1490 4925 1744 4978 maguum
1795 4909 2153 4978 Athanasium

568 4971 878 5050 episcopum
909 4976 1333 5050 Alexandrinum
1362 4988 1416 5050 e_t
1457 4971 1714 5049 Cyrillum
1759 4988 1815 5032 et
1862 4971 2155 5050 Polycbro-

569 5047 719 5102 nium
779 5047 1314 5117 Hierosolymorum,
1377 5047 1640 5104 Joannem
1709 5065 1868 5118 quem
1938 5047 2156 5104 dilectio

568 5127 751 5190 vestra
797 5119 1250 5190 Chrysostomum
1309 5120 1574 5187 appellat,
1633 5119 1947 5174 Flavianum
1992 5120 2154 5174 etiam

569 5189 1222 5260 ConstantinOpolitantun
1251 5205 1265 5243 :
1299 5190 1398 5243 hos
1426 5190 1567 5244 enim
1597 5207 1626 5243 a
1668 5190 1887 5259 synodis
1927 5191 2155 5244 damna-

571 5268 656 5313 tos
683 5269 737 5313 et
768 5263 1106 5328 reprobatos,
1144 5276 1264 5314 cum
1312 5262 1377 5312 ad
1413 5270 1656 5314 sanetam
1706 5260 2006 5314 Romanam
2057 5262 2158 5315 Ec-

569 5327 790 5385 clesiam
830 5327 1218 5400 confugissent,
1272 5331 1562 5400 apostolica
1608 5333 1764 5386 sedes
1813 5333 1927 5386 ha'c
1972 5340 2154 5386 nostra

643 5475 674 5505 ι
719 5461 938 5518 Addidit
964 5466 1063 5520 ista
1094 5465 1341 5532 Pbotius,
1382 5475 1435 5520 et
1465 5465 1695 5520 mutavit
1726 5464 1775 5519 in
1821 5467 2154 5520 contrarium

575 5548 797 5606 sensum
822 5549 941 5603 qum
972 5536 1038 5591 de
1082 5537 1260 5606 seipso
1299 5536 1657 5591 habebantur.

645 5605 673 5644 ι)
712 5604 788 5658 Ex
820 5620 878 5659 se
909 5607 1022 5660 haec
1045 5604 1250 5662 addidit
1277 5607 1517 5662 Pbotius.

648 5674 1028 5748 e_blultauhic
1081 5693 1108 5730 a
1175 5677 1367 5734 i‘hotio
1419 5679 1783 5748 prmtcrmissa
1840 5685 2156 5748 noscuntur,

577 5743 958 5816 quibussedis
1009 5743 1660 5816 apostolica:auctoritas
1715 5747 2053 5816 przct‘licatur,
2109 5759 2154 5801 et

578 5812 802 5877 Adriani
828 5812 1246 5886 prwllccessoris
1281 5820 1474 5886 legatio
1517 5812 1869 5875 tuelnoratur.

2246 1909 2565 1964 quaecunque
2603 1892 2818 1946 solveris
2857 1911 3012 1964 super
3048 1907 3263 1958 terram,
3293 1892 3446 1948 erant
3479 1896 3651 1948 solum
3689 1906 3744 1949 el
3779 1896 3834 1949 in

2246 1962 2422 2034 caelis;
2456 1973 2504 2016 et
2562 1962 3163 2034 quamququgﬁgareris
3209 1980 3367 2034 super
3415 1975 3618 2027 terram,
3666 1978 3832 2019 eruat

2245 2032 2411 2100 ligata
2440 2044 2500 2090 ,ει
2552 2031 2609 2086 in
2653 2031 2792 2087 cadis
2836 2031 3050 2103 (Matth.
3106 2031 3282 2103 xw);‘
3312 2036 3476 2089 habet
3509 2035 3831 2091 facultatem

2245 2118 2439 2174 curules
2478 2103 2676 2173 ligandi
2701 2112 2883 2174 _atque
2918 2104 3179 2168 solvendi,
3223 2116 3280 2160 et
3315 2104 3470 2174 juxta
3505 2110 3828 2174 prophetam

2244 2171 2555 2234 Jcremiani,
2601 2171 2860 2227 evellen’di
2903 2184 2957 2227 et
3006 2174 3278 2242 plantandi
3325 2173 3459 2244 (Jer.
3499 2171 3564 2242 ἱ).
3607 2171 3728 2230 liae
3765 2177 3827 2230 de

2245 2259 2409 2313 causa
2460 2258 2576 2304 nos.
2644 2244 2962 2298 auctoritate
3024 2245 3421 2313 ustrincipis
3459 2246 3826 2313 apostolorum

2247 2312 2414 2377 Petri,
2445 2329 2571 2367 cum
2624 2313 2874 2368 universa
2918 2312 3214 2369 Ecclesiad
3263 2312 3600 2368 allirmamus
3650 2318 3825 2378 vobis,

2245 2395 2300 2437 ct
2327 2398 2426 2452 per
2455 2398 2550 2437 vos
2588 2383 2751 2438 etiam
2781 2385 3142 2439 sanctissimis
3175 2383 3435 2439 fratribus
3457 2393 3516 2439 et
3541 2387 3828 2441 commini-

2246 2455 2374 2508 stris
2398 2452 2741 2524 patriarchis,
2773 2453 3164 2524 Alexandrino,
3186 2455 3524 2510 Antiocheno
3552 2465 3607 2507 et
3637 2456 3830 2511 Hiero-

2246 2523 2604 2594 solymitano,
2625 2531 2679 2576 et
2709 2523 2928 2592 reliquis
2970 2525 3235 2594 episcopis
3267 2535 3320 2577 et
3345 2526 3748 2589 sacerdotibus,
3776 2535 3834 2581 et

2247 2593 2513 2648 universm
2578 2593 3220 2662 Constantinopolitanie,
3280 2609 3379 2648 nos
3434 2597 3730 2650 convenire
3776 2607 3833 2652 et

2245 2664 2551 2719 consentire
2580 2663 2752 2728 vobis,
2789 2664 2872 2717 vel
2899 2666 3078 2734 potius
3123 2665 3228 2719 Deo
3270 2665 3325 2717 in
3351 2665 3606 2720 omnibus
3637 2681 3765 2734 qua:
3797 2683 3829 2720 ιι

2248 2734 2402 2804 nobis
2430 2749 2524 2788 vos
2561 2734 2790 2804 petistis.
2832 2734 2898 2787 Et
2940 2736 3171 2804 primmn
3210 2735 3428 2804 quidem
3458 2750 3559 2789 nos
3589 2738 3837 2804 recipere

2248 2803 2497 2875 Photium
2539 2803 3084 2858 admirabilissimum-
3117 2815 3171 2859 et
3229 2803 3720 2875 religiosissinmnr
3749 2823 3840 2860 ar-

2246 2873 2653 2944 chiepiscopum
2695 2882 2751 2928 et
2796 2875 3154 2944 patriarcham
3206 2873 3428 2929 fratrem
3461 2884 3738 2937 nostrum,
3783 2886 3840 2928 et

2246 2945 2643 3000 communionis
2712 2961 2835 2999 cum
2896 2953 3084 2999 sancta
3149 2945 3519 3000 Romanorum
3579 2945 3834 2999 Ecdesia

2245 3025 2554 3070 consortem
2599 3025 2653 3068 et
2681 3015 3021 3085 participem,
3066 3024 3120 3070 et
3157 3016 3447 3078 hmredem,
3495 3031 3604 3068 non
3648 3017 3840 3070 solum

2246 3094 2468 3154 propter
2508 3085 2642 3140 alias
2690 3086 2917 3139 virtutes
2967 3086 3162 3155 quibus
3215 3085 3303 3138 ille
3350 3096 3589 3152 prmstat.
3631 3101 3836 3138 verum

2246 3156 2409 3209 etiam
2441 3167 2662 3224 propter
2692 3155 2947 3209 scandala
2993 3171 3023 3209 e
3054 3155 3230 3209 medio
3267 3155 3517 3216 tollenda,
3543 3165 3592 3210 et
3622 3171 3830 3223 pacem

2250 3227 2366 3289 Dei,
2389 3234 2446 3278 et
2468 3225 2815 3279 dilectionem
2853 3225 3155 3279 adinvicem
3188 3225 3332 3280 inter
3354 3240 3451 3279 nos
3481 3225 3830 3278 ﬁrmandam

2248 3295 2493 3364 Recipite
2521 3296 2686 3349 etiam
2730 3295 2904 3365 ipsum
2934 3311 3031 3350 vos
3065 3305 3214 3349 certo
3253 3304 3309 3348 et
3337 3295 3740 3365 lirmoianimo,
3779 3305 3839 3348 et

2247 3365 2518 3420 charilate
2547 3374 2602 3420 et
2645 3364 2766 3427 Iidc,
2809 3382 2969 3420 omne
3001 3366 3300 3434 iniquitatis
3331 3375 3385 3418 et
3416 3364 3632 3418 malitia:
3665 3380 3843 3419 vene—

2247 3452 2399 3496 num,
2433 3445 2489 3489 et
2527 3436 2895 3504 duplicitalem
2936 3445 2991 3490 cl.
3033 3435 3542 3505 ambiguitatcmide
3568 3434 3843 3488 cordibus

2248 3505 2446 3559 vestris
2483 3505 2798 3571 avellentes,
2847 3507 2987 3560 sicut
3016 3504 3198 3574 ipsum
3225 3505 3417 3575 recepit
3440 3504 3686 3558 Romana
3723 3506 3841 3558 Ec-

2249 3577 2433 3631 clesia.

2325 3659 2347 3686 e
2385 3665 2402 3696 ‹
2439 3646 2736 3706 Didicimus
2763 3646 2906 3700 enim
2937 3645 3046 3701 fere
3078 3645 3147 3699 ab
3182 3647 3421 3700 onmibus
3443 3641 3529 3714 qui
3560 3643 3674 3696 huc
3705 3659 3844 3714 ive-

2249 3718 2406 3771 niunt
2445 3734 2511 3772 ex
2545 3717 2648 3771 illis
2674 3718 2765 3786 qui
2796 3717 2916 3770 istic
2949 3726 3256 3779 versantur,
3301 3713 3534 3786 Photium
3561 3713 3848 3786 omnibus

2250 3788 2626 3857 praerogativis
2648 3784 2906 3856 praestare
2928 3802 3111 3842 coram
3147 3788 3259 3840 Deo
3286 3801 3387 3839 non
3413 3785 3577 3840 solum
3605 3784 3847 3853 sapien-

2255 3860 2324 3912 tia
2355 3868 2410 3911 et
2442 3859 2725 3927 prudentia
2771 3859 2916 3911 circa
2961 3873 3049 3911 res
3083 3857 3296 3910 divinas
3332 3866 3386 3910 et
3416 3857 3711 3927 humanas,
3755 3870 3847 3907 ve-

2252 3944 2373 3982 rum
2397 3925 2559 3982 ctiam
2593 3928 2738 3982 circa
2771 3928 3220 3983 omnes-virtutes
3261 3925 3513 3988 morales,
3543 3934 3598 3977 et
3638 3938 3842 3977 curam

2253 3998 2559 4052 divinorum
2606 4006 3024 4066 prmccptorum;
3082 4007 3336 4065 tanquam
3387 3995 3846 4066 irreprehensibi-

2254 4069 2360 4122 lem
2408 4069 2717 4137 operarium
2766 4065 3052 4122 celebrari.
3113 4067 3295 4134 Neque
3337 4067 3541 4136 justum
3583 4065 3848 4137 dtlxitlttls

2257 4139 2416 4192 talem
2446 4134 2622 4191 virum
2649 4139 2882 4194 otiosum
2912 4148 2966 4192 et
2989 4138 3229 4191 inutilem
3261 4134 3596 4206 permanere,
3636 4135 3744 4186 sed
3792 4134 3844 4185 in

2255 4209 2422 4262 altum
2457 4209 2509 4262 in
2537 4216 2720 4263 vestra
2748 4209 2991 4264 Ecclesia
3023 4208 3219 4262 iterum
3260 4204 3460 4261 elatum
3482 4215 3538 4258 et
3564 4204 3844 4258 lucentem

2255 4289 2515 4334 consueta
2562 4280 2664 4333 sibi
2711 4289 2766 4333 et
2801 4280 2907 4333 Deo
2949 4278 3148 4332 dilecta
3194 4292 3361 4348 Opera
3408 4289 3691 4334 exercere,
3715 4285 3846 4348 inin

2255 4365 2384 4416 erga
2429 4350 2760 4424 sacerdotes,
2813 4359 2922 4403 tum
2967 4349 3130 4401 etiam
3163 4342 3288 4417 erga
3343 4348 3640 4424 episcopos:
3701 4342 3851 4424 Qua-

2257 4415 2477 4493 propter
2500 4422 2749 4493 eumdem
2777 4427 3136 4493 _resm_uentes
3158 4415 3507 4493 sermonem,
3525 4415 3684 4493 vobis
3701 4415 3847 4493 _dici-

2263 4485 2381 4544 inus
2406 4505 2418 4543 :
2447 4488 2715 4556 Suscipite
2741 4491 2913 4544 virum
2938 4489 3096 4542 istum
3122 4488 3327 4556 absque
3351 4487 3454 4538 ulla
3478 4485 3845 4556 dubitatione.

2339 4560 2354 4597 ί
2381 4583 2398 4611 ι
2428 4561 2537 4614 Nec
2563 4555 2760 4626 aliquis
2777 4575 2874 4629 pro
2889 4559 2970 4611 sui
2990 4555 3339 4612 excusatione
3356 4557 3590 4609 adducat
3611 4555 3849 4629 injustas

2264 4632 2500 4699 synodos
2539 4623 2797 4683 adversus
2841 4630 3014 4697 ipsum
3068 4629 3301 4689 habitas,
3345 4640 3536 4699 neque,
3585 4634 3642 4676 ut
3695 4623 3849 4676 malli

2265 4697 2590 4768 stupidiores
2628 4701 2940 4768 opinantur.
2975 4700 3192 4753 decreta
3245 4697 3714 4768 pnedecessorum
3762 4709 3850 4745 nn-

2263 4763 2498 4843 strorum
2541 4763 2834 4843 beatorum
2860 4769 3197 4843 pontiﬁcum,
3244 4763 3447 4821 Nicolai
3497 4763 3852 4843 videlicctcl

2262 4841 2486 4894 Adriani
2518 4844 2777 4894 adversus
2820 4840 3070 4893 I’botiutn
3115 4839 3222 4891 lata
3266 4845 3512 4898 accuset;
3565 4849 3675 4887 non
3708 4839 3849 4887 enim

2265 4921 2480 4979 recepta
2515 4911 2734 4963 fuerunt
2785 4911 2852 4962 ab
2892 4910 3023 4978 ipsis
3051 4924 3172 4979 qua:
3212 4917 3415 4979 contra
3441 4905 3851 4979 sanctissimum

2267 4975 2518 5035 I’botium
2551 4990 2699 5050 gesta
2734 4975 2968 5033 fuerunt.
3017 4975 3204 5050 Nullus
3248 4994 3343 5046 per
3369 4975 3743 5050 chirographa
3772 4989 3856 5024 vc-

2265 5060 2374 5104 stra
2418 5046 2761 5104 occasionem
2791 5059 2970 5104 sumat
2998 5049 3063 5102 ad
3112 5049 3406 5102 schismata
3449 5046 3680 5098 fovenda
3733 5055 3856 5096 cum

2271 5122 2362 5174 illo
2403 5132 2455 5175 et
2487 5121 2788 5174 adinvicem
2817 5138 2830 5174 :
2861 5122 3040 5174 omnia
3079 5119 3226 5192 enim
3252 5122 3366 5192 jam
3413 5117 3600 5169 sedata
3640 5120 3854 5192 suntet

2265 5193 2751 5265 abrogata,_omnia
2774 5206 2892 5258 qua:
2920 5199 3108 5265 contra
3144 5187 3393 5265 I'hotium
3423 5195 3578 5265 gesta
3605 5195 3771 5265 sunt,
3797 5187 3859 5262 ir-

2267 5262 2370 5314 rita
2397 5257 2452 5314 et
2477 5261 2620 5314 nulla
2650 5276 2747 5329 per
2793 5257 2890 5316 nos
2930 5261 3185 5313 minimos
3224 5261 3276 5313 iu
3310 5257 3565 5329 manibus
3593 5257 3858 5324 principis

2266 5332 2633 5400 apostolorum
2652 5327 2897 5400 reposita
2941 5339 3088 5396 sunt,
3115 5339 3173 5383 et
3214 5345 3312 5400 per
3344 5343 3470 5382 eum
3511 5327 3568 5380 in
3601 5329 3863 5379 huuieros

2332 5467 2358 5506 ἀ
2402 5465 2526 5521 Ilaec
2563 5467 2742 5520 munia
2774 5466 2952 5519 addita
2993 5481 3022 5517 a
3057 5464 3254 5519 Pbotio
3286 5464 3603 5531 impostorc.

2339 5551 2361 5577 ε
2404 5538 2845 5619 ᾼιιιιὶιίιιιιθηιιιιιι
2875 5537 3003 5590 item
3035 5525 3460 5604 est‘impostoris
3491 5540 3668 5586 totum
3718 5525 3861 5598 quod

2268 5617 2536 5732 ⁵⁸νὲιῖᾞί
2586 5677 2685 5731 ista
2730 5676 2908 5732 Photii
2956 5676 3327 5732 additamenta
3378 5680 3572 5728 contra
3626 5667 3866 5744 synodus

2272 5751 2323 5808 in
2354 5750 2525 5826 ipsum
2566 5748 2882 5803 celebratas.
