4042 6302
131 300 266 357 865

1304 310 1662 368 EPISTOLAS
1702 313 1790 369 ET
1831 315 2172 374 DECRETA.

3285 327 3288 332 ’
3351 334 3458 391 866

119 411 337 468 'ralem
389 413 764 516 auctoritatem
811 432 932 487 qua:
977 418 1190 474 fuerant
1232 419 1394 516 ligata
1445 407 1758 487 solvunturi
1867 409 2120 483 triarcha.
2154 430 2220 485 Et
2249 432 2392 501 quod
2422 434 2604 490 dicere
2639 427 2823 506 pudet,
2855 447 2910 492 et
2942 455 3104 511 grave
3132 450 3311 498 tacere
3347 456 3456 516 est,

138 507 453 578 quoniam,
484 506 624 562 sicut
651 509 780 563 dicit
809 517 1028 565 sanctus
1073 525 1205 582 papa
1233 505 1507 577 Gelasiu's,
1540 512 1761 569 ‘tudlum
1829 507 1839 516 ’
1867 518 1957 585 qui
1986 521 2206 590 regendi
2240 523 2415 578 adhuc
2438 533 2491 580 et
2519 505 2743 582 docendi
2776 543 2901 585 sunt
2927 505 3178 589 doctores
3209 551 3308 591 nec
3331 505 3454 592 eru:

139 603 240 649 est
271 595 554 652 vinculmn
589 597 876 654 insolubile
907 600 1006 656 uisi
1047 603 1190 656 circa
1227 617 1322 656 eos
1361 605 1451 674 qui
1490 605 1544 658 in
1577 621 1763 659 errore

140 686 493 755 persistunt.
526 684 656 738 Data
687 702 875 742 mense
901 689 1163 759 Augusto,
1195 691 1382 746 indict.
1413 708 1510 758 xu,
1540 695 1628 749 die
1647 703 1756 749 va.

229 775 410 831 Missa
438 793 529 845 per
561 773 775 830 Petrum
800 778 1174 848 presbyterum.

841 889 1088 945 CCXLV.

409 994 476 1033 AD
509 993 762 1034 CLEBICOS
794 996 1454 1040 CONSTANTINOPOLITANOS
1476 999 1524 1039 ⁸.

787 1073 965 1139 (Anno
1002 1075 1151 1143 879.)

461 1162 714 1232 Ejusdem
738 1179 799 1216 ac
823 1165 1119 1233 prtecedens
1142 1167 1457 1235 argumenti.

179 1263 188 1269 '
223 1253 826 1310 Reverendissimis-et
867 1257 1224 1312 sanctissimis
1260 1259 1512 1312 orniiibus
1551 1260 1760 1330 episco-

150 1349 283 1421 pis,
327 1347 692 1402 confratribus
725 1347 981 1402 Ecclesim
1013 1347 1620 1419 Οοιιειοιηὶιιορῐιιίιιιιιίη
1668 1361 1762 1407 se—'

154 1442 287 1496 dem
326 1440 777 1510 respicientibus,
829 1455 924 1494 seu
975 1441 1148 1497 tribus
1195 1443 1317 1498 aliis
1369 1444 1757 1515 principalibus

158 1529 414 1584 ecclesiis
450 1528 970 1599 llierosolymitanae.
1169 1539 1171 1542 '
1395 1543 1400 1548 ·

235 1620 604 1688 Quorumdam
655 1633 788 1675 sane
835 1628 1118 1686 vestrum,
1173 1621 1372 1678 fratres
1425 1626 1754 1691 charissimi,

161 1714 370 1783 scripta
402 1713 778 1781 suscipientes,
802 1713 1211 1768 unanimitatem
1241 1725 1402 1785 atque
1429 1733 1752 1773 consensum

163 1805 221 1858 in
253 1813 410 1874 parte
453 1803 628 1858 Photii
673 1805 725 1858 in
755 1805 833 1860 eis
862 1805 1015 1874 plene
1045 1807 1366 1876 reperimus,
1405 1809 1635 1879 indeque
1661 1812 1755 1866 ob-

164 1898 294 1949 nixe
321 1902 570 1964 optantes
589 1935 603 1960 ,
631 1903 691 1948 ut
726 1897 866 1964 quod
903 1896 1306 1966 particulariter
1335 1899 1613 1966 hactenus,
1655 1901 1755 1958 hoc

164 1987 430 2041 canonice
458 2001 670 2056 semper
699 1995 755 2041 et
785 1987 1112 2058 generaliter
1131 2028 1146 2054 ,
1176 1999 1338 2059 atque
1366 1993 1660 2048 secundum
1690 2010 1754 2049 ea

165 2095 289 2148 qua:
315 2088 442 2134 sunt
465 2079 666 2134 Christi
695 2078 843 2145 Jesu,
875 2089 929 2134 et
957 2096 1061 2136 non
1087 2097 1207 2151 qua:
1235 2094 1439 2150 vestra,
1474 2085 1559 2154 pia
1583 2087 1754 2141 animi

165 2171 478 2248 devotione,
525 2170 578 2225 id
618 2171 826 2240 ipsum,
860 2179 918 2225 ut
949 2187 1054 2226 non
1105 2173 1176 2228 sit
1221 2174 1273 2228 in
1305 2176 1456 2230 vobis
1487 2177 1750 2244 schisma,

164 2260 390 2332 sapiatis
429 2271 708 2329 quaerere,
758 2261 972 2330 pulsare
1016 2270 1071 2317 et
1116 2263 1391 2331 invenire;
1431 2273 1532 2321 nos
1573 2261 1790 2323 autem'

167 2351 534 2406 moderatione
572 2351 718 2406 sedis
759 2353 1104 2421 apostolica),
1157 2354 1298 2408 sicut
1328 2355 1497 2412 divisa
1533 2368 1754 2413 conten-

167 2445 312 2499 tione
350 2453 512 2514 atque
549 2444 791 2499 dolemus
818 2446 986 2500 scissa
1019 2461 1227 2511 errore,
1261 2448 1332 2501 ita
1362 2449 1665 2518 gaudemus
1693 2451 1748 2506 in

168 2533 382 2588 vinculo
411 2534 560 2603 pacis
587 2549 651 2589 ac
677 2529 958 2591 charitatis
983 2529 1302 2608 compagine
1326 2525 1614 2594 soliditatis
1643 2540 1751 2595 fra-

170 2625 477 2679 ternitatem
509 2633 745 2680 vestram
776 2626 894 2681 sine
921 2627 1324 2684 intermissione
1357 2629 1611 2687 inviolate
1632 2647 1754 2702 per-
1781 2633 1786 2636 ’

167 2718 382 2783 sistere,
423 2716 580 2786 juxta
617 2718 934 2788 Apostolum
964 2720 1014 2790 (l
1044 2719 1166 2774 Car.
1194 2721 1336 2791 xm),
1370 2721 1511 2777 idem
1558 2724 1750 2792 sapite,

167 2816 224 2862 et
251 2808 388 2861 Deus
417 2808 564 2877 pacis
601 2808 706 2862 erit
730 2809 1028 2864 vobiscum.
1061 2809 1215 2877 Quod
1249 2826 1376 2866 vero
1403 2811 1632 2867 sollicita
1666 2815 1751 2867 iu-

170 2898 407 2953 tentione
437 2908 616 2954 vestra
663 2900 799 2970 petit
839 2899 1087 2966 dilectio,
1128 2902 1204 2956 uti
1247 2904 1569 2959 auctoritate
1607 2905 1750 2959 beati

172 2987 391 3056 apostoli
420 2987 683 3057 principis
720 2988 1086 3058 apostolorum
1126 2990 1296 3055 Petri,
1325 2992 1477 3046 vobis
1500 2992 1749 3048 Photium

170 3077 530 3147 patriarcham
594 3079 646 3132 in
703 3078 847 3148 regia
901 3079 1034 3134 urbe
1084 3078 1583 3150 ConstinOpolitana
1636 3081 1752 3138 fore

174 3167 596 3233 consentiamus,
643 3168 771 3222 illud
829 3169 1011 3223 animo
1062 3168 1180 3224 luce
1229 3169 1430 3225 clarius
1480 3171 1747 3237 retinetis,

174 3261 314 3329 quod
355 3261 406 3313 in
444 3259 732 3330 Evangelio
757 3259 935 3330 primo
969 3259 1170 3328 pastori
1199 3260 1460 3315 Dominus
1486 3261 1561 3314 ait
1590 3277 1604 3314 :
1641 3260 1752 3332 Ego

171 3369 264 3423 pro
293 3363 338 3407 te
368 3355 574 3422 rogari,
609 3349 796 3418 Petra,
836 3363 891 3405 ut
926 3369 1027 3406 non
1064 3352 1274 3420 deﬁciat
1299 3353 1428 3420 ﬁdes
1454 3362 1583 3414 tua:
1617 3362 1664 3407 et
1695 3363 1753 3406 tu

174 3443 450 3515 siquando
482 3457 758 3498 conversus
787 3441 1040 3511 conﬁrma
1077 3441 1268 3512 fratres
1297 3451 1413 3496 tuos
1444 3441 1594 3515 (Luc.
1627 3441 1750 3514 xu).

175 3529 268 3589 His
295 3532 687 3588 hortationibus
717 3531 981 3596 succensi,
998 3530 1106 3586 imo
1121 3531 1299 3600 potius
1325 3533 1751 3597 corroborati,in

175 3633 428 3696 quantum
455 3623 571 3678 sine
597 3623 746 3692 gravi
777 3620 1071 3676 oﬂ'ensione
1096 3621 1338 3678 valemus
1360 3623 1616 3676 auxilium
1647 3622 1753 3677 fer-

174 3733 251 3785 re,
283 3725 388 3772 tam
420 3716 634 3772 cunctis
661 3715 872 3771 Domini
906 3713 1282 3771 sacerdotibus
1309 3731 1469 3785 quam
1500 3717 1753 3770 universo
1792 3725 1794 3728 '

168 3789 228 3866 ιη
255 3807 383 3866 orbe
412 3818 675 3864 terrarum
701 3806 1011 3863 Christiano
1037 3808 1232 3878 popqu
1252 3847 1268 3874 ,
1301 3823 1574 3878 nunquam
1604 3805 1751 3862 desi-
1793 3823 1796 3826 '

172 3903 379 3965 nimus,
407 3907 693 3969 sequentes
723 3899 1177 3968 praedecessorum
1207 3899 1453 3969 exempla
1473 3939 1487 3964 ,
1535 3900 1600 3954 de
1632 3898 1752 3969 qui-

173 3993 273 4046 bus
313 3999 511 4046 sanctzn
557 3990 828 4044 memoriae
869 3990 1090 4044 Adriani
1129 4005 1280 4060 papae
1311 3989 1363 4044 in
1396 3988 1603 4044 Tarasii
1649 4007 1748 4045 nu-

173 4082 405 4153 perrime
456 4081 614 4151 regite
661 4080 812 4135 urbis
859 4081 1180 4150 patriarcha:
1216 4081 1624 4136 Conﬁrmatione
1675 4081 1752 4152 (in

176 4174 386 4244 epistola
436 4175 504 4228 ad
553 4171 956 4228 Constantinum
1005 4183 1052 4227 et
1107 4172 1310 4226 Irenem
1367 4167 1767 4243 imperatores),

177 4267 287 4321 haec
322 4265 534 4320 interim
566 4264 816 4334 ponimus
850 4263 1052 4330 verba;
1090 4264 1233 4319 inter
1271 4265 1478 4333 reliqua
1529 4265 1701 4334 inquit
1735 4283 1748 4318 :

174 4353 290 4423 Ipse
337 4354 484 4408 enirn”
523 4352 782 4407 Tarasius
830 4353 990 4424 regite
1041 4353 1192 4408 urbis
1239 4353 1547 4424 patriarcha
1607 4355 1755 4409 misit

173 4444 332 4502 nobis
352 4443 684 4515 synodicam,’
708 4444 938 4514 priscam
961 4442 1260 4512 adimplens
1281 4444 1747 4508 consuetudinem,

173 4543 335 4610 quam
382 4537 736 4606 suscipientes
780 4545 834 4591 et
867 4536 1135 4612 liquidius
1178 4536 1520 4605 indagantes,
1553 4545 1605 4590 et
1638 4545 1748 4591 tam

175 4628 244 4684 de
289 4627 520 4683 fossione
556 4635 716 4682 recta:
747 4627 868 4682 lidei
915 4625 1031 4696 ejus
1074 4641 1234 4695 quam
1277 4627 1586 4695 dogmatum
1628 4641 1751 4680 sau-

175 4731 382 4775 ctarum
411 4733 504 4774 sex
537 4719 869 4790 ’synodorum
899 4726 956 4772 et
978 4717 1409 4772 venerandarum
1457 4716 1747 4786 imaginum

177 4809 592 4873 ovan‘tes,nimis
614 4809 810 4863 iterum
833 4809 1134 4863 conturbati
1153 4822 1216 4862 ac
1231 4805 1537 4862 contristati
1561 4819 1747 4859 sumus

175 4902 302 4972 quia
334 4917 398 4955 ex
429 4900 690 4956 laicOrum
726 4902 946 4964 ordine,
991 4910 1045 4954 et
1075 4898 1447 4968 imperialibus
1475 4895 1749 4964 obsequiis

176 4995 479 5064 deputatus,
531 5001 752 5063 repente
781 4993 836 5046 in
870 4991 1267 5062 patriarchatus
1293 4987 1504 5043 culmen
1545 4986 1750 5040 electus
1783 5055 1786 5058 t

1864 610 2091 666 bescunt
2118 611 2286 668 videri
2317 631 2416 672 nec
2445 627 2720 685 metuunt,
2749 622 3110 692 ducatumque
3151 641 3452 684 animarum

1863 700 2206 768 impudenter
2235 717 2540 774 assumunt,
2566 711 2763 778 quibus
2789 713 2873 766 via
2903 715 3080 769 omnis
3129 725 3310 784 Ignota
3357 721 3455 774 do-

1863 794 2028 847 ctoris
2057 804 2158 858 est,
2188 812 2295 865 quo
2327 796 2507 870 [forte,
2542 803 2632 870 qui
2666 819 2788 873 quo,
2834 805 2985 860 Hann
3013 806 3032 879 ]
3061 807 3148 874 .ch
3195 809 3293 879 ipsi
3332 827 3456 881 gra-

1864 881 2084 937 diantur
2114 886 2288 958 ignari
2322 899 2470 944 sunt.
2499 890 2652 956 Quod
2681 909 2842 962 quam
2875 910 3097 964 pravum
3128 911 3358 965 quamve
3384 903 3456 955 sit

1776 993 1780 998 ·
1867 977 2232 1040 temerarium,
2265 981 2510 1035 saeculari
2539 983 2734 1038 ordine
2760 992 2813 1037 et
2860 985 3140 1055 disciplina
3179 998 3454 1043 monstra-

1864 1072 1950 1116 tur
1979 1082 1992 1119 :
2029 1080 2154 1120 nam
2185 1069 2446 1124 dum-dux
2477 1074 2748 1130 exercitus
2776 1089 2881 1129 non
2913 1075 3014 1130 nisi
3045 1075 3230 1131 labore
3259 1085 3314 1132 et
3341 1079 3452 1133 sol-

1766 1163 1770 1174 '
1862 1151 2139 1210 licitudine
2169 1168 2424 1234 expertus
2453 1159 2686 1229 cligitur,
2723 1165 2911 1232 quales
2953 1164 3255 1220 animarum
3289 1167 3454 1223 duces

1860 1235 1980 1297 esse
2011 1255 2248 1312 possunt
2279 1247 2368 1317 qui
2413 1247 2468 1303 in
2512 1253 2855 1322 episcopatus
2901 1254 3112 1310 culmen
3161 1256 3450 1313 immatura

1861 1336 2084 1420 cupiunt
2124 1335 2479 1396 festinatione
2510 1346 2923 1400 conscendere?
2951 1346 3118 1416 Hujus
3150 1349 3341 1404 saltem
3375 1351 3450 1404 rei

1859 1428 2266 1498 comparatione
2296 1432 2641 1488 considerent
2674 1443 2728 1489 et
2770 1438 2987 1507 aggredi
3021 1450 3241 1510 repente
3289 1443 3446 1497 inex-

1859 1526 2040 1586 pertos
2065 1509 2279 1574 labores
2310 1520 2654 1594 abstineant,
2684 1511 2881 1597 quippe
2909 1528 3002 1596 qui
3027 1509 3132 1583 non
3162 1531 3451 1586 didicerint

1858 1609 2003 1676 quod
2045 1610 2294 1665 doceant.
2332 1613 2488 1669 Unde
2527 1617 2788 1672 canonica
2822 1618 3056 1674 instituit
3090 1635 3317 1676 censura
3354 1636 3448 1677 ne-

1859 1715 2129 1768 quaquam
2163 1717 2230 1757 ex
2261 1703 2398 1759 laico
2437 1706 2504 1761 ad
2536 1709 2898 1764 sacerdotium
2932 1721 3155 1782 repente
3195 1715 3445 1772 transire.

1787 1777 1926 1876 ΒτΕι
1949 1803 1952 1805 ’
1975 1793 2076 1848 nisi
2125 1810 2223 1864 per
2252 1792 2369 1864 ejus
2399 1797 2610 1854 ﬁdelem
2646 1799 2970 1856 concursum
2993 1777 3099 1872 pro
3135 1814 3448 1862 sanctarum
3479 1805 3492 1816 ’

1859 1881 2153 1954 imaginum
2205 1887 2481 1943 erectione
2534 1888 2655 1957 ejus
2711 1893 3103 1947 consecrationi
3163 1909 3448 1950 assensum

1857 1975 2173 2032 omnimodo
2196 1978 2434 2034 tribuere
2457 1981 2817 2051 nequivimus.
2844 1981 3014 2040 Porro
3035 1992 3091 2039 et
3116 2000 3215 2040 nos
3241 2001 3306 2041 ac
3330 2001 3447 2051 vos,

1857 2065 2054 2124 fratres
2083 2069 2412 2148 charissimi,
2437 2069 2553 2150 lege
2579 2075 3003 2145 constringimur
3028 2085 3084 2130 ut
3110 2077 3157 2132 si
3187 2077 3445 2147 deinceps

1856 2161 1998 2231 apud
2032 2164 2596 2220 cuuctamecclesiam
2626 2182 2747 2236 quae
2777 2167 2830 2220 in
2855 2168 3008 2222 vobis
3035 2177 3119 2222 est
3147 2184 3176 2222 a
3208 2170 3450 2238 paternis

1855 2254 2060 2328 regulis
2081 2269 2179 2325 per
2199 2255 2435 2310 similem
2460 2257 2962 2326 prmvaricatiOnem
2992 2265 3266 2327 nunquam
3291 2273 3424 2329 spon

1855 2345 2028 2401 dentis
2054 2343 2368 2414 delinquere
2387 2384 2402 2411 ,
2433 2345 2486 2400 id
2517 2351 2598 2399 est
2619 2385 2634 2410 ,
2663 2350 2730 2400 ne
2763 2345 3090 2417 neophytum
3123 2330 3342 2417 repente
3377 2349 3446 2404 ad

1856 2433 2118 2488 honorem
2148 2434 2443 2489 ascendere
2464 2433 2514 2487 ιι.
2540 2436 2609 2489 Et
2637 2435 2682 2490 si
2710 2436 3022 2506 parochiam
3047 2436 3292 2505 Bulgarze
3316 2453 3446 2507 gen-

1859 2523 1950 2588 tis,
1976 2539 2113 2593 qua:
2142 2523 2253 2578 Deo
2304 2532 2528 2579 auctore
2564 2525 2708 2579 beati
2741 2525 2889 2580 Petri
2913 2527 3138 2596 apostoli
3181 2528 3444 2594 interees~

1854 2612 2027 2678 sione,
2054 2621 2214 2682 atque
2241 2613 2584 2668 decessorum
2611 2623 2917 2669 nostrorum
2957 2616 3162 2683 labore,
3197 2617 3262 2670 ad
3289 2616 3444 2672 Chri-

1856 2711 1998 2758 stum
2025 2719 2287 2762 conversa
2318 2714 2436 2770 est,
2472 2706 2735 2761 subducta
2763 2723 2924 2778 quam
2956 2708 3029 2762 ibi
3060 2707 3268 2764 fecistis
3293 2710 3449 2765 illici-

1855 2803 1968 2851 tam
2012 2798 2374 2862 ordinatione,
2422 2799 2804 2864 reddideritis;
2843 2809 2910 2855 et
2939 2801 3178 2869 abjectos
3203 2817 3448 2873 quosque

1789 2897 1794 2904 '
1854 2884 2050 2942 fratres
2079 2901 2144 2942 ac
2171 2887 2548 2943 discordantes
2575 2899 2757 2944 vestro
2785 2889 2970 2944 labore
2998 2890 3062 2962 [ί.
3091 2892 3228 2944 deest
3260 2907 3445 2946 recon-

1855 2976 2208 3050 ciliaveritis}
2233 2979 2412 3033 studio
2441 2975 2563 3034 cum
2609 2980 2871 3049 prmdicto
2911 2981 3105 3037 Photio
3147 2997 3307 3051 quem
3350 2997 3447 3052 pa-

1856 3066 2150 3122 triarcham
2182 3068 2236 3122 in
2278 3070 2427 3139 regia
2457 3069 2590 3124 urbe
2620 3070 2941 3126 desideratis
2967 3070 3191 3136 habere,
3219 3072 3447 3142 aliisque

1778 3131 1823 3192 θ
1858 3159 1965 3228 piis
1985 3160 2238 3229 operibus
2262 3159 2612 3215 offensionem
2635 3177 2796 3230 quam
2822 3178 3006 3218 coram
3033 3164 3142 3219 Deo
3165 3174 3220 3219 et
3243 3167 3447 3221 sanctis

177 5091 278 5150 est,
301 5092 354 5138 et
377 5083 681 5154 apocaligus
704 5081 782 5156 [in
807 5083 956 5154 epist.
991 5080 1232 5142 Adriani,
1259 5097 1290 5132 a
1319 5078 1488 5148 caliga
1507 5075 1748 5147 militari]
1775 5085 1778 5088 '

175 5191 364 5239 contra
399 5183 709 5236 sanctorum
735 5193 1002 5235 canonum
1033 5189 1317 5230 censuram
1342 5173 1522 5226 factus
1551 5179 1634 5227 est
1660 5181 1778 5240 pa-'

246 5336 456 5394 a-llanc
487 5337 769 5406 epistolam
798 5335 938 5406 sicut
977 5339 1204 5406 exteras
1233 5329 1492 5392 recitatas
1525 5342 1777 5396 passam.

173 5425 294 5476 esse
327 5401 942 5480 perditissirnihhomiuis
976 5401 1148 5480 Photii
1191 5401 1568 5480 inipqsituram,
1598 5405 1751 5480 patet
1792 5457 1796 5470 ν,

174 5461 449 5537 ξῖἶιεῖὗῖἒ
463 5461 595 5533 ἶὲίῖέ
618 5493 632 5530 :
667 5461 1023 5529 Venerabilem
1051 5461 1283 5540 ra'tre'm'
1299 5461 1747 5540 Phot’iufm'c'q'ram

174 5530 811 5622 Quassatam":
834 5530 1139 5622 quaerendo,
1167 5530 1635 5622 et'patrtaretaatu’s
1660 5540 1752 5617 tre-
1794 5557 1801 5562 -

177 5607 1054 5689 a3”.aruugt...—uum..prétession
1093 5628 1143 5668 ιιι
1179 5607 1537 5678 magmatis
1569 5607 1760 5688 ..ῥυείη

177 5693 398 5756 liuentia
419 5627 1240 5805 superbusetprofanusfﬂlfomo
1269 5680 1430 5762 plane
1449 5677 1677 5761 abrasit,
1700 5687 1759 5748 et

177 5763 298 5805 ιηρη
331 5757 592 5805 ialm-nm:
626 5767 684 5805 ut.
732 5757 785 5805 in
835 5763 1049 5805 caeteris
1115 5760 1342 5805 ecerat.‘
1370 5755 1474 5805 ista
1519 5758 1699 5805 DOSllll
1738 5765 1750 5801 :

1775 5651 1779 5658 ι

177 5677 398 5766 ruentia
419 5677 1062 5766 siparium-Proteus
1078 5677 1240 5766 Item-0
1269 5677 1777 5766 Pletsebfteitaei.

177 5753 298 5819 loco
331 5753 594 5846 istorum,
623 5767 684 5840 ut
832 5753 1049 5840 caeteris

1115 5739 1342 5830 Ecera't,‘
1370 5739 1474 5805 ista
1495 5825 1500 5842 Ι
1519 5739 1699 5840 posuit
1738 5739 1804 5842 ’ᾖ

1857 3249 2155 3303 canonihus
2187 3249 2534 3303 contraxistis
2566 3251 2617 3304 in
2651 3251 2753 3304 hac
2783 3261 2970 3320 parte,
3002 3268 3472 3324 recompensave-,

1855 3338 1994 3392 ritis.
2025 3338 2399 3395 Venerabilem
2449 3337 2677 3396 fratrem
2719 3339 2969 3397 Photium
3015 3358 3196 3398 coram
3240 3345 3474 3414 synodo.

1855 3429 2284 3485 misericordiam
2333 3431 2656 3500 quaerendo,
2701 3439 2756 3485 et
2795 3431 3196 3501 patriarchatus
3240 3434 3452 3488 honore

1854 3517 2003 3590 fungi
2032 3519 2300 3584 volumus,
2330 3529 2386 3576 et
2413 3529 2614 3597 nostra:
2641 3522 3065 3602 coriunuqionis,
3083 3523 3206 3602 imo
3231 3531 3285 3578 et
3319 3523 3445 3579 bea-

1856 3617 2032 3666 torum
2065 3595 2747 3690 apostolortuugscu'omnis
2774 3595 3196 3686 Ecclesuefore,
3225 3615 3444 3674 Domini
3475 3649 3478 3654 -

1855 3698 2226 3769 miseratione,
2246 3705 2583 3775 participem.
2610 3706 2723 3762 Hoc
2741 3708 2991 3777 exemplo
3018 3708 3254 3762 roborati
3277 3710 3450 3764 maxi-

1857 3807 2073 3862 me-quo
2089 3795 2342 3864 egregias
2365 3796 2730 3864 prmdecessor
2751 3791 3303 3853 noster’llmocentius
3327 3785 3446 3854 san-

1855 3882 2128 3956 ctissim,us
2175 3901 2314 3956 papa
2356 3884 2645 3950 Photinum
2665 3873 2994 3950 restaurare
3037 3889 3316 3961 dignatur,
3363 3892 3478 3946 di-.

1856 3989 1986 4032 cens
2027 3973 2202 4046 (epist.
2233 3975 2333 4041 η,
2364 3993 2417 4030 η.
2449 3976 2502 4045 7)
2533 3991 2547 4032 :
2578 3977 2804 4038 Veniam
2841 3995 2986 4035 nunc
3033 3981 3100 4035 ad
3147 3981 3440 4036 maximum

1855 4069 2009 4139 quasi
2059 4070 2328 4140 quoddam
2376 4070 2612 4138 thema;
2646 4070 2966 4138 Phot'ntum;
3013 4080 3070 4126 et
3117 4073 3260 4126 inter
3289 4072 3438 4126 alia:

1857 4160 1994 4228 Quia
2039 4177 2128 4217 res
2172 4162 2239 4216 ad
2279 4163 2505 4244 salutem
2553 4153 2936 4230 rediit'venite,
2980 4161 3123 4220 hunc
3149 4165 3202 4218 in
3236 4174 3442 4224 tantum

1855 4253 2009 4310 vobis
2034 4255 2423 4319 annitentibus,
2449 4264 2572 4326 post
2593 4256 3103 4319 condemnationem
3135 4274 3288 4314 more
3314 4274 3447 4328 apo--

1856 4347 2047 4399 stolico
2088 4348 2470 4416 subrogamus,
2503 4346 2777 4415 tantisque
2798 4350 2997 4403 vestris
3027 4349 3436 4425 assertionibus,

1857 4435 2115 4504 vobisque
2140 4443 2248 4488 tam
2273 4435 2449 4499 bouis,
2474 4443 2581 4489 tam
2605 4437 2785 4512 charis
2813 4453 2916 4490 non
2942 4438 3071 4492 dare
3095 4453 3436 4500 consensum,

1857 4517 2108 4580 clunibus
2147 4513 2297 4592 duris
2328 4526 2490 4590 rebus
2523 4526 2711 4588 durius
2749 4528 3100 4583 arbitramur.
3130 4528 3235 4583 Pro
3261 4539 3442 4584 vestra

1857 4617 2403 4688 ergo-approbatione
2425 4658 2440 4681 ,
2477 4617 2676 4672 fratres
2705 4617 3037 4684 clarissimi,-
3071 4629 3128 4674 et
3170 4620 3438 4675 sententia
3477 4647 3482 4654 -

1857 4721 1920 4760 ac
1949 4705 2650 4778 postulationeepiscopum
2675 4704 2966 4760 'Ph'otinum
2996 4697 3269 4762 habetote.
3301 4707 3441 4763 Lici-

1858 4806 1969 4872 tu‘m
2000 4805 2082 4852 est
2109 4789 2189 4852 ita
2209 4783 2546 4873 constituere
2585 4787 3074 4873 utdeprecamini;
3103 4807 3158 4852 et
3198 4809 3438 4853 nostram

1858 4888 1912 4944 in
1941 4869 2132 4956 inelius
2154 4869 2472 4952 conversam
2502 4870 2850 4955 sententiam,
2879 4889 3174 4945 laborevel
3205 4890 3441 4944 testimo-

1856 4984 1947 5038 nio
1974 4994 2197 5050 vestro;
2215 4993 2492 5052 compotes
2521 4983 2631 5036 voti
2669 4981 2949 5051 sust-ipite.
2984 4981 3258 5036 Sollicitos
3293 4981 3437 5034 enim

1855 5091 1950 5154 vos
1977 5092 2075 5148 pro
2106 5073 2277 5154 salute
2304 5074 2535 5130 libenter
2556 5071 2816 5154 admitto;
2848 5074 2931 5128 cui
2963 5088 3176 5126 manum
3218 5061 3439 5143 porrigi-

1858 5149 1950 5234 tis,
1970 5151 2247 5243 vobiscum
2272 5167 2520 5240 porrige;
2547 5149 2634 5230 cui
2657 5166 2894 5236 porrigo,
2922 5179 3132 5225 mecum
3155 5163 3434 5232 porrigite.

1857 5323 2079 5378 Plautius
2130 5321 2432 5390 patriarcha
2488 5318 2848 5390 sanctissimus
2904 5325 2951 5369 et
3015 5314 3437 5390 religiosissimus

1856 5397 2022 5464 frater
2071 5383 2267 5455 noster,
2313 5409 2420 5464 rion
2471 5389 2781 5464 dediguetur
2822 5386 2878 5464 in
2929 5383 3205 5464 conspectu
3249 5383 3436 5463 synodi

1855 5454 2170 5535 :qratiamhet
2194 5454 2432 5535 studium
2463 5454 2870 5535 nostﬂury'qain
2899 5456 3072 5535 potius
3103 5454 3302 5507 viscera
3332 5455 3438 5535 lmil-

1858 5522 2156 5588 sericordiw
2185 5531 2542 5612 Roma‘norm‘n
2567 5522 2834 5582 Eeclesim
2854 5522 3165 5596 praedicare,
3205 5523 3343 5594 quod
3373 5522 3439 5612 ab

1857 5621 1918 5659 ea
1948 5604 2014 5673 sit
2041 5599 2594 5673 receptus._Ssv.,Bt__.v,
2647 5661 2668 5670 μ
2895 5643 2919 5666 λ,
2987 5663 2990 5668 ι
3057 5659 3062 5666 δ

1931 5667 1960 5714 b’
1987 5667 2206 5746 ‘Aliquid
2245 5671 2428 5748 deest.’
2647 5667 2651 5670 ’
2849 5699 2862 5746 ε
2987 5667 2990 5668 ν
3041 5725 3048 5740 .
3156 5725 3162 5734 .
