4042 6302
572 379 678 441 367

1890 372 2170 429 JOANNIS
2202 372 2405 429 ΡΑΡίΕ
2449 376 2553 431 Vill

3738 380 3841 436 868

572 498 698 555 Haec
727 500 867 555 enim
895 506 978 552 est
1005 497 1072 551 ad
1101 492 1408 549 Corinthios
1434 473 1723 565 apostolica
1765 490 2029 543 declarata
2061 489 2146 542 hc-
2170 491 2219 551 Α
2251 489 2452 565 pseudo
2472 489 3170 565 octav_a_Photianasynodo
3192 490 3660 565 Constantinopoli
3694 502 3842 565 gesta

572 591 824 661 niguitas,
859 597 917 642 ut
949 587 1000 640 in
1032 600 1139 645 uno
1168 583 1359 652 spiritu
1389 583 1603 636 ductant
1633 598 1695 634 ac
1733 581 2004 635 reductam
2033 595 2149 631 sen-

574 679 791 735 tentiam
839 675 960 732 boui
1008 689 1222 744 semper
1269 670 1631 726 indifferenter
1659 682 1971 741 sequantur,
2017 671 2147 724 Data

571 784 757 824 mense
781 768 1045 836 Augusto,
1074 764 1365 820 indictione
1399 764 1738 818 duodecima.

642 856 807 912 Missa
835 873 928 929 per
958 855 1171 910 Petrum
1206 857 1579 925 presbyterum.

1218 945 1489 1002 CCXLVI.

825 1054 893 1093 ΔΙ)
932 1054 1139 1094 PAULI}!
1179 1054 1249 1091 ΕΤ
1287 1050 1556 1091 ΕυϐΕΝΙυὶί
1594 1051 1889 1092 EPISCOPOS.

1168 1132 1344 1199 (Anno
1378 1130 1526 1199 879.)

565 1216 845 1274 Constituit
882 1237 967 1272 cos
1006 1235 1108 1271 una
1141 1224 1272 1270 cum‘
1296 1217 1452 1271 I’ctro
1488 1218 1783 1286 presbytero
1813 1217 2031 1286 legatos,
2066 1230 2148 1285 ut,

636 1288 768 1342 sicut
796 1289 911 1342 illos
942 1295 1233 1349 monuerat,
1274 1303 1452 1356 pacem
1488 1289 1541 1340 in
1576 1286 1813 1342 Ecclesia
1853 1286 2147 1345 Constanti-

638 1358 940 1427 nopolitano
965 1356 1265 1424 conficiant.

635 1443 1121 1500 Revercndissimis
1178 1445 1361 1500 PAULO
1415 1444 1754 1500 Anconitano
1805 1445 2144 1511 Euocatooue

528 1598 531 1603 ι
565 1531 798 1589 Ostiensi
830 1535 1118 1605 episcopis.
2068 1576 2073 1582 -

636 1626 894 1693 Quamvis
926 1636 1116 1681 contra
1156 1633 1401 1681 nostram
1435 1626 1660 1696 egeritis
1700 1625 2048 1689 voluntatem,
2086 1634 2143 1682 et

563 1715 1085 1785 Constantinopolim
1108 1715 1410 1780 venientes,
1454 1714 1716 1792 inquisita
1755 1730 1919 1772 causa
1960 1716 2144 1772 Eccle-

565 1805 658 1861 sia!
677 1804 827 1875 pacis
847 1814 905 1860 et
925 1805 1171 1869 unitatis,
1196 1804 1425 1860 Romam
1455 1804 1653 1860 reverti
1679 1806 1939 1874 nobisque
1961 1809 2140 1862 omnia
2173 1842 2214 1901 Β

564 1896 667 1950 sub
693 1904 843 1950 certa
877 1895 1140 1950 relatione
1178 1894 1455 1949 debebatis
1487 1893 1712 1949 referre.
1757 1895 1825 1950 Et
1869 1896 1992 1963 quia
2032 1897 2143 1966 pri-

564 2000 709 2042 mam
738 1986 1060 2057 legationem
1089 1986 1243 2041 vobis
1269 1986 1613 2041 commissam
1641 1987 1832 2041 idonee
1869 2001 1974 2041 non
2024 2002 2144 2056 per-

560 2075 771 2146 egistis,
799 2075 1091 2131 secundam
1118 2074 1271 2130 vobis
1298 2074 1419 2128 ideo
1434 2075 1774 2130 committere
1790 2091 1894 2130 non
1910 2076 2141 2132 debeba-

565 2180 716 2230 mus;
780 2173 960 2220 tamen
1020 2163 1328 2234 apostolicae
1383 2163 1749 2219 miserationis
1813 2164 2140 2234 benignitate

560 2264 794 2322 utentes,
823 2264 877 2310 et
917 2257 969 2311 in
1010 2256 1112 2309 hac
1154 2255 1393 2309 secunda
1424 2254 1696 2326 legatione
1729 2256 1958 2312 fideliter
1981 2257 2141 2326 perﬁ-

558 2345 748 2402 cienda
780 2362 876 2402 vos
910 2348 1031 2401 huic
1060 2346 1219 2400 Petro
1252 2346 1507 2417 religioso
1549 2347 1865 2417 presbytero
1904 2349 2142 2404 cardinis

559 2436 752 2499 nostri,
792 2436 1155 2505 familiarique
1198 2444 1386 2489 nostro
1432 2437 1723 2503 sociamus,
1767 2447 2035 2508 quatenus
2072 2453 2138 2494 ea

556 2538 679 2594 quae
710 2539 808 2595 pro
840 2538 972 2595 pace
1002 2534 1057 2579 et
1085 2524 1295 2578 unitate
1324 2525 1577 2580 Ecclesia:
1605 2525 1699 2579 Dei
1743 2527 1950 2597 agenda
1989 2534 2135 2591 sunt,

558 2618 850 2673 secundum
876 2617 1202 2688 apostolicos
1235 2626 1434 2672 nostrae
1468 2618 1809 2672 auctoritatis
1846 2619 2046 2687 apices,
2084 2626 2139 2674 et

558 2705 855 2761 secundum
878 2719 904 2748 ιι
939 2707 1343 2762 comtnonitorii
1388 2709 1558 2761 nostri
1607 2717 1849 2763 tenorem
1882 2706 2138 2777 capitula-

559 2795 655 2850 tim
679 2795 1012 2864 descriptum
1033 2834 1048 2859 ,
1076 2796 1256 2866 sagaci
1287 2796 1446 2854 valde
1467 2795 1664 2850 intuitu
1697 2795 1857 2851 simul
1884 2796 2056 2866 agatis
2079 2805 2138 2852 et

556 2885 631 2938 ita
659 2886 929 2939 deliniatis
956 2895 1015 2940 ut
1045 2887 1275 2956 gratiam
1324 2894 1599 2951 nostram,
1650 2900 1810 2956 quam
1858 2888 2008 2957 prius
2054 2888 2136 2943 in-

558 2973 872 3029 obedientcr
901 2976 1108 3043 agendo
1133 2975 1518 3044 cxasperastis,
1543 2992 1689 3031 nunc
1716 2976 1943 3033 ﬁdeliori
1974 2978 2135 3034 devo-
2166 3006 2175 3017 -

504 3081 509 3087 '
559 3066 706 3120 tione
746 3067 1057 3136 operando,
1103 3067 1422 3137 placabilem
1468 3070 1668 3124 habere
1708 3072 1948 3140 possitis.
1995 3073 2130 3129 Data

558 3170 745 3211 mense
765 3156 1026 3228 Angusto,
1058 3158 1353 3213 indictione
1375 3157 1713 3213 duodecima.
1772 3184 1777 3188 <

1195 3248 1485 3304 CCXLVI].

559 3332 625 3370 AD
682 3333 888 3374 ΡΑυιωι
936 3335 1004 3374 ΕΤ
1053 3334 1321 3375 EUGENIUI
1377 3336 1690 3386 EPISCOPOS,
1742 3336 2013 3379 δηιιιιτιξκ
2060 3341 2128 3378 ΑΙ)

1014 3405 1224 3444 PETRI)“
1264 3406 1666 3446 ιιιιεδιητεηωι.

1162 3481 1338 3552 (Auno
1374 3480 1524 3552 879.)

762 3546 938 3603 διατιδὶ
962 3546 1211 3603 monitum
1234 3550 1287 3602 in
1310 3546 1599 3620 sequentem
1622 3549 1910 3621 epistolam.

626 3640 872 3712 Romana
914 3643 1171 3712 synodus,
1199 3640 1521 3712 auctoritate
1547 3641 1770 3698 Joannis
1807 3655 1959 3711 papae
1993 3656 2126 3697 con-

558 3720 809 3782 gregata,
855 3710 1073 3782 Petrum
1119 3710 1358 3781 aliosque
1398 3710 1681 3780 adjunctos
1720 3713 1770 3768 ei
1808 3710 2026 3782 legatos
2061 3729 2125 3768 ea

558 3781 813 3852 facultate
848 3781 1111 3836 duntaxat
1157 3782 1412 3852 instruxit
1453 3792 1614 3852 atque
1648 3781 2032 3847 communivit,
2068 3792 2127 3837 ut

556 3849 806 3905 Photium
830 3865 860 3904 a
886 3853 1130 3906 censuris
1158 3849 1543 3906 ecclesiasticis
1567 3852 1902 3908 absolverent
1928 3863 1982 3907 et
2009 3853 2122 3907 sedi

558 3919 1164 3990 Constantinopolitanae
1192 3923 1576 3977 restituerent:
1600 3938 1704 3977 non
1741 3922 1808 3976 ad
1848 3936 2030 3976 veram
2069 3931 2127 3977 et

590 4005 866 4044 ertnanam
893 3992 1155 4060 synodum
1180 4001 1452 4055 octavam,
1484 3993 1585 4045 sub
1609 3992 1845 4046 Adriano
1869 3992 2124 4060 pontifice

555 4006 866 4112 permanant
893 4006 1155 4060 synouum
1180 4006 1452 4055 oetavam,
1484 4006 1585 4045 sub
1609 4006 1845 4046 Adriano
1869 4006 2121 4060 ponuttce

577 4060 821 4122 tabitatn,
846 4060 1231 4126 reprobandum
1259 4077 1277 4112 :
1303 4068 1357 4114 et
1395 4060 1709 4128 particulam
1739 4060 1913 4123 illam,
1947 4060 2121 4115 Filio,

554 4144 676 4197 que,
704 4144 734 4181 e
763 4128 1007 4197 symbolo
1037 4128 1586 4197 penitustollendam,
1615 4129 1777 4183 multa
1802 4132 2123 4186 auctoritate

554 4196 934 4267 iidemmnnlti
963 4197 1194 4267 fuerant.
1226 4196 1351 4251 Hmc
1385 4210 1506 4252 cum
1542 4205 1761 4267 pateant
1789 4212 1854 4253 ex
1893 4198 2119 4267 epistola

554 4262 781 4340 Joannis
797 4262 1762 4340 atlDasiliunrimperatorem—scripta
1779 4262 1952 4340 (epist.
1965 4269 2132 4336 245),-

2255 557 2816 628 dictuttur,falsitatis
2852 569 2906 614 et
2956 557 3265 628 ituposturze
3302 557 3607 615 manifesta}
3658 557 3845 615 reda.

2252 637 2515 701 gratatur:
2536 626 3020 701 Commonitorium
3033 626 3241 701 'Vautem
3277 629 3467 685 Crtece
3494 630 3769 701 scriptu
3795 641 3845 684 et

2253 714 2281 749 a
2308 696 2470 752 Metiu
2493 696 2686 753 Latine
2713 700 2981 755 redditum
3014 700 3094 754 sic
3127 714 3187 754 se
3215 700 3419 754 habet:

2317 787 2548 843 Joannes
2574 790 2880 860 episcopus,
2906 805 3096 846 servus
3116 803 3398 845 servorum
3431 788 3567 856 Dei;
3604 803 3847 845 commo—

2250 876 2505 932 nitorium
2531 877 2792 934 fratribus
2813 879 2995 935 Ρωιο
3025 887 3081 934 et
3103 878 3343 934 EUGENIO
3364 876 3666 948 episcopis,
3692 878 3841 930 simi-

2249 966 2372 1022 liter
2391 976 2445 1023 et
2471 967 2656 1023 Perse
2687 969 3007 1040 presbytero
3036 967 3322 1034 cardinali,
3345 966 3554 1024 nostris
3575 964 3841 1022 Constan-

2251 1057 2472 1129 tin0poli
2505 1058 2718 1130 legatis.

2318 1150 2452 1205 Cum
2475 1150 2729 1219 primum,
2754 1149 2934 1205 divina
2955 1149 3170 1204 favente
3198 1149 3374 1220 gratia
3403 1159 3459 1204 et
3483 1150 3841 1206 intercessio-

2248 1238 2408 1293 nibus
2431 1248 2745 1295 sanetorutn
2775 1239 3163 1308 apostolorum,
3195 1238 3732 1309 Constantinopolim
3764 1242 3844 1295 io-

2246 1327 2419 1398 gressi
2445 1325 2677 1392 fueritis,
2710 1327 2840 1382 illuc
2875 1328 3128 1383 divertite
3154 1343 3262 1397 quo
3286 1329 3573 1399 praecipiet
3603 1329 3843 1399 impera-

2247 1426 2365 1483 tor;
2403 1426 2459 1472 et
2502 1425 2792 1486 antequam
2840 1416 3224 1486 imperatorem
3267 1417 3660 1484 visitavcritis,
3712 1418 3841 1474 nnlﬁ

2245 1509 2337 1563 alii
2382 1508 2708 1577 apostolicas
2750 1507 2962 1562 litteras
2993 1507 3208 1562 tradere
3241 1505 3440 1562 velitis.
3471 1507 3615 1563 Cum
3651 1523 3841 1564 coram

2245 1597 2572 1667 imperatore
2615 1595 2861 1661 fueritis,
2891 1595 3100 1653 litteras
3143 1595 3218 1649 illi
3260 1595 3484 1650 tradetis
3526 1595 3837 1664 hujusmoﬁ

2244 1690 2423 1744 verbis
2453 1688 2601 1743 illum
2633 1688 2969 1757 alloqucntcs
3002 1702 3019 1740 :
3057 1685 3268 1741 Salutat
3316 1696 3559 1740 vestrum
3606 1704 3677 1743 ex
3730 1687 3838 1742 Deo

2246 1796 2465 1851 regnum
2492 1779 2752 1850 spiritalis
2773 1789 2950 1834 vester
2972 1789 3124 1849 pater
3149 1779 3401 1834 dominus
3425 1777 3669 1835 Joannes
3694 1797 3830 1851 apo-

2242 1868 2466 1925 stolicus
2493 1884 2653 1939 papa,
2683 1876 2828 1922 tuam
2861 1884 2926 1921 ex
2955 1869 3064 1921 Deo
3095 1868 3391 1936 potentiam
3421 1870 3535 1923 suis
3564 1871 3834 1925 orationi-

2243 1958 2343 2012 bus
2370 1957 2593 2029 singulis
2623 1957 2813 2012 diebus
2838 1967 3027 2011 sancto
3058 1957 3166 2012 Deo
3202 1958 3615 2024 commendans,
3642 1970 3704 2012 ut
3734 1958 3835 2014 ille

2240 2047 2333 2117 qui
2353 2046 2499 2102 vobis
2513 2047 2615 2101 hoc
2636 2045 2783 2101 dedit
2810 2046 3136 2101 desiderium
3163 2055 3381 2117 propter
3401 2048 3828 2111 ecclesiasticam

2242 2152 2451 2206 pacem,
2483 2135 2688 2192 tribuat
2728 2137 2879 2191 vobis
2926 2137 3154 2207 gratiam
3198 2152 3382 2202 suam,
3425 2148 3482 2192 et
3517 2139 3829 2193 consoletur

2240 2245 2336 2286 vos
2364 2244 2458 2284 sua
2486 2228 2630 2286 felici
2664 2228 2997 2299 protectionc
3021 2269 3037 2295 ,
3066 2238 3119 2283 et
3145 2226 3388 2299 perficiat
3418 2229 3473 2283 in
3501 2230 3663 2285 bouis
3687 2228 3827 2286 (tesi-

2240 2323 2386 2377 deria
2418 2331 2611 2376 vestra.
2642 2320 2698 2376 Si
2725 2322 2993 2393 rogaverit
3037 2322 3363 2392 imperator,
3392 2332 3689 2392 antequam
3733 2322 3822 2378 lit-

2242 2421 2386 2467 teras
2422 2410 2563 2480 legat
2586 2410 2699 2465 sive
2726 2410 2958 2481 capitula
2989 2410 3357 2480 responsionis
3380 2420 3608 2473 nostra),
3637 2411 3823 2480 hujus-

2238 2503 2382 2559 modi
2427 2503 2604 2558 verbis
2647 2503 2753 2558 illis
2810 2503 3130 2575 respondete
3167 2520 3181 2555 :
3228 2502 3283 2556 Si
3330 2500 3493 2571 jubet
3538 2504 3821 2575 imperium

2237 2602 2495 2660 vestrum,
2527 2594 2707 2649 videat
2732 2594 3003 2665 epistolas.
3032 2594 3099 2648 Et
3128 2592 3172 2648 si
3205 2592 3405 2647 dixerit
3440 2612 3453 2646 :
3481 2592 3624 2661 Quid
3648 2596 3817 2649 conti-

2236 2694 2366 2741 nent
2406 2685 2678 2756 epistolaz?
2714 2686 2787 2740 illi
2833 2686 3151 2756 respondete
3188 2702 3203 2740 :
3237 2683 3615 2749 Salutationes
3653 2684 3823 2741 conti-

2237 2785 2391 2842 nent,
2412 2789 2466 2830 et
2496 2776 2719 2832 omnino
2744 2786 2885 2831 recte
2913 2776 3217 2847 perficiunt.
3239 2774 3515 2829 Postridie
3538 2775 3820 2831 salutaturi

2234 2866 2483 2920 Photium
2530 2867 2934 2921 sanctissimum
2983 2864 3260 2929 accedite,
3305 2872 3359 2919 et
3409 2866 3701 2934 epistolam
3748 2865 3820 2920 illi

2235 2957 2461 3021 ll‘tltlllc,
2508 2957 2802 3013 salutantes
2847 2956 2994 3009 illum
3041 2957 3298 3010 decenter
3347 2953 3550 3008 talibus
3604 2955 3817 3009 verbis;

2234 3048 2443 3103 Salutat
2470 3056 2523 3102 te
2549 3048 2797 3103 dominus
2826 3056 3008 3100 noster
3032 3044 3265 3101 Joannes
3290 3046 3629 3115 apostolicus
3663 3062 3814 3117 papa,

2232 3147 2288 3193 et
2333 3138 2444 3192 vult
2488 3138 2689 3193 habere
2732 3147 2783 3192 te
2818 3136 3040 3192 fratrem
3080 3145 3135 3191 et
3177 3136 3654 3204 comministrum,
3686 3140 3821 3193 sicut

2233 3227 2449 3296 scripsit
2480 3227 2788 3297 imperator,
2823 3233 2882 3280 ut
2911 3235 3130 3296 propter
3159 3239 3345 3295 pacem
3391 3225 3655 3281 Ecclesia:
3686 3228 3821 3282 reci-

2230 3331 2479 3384 peremus
2501 3315 2902 3370 sanctissimum
2929 3315 3287 3386 patriarcbam
3311 3316 3573 3373 Photium
3601 3319 3817 3376 fratrem

2229 3420 2282 3462 ct
2309 3408 2739 3464 comministrum
2774 3418 3049 3477 nostrum,
3083 3411 3469 3466 exaudiremus
3506 3428 3705 3482 preces
3732 3429 3821 3471 ve-

2228 3512 2403 3567 stras,
2450 3509 2504 3555 et
2544 3500 2964 3572 prmeipercmus
3009 3511 3068 3556 ut
3112 3518 3295 3556 coram
3330 3504 3483 3557 nobis
3524 3506 3714 3558 veniat
3752 3505 3821 3561 ad

2229 3595 2532 3664 synodum:
2573 3601 2629 3648 et
2665 3602 2725 3647 ut
2764 3593 2989 3664 recipiat
3026 3592 3204 3663 ipsum
3241 3595 3476 3647 universa
3512 3594 3767 3650 Ecclesia
3798 3616 3815 3651 ;

2224 3683 2379 3755 juxta
2432 3693 2671 3739 tenorem
2720 3683 3021 3738 litterarum
3072 3694 3408 3748 nostrarum,
3462 3683 3618 3739 illum
3674 3688 3819 3742 reci-

2226 3775 2338 3843 pite
2380 3784 2438 3828 ut
2471 3774 2902 3829 comministrum
2945 3781 3212 3840 nostrum,
3254 3785 3415 3843 atque
3457 3783 3516 3828 ut
3558 3775 3821 3833 Ecclesia:

2227 3864 2483 3920 Romanae
2505 3865 2734 3935 gratiam
2767 3865 2982 3931 habent,
3010 3877 3311 3936 surgentes,
3338 3860 3414 3920 illi
3441 3866 3610 3923 dicite
3633 3888 3649 3922 :
3675 3869 3819 3924 Mane

2226 3959 2319 4013 dat
2345 3958 2593 4013 dominus
2623 3967 2805 4013 noster
2830 3958 3205 4013 sanctissimus
3234 3974 3370 4029 papa
3407 3967 3467 4013 ut
3505 3976 3701 4016 onlnes
3727 3959 3815 4031 qui

2226 4050 2279 4104 in
2326 4048 2553 4105 diversis
2597 4048 2732 4105 locis
2778 4060 2931 4105 extra
2982 4050 3241 4105 terminos
3291 4051 3672 4116 exsdteruut,
3700 4052 3810 4107 sive

2223 4138 2482 4211 episcopi,
2515 4140 2628 4194 sive
2655 4139 2985 4210 presbyteri,
3018 4140 3134 4195 sive
3164 4140 3340 4209 quivis
3366 4141 3463 4195 alii
3497 4142 3705 4196 fuerint
3724 4182 3739 4207 ,
3761 4152 3815 4196 et

2223 4228 2492 4284 noluerint
2515 4230 2789 4299 hucusque
2812 4229 2962 4284 vobis
2982 4229 3408 4294 communicare,
3442 4241 3635 4286 vestro
3661 4243 3817 4302 opere

554 4320 659 4406 qua
683 4350 743 4390 se
768 4336 822 4390 ίη
848 4335 1039 4391 pham,
1066 4335 1180 4391 sedi
1221 4320 1331 4392 εἷλέ
1368 4320 1865 4405 τέέίίῖέιέηάδςιςῶι
1894 4320 2116 4396 ⁷οδῆξῖιῇ
2177 4363 2182 4367 .
2220 4329 2279 4375 et
2319 4320 2503 4376 labore
2545 4321 2799 4375 uniautur
2826 4320 3081 4376 Ecclesia:
3117 4321 3244 4387 Dei,
3273 4329 3326 4375 et
3357 4322 3494 4378 fiant
3526 4340 3696 4379 unum
3726 4339 3817 4381 vo-

553 4408 903 4480 dissipatione
940 4406 1023 4480 vel
1048 4408 1416 4480 abrogatione,
1455 4410 1547 4465 sed
1596 4409 2118 4480 tantum‘diSpensa-

554 4478 698 4551 tione
727 4477 1397 4551 uti__signilicat5secundo
1421 4494 1487 4533 ex
1516 4477 1765 4551 epistolis
1806 4477 2114 4551 250'(nunc

549 4546 758 4628 297).et
779 4546 1074 4628 251⁷(ηιιηᾳ
1097 4547 1244 4618 296),
1279 4550 1478 4628 quibus
1512 4546 1710 4628 indicat
1742 4564 1801 4628 se
1828 4546 2116 4620 reprobare
2147 4551 2198 4612 D

552 4618 731 4686 gmnia
772 4632 891 4686 qua:
935 4626 1133 4686 praeter
1166 4619 1557 4675 restitutionem
1601 4618 1775 4673 Photii
1808 4618 1929 4673 acta
1964 4628 2111 4676 sunt.

554 4681 737 4767 Testio
758 4681 833 4751 ex
858 4681 972 4767 ipso
1006 4689 1416 4767 commonitorio
1431 4704 1542 4767 per
1560 4689 1821 4767 _l’hotium
1860 4699 2115 4767 corrupto

552 4762 611 4810 et
632 4752 846 4819 falsato,
876 4752 930 4809 in
961 4772 1066 4825 quo
1101 4757 1334 4827 episcopi
1365 4752 1764 4814 subscribentes
1795 4752 2116 4828 profitentur

551 4837 744 4896 omnes
771 4839 829 4878 se
847 4828 1269 4896 Δ(ξοιιηιιοηὶιονίο
1295 4842 1395 4896 pro
1422 4829 1597 4882 Photii
1628 4829 1965 4882 restitutione
1989 4830 2117 4883 sub-

551 4894 811 4966 sctjbere.
845 4893 953 4966 Nos
992 4910 1119 4950 vero
1148 4907 1202 4951 et
1237 4893 1493 4966 germano
1520 4898 1933 4953 commouitorio
1961 4913 2116 4966 cu,us

551 4914 811 4950 scribere.
845 4914 953 4948 nos
992 4914 1119 4950 vero
1148 4914 1202 4951 et
1271 4914 1493 4952 ermano
1520 4914 1933 4953 commonitorto
1961 4914 2026 4953 cu
2052 4914 2114 4953 us

549 4963 680 5029 203,
705 4963 813 5037 250
839 4965 997 5037 (nunc
1020 4914 1317 5037 296,237)
1344 4967 1570 5036 aliisque
1612 4967 1853 5037 pluribus
1890 4946 2114 5024 Joannis

549 5048 702 5114 papae
734 5034 975 5114 epistolis
1016 5035 1216 5114 mentio
1248 5034 1336 5101 fit,
1363 5034 1579 5114 destitui
1604 5034 2118 5114 {commonitorium

550 5103 679 5158 illud
696 5103 836 5174 quod
859 5120 888 5158 a
916 5103 1107 5177 Pothio
1127 5114 1462 5177 corruptum,
1482 5114 1538 5160 et
1558 5107 1611 5160 in
1629 5104 1903 5162 Photinus:
1923 5109 2123 5177 pseudo

549 5182 754 5228 octava:
798 5174 987 5247 synodi
1033 5174 1245 5229 actione
1280 5174 1314 5229 3
1352 5174 1550 5247 lectum
1596 5177 1726 5241 fuit,
1778 5174 2121 5247 inserendum

548 5258 683 5315 esse,
722 5245 1056 5314 putavimus;
1112 5253 1222 5299 tum
1269 5252 1329 5298 ut
1373 5245 1497 5299 inde
1543 5257 1662 5300 acta
1709 5246 1866 5315 hujus
1911 5247 2123 5303 concilii

550 5314 971 5381 confirmentur;
1002 5323 1114 5369 tum
1147 5322 1205 5368 ut
1233 5330 1353 5384 qua:
1387 5316 1709 5372 auctoritate
1738 5314 2039 5387 legatorum
2067 5320 2122 5372 in

623 5435 650 5496 ξι
691 5418 1096 5496 Commonitorii
1132 5425 1312 5479 nostri.
1352 5424 1849 5496 Commonitorium
1906 5426 2121 5496 ipsum,

549 5492 818 5566 cujushic
846 5494 907 5548 tit
937 5495 1159 5560 mentio,
1189 5495 1455 5566 reperitur
1480 5498 1786 5562 recitatum,
1813 5497 1906 5551 sed
1924 5492 1964 5550 'a
1989 5492 2125 5552 Pho-

553 5563 943 5650 tio‘falsatu'm,
969 5563 1271 5650 in‘actipne
1311 5567 1546 5650 secunda
1590 5568 1781 5650 synodi
1817 5567 2120 5650 i’hotiame,

553 5640 757 5719 octavae
782 5634 1116 5719 mendaciter
1145 5634 1321 5719 dictis.
1352 5630 1661 5719 Quoti‘etsi
1676 5653 1788 5719 pou
1817 5630 2124 5719 inveniatur

555 5701 697 5781 inter
724 5700 914 5781 Latine
945 5700 1175 5781 scriptas
1200 5700 1457 5781 epistolas
1487 5706 1661 5776 ipsius
1676 5704 1920 5772 Joannis,
1962 5700 2119 5781 'u'tdca

554 5775 888 5843 autographo
916 5772 1086 5845 possit
1112 5772 1262 5848 argui
1290 5772 1571 5845 falsitatis,
1619 5788 1798 5833 tamen
1834 5792 1901 5833 ex
1940 5772 2121 5832 multis

2219 4409 2448 4465 hiscum.
2473 4408 2577 4478 Qui
2608 4410 2653 4464 si
2687 4412 2949 4477 venerint,
2978 4412 3201 4481 recipite
3233 4411 3372 4476 illos,
3402 4421 3464 4467 ut
3491 4424 3657 4483 pater
3684 4414 3814 4471 reci-

2220 4501 2298 4570 pit
2324 4500 2484 4566 filios,
2515 4516 2714 4571 eosque
2742 4504 2980 4557 monebit
3011 4503 3242 4573 sacpius,
3275 4514 3332 4558 ut
3363 4515 3599 4575 propter
3629 4524 3810 4579 pacem

2220 4590 2314 4645 Dei
2345 4591 2598 4647 Ecclesiae
2627 4594 2767 4648 idem
2793 4593 3029 4648 sentiant
3058 4610 3179 4648 cum
3215 4596 3542 4664 apostolico,
3573 4609 3635 4652 ut
3661 4600 3814 4654 uilius

2221 4680 2328 4735 sint
2356 4696 2474 4736 cum
2523 4682 2639 4753 ipso
2672 4681 2999 4738 voluntatis:
3035 4685 3355 4753 recipientes
3383 4687 3648 4744 videlicet
3675 4690 3810 4745 Pho-

2222 4772 2353 4826 tium
2380 4773 2777 4828 sanctissimum
2799 4774 3160 4842 patriareham
3185 4784 3240 4830 et
3269 4792 3392 4831 cum
3416 4775 3511 4832 illo
3536 4795 3645 4833 una
3668 4796 3811 4836 com-

2220 4864 2578 4918 municantes.
2633 4862 2690 4918 Si
2743 4873 2922 4918 autem
2985 4865 3234 4920 venerint
3286 4867 3605 4937 quicunque
3655 4878 3809 4925 ante:

2220 4954 2700 5020 fuerantordinatt,
2718 4956 2979 5024 recipiant
2994 4955 3150 5010 sedes
3165 4970 3322 5022 suas;
3347 4957 3438 5024 qui
3462 4973 3599 5013 vero
3619 4960 3811 5014 deinde

2224 5045 2431 5103 fuerant
2463 5046 2729 5113 ordinati,
2760 5047 3024 5116 accipiant
3053 5046 3120 5100 ab
3147 5046 3415 5118 episcopis
3448 5048 3587 5117 ipsis
3610 5050 3811 5104 victum

2224 5144 2278 5192 et
2308 5137 2559 5190 vestitum
2591 5138 2979 5193 necessarium.

2293 5225 2324 5267 δ
2355 5226 2770 5282 Praesidentibus
2790 5229 2943 5284 vobis
2965 5228 3016 5282 iu
3042 5228 3249 5300 synodo
3269 5241 3375 5282 una
3396 5242 3522 5282 cum
3551 5227 3815 5298 praedicto

2224 5315 2567 5372 sanctissimo
2608 5316 2913 5388 patriarcha
2954 5328 3010 5373 et
3049 5318 3240 5389 legatis
3267 5314 3678 5385 Orientalibus,
3709 5333 3816 5374 una

2232 5428 2353 5485 aliis
2381 5429 2611 5501 idipsnm
2642 5431 2898 5501 consequi
2937 5429 3096 5501 facile
3127 5433 3449 5501 possumus,
3468 5438 3534 5484 ut
3560 5440 3721 5501 patet
3746 5447 3815 5487 es

2230 5501 2374 5554 notis
2400 5499 2612 5554 concilii
2641 5499 2865 5554 Romani
2898 5503 2996 5554 sub
3023 5499 3234 5554 Joanne
3258 5499 3384 5554 Vill.
3419 5499 3706 5555 Sam—But.

2300 5570 2456 5643 1illic
2495 5570 2709 5641 dempta
2754 5571 2935 5643 aliqua
2974 5572 3227 5643 superius
3255 5579 3442 5643 notata
3477 5572 3550 5625 de
3576 5573 3819 5643 petemlo

2229 5642 2442 5695 veniam
2470 5637 2653 5695 coram
2679 5637 3384 5711 synodo-Photiéiimposita
3404 5679 3421 5703 ,
3462 5637 3653 5699 addita
3685 5658 3819 5698 vero

2231 5712 2334 5779 alia
2354 5727 2369 5797 ξ
2393 5726 2467 5769 ex.
2480 5710 2725 5779 recitatis
2753 5711 2947 5768 litteris
2979 5710 3278 5781 intelligere
3298 5721 3474 5780 potes.
