  <div class='ocr_page' id='page_1' title='image "/cluster/home/n/w/nwhite01/storage/ocr_20150623/126/hvd.32044015471675/440.png"; bbox 0 0 4042 6302; ppageno 0'>
   <div class='ocr_carea' id='block_1_1' title="bbox 162 368 275 425">
    <p class='ocr_par' dir='ltr' id='par_1_1' title="bbox 162 368 275 425">
     <span class='ocr_line' id='line_1_1' title="bbox 162 368 275 425; baseline 0 0"><span class='ocrx_word' id='word_1_1' title='bbox 162 368 275 425; x_wconf 78' lang='lat'><strong>869</strong></span> 
     </span>
    </p>
   </div>
   <div class='ocr_carea' id='block_1_2' title="bbox 1365 354 2233 414">
    <p class='ocr_par' dir='ltr' id='par_1_2' title="bbox 1365 354 2233 414">
     <span class='ocr_line' id='line_1_2' title="bbox 1365 354 2233 414; baseline -0.003 0"><span class='ocrx_word' id='word_1_2' title='bbox 1365 356 1723 414; x_wconf 69' lang='grc' dir='ltr'><strong>ΕΡιδίοιΑῑ</strong></span> <span class='ocrx_word' id='word_1_3' title='bbox 1762 356 1851 411; x_wconf 86' lang='grc' dir='ltr'><strong>ΕΤ</strong></span> <span class='ocrx_word' id='word_1_4' title='bbox 1890 354 2233 414; x_wconf 78' lang='lat' dir='ltr'><strong>DECRETA.</strong></span> 
     </span>
    </p>
   </div>
   <div class='ocr_carea' id='block_1_3' title="bbox 3323 355 3453 415">
    <p class='ocr_par' dir='ltr' id='par_1_3' title="bbox 3323 355 3453 415">
     <span class='ocr_line' id='line_1_3' title="bbox 3323 355 3453 415; baseline 0.008 -5"><span class='ocrx_word' id='word_1_5' title='bbox 3323 355 3453 415; x_wconf 73' lang='grc' dir='ltr'><strong>εἶθ.</strong></span> 
     </span>
    </p>
   </div>
   <div class='ocr_carea' id='block_1_4' title="bbox 163 468 2808 548">
    <p class='ocr_par' dir='ltr' id='par_1_4' title="bbox 163 468 2808 548">
     <span class='ocr_line' id='line_1_4' title="bbox 163 468 2808 548; baseline -0.005 -11"><span class='ocrx_word' id='word_1_6' title='bbox 163 494 294 537; x_wconf 77' lang='lat' dir='ltr'><strong>cruu</strong></span> <span class='ocrx_word' id='word_1_7' title='bbox 326 476 548 548; x_wconf 72' lang='lat' dir='ltr'><strong>reliquis</strong></span> <span class='ocrx_word' id='word_1_8' title='bbox 576 473 995 545; x_wconf 79' lang='lat' dir='ltr'><strong>archiepiscopis</strong></span> <span class='ocrx_word' id='word_1_9' title='bbox 1021 482 1077 529; x_wconf 91' lang='lat' dir='ltr'><strong>et</strong></span> <span class='ocrx_word' id='word_1_10' title='bbox 1099 471 1472 543; x_wconf 85' lang='lat' dir='ltr'><strong>metropolitis,</strong></span> <span class='ocrx_word' id='word_1_11' title='bbox 1494 480 1548 526; x_wconf 90' lang='lat' dir='ltr'><strong>et</strong></span> <span class='ocrx_word' id='word_1_12' title='bbox 1569 471 1746 527; x_wconf 86' lang='lat' dir='ltr'><strong>omni-</strong></span> <span class='ocrx_word' id='word_1_13' title='bbox 1780 473 1825 533; x_wconf 76' lang='grc' dir='ltr'><strong>Α</strong></span> <span class='ocrx_word' id='word_1_14' title='bbox 1924 468 2143 524; x_wconf 88' lang='lat' dir='ltr'><strong>Simeon</strong></span> <span class='ocrx_word' id='word_1_15' title='bbox 2178 469 2463 539; x_wconf 86' lang='lat' dir='ltr'><strong>episcopus</strong></span> <span class='ocrx_word' id='word_1_16' title='bbox 2486 469 2808 525; x_wconf 85' lang='lat' dir='ltr'><strong>Fundensis.</strong></span> 
     </span>
    </p>
   </div>
   <div class='ocr_carea' id='block_1_5' title="bbox 158 562 1752 635">
    <p class='ocr_par' dir='ltr' id='par_1_5' title="bbox 158 562 1752 635">
     <span class='ocr_line' id='line_1_5' title="bbox 158 562 1752 635; baseline -0.006 -10"><span class='ocrx_word' id='word_1_17' title='bbox 158 570 273 625; x_wconf 85' lang='lat' dir='ltr'><strong>bus</strong></span> <span class='ocrx_word' id='word_1_18' title='bbox 302 567 677 624; x_wconf 80' lang='lat' dir='ltr'><strong>sacerdotibus</strong></span> <span class='ocrx_word' id='word_1_19' title='bbox 708 564 1312 635; x_wconf 76' lang='lat' dir='ltr'><strong>Constantinopolitanae</strong></span> <span class='ocrx_word' id='word_1_20' title='bbox 1339 563 1612 624; x_wconf 60' lang='lat' dir='ltr'><strong>Ecclesiae,</strong></span> <span class='ocrx_word' id='word_1_21' title='bbox 1644 562 1752 630; x_wconf 88' lang='lat' dir='ltr'><strong>pri-</strong></span> 
     </span>
    </p>
   </div>
   <div class='ocr_carea' id='block_1_6' title="bbox 161 651 1749 727">
    <p class='ocr_par' dir='ltr' id='par_1_6' title="bbox 161 651 1749 727">
     <span class='ocr_line' id='line_1_6' title="bbox 161 651 1749 727; baseline -0.006 -14"><span class='ocrx_word' id='word_1_22' title='bbox 161 672 321 713; x_wconf 86' lang='lat' dir='ltr'><strong>mum</strong></span> <span class='ocrx_word' id='word_1_23' title='bbox 350 657 595 727; x_wconf 87' lang='lat' dir='ltr'><strong>legantur</strong></span> <span class='ocrx_word' id='word_1_24' title='bbox 622 655 817 710; x_wconf 69' lang='lat' dir='ltr'><strong>littera:</strong></span> <span class='ocrx_word' id='word_1_25' title='bbox 845 654 910 708; x_wconf 92' lang='lat' dir='ltr'><strong>ad</strong></span> <span class='ocrx_word' id='word_1_26' title='bbox 939 655 1318 723; x_wconf 88' lang='lat' dir='ltr'><strong>imperatorem</strong></span> <span class='ocrx_word' id='word_1_27' title='bbox 1352 654 1531 707; x_wconf 63' lang='lat' dir='ltr'><strong>missae</strong></span> <span class='ocrx_word' id='word_1_28' title='bbox 1550 691 1565 715; x_wconf 93' lang='lat'><strong>,</strong></span> <span class='ocrx_word' id='word_1_29' title='bbox 1587 662 1643 704; x_wconf 85' lang='lat' dir='ltr'><strong>et</strong></span> <span class='ocrx_word' id='word_1_30' title='bbox 1670 651 1749 704; x_wconf 89' lang='lat' dir='ltr'><strong>in-</strong></span> 
     </span>
    </p>
   </div>
   <div class='ocr_carea' id='block_1_7' title="bbox 163 742 1752 819">
    <p class='ocr_par' dir='ltr' id='par_1_7' title="bbox 163 742 1752 819">
     <span class='ocr_line' id='line_1_7' title="bbox 163 742 1752 819; baseline -0.006 -16"><span class='ocrx_word' id='word_1_31' title='bbox 163 752 481 819; x_wconf 72' lang='lat' dir='ltr'><strong>terrogetur</strong></span> <span class='ocrx_word' id='word_1_32' title='bbox 528 745 765 818; x_wconf 90' lang='lat' dir='ltr'><strong>synodus</strong></span> <span class='ocrx_word' id='word_1_33' title='bbox 807 744 853 800; x_wconf 89' lang='lat' dir='ltr'><strong>si</strong></span> <span class='ocrx_word' id='word_1_34' title='bbox 906 744 1022 798; x_wconf 91' lang='lat' dir='ltr'><strong>illas</strong></span> <span class='ocrx_word' id='word_1_35' title='bbox 1070 742 1295 812; x_wconf 77' lang='lat' dir='ltr'><strong>recipit,</strong></span> <span class='ocrx_word' id='word_1_36' title='bbox 1339 751 1395 796; x_wconf 92' lang='lat' dir='ltr'><strong>et</strong></span> <span class='ocrx_word' id='word_1_37' title='bbox 1427 742 1473 796; x_wconf 90' lang='lat' dir='ltr'><strong>si</strong></span> <span class='ocrx_word' id='word_1_38' title='bbox 1499 742 1752 796; x_wconf 88' lang='lat' dir='ltr'><strong>observat</strong></span> 
     </span>
    </p>
   </div>
   <div class='ocr_carea' id='block_1_8' title="bbox 167 830 1749 907">
    <p class='ocr_par' dir='ltr' id='par_1_8' title="bbox 167 830 1749 907">
     <span class='ocr_line' id='line_1_8' title="bbox 167 830 1749 907; baseline -0.007 -13"><span class='ocrx_word' id='word_1_39' title='bbox 167 838 485 894; x_wconf 83' lang='lat' dir='ltr'><strong>testimonia</strong></span> <span class='ocrx_word' id='word_1_40' title='bbox 531 852 651 907; x_wconf 75' lang='lat' dir='ltr'><strong>qua:</strong></span> <span class='ocrx_word' id='word_1_41' title='bbox 691 836 972 890; x_wconf 91' lang='lat' dir='ltr'><strong>continent</strong></span> <span class='ocrx_word' id='word_1_42' title='bbox 1002 834 1196 889; x_wconf 68' lang='lat' dir='ltr'><strong>littera:</strong></span> <span class='ocrx_word' id='word_1_43' title='bbox 1236 834 1385 903; x_wconf 60' lang='grc' dir='ltr'><strong>ἱρείη.</strong></span> <span class='ocrx_word' id='word_1_44' title='bbox 1416 830 1622 898; x_wconf 84' lang='lat' dir='ltr'><strong>Quibus</strong></span> <span class='ocrx_word' id='word_1_45' title='bbox 1649 845 1749 884; x_wconf 86' lang='lat' dir='ltr'><strong>an-</strong></span> 
     </span>
    </p>
   </div>
   <div class='ocr_carea' id='block_1_9' title="bbox 167 924 1752 997">
    <p class='ocr_par' dir='ltr' id='par_1_9' title="bbox 167 924 1752 997">
     <span class='ocr_line' id='line_1_9' title="bbox 167 924 1752 997; baseline -0.006 -11"><span class='ocrx_word' id='word_1_46' title='bbox 167 933 482 997; x_wconf 89' lang='lat' dir='ltr'><strong>uuentibus,</strong></span> <span class='ocrx_word' id='word_1_47' title='bbox 512 933 626 987; x_wconf 71' lang='lat' dir='ltr'><strong>hate</strong></span> <span class='ocrx_word' id='word_1_48' title='bbox 655 930 853 985; x_wconf 84' lang='lat' dir='ltr'><strong>dicite:</strong></span> <span class='ocrx_word' id='word_1_49' title='bbox 888 929 1144 984; x_wconf 87' lang='lat' dir='ltr'><strong>Dominus</strong></span> <span class='ocrx_word' id='word_1_50' title='bbox 1175 935 1357 982; x_wconf 89' lang='lat' dir='ltr'><strong>noster</strong></span> <span class='ocrx_word' id='word_1_51' title='bbox 1380 924 1752 980; x_wconf 86' lang='lat' dir='ltr'><strong>sanctissimus</strong></span> 
     </span>
    </p>
   </div>
   <div class='ocr_carea' id='block_1_10' title="bbox 165 1012 1750 1094">
    <p class='ocr_par' dir='ltr' id='par_1_10' title="bbox 165 1012 1750 1094">
     <span class='ocr_line' id='line_1_10' title="bbox 165 1012 1750 1094; baseline -0.008 -16"><span class='ocrx_word' id='word_1_52' title='bbox 165 1038 333 1094; x_wconf 86' lang='lat' dir='ltr'><strong>papa,</strong></span> <span class='ocrx_word' id='word_1_53' title='bbox 361 1022 600 1077; x_wconf 90' lang='lat' dir='ltr'><strong>omnium</strong></span> <span class='ocrx_word' id='word_1_54' title='bbox 634 1020 999 1076; x_wconf 79' lang='lat' dir='ltr'><strong>Ecclesiarum</strong></span> <span class='ocrx_word' id='word_1_55' title='bbox 1041 1033 1224 1073; x_wconf 88' lang='lat' dir='ltr'><strong>curam</strong></span> <span class='ocrx_word' id='word_1_56' title='bbox 1256 1030 1481 1087; x_wconf 78' lang='lat' dir='ltr'><strong>gerens,</strong></span> <span class='ocrx_word' id='word_1_57' title='bbox 1521 1012 1750 1068; x_wconf 88' lang='lat' dir='ltr'><strong>salutem</strong></span> 
     </span>
    </p>
   </div>
   <div class='ocr_carea' id='block_1_11' title="bbox 164 1102 1750 1179">
    <p class='ocr_par' dir='ltr' id='par_1_11' title="bbox 164 1102 1750 1179">
     <span class='ocr_line' id='line_1_11' title="bbox 164 1102 1750 1179; baseline -0.008 -10"><span class='ocrx_word' id='word_1_58' title='bbox 164 1115 342 1170; x_wconf 85' lang='lat' dir='ltr'><strong>etiam</strong></span> <span class='ocrx_word' id='word_1_59' title='bbox 369 1122 604 1168; x_wconf 80' lang='lat' dir='ltr'><strong>vestram</strong></span> <span class='ocrx_word' id='word_1_60' title='bbox 626 1120 681 1166; x_wconf 90' lang='lat' dir='ltr'><strong>et</strong></span> <span class='ocrx_word' id='word_1_61' title='bbox 710 1112 962 1166; x_wconf 90' lang='lat' dir='ltr'><strong>unionem</strong></span> <span class='ocrx_word' id='word_1_62' title='bbox 992 1119 1047 1165; x_wconf 87' lang='lat' dir='ltr'><strong>et</strong></span> <span class='ocrx_word' id='word_1_63' title='bbox 1073 1124 1261 1179; x_wconf 87' lang='lat' dir='ltr'><strong>pacem</strong></span> <span class='ocrx_word' id='word_1_64' title='bbox 1288 1120 1586 1177; x_wconf 81' lang='lat' dir='ltr'><strong>procurans</strong></span> <span class='ocrx_word' id='word_1_65' title='bbox 1603 1144 1618 1169; x_wconf 90' lang='lat'><strong>,</strong></span> <span class='ocrx_word' id='word_1_66' title='bbox 1648 1102 1750 1157; x_wconf 79' lang='lat' dir='ltr'><strong>nti-</strong></span> 
     </span>
    </p>
   </div>
   <div class='ocr_carea' id='block_1_12' title="bbox 168 1198 1753 1268">
    <p class='ocr_par' dir='ltr' id='par_1_12' title="bbox 168 1198 1753 1268">
     <span class='ocr_line' id='line_1_12' title="bbox 168 1198 1753 1268; baseline -0.01 -9"><span class='ocrx_word' id='word_1_67' title='bbox 168 1204 247 1259; x_wconf 86' lang='lat' dir='ltr'><strong>sit</strong></span> <span class='ocrx_word' id='word_1_68' title='bbox 295 1210 396 1258; x_wconf 87' lang='lat' dir='ltr'><strong>no’s</strong></span> <span class='ocrx_word' id='word_1_69' title='bbox 438 1218 627 1257; x_wconf 84' lang='lat' dir='ltr'><strong>servos</strong></span> <span class='ocrx_word' id='word_1_70' title='bbox 668 1216 796 1257; x_wconf 88' lang='lat' dir='ltr'><strong>suos</strong></span> <span class='ocrx_word' id='word_1_71' title='bbox 841 1208 903 1254; x_wconf 90' lang='lat' dir='ltr'><strong>ut</strong></span> <span class='ocrx_word' id='word_1_72' title='bbox 946 1199 1219 1268; x_wconf 87' lang='lat' dir='ltr'><strong>dispersos</strong></span> <span class='ocrx_word' id='word_1_73' title='bbox 1261 1207 1649 1265; x_wconf 77' lang='lat' dir='ltr'><strong>congregemus</strong></span> <span class='ocrx_word' id='word_1_74' title='bbox 1695 1198 1753 1246; x_wconf 90' lang='lat' dir='ltr'><strong>et</strong></span> 
     </span>
    </p>
   </div>
   <div class='ocr_carea' id='block_1_13' title="bbox 168 1283 1753 1357">
    <p class='ocr_par' dir='ltr' id='par_1_13' title="bbox 168 1283 1753 1357">
     <span class='ocr_line' id='line_1_13' title="bbox 168 1283 1753 1357; baseline -0.008 -8"><span class='ocrx_word' id='word_1_75' title='bbox 168 1294 501 1350; x_wconf 83' lang='lat' dir='ltr'><strong>dissidentes</strong></span> <span class='ocrx_word' id='word_1_76' title='bbox 536 1292 924 1357; x_wconf 80' lang='lat' dir='ltr'><strong>conciliemus,</strong></span> <span class='ocrx_word' id='word_1_77' title='bbox 965 1299 1022 1345; x_wconf 88' lang='lat' dir='ltr'><strong>et</strong></span> <span class='ocrx_word' id='word_1_78' title='bbox 1068 1288 1325 1344; x_wconf 76' lang='lat' dir='ltr'><strong>Ecclesia:</strong></span> <span class='ocrx_word' id='word_1_79' title='bbox 1368 1283 1753 1341; x_wconf 70' lang='lat' dir='ltr'><strong>misericordia:</strong></span> 
     </span>
    </p>
   </div>
   <div class='ocr_carea' id='block_1_14' title="bbox 171 1381 1753 1455">
    <p class='ocr_par' dir='ltr' id='par_1_14' title="bbox 171 1381 1753 1455">
     <span class='ocr_line' id='line_1_14' title="bbox 171 1381 1753 1455; baseline -0.007 -15"><span class='ocrx_word' id='word_1_80' title='bbox 171 1399 395 1440; x_wconf 86' lang='lat' dir='ltr'><strong>manum</strong></span> <span class='ocrx_word' id='word_1_81' title='bbox 449 1383 827 1455; x_wconf 84' lang='lat' dir='ltr'><strong>porrigamus,</strong></span> <span class='ocrx_word' id='word_1_82' title='bbox 884 1382 1063 1451; x_wconf 88' lang='lat' dir='ltr'><strong>lapsos</strong></span> <span class='ocrx_word' id='word_1_83' title='bbox 1117 1381 1417 1450; x_wconf 83' lang='lat' dir='ltr'><strong>erigamus,</strong></span> <span class='ocrx_word' id='word_1_84' title='bbox 1461 1385 1520 1430; x_wconf 92' lang='lat' dir='ltr'><strong>ut</strong></span> <span class='ocrx_word' id='word_1_85' title='bbox 1563 1388 1753 1430; x_wconf 86' lang='lat' dir='ltr'><strong>omnes</strong></span> 
     </span>
    </p>
   </div>
   <div class='ocr_carea' id='block_1_15' title="bbox 170 1466 1749 1547">
    <p class='ocr_par' dir='ltr' id='par_1_15' title="bbox 170 1466 1749 1547">
     <span class='ocr_line' id='line_1_15' title="bbox 170 1466 1749 1547; baseline -0.006 -18"><span class='ocrx_word' id='word_1_86' title='bbox 170 1491 285 1531; x_wconf 85' lang='lat' dir='ltr'><strong>uno</strong></span> <span class='ocrx_word' id='word_1_87' title='bbox 321 1490 415 1531; x_wconf 86' lang='lat' dir='ltr'><strong>ore</strong></span> <span class='ocrx_word' id='word_1_88' title='bbox 452 1474 817 1547; x_wconf 83' lang='lat' dir='ltr'><strong>glorificcmus</strong></span> <span class='ocrx_word' id='word_1_89' title='bbox 861 1472 1075 1528; x_wconf 88' lang='lat' dir='ltr'><strong>Patrem</strong></span> <span class='ocrx_word' id='word_1_90' title='bbox 1112 1488 1234 1526; x_wconf 91' lang='lat' dir='ltr'><strong>cum</strong></span> <span class='ocrx_word' id='word_1_91' title='bbox 1272 1469 1406 1524; x_wconf 87' lang='lat' dir='ltr'><strong>Filio</strong></span> <span class='ocrx_word' id='word_1_92' title='bbox 1442 1476 1496 1523; x_wconf 88' lang='lat' dir='ltr'><strong>et</strong></span> <span class='ocrx_word' id='word_1_93' title='bbox 1545 1466 1749 1537; x_wconf 77' lang='lat' dir='ltr'><strong>Spiritu</strong></span> 
     </span>
    </p>
   </div>
   <div class='ocr_carea' id='block_1_16' title="bbox 171 1573 384 1621">
    <p class='ocr_par' dir='ltr' id='par_1_16' title="bbox 171 1573 384 1621">
     <span class='ocr_line' id='line_1_16' title="bbox 171 1573 384 1621; baseline -0.014 0"><span class='ocrx_word' id='word_1_94' title='bbox 171 1573 384 1621; x_wconf 88' lang='lat' dir='ltr'><strong>sancto.</strong></span> 
     </span>
    </p>
   </div>
   <div class='ocr_carea' id='block_1_17' title="bbox 247 1649 1748 1726">
    <p class='ocr_par' dir='ltr' id='par_1_17' title="bbox 247 1649 1748 1726">
     <span class='ocr_line' id='line_1_17' title="bbox 247 1649 1748 1726; baseline -0.007 -15"><span class='ocrx_word' id='word_1_95' title='bbox 247 1656 548 1726; x_wconf 85' lang='lat' dir='ltr'><strong>Sequentes</strong></span> <span class='ocrx_word' id='word_1_96' title='bbox 576 1669 810 1711; x_wconf 84' lang='lat' dir='ltr'><strong>canones</strong></span> <span class='ocrx_word' id='word_1_97' title='bbox 839 1661 1146 1709; x_wconf 91' lang='lat' dir='ltr'><strong>nostrorum</strong></span> <span class='ocrx_word' id='word_1_98' title='bbox 1172 1651 1396 1706; x_wconf 87' lang='lat' dir='ltr'><strong>Patrum</strong></span> <span class='ocrx_word' id='word_1_99' title='bbox 1419 1649 1666 1714; x_wconf 87' lang='lat' dir='ltr'><strong>dicimus,</strong></span> <span class='ocrx_word' id='word_1_100' title='bbox 1692 1655 1748 1701; x_wconf 91' lang='lat' dir='ltr'><strong>ut</strong></span> 
     </span>
    </p>
   </div>
   <div class='ocr_carea' id='block_1_18' title="bbox 172 1739 1748 1816">
    <p class='ocr_par' dir='ltr' id='par_1_18' title="bbox 172 1739 1748 1816">
     <span class='ocr_line' id='line_1_18' title="bbox 172 1739 1748 1816; baseline -0.005 -17"><span class='ocrx_word' id='word_1_101' title='bbox 172 1752 297 1816; x_wconf 85' lang='lat' dir='ltr'><strong>post</strong></span> <span class='ocrx_word' id='word_1_102' title='bbox 325 1745 526 1799; x_wconf 88' lang='lat' dir='ltr'><strong>obitum</strong></span> <span class='ocrx_word' id='word_1_103' title='bbox 571 1744 749 1799; x_wconf 91' lang='lat' dir='ltr'><strong>Photii</strong></span> <span class='ocrx_word' id='word_1_104' title='bbox 794 1742 1119 1799; x_wconf 87' lang='lat' dir='ltr'><strong>sanctissimi</strong></span> <span class='ocrx_word' id='word_1_105' title='bbox 1152 1742 1476 1813; x_wconf 82' lang='lat' dir='ltr'><strong>patriarchae</strong></span> <span class='ocrx_word' id='word_1_106' title='bbox 1514 1739 1691 1794; x_wconf 89' lang='lat' dir='ltr'><strong>nullus</strong></span> <span class='ocrx_word' id='word_1_107' title='bbox 1718 1754 1748 1791; x_wconf 94' lang='lat' dir='ltr'><strong>a</strong></span> 
     </span>
    </p>
   </div>
   <div class='ocr_carea' id='block_1_19' title="bbox 1919 561 2836 638">
    <p class='ocr_par' dir='ltr' id='par_1_19' title="bbox 1919 561 2836 638">
     <span class='ocr_line' id='line_1_19' title="bbox 1919 561 2836 638; baseline 0.001 -22"><span class='ocrx_word' id='word_1_108' title='bbox 1919 561 2154 617; x_wconf 90' lang='lat' dir='ltr'><strong>Joannes</strong></span> <span class='ocrx_word' id='word_1_109' title='bbox 2173 563 2457 632; x_wconf 70' lang='lat' dir='ltr'><strong>episcenos</strong></span> <span class='ocrx_word' id='word_1_110' title='bbox 2486 563 2836 638; x_wconf 77' lang='lat' dir='ltr'><strong>Siminorutu;</strong></span> 
     </span>
    </p>
   </div>
   <div class='ocr_carea' id='block_1_20' title="bbox 1924 652 2664 722">
    <p class='ocr_par' dir='ltr' id='par_1_20' title="bbox 1924 652 2664 722">
     <span class='ocr_line' id='line_1_20' title="bbox 1924 652 2664 722; baseline 0.003 -17"><span class='ocrx_word' id='word_1_111' title='bbox 1924 652 2245 706; x_wconf 78' lang='lat' dir='ltr'><strong>Benedictus</strong></span> <span class='ocrx_word' id='word_1_112' title='bbox 2266 653 2664 722; x_wconf 82' lang='lat' dir='ltr'><strong>episcopus.....</strong></span> 
     </span>
    </p>
   </div>
   <div class='ocr_carea' id='block_1_21' title="bbox 1920 742 2996 813">
    <p class='ocr_par' dir='ltr' id='par_1_21' title="bbox 1920 742 2996 813">
     <span class='ocr_line' id='line_1_21' title="bbox 1920 742 2996 813; baseline 0.005 -17"><span class='ocrx_word' id='word_1_113' title='bbox 1920 742 2212 812; x_wconf 73' lang='lat' dir='ltr'><strong>Gregorius</strong></span> <span class='ocrx_word' id='word_1_114' title='bbox 2238 743 2520 813; x_wconf 79' lang='lat' dir='ltr'><strong>episcOpus</strong></span> <span class='ocrx_word' id='word_1_115' title='bbox 2543 743 2617 797; x_wconf 89' lang='lat' dir='ltr'><strong>Sil</strong></span> <span class='ocrx_word' id='word_1_116' title='bbox 2627 760 2701 798; x_wconf 66' lang='lat' dir='ltr'><strong>Vin</strong></span> <span class='ocrx_word' id='word_1_117' title='bbox 2724 745 2996 801; x_wconf 68' lang='lat' dir='ltr'><strong>Camlidar.</strong></span> 
     </span>
    </p>
   </div>
   <div class='ocr_carea' id='block_1_22' title="bbox 1925 832 2934 903">
    <p class='ocr_par' dir='ltr' id='par_1_22' title="bbox 1925 832 2934 903">
     <span class='ocr_line' id='line_1_22' title="bbox 1925 832 2934 903; baseline 0.005 -19"><span class='ocrx_word' id='word_1_118' title='bbox 1925 832 2228 888; x_wconf 82' lang='lat' dir='ltr'><strong>Bonifacius</strong></span> <span class='ocrx_word' id='word_1_119' title='bbox 2257 833 2541 903; x_wconf 90' lang='lat' dir='ltr'><strong>cpiscopus</strong></span> <span class='ocrx_word' id='word_1_120' title='bbox 2565 834 2934 890; x_wconf 84' lang='lat' dir='ltr'><strong>Bleranorum.</strong></span> 
     </span>
    </p>
   </div>
   <div class='ocr_carea' id='block_1_23' title="bbox 1923 923 2933 995">
    <p class='ocr_par' dir='ltr' id='par_1_23' title="bbox 1923 923 2933 995">
     <span class='ocr_line' id='line_1_23' title="bbox 1923 923 2933 995; baseline 0.005 -19"><span class='ocrx_word' id='word_1_121' title='bbox 1923 923 2238 979; x_wconf 78' lang='lat' dir='ltr'><strong>Theodorus</strong></span> <span class='ocrx_word' id='word_1_122' title='bbox 2261 926 2544 995; x_wconf 88' lang='lat' dir='ltr'><strong>cpiscopus</strong></span> <span class='ocrx_word' id='word_1_123' title='bbox 2567 925 2933 981; x_wconf 78' lang='lat' dir='ltr'><strong>Gallcsieusis.</strong></span> 
     </span>
    </p>
   </div>
   <div class='ocr_carea' id='block_1_24' title="bbox 1923 1013 2884 1087">
    <p class='ocr_par' dir='ltr' id='par_1_24' title="bbox 1923 1013 2884 1087">
     <span class='ocr_line' id='line_1_24' title="bbox 1923 1013 2884 1087; baseline 0.004 -20"><span class='ocrx_word' id='word_1_124' title='bbox 1923 1013 2230 1085; x_wconf 81' lang='lat' dir='ltr'><strong>Stephanus</strong></span> <span class='ocrx_word' id='word_1_125' title='bbox 2255 1015 2541 1086; x_wconf 88' lang='lat' dir='ltr'><strong>cpiscopus</strong></span> <span class='ocrx_word' id='word_1_126' title='bbox 2568 1015 2884 1087; x_wconf 76' lang='lat' dir='ltr'><strong>Nepesinus.</strong></span> 
     </span>
    </p>
   </div>
   <div class='ocr_carea' id='block_1_25' title="bbox 2323 1104 2959 1175">
    <p class='ocr_par' dir='ltr' id='par_1_25' title="bbox 2323 1104 2959 1175">
     <span class='ocr_line' id='line_1_25' title="bbox 2323 1104 2959 1175; baseline 0.006 -17"><span class='ocrx_word' id='word_1_127' title='bbox 2323 1104 2619 1175; x_wconf 77' lang='lat' dir='ltr'><strong>Presbyteri</strong></span> <span class='ocrx_word' id='word_1_128' title='bbox 2643 1106 2959 1162; x_wconf 73' lang='lat' dir='ltr'><strong>cardinales.</strong></span> 
     </span>
    </p>
   </div>
   <div class='ocr_carea' id='block_1_26' title="bbox 1921 1190 3434 1268">
    <p class='ocr_par' dir='ltr' id='par_1_26' title="bbox 1921 1190 3434 1268">
     <span class='ocr_line' id='line_1_26' title="bbox 1921 1190 3434 1268; baseline 0.008 -21"><span class='ocrx_word' id='word_1_129' title='bbox 1921 1190 2224 1250; x_wconf 85' lang='lat' dir='ltr'><strong>Germanus</strong></span> <span class='ocrx_word' id='word_1_130' title='bbox 2261 1197 2548 1268; x_wconf 88' lang='lat' dir='ltr'><strong>presbyter</strong></span> <span class='ocrx_word' id='word_1_131' title='bbox 2583 1197 2722 1252; x_wconf 86' lang='lat' dir='ltr'><strong>tituli</strong></span> <span class='ocrx_word' id='word_1_132' title='bbox 2761 1208 3072 1256; x_wconf 85' lang='lat' dir='ltr'><strong>sanctorum</strong></span> <span class='ocrx_word' id='word_1_133' title='bbox 3110 1198 3335 1258; x_wconf 87' lang='lat' dir='ltr'><strong>Joannis</strong></span> <span class='ocrx_word' id='word_1_134' title='bbox 3374 1209 3434 1259; x_wconf 76' lang='lat' dir='ltr'><strong>et</strong></span> 
     </span>
    </p>
   </div>
   <div class='ocr_carea' id='block_1_27' title="bbox 1854 1281 2025 1338">
    <p class='ocr_par' dir='ltr' id='par_1_27' title="bbox 1854 1281 2025 1338">
     <span class='ocr_line' id='line_1_27' title="bbox 1854 1281 2025 1338; baseline 0.012 -3"><span class='ocrx_word' id='word_1_135' title='bbox 1854 1281 2025 1338; x_wconf 83' lang='lat' dir='ltr'><strong>Pauli.</strong></span> 
     </span>
    </p>
   </div>
   <div class='ocr_carea' id='block_1_28' title="bbox 1924 1372 3180 1455">
    <p class='ocr_par' dir='ltr' id='par_1_28' title="bbox 1924 1372 3180 1455">
     <span class='ocr_line' id='line_1_28' title="bbox 1924 1372 3180 1455; baseline 0.008 -27"><span class='ocrx_word' id='word_1_136' title='bbox 1924 1372 2120 1429; x_wconf 88' lang='lat' dir='ltr'><strong>Petrus</strong></span> <span class='ocrx_word' id='word_1_137' title='bbox 2141 1375 2423 1445; x_wconf 72' lang='lat' dir='ltr'><strong>presbyter</strong></span> <span class='ocrx_word' id='word_1_138' title='bbox 2454 1377 2594 1433; x_wconf 87' lang='lat' dir='ltr'><strong>tituli</strong></span> <span class='ocrx_word' id='word_1_139' title='bbox 2621 1382 2792 1437; x_wconf 89' lang='lat' dir='ltr'><strong>sancti</strong></span> <span class='ocrx_word' id='word_1_140' title='bbox 2823 1381 3180 1455; x_wconf 79' lang='lat' dir='ltr'><strong>Chrysogoni.</strong></span> 
     </span>
    </p>
   </div>
   <div class='ocr_carea' id='block_1_29' title="bbox 1910 1466 3196 1539">
    <p class='ocr_par' dir='ltr' id='par_1_29' title="bbox 1910 1466 3196 1539">
     <span class='ocr_line' id='line_1_29' title="bbox 1910 1466 3196 1539; baseline 0.009 -19"><span class='ocrx_word' id='word_1_141' title='bbox 1910 1466 2246 1521; x_wconf 79' lang='lat' dir='ltr'><strong>Benedictus</strong></span> <span class='ocrx_word' id='word_1_142' title='bbox 2268 1469 2549 1539; x_wconf 82' lang='lat' dir='ltr'><strong>presbyter</strong></span> <span class='ocrx_word' id='word_1_143' title='bbox 2580 1471 2717 1526; x_wconf 91' lang='lat' dir='ltr'><strong>tituli</strong></span> <span class='ocrx_word' id='word_1_144' title='bbox 2741 1474 2913 1529; x_wconf 84' lang='lat' dir='ltr'><strong>sancti</strong></span> <span class='ocrx_word' id='word_1_145' title='bbox 2936 1474 3196 1531; x_wconf 68' lang='lat' dir='ltr'><strong>Balbinae.</strong></span> 
     </span>
    </p>
   </div>
   <div class='ocr_carea' id='block_1_30' title="bbox 1922 1556 3198 1631">
    <p class='ocr_par' dir='ltr' id='par_1_30' title="bbox 1922 1556 3198 1631">
     <span class='ocr_line' id='line_1_30' title="bbox 1922 1556 3198 1631; baseline 0.009 -20"><span class='ocrx_word' id='word_1_146' title='bbox 1922 1556 2197 1612; x_wconf 82' lang='lat' dir='ltr'><strong>Adrianus</strong></span> <span class='ocrx_word' id='word_1_147' title='bbox 2221 1558 2505 1631; x_wconf 84' lang='lat' dir='ltr'><strong>presbyter</strong></span> <span class='ocrx_word' id='word_1_148' title='bbox 2527 1561 2668 1617; x_wconf 91' lang='lat' dir='ltr'><strong>tituli</strong></span> <span class='ocrx_word' id='word_1_149' title='bbox 2699 1566 2870 1620; x_wconf 84' lang='lat' dir='ltr'><strong>sancti</strong></span> <span class='ocrx_word' id='word_1_150' title='bbox 2902 1565 3198 1624; x_wconf 88' lang='lat' dir='ltr'><strong>Laurentii.</strong></span> 
     </span>
    </p>
   </div>
   <div class='ocr_carea' id='block_1_31' title="bbox 1922 1646 3147 1722">
    <p class='ocr_par' dir='ltr' id='par_1_31' title="bbox 1922 1646 3147 1722">
     <span class='ocr_line' id='line_1_31' title="bbox 1922 1646 3147 1722; baseline 0.011 -20"><span class='ocrx_word' id='word_1_151' title='bbox 1922 1646 2159 1705; x_wconf 81' lang='lat' dir='ltr'><strong>Joannes</strong></span> <span class='ocrx_word' id='word_1_152' title='bbox 2183 1650 2468 1722; x_wconf 83' lang='lat' dir='ltr'><strong>presbyter</strong></span> <span class='ocrx_word' id='word_1_153' title='bbox 2498 1653 2635 1709; x_wconf 89' lang='lat' dir='ltr'><strong>tituli</strong></span> <span class='ocrx_word' id='word_1_154' title='bbox 2675 1664 2873 1711; x_wconf 66' lang='lat' dir='ltr'><strong>sancte</strong></span> <span class='ocrx_word' id='word_1_155' title='bbox 2897 1657 3147 1715; x_wconf 66' lang='lat' dir='ltr'><strong>Cmcilize.</strong></span> 
     </span>
    </p>
   </div>
   <div class='ocr_carea' id='block_1_32' title="bbox 2361 1740 2921 1802">
    <p class='ocr_par' dir='ltr' id='par_1_32' title="bbox 2361 1740 2921 1802">
     <span class='ocr_line' id='line_1_32' title="bbox 2361 1740 2921 1802; baseline 0.014 -8"><span class='ocrx_word' id='word_1_156' title='bbox 2361 1740 2586 1796; x_wconf 81' lang='lat' dir='ltr'><strong>Diaconi</strong></span> <span class='ocrx_word' id='word_1_157' title='bbox 2606 1745 2921 1802; x_wconf 77' lang='lat' dir='ltr'><strong>cardinales.</strong></span> 
     </span>
    </p>
   </div>
   <div class='ocr_carea' id='block_1_33' title="bbox 176 1820 2755 1907">
    <p class='ocr_par' dir='ltr' id='par_1_33' title="bbox 176 1820 2755 1907">
     <span class='ocr_line' id='line_1_33' title="bbox 176 1820 2755 1907; baseline 0.001 -17"><span class='ocrx_word' id='word_1_158' title='bbox 176 1835 321 1890; x_wconf 83' lang='lat' dir='ltr'><strong>civili</strong></span> <span class='ocrx_word' id='word_1_159' title='bbox 337 1833 595 1905; x_wconf 88' lang='lat' dir='ltr'><strong>dignitate</strong></span> <span class='ocrx_word' id='word_1_160' title='bbox 609 1831 1256 1904; x_wconf 88' lang='lat' dir='ltr'><strong>Constantinopolitanam</strong></span> <span class='ocrx_word' id='word_1_161' title='bbox 1277 1831 1459 1886; x_wconf 89' lang='lat' dir='ltr'><strong>sedem</strong></span> <span class='ocrx_word' id='word_1_162' title='bbox 1474 1824 1747 1894; x_wconf 86' lang='lat' dir='ltr'><strong>ascendat,</strong></span> <span class='ocrx_word' id='word_1_163' title='bbox 1784 1820 1830 1879; x_wconf 84' lang='grc' dir='ltr'><strong><em>Β</em></strong></span> <span class='ocrx_word' id='word_1_164' title='bbox 1930 1830 2128 1885; x_wconf 89' lang='lat' dir='ltr'><strong>Paulus</strong></span> <span class='ocrx_word' id='word_1_165' title='bbox 2152 1831 2411 1888; x_wconf 82' lang='lat' dir='ltr'><strong>diaconus</strong></span> <span class='ocrx_word' id='word_1_166' title='bbox 2435 1836 2755 1907; x_wconf 86' lang='lat' dir='ltr'><strong>subscripsi.</strong></span> 
     </span>
    </p>
   </div>
   <div class='ocr_carea' id='block_1_34' title="bbox 176 1926 1569 1999">
    <p class='ocr_par' dir='ltr' id='par_1_34' title="bbox 176 1926 1569 1999">
     <span class='ocr_line' id='line_1_34' title="bbox 176 1926 1569 1999; baseline -0.004 -16"><span class='ocrx_word' id='word_1_167' title='bbox 176 1927 625 1999; x_wconf 82' lang='lat' dir='ltr'><strong>quemadmodum</strong></span> <span class='ocrx_word' id='word_1_168' title='bbox 648 1927 812 1981; x_wconf 90' lang='lat' dir='ltr'><strong>etiam</strong></span> <span class='ocrx_word' id='word_1_169' title='bbox 841 1926 1034 1982; x_wconf 74' lang='lat' dir='ltr'><strong>littera:</strong></span> <span class='ocrx_word' id='word_1_170' title='bbox 1062 1936 1259 1980; x_wconf 74' lang='lat' dir='ltr'><strong>nostra:</strong></span> <span class='ocrx_word' id='word_1_171' title='bbox 1284 1931 1569 1981; x_wconf 84' lang='lat' dir='ltr'><strong>testantur.</strong></span> 
     </span>
    </p>
   </div>
   <div class='ocr_carea' id='block_1_35' title="bbox 249 2015 1754 2089">
    <p class='ocr_par' dir='ltr' id='par_1_35' title="bbox 249 2015 1754 2089">
     <span class='ocr_line' id='line_1_35' title="bbox 249 2015 1754 2089; baseline -0.003 -15"><span class='ocrx_word' id='word_1_172' title='bbox 249 2017 504 2074; x_wconf 74' lang='lat' dir='ltr'><strong>Volumus</strong></span> <span class='ocrx_word' id='word_1_173' title='bbox 539 2019 700 2074; x_wconf 87' lang='lat' dir='ltr'><strong>etiam</strong></span> <span class='ocrx_word' id='word_1_174' title='bbox 731 2028 791 2074; x_wconf 91' lang='lat' dir='ltr'><strong>ut</strong></span> <span class='ocrx_word' id='word_1_175' title='bbox 830 2035 1011 2074; x_wconf 85' lang='lat' dir='ltr'><strong>coram</strong></span> <span class='ocrx_word' id='word_1_176' title='bbox 1039 2018 1245 2089; x_wconf 83' lang='lat' dir='ltr'><strong>synodo</strong></span> <span class='ocrx_word' id='word_1_177' title='bbox 1272 2017 1585 2088; x_wconf 64' lang='lat' dir='ltr'><strong>praedictum</strong></span> <span class='ocrx_word' id='word_1_178' title='bbox 1615 2015 1754 2070; x_wconf 83' lang='lat' dir='ltr'><strong>Pho-</strong></span> 
     </span>
    </p>
   </div>
   <div class='ocr_carea' id='block_1_36' title="bbox 180 2108 1755 2178">
    <p class='ocr_par' dir='ltr' id='par_1_36' title="bbox 180 2108 1755 2178">
     <span class='ocr_line' id='line_1_36' title="bbox 180 2108 1755 2178; baseline -0.002 -14"><span class='ocrx_word' id='word_1_179' title='bbox 180 2111 310 2167; x_wconf 90' lang='lat' dir='ltr'><strong>tium</strong></span> <span class='ocrx_word' id='word_1_180' title='bbox 366 2110 764 2165; x_wconf 87' lang='lat' dir='ltr'><strong>sanctissimum</strong></span> <span class='ocrx_word' id='word_1_181' title='bbox 817 2109 1185 2178; x_wconf 90' lang='lat' dir='ltr'><strong>patriarcham</strong></span> <span class='ocrx_word' id='word_1_182' title='bbox 1241 2108 1410 2164; x_wconf 88' lang='lat' dir='ltr'><strong>oretis</strong></span> <span class='ocrx_word' id='word_1_183' title='bbox 1468 2116 1529 2162; x_wconf 92' lang='lat' dir='ltr'><strong>ut</strong></span> <span class='ocrx_word' id='word_1_184' title='bbox 1580 2121 1755 2176; x_wconf 81' lang='lat' dir='ltr'><strong>neque</strong></span> 
     </span>
    </p>
   </div>
   <div class='ocr_carea' id='block_1_37' title="bbox 176 2186 1753 2267">
    <p class='ocr_par' dir='ltr' id='par_1_37' title="bbox 176 2186 1753 2267">
     <span class='ocr_line' id='line_1_37' title="bbox 176 2186 1753 2267; baseline -0.002 -17"><span class='ocrx_word' id='word_1_185' title='bbox 176 2186 396 2266; x_wconf 81' lang='lat' dir='ltr'><strong>pallium</strong></span> <span class='ocrx_word' id='word_1_186' title='bbox 418 2198 479 2250; x_wconf 83' lang='lat' dir='ltr'><strong>in</strong></span> <span class='ocrx_word' id='word_1_187' title='bbox 514 2196 817 2267; x_wconf 85' lang='lat' dir='ltr'><strong>Bulgariam</strong></span> <span class='ocrx_word' id='word_1_188' title='bbox 859 2198 1039 2250; x_wconf 86' lang='lat' dir='ltr'><strong>mittat</strong></span> <span class='ocrx_word' id='word_1_189' title='bbox 1067 2237 1081 2262; x_wconf 93' lang='lat'><strong>,</strong></span> <span class='ocrx_word' id='word_1_190' title='bbox 1113 2211 1286 2266; x_wconf 89' lang='lat' dir='ltr'><strong>neque</strong></span> <span class='ocrx_word' id='word_1_191' title='bbox 1322 2196 1536 2250; x_wconf 89' lang='lat' dir='ltr'><strong>ordinet</strong></span> <span class='ocrx_word' id='word_1_192' title='bbox 1562 2209 1753 2264; x_wconf 86' lang='lat' dir='ltr'><strong>quem-</strong></span> 
     </span>
    </p>
   </div>
   <div class='ocr_carea' id='block_1_38' title="bbox 175 2285 1752 2357">
    <p class='ocr_par' dir='ltr' id='par_1_38' title="bbox 175 2285 1752 2357">
     <span class='ocr_line' id='line_1_38' title="bbox 175 2285 1752 2357; baseline -0.002 -16"><span class='ocrx_word' id='word_1_193' title='bbox 175 2302 337 2356; x_wconf 88' lang='lat' dir='ltr'><strong>quam</strong></span> <span class='ocrx_word' id='word_1_194' title='bbox 365 2287 418 2341; x_wconf 93' lang='lat' dir='ltr'><strong>in</strong></span> <span class='ocrx_word' id='word_1_195' title='bbox 444 2286 558 2357; x_wconf 90' lang='lat' dir='ltr'><strong>ipsa</strong></span> <span class='ocrx_word' id='word_1_196' title='bbox 586 2286 877 2357; x_wconf 89' lang='lat' dir='ltr'><strong>provincia.</strong></span> <span class='ocrx_word' id='word_1_197' title='bbox 910 2285 964 2341; x_wconf 90' lang='lat' dir='ltr'><strong>Si</strong></span> <span class='ocrx_word' id='word_1_198' title='bbox 993 2287 1136 2342; x_wconf 90' lang='lat' dir='ltr'><strong>enim</strong></span> <span class='ocrx_word' id='word_1_199' title='bbox 1179 2288 1295 2342; x_wconf 79' lang='lat' dir='ltr'><strong>haec</strong></span> <span class='ocrx_word' id='word_1_200' title='bbox 1338 2285 1564 2353; x_wconf 85' lang='lat' dir='ltr'><strong>fecerit,</strong></span> <span class='ocrx_word' id='word_1_201' title='bbox 1597 2286 1752 2356; x_wconf 79' lang='lat' dir='ltr'><strong>juxta</strong></span> 
     </span>
    </p>
   </div>
   <div class='ocr_carea' id='block_1_39' title="bbox 175 2379 1134 2448">
    <p class='ocr_par' dir='ltr' id='par_1_39' title="bbox 175 2379 1134 2448">
     <span class='ocr_line' id='line_1_39' title="bbox 175 2379 1134 2448; baseline -0.003 -12"><span class='ocrx_word' id='word_1_202' title='bbox 175 2394 363 2436; x_wconf 88' lang='lat' dir='ltr'><strong>sacros</strong></span> <span class='ocrx_word' id='word_1_203' title='bbox 391 2395 625 2435; x_wconf 89' lang='lat' dir='ltr'><strong>canones</strong></span> <span class='ocrx_word' id='word_1_204' title='bbox 655 2379 801 2434; x_wconf 90' lang='lat' dir='ltr'><strong>illum</strong></span> <span class='ocrx_word' id='word_1_205' title='bbox 828 2394 1134 2448; x_wconf 80' lang='lat' dir='ltr'><strong>arguemus.</strong></span> 
     </span>
    </p>
   </div>
   <div class='ocr_carea' id='block_1_40' title="bbox 249 2467 1756 2540">
    <p class='ocr_par' dir='ltr' id='par_1_40' title="bbox 249 2467 1756 2540">
     <span class='ocr_line' id='line_1_40' title="bbox 249 2467 1756 2540; baseline -0.003 -14"><span class='ocrx_word' id='word_1_206' title='bbox 249 2483 277 2512; x_wconf 78' lang='grc' dir='ltr'><strong>ι</strong></span> <span class='ocrx_word' id='word_1_207' title='bbox 322 2470 577 2526; x_wconf 80' lang='lat' dir='ltr'><strong>Volumus</strong></span> <span class='ocrx_word' id='word_1_208' title='bbox 615 2480 876 2540; x_wconf 64' lang='lat' dir='ltr'><strong>prieterea</strong></span> <span class='ocrx_word' id='word_1_209' title='bbox 924 2478 986 2524; x_wconf 91' lang='lat' dir='ltr'><strong>ut</strong></span> <span class='ocrx_word' id='word_1_210' title='bbox 1029 2485 1211 2524; x_wconf 90' lang='lat' dir='ltr'><strong>coram</strong></span> <span class='ocrx_word' id='word_1_211' title='bbox 1257 2468 1506 2523; x_wconf 83' lang='lat' dir='ltr'><strong>universa</strong></span> <span class='ocrx_word' id='word_1_212' title='bbox 1548 2467 1756 2539; x_wconf 84' lang='lat' dir='ltr'><strong>synodo</strong></span> 
     </span>
    </p>
   </div>
   <div class='ocr_carea' id='block_1_41' title="bbox 178 2556 1757 2631">
    <p class='ocr_par' dir='ltr' id='par_1_41' title="bbox 178 2556 1757 2631">
     <span class='ocr_line' id='line_1_41' title="bbox 178 2556 1757 2631; baseline -0.003 -15"><span class='ocrx_word' id='word_1_213' title='bbox 178 2559 564 2631; x_wconf 80' lang='lat' dir='ltr'><strong>promulgetur,</strong></span> <span class='ocrx_word' id='word_1_214' title='bbox 608 2562 748 2629; x_wconf 84' lang='lat' dir='ltr'><strong>quod</strong></span> <span class='ocrx_word' id='word_1_215' title='bbox 789 2560 1024 2630; x_wconf 86' lang='lat' dir='ltr'><strong>synodus</strong></span> <span class='ocrx_word' id='word_1_216' title='bbox 1058 2558 1237 2613; x_wconf 88' lang='lat' dir='ltr'><strong>habita</strong></span> <span class='ocrx_word' id='word_1_217' title='bbox 1279 2558 1540 2613; x_wconf 89' lang='lat' dir='ltr'><strong>adversus</strong></span> <span class='ocrx_word' id='word_1_218' title='bbox 1563 2556 1757 2627; x_wconf 71' lang='lat' dir='ltr'><strong>przcdi-</strong></span> 
     </span>
    </p>
   </div>
   <div class='ocr_carea' id='block_1_42' title="bbox 179 2648 1758 2721">
    <p class='ocr_par' dir='ltr' id='par_1_42' title="bbox 179 2648 1758 2721">
     <span class='ocr_line' id='line_1_42' title="bbox 179 2648 1758 2721; baseline -0.003 -15"><span class='ocrx_word' id='word_1_219' title='bbox 179 2660 323 2706; x_wconf 92' lang='lat' dir='ltr'><strong>ctum</strong></span> <span class='ocrx_word' id='word_1_220' title='bbox 349 2650 716 2721; x_wconf 87' lang='lat' dir='ltr'><strong>patriarcham</strong></span> <span class='ocrx_word' id='word_1_221' title='bbox 742 2648 989 2705; x_wconf 90' lang='lat' dir='ltr'><strong>Photium</strong></span> <span class='ocrx_word' id='word_1_222' title='bbox 1022 2659 1263 2719; x_wconf 89' lang='lat' dir='ltr'><strong>tempore</strong></span> <span class='ocrx_word' id='word_1_223' title='bbox 1286 2649 1508 2705; x_wconf 88' lang='lat' dir='ltr'><strong>Adriani</strong></span> <span class='ocrx_word' id='word_1_224' title='bbox 1535 2648 1758 2704; x_wconf 88' lang='lat' dir='ltr'><strong>sanctis-</strong></span> 
     </span>
    </p>
   </div>
   <div class='ocr_carea' id='block_1_43' title="bbox 180 2740 1756 2813">
    <p class='ocr_par' dir='ltr' id='par_1_43' title="bbox 180 2740 1756 2813">
     <span class='ocr_line' id='line_1_43' title="bbox 180 2740 1756 2813; baseline -0.001 -16"><span class='ocrx_word' id='word_1_225' title='bbox 180 2742 299 2797; x_wconf 89' lang='lat' dir='ltr'><strong>simi</strong></span> <span class='ocrx_word' id='word_1_226' title='bbox 327 2757 477 2813; x_wconf 69' lang='grc' dir='ltr'><strong>μειβ-ἠ</strong></span> <span class='ocrx_word' id='word_1_227' title='bbox 509 2750 619 2796; x_wconf 85' lang='grc' dir='ltr'>ιιιηι</span> <span class='ocrx_word' id='word_1_228' title='bbox 654 2740 839 2797; x_wconf 76' lang='lat' dir='ltr'><strong>Romze</strong></span> <span class='ocrx_word' id='word_1_229' title='bbox 864 2751 974 2797; x_wconf 89' lang='lat' dir='ltr'><strong>tum</strong></span> <span class='ocrx_word' id='word_1_230' title='bbox 1000 2741 1486 2812; x_wconf 86' lang='lat' dir='ltr'><strong>Constantinopoli,</strong></span> <span class='ocrx_word' id='word_1_231' title='bbox 1513 2756 1578 2796; x_wconf 82' lang='lat' dir='ltr'><strong>ex</strong></span> <span class='ocrx_word' id='word_1_232' title='bbox 1612 2755 1756 2795; x_wconf 90' lang='lat' dir='ltr'><strong>nunc</strong></span> 
     </span>
    </p>
   </div>
   <div class='ocr_carea' id='block_1_44' title="bbox 178 2830 1754 2897">
    <p class='ocr_par' dir='ltr' id='par_1_44' title="bbox 178 2830 1754 2897">
     <span class='ocr_line' id='line_1_44' title="bbox 178 2830 1754 2897; baseline -0.001 -12"><span class='ocrx_word' id='word_1_233' title='bbox 178 2830 442 2886; x_wconf 89' lang='lat' dir='ltr'><strong>habeatur</strong></span> <span class='ocrx_word' id='word_1_234' title='bbox 487 2830 630 2885; x_wconf 89' lang='lat' dir='ltr'><strong>nulla</strong></span> <span class='ocrx_word' id='word_1_235' title='bbox 676 2840 733 2886; x_wconf 88' lang='lat' dir='ltr'><strong>et</strong></span> <span class='ocrx_word' id='word_1_236' title='bbox 775 2831 962 2897; x_wconf 88' lang='lat' dir='ltr'><strong>irrita,</strong></span> <span class='ocrx_word' id='word_1_237' title='bbox 993 2838 1181 2886; x_wconf 88' lang='lat' dir='ltr'><strong>etnon</strong></span> <span class='ocrx_word' id='word_1_238' title='bbox 1207 2840 1603 2887; x_wconf 77' lang='lat' dir='ltr'><strong>annumeratur</strong></span> <span class='ocrx_word' id='word_1_239' title='bbox 1631 2845 1754 2885; x_wconf 90' lang='lat' dir='ltr'><strong>cum</strong></span> 
     </span>
    </p>
   </div>
   <div class='ocr_carea' id='block_1_45' title="bbox 181 2908 748 2992">
    <p class='ocr_par' dir='ltr' id='par_1_45' title="bbox 181 2908 748 2992">
     <span class='ocr_line' id='line_1_45' title="bbox 181 2908 748 2992; baseline 0 -18"><span class='ocrx_word' id='word_1_240' title='bbox 181 2920 282 2976; x_wconf 90' lang='lat' dir='ltr'><strong>alia</strong></span> <span class='ocrx_word' id='word_1_241' title='bbox 310 2908 494 2976; x_wconf 89' lang='lat' dir='ltr'><strong>sancta</strong></span> <span class='ocrx_word' id='word_1_242' title='bbox 523 2921 748 2992; x_wconf 85' lang='lat' dir='ltr'><strong>synodo.</strong></span> 
     </span>
    </p>
   </div>
   <div class='ocr_carea' id='block_1_46' title="bbox 254 3009 1751 3081">
    <p class='ocr_par' dir='ltr' id='par_1_46' title="bbox 254 3009 1751 3081">
     <span class='ocr_line' id='line_1_46' title="bbox 254 3009 1751 3081; baseline 0.001 -16"><span class='ocrx_word' id='word_1_243' title='bbox 254 3011 285 3052; x_wconf 69' lang='grc'><strong>1³</strong></span> <span class='ocrx_word' id='word_1_244' title='bbox 308 3009 588 3066; x_wconf 80' lang='lat' dir='ltr'><strong>Advertite</strong></span> <span class='ocrx_word' id='word_1_245' title='bbox 614 3021 671 3066; x_wconf 92' lang='lat' dir='ltr'><strong>ut</strong></span> <span class='ocrx_word' id='word_1_246' title='bbox 703 3010 858 3081; x_wconf 76' lang='lat' dir='ltr'><strong>juxta</strong></span> <span class='ocrx_word' id='word_1_247' title='bbox 887 3011 1197 3065; x_wconf 83' lang='lat' dir='ltr'><strong>mandatum</strong></span> <span class='ocrx_word' id='word_1_248' title='bbox 1234 3020 1479 3066; x_wconf 88' lang='lat' dir='ltr'><strong>nostrum</strong></span> <span class='ocrx_word' id='word_1_249' title='bbox 1520 3011 1595 3066; x_wconf 86' lang='lat' dir='ltr'><strong>ita</strong></span> <span class='ocrx_word' id='word_1_250' title='bbox 1632 3027 1751 3066; x_wconf 86' lang='lat' dir='ltr'><strong>am-</strong></span> 
     </span>
    </p>
   </div>
   <div class='ocr_carea' id='block_1_47' title="bbox 181 3100 1755 3172">
    <p class='ocr_par' dir='ltr' id='par_1_47' title="bbox 181 3100 1755 3172">
     <span class='ocr_line' id='line_1_47' title="bbox 181 3100 1755 3172; baseline -0.001 -13"><span class='ocrx_word' id='word_1_251' title='bbox 181 3101 394 3168; x_wconf 85' lang='lat' dir='ltr'><strong>buletis,</strong></span> <span class='ocrx_word' id='word_1_252' title='bbox 412 3116 583 3171; x_wconf 84' lang='lat' dir='ltr'><strong>neque</strong></span> <span class='ocrx_word' id='word_1_253' title='bbox 604 3100 917 3157; x_wconf 89' lang='lat' dir='ltr'><strong>muneribus</strong></span> <span class='ocrx_word' id='word_1_254' title='bbox 934 3117 1030 3156; x_wconf 84' lang='lat' dir='ltr'><strong>vos</strong></span> <span class='ocrx_word' id='word_1_255' title='bbox 1050 3102 1322 3172; x_wconf 82' lang='lat' dir='ltr'><strong>corrumpi</strong></span> <span class='ocrx_word' id='word_1_256' title='bbox 1346 3102 1556 3166; x_wconf 90' lang='lat' dir='ltr'><strong>sinatis,</strong></span> <span class='ocrx_word' id='word_1_257' title='bbox 1579 3118 1755 3171; x_wconf 90' lang='lat' dir='ltr'><strong>neque</strong></span> 
     </span>
    </p>
   </div>
   <div class='ocr_carea' id='block_1_48' title="bbox 180 3174 1827 3261">
    <p class='ocr_par' dir='ltr' id='par_1_48' title="bbox 180 3174 1827 3261">
     <span class='ocr_line' id='line_1_48' title="bbox 180 3174 1827 3261; baseline 0.002 -15"><span class='ocrx_word' id='word_1_258' title='bbox 180 3191 613 3256; x_wconf 88' lang='lat' dir='ltr'><strong>adulationibus,</strong></span> <span class='ocrx_word' id='word_1_259' title='bbox 651 3207 825 3261; x_wconf 91' lang='lat' dir='ltr'><strong>neque</strong></span> <span class='ocrx_word' id='word_1_260' title='bbox 855 3192 1016 3247; x_wconf 89' lang='lat' dir='ltr'><strong>minis</strong></span> <span class='ocrx_word' id='word_1_261' title='bbox 1059 3200 1112 3247; x_wconf 92' lang='lat' dir='ltr'><strong>et</strong></span> <span class='ocrx_word' id='word_1_262' title='bbox 1151 3193 1447 3248; x_wconf 87' lang='lat' dir='ltr'><strong>terroribus</strong></span> <span class='ocrx_word' id='word_1_263' title='bbox 1475 3191 1755 3249; x_wconf 87' lang='lat' dir='ltr'><strong>declinetis</strong></span> <span class='ocrx_word' id='word_1_264' title='bbox 1782 3174 1827 3234; x_wconf 64' lang='grc' dir='ltr'><strong>(ἶ</strong></span> 
     </span>
    </p>
   </div>
   <div class='ocr_carea' id='block_1_49' title="bbox 179 3282 1757 3353">
    <p class='ocr_par' dir='ltr' id='par_1_49' title="bbox 179 3282 1757 3353">
     <span class='ocr_line' id='line_1_49' title="bbox 179 3282 1757 3353; baseline -0.001 -15"><span class='ocrx_word' id='word_1_265' title='bbox 179 3285 296 3339; x_wconf 89' lang='lat' dir='ltr'><strong>sive</strong></span> <span class='ocrx_word' id='word_1_266' title='bbox 319 3285 386 3341; x_wconf 90' lang='lat' dir='ltr'><strong>ad</strong></span> <span class='ocrx_word' id='word_1_267' title='bbox 416 3284 693 3343; x_wconf 74' lang='lat' dir='ltr'><strong>dexteram</strong></span> <span class='ocrx_word' id='word_1_268' title='bbox 717 3286 830 3340; x_wconf 86' lang='lat' dir='ltr'><strong>sive</strong></span> <span class='ocrx_word' id='word_1_269' title='bbox 860 3285 926 3340; x_wconf 87' lang='lat' dir='ltr'><strong>ad</strong></span> <span class='ocrx_word' id='word_1_270' title='bbox 953 3284 1250 3348; x_wconf 89' lang='lat' dir='ltr'><strong>sinistram,</strong></span> <span class='ocrx_word' id='word_1_271' title='bbox 1273 3285 1367 3339; x_wconf 90' lang='lat' dir='ltr'><strong>sed</strong></span> <span class='ocrx_word' id='word_1_272' title='bbox 1391 3282 1595 3353; x_wconf 87' lang='lat' dir='ltr'><strong>regiam</strong></span> <span class='ocrx_word' id='word_1_273' title='bbox 1615 3283 1757 3337; x_wconf 86' lang='lat' dir='ltr'><strong>viam</strong></span> 
     </span>
    </p>
   </div>
   <div class='ocr_carea' id='block_1_50' title="bbox 183 3376 1758 3446">
    <p class='ocr_par' dir='ltr' id='par_1_50' title="bbox 183 3376 1758 3446">
     <span class='ocr_line' id='line_1_50' title="bbox 183 3376 1758 3446; baseline 0.001 -16"><span class='ocrx_word' id='word_1_274' title='bbox 183 3376 440 3442; x_wconf 88' lang='lat' dir='ltr'><strong>incedite,</strong></span> <span class='ocrx_word' id='word_1_275' title='bbox 492 3384 748 3446; x_wconf 88' lang='lat' dir='ltr'><strong>tauquam</strong></span> <span class='ocrx_word' id='word_1_276' title='bbox 798 3377 1060 3434; x_wconf 89' lang='lat' dir='ltr'><strong>habentes</strong></span> <span class='ocrx_word' id='word_1_277' title='bbox 1109 3377 1286 3433; x_wconf 88' lang='lat' dir='ltr'><strong>locum</strong></span> <span class='ocrx_word' id='word_1_278' title='bbox 1337 3384 1393 3432; x_wconf 88' lang='lat' dir='ltr'><strong>et</strong></span> <span class='ocrx_word' id='word_1_279' title='bbox 1435 3384 1758 3446; x_wconf 79' lang='lat' dir='ltr'><strong>potestatem</strong></span> 
     </span>
    </p>
   </div>
   <div class='ocr_carea' id='block_1_51' title="bbox 178 3467 1761 3539">
    <p class='ocr_par' dir='ltr' id='par_1_51' title="bbox 178 3467 1761 3539">
     <span class='ocr_line' id='line_1_51' title="bbox 178 3467 1761 3539; baseline 0.001 -16"><span class='ocrx_word' id='word_1_280' title='bbox 178 3475 445 3534; x_wconf 87' lang='lat' dir='ltr'><strong>nostram,</strong></span> <span class='ocrx_word' id='word_1_281' title='bbox 470 3482 631 3536; x_wconf 88' lang='lat' dir='ltr'><strong>quam</strong></span> <span class='ocrx_word' id='word_1_282' title='bbox 660 3467 810 3523; x_wconf 88' lang='lat' dir='ltr'><strong>vobis</strong></span> <span class='ocrx_word' id='word_1_283' title='bbox 832 3476 1053 3539; x_wconf 84' lang='lat' dir='ltr'><strong>prapter</strong></span> <span class='ocrx_word' id='word_1_284' title='bbox 1080 3468 1334 3525; x_wconf 71' lang='lat' dir='ltr'><strong>Ecclesiae</strong></span> <span class='ocrx_word' id='word_1_285' title='bbox 1358 3483 1548 3538; x_wconf 87' lang='lat' dir='ltr'><strong>pacem</strong></span> <span class='ocrx_word' id='word_1_286' title='bbox 1571 3484 1761 3524; x_wconf 88' lang='lat' dir='ltr'><strong>sumus</strong></span> 
     </span>
    </p>
   </div>
   <div class='ocr_carea' id='block_1_52' title="bbox 178 3558 1760 3631">
    <p class='ocr_par' dir='ltr' id='par_1_52' title="bbox 178 3558 1760 3631">
     <span class='ocr_line' id='line_1_52' title="bbox 178 3558 1760 3631; baseline 0 -16"><span class='ocrx_word' id='word_1_287' title='bbox 178 3558 468 3629; x_wconf 87' lang='lat' dir='ltr'><strong>impertiti,</strong></span> <span class='ocrx_word' id='word_1_288' title='bbox 496 3566 554 3612; x_wconf 91' lang='lat' dir='ltr'><strong>ut</strong></span> <span class='ocrx_word' id='word_1_289' title='bbox 572 3567 753 3615; x_wconf 91' lang='lat' dir='ltr'><strong>vestro</strong></span> <span class='ocrx_word' id='word_1_290' title='bbox 770 3558 953 3615; x_wconf 90' lang='lat' dir='ltr'><strong>labore</strong></span> <span class='ocrx_word' id='word_1_291' title='bbox 973 3568 1028 3616; x_wconf 88' lang='lat' dir='ltr'><strong>et</strong></span> <span class='ocrx_word' id='word_1_292' title='bbox 1049 3559 1325 3631; x_wconf 79' lang='lat' dir='ltr'><strong>diligentia</strong></span> <span class='ocrx_word' id='word_1_293' title='bbox 1349 3560 1509 3630; x_wconf 84' lang='lat' dir='ltr'><strong>digne</strong></span> <span class='ocrx_word' id='word_1_294' title='bbox 1529 3560 1760 3629; x_wconf 79' lang='lat' dir='ltr'><strong>gratiam</strong></span> 
     </span>
    </p>
   </div>
   <div class='ocr_carea' id='block_1_53' title="bbox 180 3648 1764 3718">
    <p class='ocr_par' dir='ltr' id='par_1_53' title="bbox 180 3648 1764 3718">
     <span class='ocr_line' id='line_1_53' title="bbox 180 3648 1764 3718; baseline 0.001 -14"><span class='ocrx_word' id='word_1_295' title='bbox 180 3657 426 3704; x_wconf 89' lang='lat' dir='ltr'><strong>nostram</strong></span> <span class='ocrx_word' id='word_1_296' title='bbox 449 3687 463 3713; x_wconf 91' lang='lat'><strong>,</strong></span> <span class='ocrx_word' id='word_1_297' title='bbox 506 3655 563 3703; x_wconf 91' lang='lat' dir='ltr'><strong>et</strong></span> <span class='ocrx_word' id='word_1_298' title='bbox 609 3648 915 3718; x_wconf 66' lang='lat' dir='ltr'><strong>apostolica:</strong></span> <span class='ocrx_word' id='word_1_299' title='bbox 956 3650 1098 3705; x_wconf 88' lang='lat' dir='ltr'><strong>sedis</strong></span> <span class='ocrx_word' id='word_1_300' title='bbox 1132 3649 1455 3715; x_wconf 86' lang='lat' dir='ltr'><strong>obtineatis,</strong></span> <span class='ocrx_word' id='word_1_301' title='bbox 1483 3658 1538 3704; x_wconf 88' lang='lat' dir='ltr'><strong>et</strong></span> <span class='ocrx_word' id='word_1_302' title='bbox 1563 3661 1764 3705; x_wconf 72' lang='lat' dir='ltr'><strong>nosuae</strong></span> 
     </span>
    </p>
   </div>
   <div class='ocr_carea' id='block_1_54' title="bbox 180 3739 1061 3801">
    <p class='ocr_par' dir='ltr' id='par_1_54' title="bbox 180 3739 1061 3801">
     <span class='ocr_line' id='line_1_54' title="bbox 180 3739 1061 3801; baseline 0.006 -5"><span class='ocrx_word' id='word_1_303' title='bbox 180 3739 575 3796; x_wconf 82' lang='lat' dir='ltr'><strong>communionis</strong></span> <span class='ocrx_word' id='word_1_304' title='bbox 601 3739 719 3795; x_wconf 88' lang='lat' dir='ltr'><strong>sitis</strong></span> <span class='ocrx_word' id='word_1_305' title='bbox 748 3739 1011 3796; x_wconf 78' lang='lat' dir='ltr'><strong>lueredes.</strong></span> <span class='ocrx_word' id='word_1_306' title='bbox 1053 3794 1061 3801; x_wconf 91' lang='lat'><strong>.</strong></span> 
     </span>
    </p>
   </div>
   <div class='ocr_carea' id='block_1_55' title="bbox 184 3850 1762 3923">
    <p class='ocr_par' dir='ltr' id='par_1_55' title="bbox 184 3850 1762 3923">
     <span class='ocr_line' id='line_1_55' title="bbox 184 3850 1762 3923; baseline -0.001 -15"><span class='ocrx_word' id='word_1_307' title='bbox 184 3851 602 3915; x_wconf 77' lang='lat' dir='ltr'><strong>Subscriptioncs</strong></span> <span class='ocrx_word' id='word_1_308' title='bbox 627 3853 980 3923; x_wconf 78' lang='lat' dir='ltr'><strong>episcoporum</strong></span> <span class='ocrx_word' id='word_1_309' title='bbox 1014 3852 1097 3922; x_wconf 63' lang='lat' dir='ltr'><strong>grai</strong></span> <span class='ocrx_word' id='word_1_310' title='bbox 1124 3851 1477 3921; x_wconf 81' lang='lat' dir='ltr'><strong>interfuerunt</strong></span> <span class='ocrx_word' id='word_1_311' title='bbox 1504 3850 1762 3923; x_wconf 68' lang='lat' dir='ltr'><strong>Bouiania</strong></span> 
     </span>
    </p>
   </div>
   <div class='ocr_carea' id='block_1_56' title="bbox 176 3920 1766 3992">
    <p class='ocr_par' dir='ltr' id='par_1_56' title="bbox 176 3920 1766 3992">
     <span class='ocr_line' id='line_1_56' title="bbox 176 3920 1766 3992; baseline 0.003 -18"><span class='ocrx_word' id='word_1_312' title='bbox 176 3940 203 3948; x_wconf 60' lang='grc' dir='ltr'><em>’λ</em></span> <span class='ocrx_word' id='word_1_313' title='bbox 254 3922 484 3992; x_wconf 59' lang='lat' dir='ltr'><strong>gaude,</strong></span> <span class='ocrx_word' id='word_1_314' title='bbox 527 3938 592 3975; x_wconf 78' lang='lat' dir='ltr'><strong>ex</strong></span> <span class='ocrx_word' id='word_1_315' title='bbox 613 3920 718 3992; x_wconf 83' lang='lat' dir='ltr'><strong>qna</strong></span> <span class='ocrx_word' id='word_1_316' title='bbox 752 3920 944 3987; x_wconf 82' lang='lat' dir='ltr'><strong>prodiit</strong></span> <span class='ocrx_word' id='word_1_317' title='bbox 975 3920 1429 3976; x_wconf 70' lang='lat' dir='ltr'><strong>commonitorium</strong></span> <span class='ocrx_word' id='word_1_318' title='bbox 1478 3929 1526 3976; x_wconf 86' lang='lat' dir='ltr'><strong>et</strong></span> <span class='ocrx_word' id='word_1_319' title='bbox 1569 3920 1766 3978; x_wconf 77' lang='lat' dir='ltr'><strong>littera:</strong></span> 
     </span>
    </p>
   </div>
   <div class='ocr_carea' id='block_1_57' title="bbox 305 3992 792 4061">
    <p class='ocr_par' dir='ltr' id='par_1_57' title="bbox 305 3992 792 4061">
     <span class='ocr_line' id='line_1_57' title="bbox 305 3992 792 4061; baseline 0.002 -17"><span class='ocrx_word' id='word_1_320' title='bbox 305 4001 415 4045; x_wconf 83' lang='lat' dir='ltr'><strong>&#39;etro</strong></span> <span class='ocrx_word' id='word_1_321' title='bbox 441 3992 610 4061; x_wconf 84' lang='lat' dir='ltr'><strong>legato</strong></span> <span class='ocrx_word' id='word_1_322' title='bbox 634 3993 792 4046; x_wconf 71' lang='lat' dir='ltr'><strong>datm.</strong></span> 
     </span>
    </p>
   </div>
   <div class='ocr_carea' id='block_1_58' title="bbox 256 4100 1768 4177">
    <p class='ocr_par' dir='ltr' id='par_1_58' title="bbox 256 4100 1768 4177">
     <span class='ocr_line' id='line_1_58' title="bbox 256 4100 1768 4177; baseline 0.003 -20"><span class='ocrx_word' id='word_1_323' title='bbox 256 4101 549 4158; x_wconf 81' lang='lat' dir='ltr'><strong>Zacharias</strong></span> <span class='ocrx_word' id='word_1_324' title='bbox 575 4101 858 4173; x_wconf 87' lang='lat' dir='ltr'><strong>episcopus</strong></span> <span class='ocrx_word' id='word_1_325' title='bbox 885 4103 1139 4162; x_wconf 64' lang='lat' dir='ltr'><strong>Ecclesiae</strong></span> <span class='ocrx_word' id='word_1_326' title='bbox 1160 4104 1462 4177; x_wconf 72' lang='lat' dir='ltr'><strong>Anagniuze</strong></span> <span class='ocrx_word' id='word_1_327' title='bbox 1486 4112 1542 4160; x_wconf 90' lang='lat' dir='ltr'><strong>et</strong></span> <span class='ocrx_word' id='word_1_328' title='bbox 1574 4100 1768 4162; x_wconf 74' lang='lat' dir='ltr'><strong>biblio~</strong></span> 
     </span>
    </p>
   </div>
   <div class='ocr_carea' id='block_1_59' title="bbox 186 4194 1768 4267">
    <p class='ocr_par' dir='ltr' id='par_1_59' title="bbox 186 4194 1768 4267">
     <span class='ocr_line' id='line_1_59' title="bbox 186 4194 1768 4267; baseline 0.001 -17"><span class='ocrx_word' id='word_1_329' title='bbox 186 4194 459 4250; x_wconf 84' lang='lat' dir='ltr'><strong>thecarius</strong></span> <span class='ocrx_word' id='word_1_330' title='bbox 489 4194 794 4264; x_wconf 69' lang='lat' dir='ltr'><strong>apostoliczc</strong></span> <span class='ocrx_word' id='word_1_331' title='bbox 816 4197 961 4251; x_wconf 85' lang='lat' dir='ltr'><strong>sedis</strong></span> <span class='ocrx_word' id='word_1_332' title='bbox 988 4197 1042 4251; x_wconf 90' lang='lat' dir='ltr'><strong>in</strong></span> <span class='ocrx_word' id='word_1_333' title='bbox 1081 4196 1186 4251; x_wconf 86' lang='lat' dir='ltr'><strong>hoc</strong></span> <span class='ocrx_word' id='word_1_334' title='bbox 1222 4197 1643 4252; x_wconf 88' lang='lat' dir='ltr'><strong>commonitorio</strong></span> <span class='ocrx_word' id='word_1_335' title='bbox 1669 4212 1768 4267; x_wconf 89' lang='lat' dir='ltr'><strong>pro</strong></span> 
     </span>
    </p>
   </div>
   <div class='ocr_carea' id='block_1_60' title="bbox 186 4285 1765 4360">
    <p class='ocr_par' dir='ltr' id='par_1_60' title="bbox 186 4285 1765 4360">
     <span class='ocr_line' id='line_1_60' title="bbox 186 4285 1765 4360; baseline 0 -17"><span class='ocrx_word' id='word_1_336' title='bbox 186 4285 496 4358; x_wconf 87' lang='lat' dir='ltr'><strong>receptione</strong></span> <span class='ocrx_word' id='word_1_337' title='bbox 546 4285 723 4341; x_wconf 86' lang='lat' dir='ltr'><strong>Photii</strong></span> <span class='ocrx_word' id='word_1_338' title='bbox 785 4286 1110 4343; x_wconf 67' lang='lat' dir='ltr'><strong>sanctissimi</strong></span> <span class='ocrx_word' id='word_1_339' title='bbox 1164 4288 1489 4360; x_wconf 73' lang='lat' dir='ltr'><strong>patriarchae</strong></span> <span class='ocrx_word' id='word_1_340' title='bbox 1546 4286 1765 4360; x_wconf 90' lang='lat' dir='ltr'><strong>propria</strong></span> 
     </span>
    </p>
   </div>
   <div class='ocr_carea' id='block_1_61' title="bbox 187 4378 701 4450">
    <p class='ocr_par' dir='ltr' id='par_1_61' title="bbox 187 4378 701 4450">
     <span class='ocr_line' id='line_1_61' title="bbox 187 4378 701 4450; baseline -0.004 -16"><span class='ocrx_word' id='word_1_341' title='bbox 187 4393 355 4434; x_wconf 89' lang='lat' dir='ltr'><strong>manu</strong></span> <span class='ocrx_word' id='word_1_342' title='bbox 383 4378 701 4450; x_wconf 89' lang='lat' dir='ltr'><strong>subscripsi.</strong></span> 
     </span>
    </p>
   </div>
   <div class='ocr_carea' id='block_1_62' title="bbox 260 4467 1769 4539">
    <p class='ocr_par' dir='ltr' id='par_1_62' title="bbox 260 4467 1769 4539">
     <span class='ocr_line' id='line_1_62' title="bbox 260 4467 1769 4539; baseline 0.004 -18"><span class='ocrx_word' id='word_1_343' title='bbox 260 4467 525 4524; x_wconf 77' lang='lat' dir='ltr'><strong>Martinus</strong></span> <span class='ocrx_word' id='word_1_344' title='bbox 566 4469 851 4539; x_wconf 88' lang='lat' dir='ltr'><strong>episcopus</strong></span> <span class='ocrx_word' id='word_1_345' title='bbox 899 4468 1159 4525; x_wconf 71' lang='lat' dir='ltr'><strong>Ecclesiae</strong></span> <span class='ocrx_word' id='word_1_346' title='bbox 1204 4469 1517 4527; x_wconf 84' lang='lat' dir='ltr'><strong>Narniensis</strong></span> <span class='ocrx_word' id='word_1_347' title='bbox 1564 4472 1616 4526; x_wconf 93' lang='lat' dir='ltr'><strong>in</strong></span> <span class='ocrx_word' id='word_1_348' title='bbox 1665 4471 1769 4527; x_wconf 89' lang='lat' dir='ltr'><strong>hoc</strong></span> 
     </span>
    </p>
   </div>
   <div class='ocr_carea' id='block_1_63' title="bbox 184 4557 1770 4628">
    <p class='ocr_par' dir='ltr' id='par_1_63' title="bbox 184 4557 1770 4628">
     <span class='ocr_line' id='line_1_63' title="bbox 184 4557 1770 4628; baseline 0.003 -16"><span class='ocrx_word' id='word_1_349' title='bbox 184 4557 602 4612; x_wconf 83' lang='lat' dir='ltr'><strong>commonitorio</strong></span> <span class='ocrx_word' id='word_1_350' title='bbox 623 4558 929 4628; x_wconf 62' lang='lat' dir='ltr'><strong>apostolica:</strong></span> <span class='ocrx_word' id='word_1_351' title='bbox 956 4558 1100 4613; x_wconf 87' lang='lat' dir='ltr'><strong>sedis</strong></span> <span class='ocrx_word' id='word_1_352' title='bbox 1127 4574 1225 4628; x_wconf 90' lang='lat' dir='ltr'><strong>pro</strong></span> <span class='ocrx_word' id='word_1_353' title='bbox 1253 4560 1596 4616; x_wconf 90' lang='lat' dir='ltr'><strong>restitutione</strong></span> <span class='ocrx_word' id='word_1_354' title='bbox 1624 4558 1770 4616; x_wconf 89' lang='lat' dir='ltr'><strong>Pho-</strong></span> 
     </span>
    </p>
   </div>
   <div class='ocr_carea' id='block_1_64' title="bbox 188 4644 1769 4721">
    <p class='ocr_par' dir='ltr' id='par_1_64' title="bbox 188 4644 1769 4721">
     <span class='ocr_line' id='line_1_64' title="bbox 188 4644 1769 4721; baseline 0.004 -22"><span class='ocrx_word' id='word_1_355' title='bbox 188 4644 250 4699; x_wconf 90' lang='lat' dir='ltr'><strong>tii</strong></span> <span class='ocrx_word' id='word_1_356' title='bbox 281 4644 605 4699; x_wconf 83' lang='lat' dir='ltr'><strong>sanctissimi</strong></span> <span class='ocrx_word' id='word_1_357' title='bbox 636 4647 958 4715; x_wconf 71' lang='lat' dir='ltr'><strong>patriarcha:</strong></span> <span class='ocrx_word' id='word_1_358' title='bbox 992 4647 1208 4717; x_wconf 90' lang='lat' dir='ltr'><strong>propria</strong></span> <span class='ocrx_word' id='word_1_359' title='bbox 1237 4664 1397 4703; x_wconf 90' lang='lat' dir='ltr'><strong>manu</strong></span> <span class='ocrx_word' id='word_1_360' title='bbox 1431 4649 1730 4721; x_wconf 87' lang='lat' dir='ltr'><strong>subscripsi</strong></span> <span class='ocrx_word' id='word_1_361' title='bbox 1755 4668 1769 4705; x_wconf 89' lang='lat'><strong>:</strong></span> 
     </span>
    </p>
   </div>
   <div class='ocr_carea' id='block_1_65' title="bbox 185 4734 907 4805">
    <p class='ocr_par' dir='ltr' id='par_1_65' title="bbox 185 4734 907 4805">
     <span class='ocr_line' id='line_1_65' title="bbox 185 4734 907 4805; baseline 0.001 -15"><span class='ocrx_word' id='word_1_362' title='bbox 185 4736 270 4790; x_wconf 83' lang='lat' dir='ltr'><strong>sic</strong></span> <span class='ocrx_word' id='word_1_363' title='bbox 298 4744 356 4790; x_wconf 90' lang='lat' dir='ltr'><strong>et</strong></span> <span class='ocrx_word' id='word_1_364' title='bbox 385 4734 547 4805; x_wconf 85' lang='lat' dir='ltr'><strong>aliqui</strong></span> <span class='ocrx_word' id='word_1_365' title='bbox 577 4744 866 4805; x_wconf 86' lang='lat' dir='ltr'><strong>sequentes</strong></span> <span class='ocrx_word' id='word_1_366' title='bbox 892 4755 907 4791; x_wconf 89' lang='lat'><strong>:</strong></span> 
     </span>
    </p>
   </div>
   <div class='ocr_carea' id='block_1_66' title="bbox 260 4825 1171 4897">
    <p class='ocr_par' dir='ltr' id='par_1_66' title="bbox 260 4825 1171 4897">
     <span class='ocr_line' id='line_1_66' title="bbox 260 4825 1171 4897; baseline 0.005 -18"><span class='ocrx_word' id='word_1_367' title='bbox 260 4825 576 4881; x_wconf 86' lang='lat' dir='ltr'><strong>Dominicus</strong></span> <span class='ocrx_word' id='word_1_368' title='bbox 597 4826 886 4897; x_wconf 88' lang='lat' dir='ltr'><strong>episcopus</strong></span> <span class='ocrx_word' id='word_1_369' title='bbox 910 4826 1171 4884; x_wconf 84' lang='lat' dir='ltr'><strong>Triventt.</strong></span> 
     </span>
    </p>
   </div>
   <div class='ocr_carea' id='block_1_67' title="bbox 263 4912 1161 4988">
    <p class='ocr_par' dir='ltr' id='par_1_67' title="bbox 263 4912 1161 4988">
     <span class='ocr_line' id='line_1_67' title="bbox 263 4912 1161 4988; baseline 0.002 -16"><span class='ocrx_word' id='word_1_370' title='bbox 263 4912 479 4972; x_wconf 77' lang='lat' dir='ltr'><strong>Florius</strong></span> <span class='ocrx_word' id='word_1_371' title='bbox 507 4917 791 4988; x_wconf 86' lang='lat' dir='ltr'><strong>cpiscopus</strong></span> <span class='ocrx_word' id='word_1_372' title='bbox 815 4917 1161 4974; x_wconf 84' lang='lat' dir='ltr'><strong>Maturensis.</strong></span> 
     </span>
    </p>
   </div>
   <div class='ocr_carea' id='block_1_68' title="bbox 262 5008 1271 5080">
    <p class='ocr_par' dir='ltr' id='par_1_68' title="bbox 262 5008 1271 5080">
     <span class='ocr_line' id='line_1_68' title="bbox 262 5008 1271 5080; baseline 0 -16"><span class='ocrx_word' id='word_1_373' title='bbox 262 5008 600 5064; x_wconf 87' lang='lat' dir='ltr'><strong>Gaudericus</strong></span> <span class='ocrx_word' id='word_1_374' title='bbox 621 5010 911 5080; x_wconf 81' lang='lat' dir='ltr'><strong>episcopus</strong></span> <span class='ocrx_word' id='word_1_375' title='bbox 937 5008 1271 5068; x_wconf 80' lang='lat' dir='ltr'><strong>Velitrensis.</strong></span> 
     </span>
    </p>
   </div>
   <div class='ocr_carea' id='block_1_69' title="bbox 265 5097 1252 5170">
    <p class='ocr_par' dir='ltr' id='par_1_69' title="bbox 265 5097 1252 5170">
     <span class='ocr_line' id='line_1_69' title="bbox 265 5097 1252 5170; baseline 0.004 -17"><span class='ocrx_word' id='word_1_376' title='bbox 265 5097 578 5166; x_wconf 85' lang='lat' dir='ltr'><strong>Stephanus</strong></span> <span class='ocrx_word' id='word_1_377' title='bbox 603 5100 889 5170; x_wconf 86' lang='lat' dir='ltr'><strong>episcopus</strong></span> <span class='ocrx_word' id='word_1_378' title='bbox 911 5099 1252 5157; x_wconf 84' lang='lat' dir='ltr'><strong>Ferentinas.</strong></span> 
     </span>
    </p>
   </div>
   <div class='ocr_carea' id='block_1_70' title="bbox 267 5188 1437 5265">
    <p class='ocr_par' dir='ltr' id='par_1_70' title="bbox 267 5188 1437 5265">
     <span class='ocr_line' id='line_1_70' title="bbox 267 5188 1437 5265; baseline 0.007 -24"><span class='ocrx_word' id='word_1_379' title='bbox 267 5188 380 5242; x_wconf 78' lang='lat' dir='ltr'><strong>Leo</strong></span> <span class='ocrx_word' id='word_1_380' title='bbox 410 5189 691 5259; x_wconf 82' lang='lat' dir='ltr'><strong>episcOpus</strong></span> <span class='ocrx_word' id='word_1_381' title='bbox 718 5189 1002 5247; x_wconf 85' lang='lat' dir='ltr'><strong>Gabiensis</strong></span> <span class='ocrx_word' id='word_1_382' title='bbox 1027 5189 1437 5265; x_wconf 78' lang='lat' dir='ltr'><strong>[Sabinicusis].</strong></span> 
     </span>
    </p>
   </div>
   <div class='ocr_carea' id='block_1_71' title="bbox 265 5279 1381 5353">
    <p class='ocr_par' dir='ltr' id='par_1_71' title="bbox 265 5279 1381 5353">
     <span class='ocr_line' id='line_1_71' title="bbox 265 5279 1381 5353; baseline 0.004 -21"><span class='ocrx_word' id='word_1_383' title='bbox 265 5279 463 5335; x_wconf 83' lang='lat' dir='ltr'><strong>Petrus</strong></span> <span class='ocrx_word' id='word_1_384' title='bbox 491 5280 774 5352; x_wconf 84' lang='lat' dir='ltr'><strong>episcOpus</strong></span> <span class='ocrx_word' id='word_1_385' title='bbox 798 5282 1381 5353; x_wconf 82' lang='lat' dir='ltr'><strong>Forosemproniensis.</strong></span> 
     </span>
    </p>
   </div>
   <div class='ocr_carea' id='block_1_72' title="bbox 266 5356 1146 5441">
    <p class='ocr_par' dir='ltr' id='par_1_72' title="bbox 266 5356 1146 5441">
     <span class='ocr_line' id='line_1_72' title="bbox 266 5356 1146 5441; baseline 0.006 -19"><span class='ocrx_word' id='word_1_386' title='bbox 266 5356 382 5423; x_wconf 85' lang='lat' dir='ltr'><strong>Leo</strong></span> <span class='ocrx_word' id='word_1_387' title='bbox 407 5371 689 5441; x_wconf 87' lang='lat' dir='ltr'><strong>episcopus</strong></span> <span class='ocrx_word' id='word_1_388' title='bbox 718 5372 1146 5429; x_wconf 83' lang='lat' dir='ltr'><strong>Tarraciuensis.</strong></span> 
     </span>
    </p>
   </div>
   <div class='ocr_carea' id='block_1_73' title="bbox 276 5456 1258 5531">
    <p class='ocr_par' dir='ltr' id='par_1_73' title="bbox 276 5456 1258 5531">
     <span class='ocr_line' id='line_1_73' title="bbox 276 5456 1258 5531; baseline 0.005 -18"><span class='ocrx_word' id='word_1_389' title='bbox 276 5456 584 5531; x_wconf 80' lang='lat' dir='ltr'><strong>Walpcrtus</strong></span> <span class='ocrx_word' id='word_1_390' title='bbox 613 5461 896 5531; x_wconf 86' lang='lat' dir='ltr'><strong>cpiscopus</strong></span> <span class='ocrx_word' id='word_1_391' title='bbox 924 5462 1258 5519; x_wconf 86' lang='lat' dir='ltr'><strong>Portucnsis.</strong></span> 
     </span>
    </p>
   </div>
   <div class='ocr_carea' id='block_1_74' title="bbox 276 5595 1797 5677">
    <p class='ocr_par' dir='ltr' id='par_1_74' title="bbox 276 5595 1797 5677">
     <span class='ocr_line' id='line_1_74' title="bbox 276 5595 1797 5677; baseline 0.007 -26"><span class='ocrx_word' id='word_1_392' title='bbox 276 5608 305 5637; x_wconf 81' lang='grc' dir='ltr'><strong>ιι</strong></span> <span class='ocrx_word' id='word_1_393' title='bbox 336 5595 452 5677; x_wconf 70' lang='lat' dir='ltr'><strong>Non</strong></span> <span class='ocrx_word' id='word_1_394' title='bbox 478 5605 902 5677; x_wconf 63' lang='lat' dir='ltr'><strong>precestantum</strong></span> <span class='ocrx_word' id='word_1_395' title='bbox 917 5599 1009 5677; x_wconf 77' lang='lat' dir='ltr'><strong>sed</strong></span> <span class='ocrx_word' id='word_1_396' title='bbox 1024 5602 1637 5677; x_wconf 81' lang='lat' dir='ltr'><strong>excommunicationem</strong></span> <span class='ocrx_word' id='word_1_397' title='bbox 1652 5604 1797 5677; x_wconf 45' lang='lat' dir='ltr'><strong>cum;</strong></span> 
     </span>
    </p>
   </div>
   <div class='ocr_carea' id='block_1_75' title="bbox 198 5667 1526 5739">
    <p class='ocr_par' dir='ltr' id='par_1_75' title="bbox 198 5667 1526 5739">
     <span class='ocr_line' id='line_1_75' title="bbox 198 5667 1526 5739; baseline 0.002 -14"><span class='ocrx_word' id='word_1_398' title='bbox 198 5667 382 5739; x_wconf 79' lang='lat' dir='ltr'><strong>tinent</strong></span> <span class='ocrx_word' id='word_1_399' title='bbox 403 5667 628 5724; x_wconf 83' lang='lat' dir='ltr'><strong>Joannis</strong></span> <span class='ocrx_word' id='word_1_400' title='bbox 651 5668 847 5723; x_wconf 65' lang='lat' dir='ltr'><strong>litterae</strong></span> <span class='ocrx_word' id='word_1_401' title='bbox 872 5670 938 5724; x_wconf 89' lang='lat' dir='ltr'><strong>de</strong></span> <span class='ocrx_word' id='word_1_402' title='bbox 963 5671 1311 5739; x_wconf 81' lang='lat' dir='ltr'><strong>Bulgarorum</strong></span> <span class='ocrx_word' id='word_1_403' title='bbox 1340 5687 1526 5729; x_wconf 86' lang='lat' dir='ltr'><strong>causa.</strong></span> 
     </span>
    </p>
   </div>
   <div class='ocr_carea' id='block_1_76' title="bbox 280 5737 1782 5817">
    <p class='ocr_par' dir='ltr' id='par_1_76' title="bbox 280 5737 1782 5817">
     <span class='ocr_line' id='line_1_76' title="bbox 280 5737 1782 5817; baseline 0.008 -26"><span class='ocrx_word' id='word_1_404' title='bbox 280 5738 311 5778; x_wconf 70' lang='grc' dir='ltr'>δ</span> <span class='ocrx_word' id='word_1_405' title='bbox 340 5737 501 5794; x_wconf 78' lang='lat' dir='ltr'><strong>Vides</strong></span> <span class='ocrx_word' id='word_1_406' title='bbox 525 5739 664 5795; x_wconf 87' lang='lat' dir='ltr'><strong>idem</strong></span> <span class='ocrx_word' id='word_1_407' title='bbox 694 5737 1119 5815; x_wconf 80' lang='lat' dir='ltr'><strong>additamentum</strong></span> <span class='ocrx_word' id='word_1_408' title='bbox 1166 5743 1254 5799; x_wconf 86' lang='lat' dir='ltr'><strong>hic</strong></span> <span class='ocrx_word' id='word_1_409' title='bbox 1292 5758 1324 5798; x_wconf 88' lang='lat' dir='ltr'><strong>a</strong></span> <span class='ocrx_word' id='word_1_410' title='bbox 1369 5743 1590 5802; x_wconf 87' lang='lat' dir='ltr'><strong>falsario</strong></span> <span class='ocrx_word' id='word_1_411' title='bbox 1635 5747 1782 5817; x_wconf 87' lang='lat' dir='ltr'><strong>quod</strong></span> 
     </span>
    </p>
   </div>
   <div class='ocr_carea' id='block_1_77' title="bbox 1927 1922 2671 1997">
    <p class='ocr_par' dir='ltr' id='par_1_77' title="bbox 1927 1922 2671 1997">
     <span class='ocr_line' id='line_1_77' title="bbox 1927 1922 2671 1997; baseline 0.007 -19"><span class='ocrx_word' id='word_1_412' title='bbox 1927 1922 2038 1978; x_wconf 85' lang='lat' dir='ltr'><strong>Leo</strong></span> <span class='ocrx_word' id='word_1_413' title='bbox 2067 1923 2329 1979; x_wconf 84' lang='lat' dir='ltr'><strong>diaconus</strong></span> <span class='ocrx_word' id='word_1_414' title='bbox 2356 1926 2671 1997; x_wconf 76' lang='lat' dir='ltr'><strong>Sultscripsi.</strong></span> 
     </span>
    </p>
   </div>
   <div class='ocr_carea' id='block_1_78' title="bbox 2256 2031 3033 2081">
    <p class='ocr_par' dir='ltr' id='par_1_78' title="bbox 2256 2031 3033 2081">
     <span class='ocr_line' id='line_1_78' title="bbox 2256 2031 3033 2081; baseline 0.018 -14"><span class='ocrx_word' id='word_1_415' title='bbox 2256 2031 2562 2073; x_wconf 68' lang='lat' dir='ltr'><strong>ADNOTATIO</strong></span> <span class='ocrx_word' id='word_1_416' title='bbox 2600 2034 2841 2075; x_wconf 75' lang='lat' dir='ltr'><strong>SEVEBINI</strong></span> <span class='ocrx_word' id='word_1_417' title='bbox 2878 2040 3008 2079; x_wconf 70' lang='lat' dir='ltr'><strong>BIN&quot;</strong></span> <span class='ocrx_word' id='word_1_418' title='bbox 3018 2065 3033 2081; x_wconf 83' lang='lat'><strong>.</strong></span> 
     </span>
    </p>
   </div>
   <div class='ocr_carea' id='block_1_79' title="bbox 1926 2100 3433 2173">
    <p class='ocr_par' dir='ltr' id='par_1_79' title="bbox 1926 2100 3433 2173">
     <span class='ocr_line' id='line_1_79' title="bbox 1926 2100 3433 2173; baseline 0.012 -17"><span class='ocrx_word' id='word_1_419' title='bbox 1926 2100 2385 2173; x_wconf 7' lang='lat' dir='ltr'><strong>Audisti,ylector,</strong></span> <span class='ocrx_word' id='word_1_420' title='bbox 2416 2104 2841 2163; x_wconf 87' lang='lat' dir='ltr'><strong>additamentum</strong></span> <span class='ocrx_word' id='word_1_421' title='bbox 2876 2109 3055 2169; x_wconf 91' lang='lat' dir='ltr'><strong>Photii</strong></span> <span class='ocrx_word' id='word_1_422' title='bbox 3095 2114 3163 2170; x_wconf 91' lang='lat' dir='ltr'><strong>de</strong></span> <span class='ocrx_word' id='word_1_423' title='bbox 3198 2100 3433 2173; x_wconf 61' lang='lat' dir='ltr'><strong>abi-oga;</strong></span> 
     </span>
    </p>
   </div>
   <div class='ocr_carea' id='block_1_80' title="bbox 1858 2171 3428 2252">
    <p class='ocr_par' dir='ltr' id='par_1_80' title="bbox 1858 2171 3428 2252">
     <span class='ocr_line' id='line_1_80' title="bbox 1858 2171 3428 2252; baseline 0.012 -28"><span class='ocrx_word' id='word_1_424' title='bbox 1858 2172 2003 2252; x_wconf 74' lang='lat' dir='ltr'><strong>tione</strong></span> <span class='ocrx_word' id='word_1_425' title='bbox 2027 2171 2243 2252; x_wconf 74' lang='lat' dir='ltr'><strong>concilii</strong></span> <span class='ocrx_word' id='word_1_426' title='bbox 2286 2174 2608 2252; x_wconf 72' lang='lat' dir='ltr'><strong>mcutncuici</strong></span> <span class='ocrx_word' id='word_1_427' title='bbox 2643 2192 2741 2252; x_wconf 64' lang='lat' dir='ltr'><strong>vui</strong></span> <span class='ocrx_word' id='word_1_428' title='bbox 2762 2179 2862 2252; x_wconf 85' lang='lat' dir='ltr'><strong>sub</strong></span> <span class='ocrx_word' id='word_1_429' title='bbox 2902 2180 3140 2239; x_wconf 75' lang='lat' dir='ltr'><strong>Adriano</strong></span> <span class='ocrx_word' id='word_1_430' title='bbox 3171 2171 3428 2252; x_wconf 62' lang='lat' dir='ltr'><strong>pontifice</strong></span> 
     </span>
    </p>
   </div>
   <div class='ocr_carea' id='block_1_81' title="bbox 1855 2239 3433 2322">
    <p class='ocr_par' dir='ltr' id='par_1_81' title="bbox 1855 2239 3433 2322">
     <span class='ocr_line' id='line_1_81' title="bbox 1855 2239 3433 2322; baseline 0.011 -31"><span class='ocrx_word' id='word_1_431' title='bbox 1855 2239 2131 2322; x_wconf 68' lang='lat' dir='ltr'><strong>celebrati,</strong></span> <span class='ocrx_word' id='word_1_432' title='bbox 2159 2240 2545 2322; x_wconf 71' lang='lat' dir='ltr'><strong>jam_superius</strong></span> <span class='ocrx_word' id='word_1_433' title='bbox 2570 2239 3300 2322; x_wconf 71' lang='lat' dir='ltr'><strong>apertissitne__redarguitum</strong></span> <span class='ocrx_word' id='word_1_434' title='bbox 3331 2239 3433 2309; x_wconf 45' lang='lat' dir='ltr'><strong>fall</strong></span> 
     </span>
    </p>
   </div>
   <div class='ocr_carea' id='block_1_82' title="bbox 1855 2309 3432 2391">
    <p class='ocr_par' dir='ltr' id='par_1_82' title="bbox 1855 2309 3432 2391">
     <span class='ocr_line' id='line_1_82' title="bbox 1855 2309 3432 2391; baseline 0.01 -30"><span class='ocrx_word' id='word_1_435' title='bbox 1855 2309 2056 2391; x_wconf 75' lang='lat' dir='ltr'><strong>sitatis,</strong></span> <span class='ocrx_word' id='word_1_436' title='bbox 2079 2309 2416 2391; x_wconf 77' lang='lat' dir='ltr'><strong>ex_recitatis</strong></span> <span class='ocrx_word' id='word_1_437' title='bbox 2449 2309 2674 2369; x_wconf 79' lang='lat' dir='ltr'><strong>Joannis</strong></span> <span class='ocrx_word' id='word_1_438' title='bbox 2700 2331 2855 2391; x_wconf 64' lang='lat' dir='ltr'><strong>pupa:</strong></span> <span class='ocrx_word' id='word_1_439' title='bbox 2887 2319 2996 2374; x_wconf 89' lang='lat' dir='ltr'>VIII</span> <span class='ocrx_word' id='word_1_440' title='bbox 3032 2309 3294 2391; x_wconf 61' lang='lat' dir='ltr'><strong>epistolis.</strong></span> <span class='ocrx_word' id='word_1_441' title='bbox 3326 2325 3432 2378; x_wconf 83' lang='lat' dir='ltr'><strong>Sed</strong></span> 
     </span>
    </p>
   </div>
   <div class='ocr_carea' id='block_1_83' title="bbox 1857 2380 3436 2449">
    <p class='ocr_par' dir='ltr' id='par_1_83' title="bbox 1857 2380 3436 2449">
     <span class='ocr_line' id='line_1_83' title="bbox 1857 2380 3436 2449; baseline 0.01 -16"><span class='ocrx_word' id='word_1_442' title='bbox 1857 2380 2125 2449; x_wconf 86' lang='lat' dir='ltr'><strong>detegitur</strong></span> <span class='ocrx_word' id='word_1_443' title='bbox 2145 2381 2197 2434; x_wconf 93' lang='lat' dir='ltr'><strong>in</strong></span> <span class='ocrx_word' id='word_1_444' title='bbox 2226 2382 2414 2437; x_wconf 90' lang='lat' dir='ltr'><strong>eodem</strong></span> <span class='ocrx_word' id='word_1_445' title='bbox 2445 2380 2857 2441; x_wconf 73' lang='lat' dir='ltr'><strong>commonitorio</strong></span> <span class='ocrx_word' id='word_1_446' title='bbox 2899 2380 3089 2445; x_wconf 79' lang='lat' dir='ltr'><strong>eadem</strong></span> <span class='ocrx_word' id='word_1_447' title='bbox 3128 2393 3309 2446; x_wconf 66' lang='lat' dir='ltr'><strong>etinm-</strong></span> <span class='ocrx_word' id='word_1_448' title='bbox 3335 2394 3436 2448; x_wconf 91' lang='lat' dir='ltr'><strong>im-</strong></span> 
     </span>
    </p>
   </div>
   <div class='ocr_carea' id='block_1_84' title="bbox 1858 2450 3440 2535">
    <p class='ocr_par' dir='ltr' id='par_1_84' title="bbox 1858 2450 3440 2535">
     <span class='ocr_line' id='line_1_84' title="bbox 1858 2450 3440 2535; baseline 0.011 -35"><span class='ocrx_word' id='word_1_449' title='bbox 1858 2457 2094 2535; x_wconf 8' lang='lat' dir='ltr'><strong>posturag</strong></span> <span class='ocrx_word' id='word_1_450' title='bbox 2116 2465 2181 2505; x_wconf 80' lang='lat' dir='ltr'><strong>ex</strong></span> <span class='ocrx_word' id='word_1_451' title='bbox 2225 2450 2339 2535; x_wconf 76' lang='lat' dir='ltr'><strong>ipsa</strong></span> <span class='ocrx_word' id='word_1_452' title='bbox 2369 2452 2765 2535; x_wconf 67' lang='lat' dir='ltr'><strong>subscriptione</strong></span> <span class='ocrx_word' id='word_1_453' title='bbox 2791 2458 3192 2531; x_wconf 89' lang='lat' dir='ltr'><strong>episcoporum,</strong></span> <span class='ocrx_word' id='word_1_454' title='bbox 3222 2478 3326 2531; x_wconf 87' lang='lat' dir='ltr'><strong>qua</strong></span> <span class='ocrx_word' id='word_1_455' title='bbox 3354 2465 3440 2535; x_wconf 86' lang='lat' dir='ltr'><strong>(ut</strong></span> 
     </span>
    </p>
   </div>
   <div class='ocr_carea' id='block_1_85' title="bbox 1855 2521 3476 2593">
    <p class='ocr_par' dir='ltr' id='par_1_85' title="bbox 1855 2521 3476 2593">
     <span class='ocr_line' id='line_1_85' title="bbox 1855 2521 3476 2593; baseline 0.01 -22"><span class='ocrx_word' id='word_1_456' title='bbox 1855 2535 1919 2572; x_wconf 84' lang='lat' dir='ltr'><strong>ex</strong></span> <span class='ocrx_word' id='word_1_457' title='bbox 1945 2533 2108 2593; x_wconf 79' lang='lat' dir='ltr'><strong>supra</strong></span> <span class='ocrx_word' id='word_1_458' title='bbox 2134 2521 2329 2593; x_wconf 75' lang='lat' dir='ltr'><strong>positis</strong></span> <span class='ocrx_word' id='word_1_459' title='bbox 2348 2521 2605 2593; x_wconf 85' lang='lat' dir='ltr'><strong>vidimus)</strong></span> <span class='ocrx_word' id='word_1_460' title='bbox 2635 2521 2954 2593; x_wconf 74' lang='lat' dir='ltr'><strong>profitentur</strong></span> <span class='ocrx_word' id='word_1_461' title='bbox 2979 2521 3264 2587; x_wconf 72' lang='lat' dir='ltr'><strong>cumesse</strong></span> <span class='ocrx_word' id='word_1_462' title='bbox 3289 2521 3436 2587; x_wconf 76' lang='lat' dir='ltr'><strong>coin-</strong></span> <span class='ocrx_word' id='word_1_463' title='bbox 3472 2534 3476 2540; x_wconf 73' lang='grc'><em>’</em></span> 
     </span>
    </p>
   </div>
   <div class='ocr_carea' id='block_1_86' title="bbox 1857 2589 3475 2714">
    <p class='ocr_par' dir='ltr' id='par_1_86' title="bbox 1857 2589 3475 2714">
     <span class='ocr_line' id='line_1_86' title="bbox 1857 2589 3475 2714; baseline 0.011 -75"><span class='ocrx_word' id='word_1_464' title='bbox 1857 2589 2147 2670; x_wconf 81' lang='lat' dir='ltr'><strong>monitorio</strong></span> <span class='ocrx_word' id='word_1_465' title='bbox 2160 2605 2273 2714; x_wconf 47' lang='lat' dir='ltr'><strong>(pro</strong></span> <span class='ocrx_word' id='word_1_466' title='bbox 2301 2591 2477 2646; x_wconf 86' lang='lat' dir='ltr'><strong>Photii</strong></span> <span class='ocrx_word' id='word_1_467' title='bbox 2510 2589 2848 2651; x_wconf 55' lang='lat' dir='ltr'><strong>reSti&#39;tutione</strong></span> <span class='ocrx_word' id='word_1_468' title='bbox 2882 2598 3243 2656; x_wconf 86' lang='lat' dir='ltr'><strong>subscribere.</strong></span> <span class='ocrx_word' id='word_1_469' title='bbox 3277 2602 3431 2669; x_wconf 84' lang='lat' dir='ltr'><strong>Quod</strong></span> <span class='ocrx_word' id='word_1_470' title='bbox 3467 2622 3475 2629; x_wconf 62' lang='grc' dir='ltr'><em>ί</em></span> 
     </span>
     <span class='ocr_line' id='line_1_87' title="bbox 1857 2662 3434 2714; baseline 0.001 -2"><span class='ocrx_word' id='word_1_471' title='bbox 1857 2673 1900 2712; x_wconf 75' lang='lat' dir='ltr'><strong>sn</strong></span> <span class='ocrx_word' id='word_1_472' title='bbox 1928 2674 1994 2712; x_wconf 84' lang='lat' dir='ltr'><strong>ex</strong></span> <span class='ocrx_word' id='word_1_473' title='bbox 2022 2674 2159 2714; x_wconf 87' lang='lat' dir='ltr'><strong>svno</strong></span> <span class='ocrx_word' id='word_1_474' title='bbox 2200 2676 2214 2713; x_wconf 90' lang='grc' dir='ltr'><strong>ι</strong></span> <span class='ocrx_word' id='word_1_475' title='bbox 2238 2662 2503 2714; x_wconf 87' lang='lat' dir='ltr'><strong>sententia</strong></span> <span class='ocrx_word' id='word_1_476' title='bbox 2534 2664 2753 2714; x_wconf 80' lang='lat' dir='ltr'><strong>deﬁnita</strong></span> <span class='ocrx_word' id='word_1_477' title='bbox 2780 2665 2972 2714; x_wconf 71' lang='lat' dir='ltr'><strong>fuisth</strong></span> <span class='ocrx_word' id='word_1_478' title='bbox 2992 2672 3265 2714; x_wconf 74' lang='lat' dir='ltr'><strong>.Inmmiin</strong></span> <span class='ocrx_word' id='word_1_479' title='bbox 3289 2688 3434 2714; x_wconf 76' lang='grc' dir='ltr'><strong>ηη-ιι.</strong></span> 
     </span>
    </p>
   </div>
   <div class='ocr_carea' id='block_1_87' title="bbox 1857 2659 3451 2740">
    <p class='ocr_par' dir='ltr' id='par_1_87' title="bbox 1857 2659 3451 2740">
     <span class='ocr_line' id='line_1_88' title="bbox 1857 2659 3451 2740; baseline 0.01 -28"><span class='ocrx_word' id='word_1_480' title='bbox 1857 2659 1900 2712; x_wconf 94' lang='lat' dir='ltr'><strong>si</strong></span> <span class='ocrx_word' id='word_1_481' title='bbox 1928 2674 1998 2740; x_wconf 53' lang='lat' dir='ltr'><strong>es</strong></span> <span class='ocrx_word' id='word_1_482' title='bbox 2022 2659 2214 2729; x_wconf 90' lang='lat' dir='ltr'><strong>synodi</strong></span> <span class='ocrx_word' id='word_1_483' title='bbox 2238 2662 2503 2740; x_wconf 68' lang='lat' dir='ltr'><strong>sententia</strong></span> <span class='ocrx_word' id='word_1_484' title='bbox 2534 2664 2754 2740; x_wconf 81' lang='lat' dir='ltr'><strong>definita</strong></span> <span class='ocrx_word' id='word_1_485' title='bbox 2779 2665 2972 2723; x_wconf 86' lang='lat' dir='ltr'><strong>fuisset</strong></span> <span class='ocrx_word' id='word_1_486' title='bbox 2992 2672 3265 2726; x_wconf 87' lang='lat' dir='ltr'><strong>damnatio</strong></span> <span class='ocrx_word' id='word_1_487' title='bbox 3287 2659 3451 2727; x_wconf 65' lang='grc' dir='ltr'><strong>ἷιξριι-Δ</strong></span> 
     </span>
    </p>
   </div>
   <div class='ocr_carea' id='block_1_88' title="bbox 1858 2730 3437 2810">
    <p class='ocr_par' dir='ltr' id='par_1_88' title="bbox 1858 2730 3437 2810">
     <span class='ocr_line' id='line_1_89' title="bbox 1858 2730 3437 2810; baseline 0.011 -31"><span class='ocrx_word' id='word_1_488' title='bbox 1858 2730 2086 2810; x_wconf 48' lang='lat' dir='ltr'><strong>mettica;</strong></span> <span class='ocrx_word' id='word_1_489' title='bbox 2112 2730 2303 2801; x_wconf 86' lang='lat' dir='ltr'><strong>synodi</strong></span> <span class='ocrx_word' id='word_1_490' title='bbox 2346 2746 2442 2810; x_wconf 63' lang='lat' dir='ltr'><strong>vn}</strong></span> <span class='ocrx_word' id='word_1_491' title='bbox 2488 2734 3114 2810; x_wconf 68' lang='lat' dir='ltr'><strong>eadetnquecontmissa</strong></span> <span class='ocrx_word' id='word_1_492' title='bbox 3162 2742 3352 2810; x_wconf 88' lang='lat' dir='ltr'><strong>legatis</strong></span> <span class='ocrx_word' id='word_1_493' title='bbox 3383 2742 3437 2797; x_wconf 90' lang='lat' dir='ltr'><strong>in</strong></span> 
     </span>
    </p>
   </div>
   <div class='ocr_carea' id='block_1_89' title="bbox 1856 2796 3439 2881">
    <p class='ocr_par' dir='ltr' id='par_1_89' title="bbox 1856 2796 3439 2881">
     <span class='ocr_line' id='line_1_90' title="bbox 1856 2796 3439 2881; baseline 0.008 -30"><span class='ocrx_word' id='word_1_494' title='bbox 1856 2796 1984 2851; x_wconf 83' lang='lat' dir='ltr'><strong>dato</strong></span> <span class='ocrx_word' id='word_1_495' title='bbox 2013 2798 2121 2881; x_wconf 73' lang='lat' dir='ltr'><strong>illis</strong></span> <span class='ocrx_word' id='word_1_496' title='bbox 2140 2796 2578 2881; x_wconf 66' lang='lat' dir='ltr'><strong>&#39;comntonitorio</strong></span> <span class='ocrx_word' id='word_1_497' title='bbox 2602 2843 2616 2869; x_wconf 92' lang='lat'><strong>,</strong></span> <span class='ocrx_word' id='word_1_498' title='bbox 2648 2796 2905 2861; x_wconf 73' lang='lat' dir='ltr'><strong>credibile</strong></span> <span class='ocrx_word' id='word_1_499' title='bbox 2934 2809 3117 2881; x_wconf 74' lang='lat' dir='ltr'><strong>utique</strong></span> <span class='ocrx_word' id='word_1_500' title='bbox 3147 2796 3243 2881; x_wconf 52' lang='lat' dir='ltr'><strong>es?</strong></span> <span class='ocrx_word' id='word_1_501' title='bbox 3267 2796 3439 2881; x_wconf 83' lang='lat' dir='ltr'><strong>magis</strong></span> 
     </span>
    </p>
   </div>
   <div class='ocr_carea' id='block_1_90' title="bbox 1856 2867 3440 2950">
    <p class='ocr_par' dir='ltr' id='par_1_90' title="bbox 1856 2867 3440 2950">
     <span class='ocr_line' id='line_1_91' title="bbox 1856 2867 3440 2950; baseline 0.009 -31"><span class='ocrx_word' id='word_1_502' title='bbox 1856 2867 2125 2950; x_wconf 38' lang='lat' dir='ltr'><strong>eam-suis</strong></span> <span class='ocrx_word' id='word_1_503' title='bbox 2166 2867 2652 2950; x_wconf 74' lang='lat' dir='ltr'><strong>subscriptionibus</strong></span> <span class='ocrx_word' id='word_1_504' title='bbox 2693 2867 3049 2945; x_wconf 71' lang='lat' dir='ltr'><strong>eXpressurus</strong></span> <span class='ocrx_word' id='word_1_505' title='bbox 3085 2878 3249 2934; x_wconf 86' lang='lat' dir='ltr'><strong>fuisse</strong></span> <span class='ocrx_word' id='word_1_506' title='bbox 3276 2867 3440 2950; x_wconf 63' lang='lat' dir='ltr'><strong>quam</strong></span> 
     </span>
    </p>
   </div>
   <div class='ocr_carea' id='block_1_91' title="bbox 1858 2935 2493 2995">
    <p class='ocr_par' dir='ltr' id='par_1_91' title="bbox 1858 2935 2493 2995">
     <span class='ocr_line' id='line_1_92' title="bbox 1858 2935 2493 2995; baseline 0.008 -5"><span class='ocrx_word' id='word_1_507' title='bbox 1858 2935 2034 2992; x_wconf 86' lang='lat' dir='ltr'><strong>Photii</strong></span> <span class='ocrx_word' id='word_1_508' title='bbox 2072 2935 2493 2995; x_wconf 79' lang='lat' dir='ltr'><strong>restitutionem.</strong></span> 
     </span>
    </p>
   </div>
   <div class='ocr_carea' id='block_1_92' title="bbox 2497 3033 2812 3091">
    <p class='ocr_par' dir='ltr' id='par_1_92' title="bbox 2497 3033 2812 3091">
     <span class='ocr_line' id='line_1_93' title="bbox 2497 3033 2812 3091; baseline 0.006 -2"><span class='ocrx_word' id='word_1_509' title='bbox 2497 3033 2812 3091; x_wconf 78' lang='lat' dir='ltr'><strong>CCXLVIII.</strong></span> 
     </span>
    </p>
   </div>
   <div class='ocr_carea' id='block_1_93' title="bbox 2294 3138 3405 3190">
    <p class='ocr_par' dir='ltr' id='par_1_93' title="bbox 2294 3138 3405 3190">
     <span class='ocr_line' id='line_1_94' title="bbox 2294 3138 3405 3190; baseline 0.013 -14"><span class='ocrx_word' id='word_1_510' title='bbox 2294 3138 2454 3179; x_wconf 74' lang='lat' dir='ltr'><strong>PATRI</strong></span> <span class='ocrx_word' id='word_1_511' title='bbox 2463 3139 2487 3177; x_wconf 75' lang='grc' dir='ltr'><strong>Δ</strong></span> <span class='ocrx_word' id='word_1_512' title='bbox 2496 3139 2670 3180; x_wconf 62' lang='lat' dir='ltr'><strong>“CBAN</strong></span> <span class='ocrx_word' id='word_1_513' title='bbox 2713 3143 3198 3188; x_wconf 70' lang='lat' dir='ltr'><strong>CONSTANTINOPOLI</strong></span> <span class='ocrx_word' id='word_1_514' title='bbox 3206 3149 3405 3190; x_wconf 75' lang='grc' dir='ltr'><strong>τΛΝΰΙ.</strong></span> 
     </span>
    </p>
   </div>
   <div class='ocr_carea' id='block_1_94' title="bbox 2479 3211 2841 3286">
    <p class='ocr_par' dir='ltr' id='par_1_94' title="bbox 2479 3211 2841 3286">
     <span class='ocr_line' id='line_1_95' title="bbox 2479 3211 2841 3286; baseline 0.014 -22"><span class='ocrx_word' id='word_1_515' title='bbox 2479 3211 2659 3281; x_wconf 84' lang='lat' dir='ltr'><strong>(Anno</strong></span> <span class='ocrx_word' id='word_1_516' title='bbox 2691 3214 2841 3286; x_wconf 82' lang='lat'><strong>8&#39;19.)</strong></span> 
     </span>
    </p>
   </div>
   <div class='ocr_carea' id='block_1_95' title="bbox 1865 3296 3448 3374">
    <p class='ocr_par' dir='ltr' id='par_1_95' title="bbox 1865 3296 3448 3374">
     <span class='ocr_line' id='line_1_96' title="bbox 1865 3296 3448 3374; baseline 0.011 -25"><span class='ocrx_word' id='word_1_517' title='bbox 1865 3296 2112 3374; x_wconf 67' lang='lat' dir='ltr'><strong>Pltotiunt</strong></span> <span class='ocrx_word' id='word_1_518' title='bbox 2156 3299 2515 3374; x_wconf 71' lang='lat' dir='ltr'><strong>patriarcliam</strong></span> <span class='ocrx_word' id='word_1_519' title='bbox 2565 3298 3202 3374; x_wconf 73' lang='lat' dir='ltr'><strong>Constantinopolitanum</strong></span> <span class='ocrx_word' id='word_1_520' title='bbox 3248 3314 3448 3367; x_wconf 75' lang='lat' dir='ltr'><strong>consti-</strong></span> 
     </span>
    </p>
   </div>
   <div class='ocr_carea' id='block_1_96' title="bbox 1929 3367 3447 3443">
    <p class='ocr_par' dir='ltr' id='par_1_96' title="bbox 1929 3367 3447 3443">
     <span class='ocr_line' id='line_1_97' title="bbox 1929 3367 3447 3443; baseline 0.011 -24"><span class='ocrx_word' id='word_1_521' title='bbox 1929 3368 2056 3443; x_wconf 71' lang='lat' dir='ltr'><strong>tuit,</strong></span> <span class='ocrx_word' id='word_1_522' title='bbox 2077 3367 2367 3443; x_wconf 61' lang='lat' dir='ltr'><strong>dummodo</strong></span> <span class='ocrx_word' id='word_1_523' title='bbox 2390 3369 2447 3422; x_wconf 87' lang='lat' dir='ltr'><strong>in</strong></span> <span class='ocrx_word' id='word_1_524' title='bbox 2475 3371 2673 3443; x_wconf 62' lang='lat' dir='ltr'><strong>synodo</strong></span> <span class='ocrx_word' id='word_1_525' title='bbox 2701 3367 3190 3443; x_wconf 59' lang='lat' dir='ltr'><strong>renititu&#39;postulet;</strong></span> <span class='ocrx_word' id='word_1_526' title='bbox 3217 3380 3447 3436; x_wconf 83' lang='lat' dir='ltr'><strong>decernit</strong></span> 
     </span>
    </p>
   </div>
   <div class='ocr_carea' id='block_1_97' title="bbox 1931 3435 3443 3507">
    <p class='ocr_par' dir='ltr' id='par_1_97' title="bbox 1931 3435 3443 3507">
     <span class='ocr_line' id='line_1_98' title="bbox 1931 3435 3443 3507; baseline 0.01 -18"><span class='ocrx_word' id='word_1_527' title='bbox 1931 3452 1994 3490; x_wconf 88' lang='lat' dir='ltr'><strong>ne</strong></span> <span class='ocrx_word' id='word_1_528' title='bbox 2023 3437 2262 3507; x_wconf 80' lang='lat' dir='ltr'><strong>deinceps</strong></span> <span class='ocrx_word' id='word_1_529' title='bbox 2291 3435 2431 3493; x_wconf 77' lang='lat' dir='ltr'><strong>aL’ns</strong></span> <span class='ocrx_word' id='word_1_530' title='bbox 2461 3435 2665 3493; x_wconf 44' lang='lat' dir='ltr'><strong>e’laicis</strong></span> <span class='ocrx_word' id='word_1_531' title='bbox 2698 3440 2751 3493; x_wconf 90' lang='lat' dir='ltr'><strong>in</strong></span> <span class='ocrx_word' id='word_1_532' title='bbox 2780 3435 2959 3496; x_wconf 70' lang='lat' dir='ltr'><strong>eadem</strong></span> <span class='ocrx_word' id='word_1_533' title='bbox 2993 3435 3230 3501; x_wconf 76' lang='lat' dir='ltr'><strong>Ecclesia</strong></span> <span class='ocrx_word' id='word_1_534' title='bbox 3266 3452 3443 3504; x_wconf 68' lang='lat' dir='ltr'><strong>staiim</strong></span> 
     </span>
    </p>
   </div>
   <div class='ocr_carea' id='block_1_98' title="bbox 1928 3507 3444 3584">
    <p class='ocr_par' dir='ltr' id='par_1_98' title="bbox 1928 3507 3444 3584">
     <span class='ocr_line' id='line_1_99' title="bbox 1928 3507 3444 3584; baseline 0.008 -26"><span class='ocrx_word' id='word_1_535' title='bbox 1928 3507 2200 3584; x_wconf 54' lang='lat' dir='ltr'><strong>episcopus</strong></span> <span class='ocrx_word' id='word_1_536' title='bbox 2226 3507 2514 3584; x_wconf 57' lang='lat' dir='ltr'><strong>grdinetnr</strong></span> <span class='ocrx_word' id='word_1_537' title='bbox 2553 3524 2572 3561; x_wconf 93' lang='lat'><strong><em>:</em></strong></span> <span class='ocrx_word' id='word_1_538' title='bbox 2609 3509 2760 3584; x_wconf 62' lang='lat' dir='ltr'><strong>jubet</strong></span> <span class='ocrx_word' id='word_1_539' title='bbox 2805 3509 3144 3584; x_wconf 83' lang='lat' dir='ltr'><strong>Bnlgaricam</strong></span> <span class='ocrx_word' id='word_1_540' title='bbox 3186 3518 3444 3572; x_wconf 66' lang='lat' dir='ltr'><strong>dioecesim</strong></span> 
     </span>
    </p>
   </div>
   <div class='ocr_carea' id='block_1_99' title="bbox 1933 3572 3371 3635">
    <p class='ocr_par' dir='ltr' id='par_1_99' title="bbox 1933 3572 3371 3635">
     <span class='ocr_line' id='line_1_100' title="bbox 1933 3572 3371 3635; baseline 0.006 -6"><span class='ocrx_word' id='word_1_541' title='bbox 1933 3572 2186 3635; x_wconf 69' lang='lat' dir='ltr'><strong>Ecclesia:</strong></span> <span class='ocrx_word' id='word_1_542' title='bbox 2212 3576 2471 3633; x_wconf 67' lang='lat' dir='ltr'><strong>Romam:</strong></span> <span class='ocrx_word' id='word_1_543' title='bbox 2497 3572 2720 3634; x_wconf 69' lang='lat' dir='ltr'><strong>restitui.</strong></span> <span class='ocrx_word' id='word_1_544' title='bbox 2911 3572 2933 3584; x_wconf 64' lang='grc'>⁷</span> <span class='ocrx_word' id='word_1_545' title='bbox 2974 3612 2977 3615; x_wconf 96' lang='grc'><strong>-</strong></span> <span class='ocrx_word' id='word_1_546' title='bbox 3299 3630 3309 3635; x_wconf 83' lang='grc'><strong>-</strong></span> <span class='ocrx_word' id='word_1_547' title='bbox 3368 3602 3371 3607; x_wconf 78' lang='grc'><em>’</em></span> 
     </span>
    </p>
   </div>
   <div class='ocr_carea' id='block_1_100' title="bbox 1933 3667 3126 3743">
    <p class='ocr_par' dir='ltr' id='par_1_100' title="bbox 1933 3667 3126 3743">
     <span class='ocr_line' id='line_1_101' title="bbox 1933 3667 3126 3743; baseline 0.007 -22"><span class='ocrx_word' id='word_1_548' title='bbox 1933 3667 2143 3723; x_wconf 80' lang='lat' dir='ltr'><strong>Puorto</strong></span> <span class='ocrx_word' id='word_1_549' title='bbox 2169 3668 2491 3738; x_wconf 72' lang='lat' dir='ltr'><strong>patriarcha:</strong></span> <span class='ocrx_word' id='word_1_550' title='bbox 2511 3669 3126 3743; x_wconf 79' lang='lat' dir='ltr'><strong>Constantinopolitano.</strong></span> 
     </span>
    </p>
   </div>
   <div class='ocr_carea' id='block_1_101' title="bbox 1938 3755 3483 3835">
    <p class='ocr_par' dir='ltr' id='par_1_101' title="bbox 1938 3755 3483 3835">
     <span class='ocr_line' id='line_1_102' title="bbox 1938 3755 3483 3835; baseline 0.011 -28"><span class='ocrx_word' id='word_1_551' title='bbox 1938 3765 1960 3794; x_wconf 74' lang='grc' dir='ltr'><strong>ο</strong></span> <span class='ocrx_word' id='word_1_552' title='bbox 2001 3755 2346 3825; x_wconf 77' lang='lat' dir='ltr'><strong>Experientia</strong></span> <span class='ocrx_word' id='word_1_553' title='bbox 2372 3767 2477 3812; x_wconf 74' lang='lat' dir='ltr'><strong>tute</strong></span> <span class='ocrx_word' id='word_1_554' title='bbox 2502 3760 2815 3829; x_wconf 70' lang='lat' dir='ltr'><strong>prudentiae</strong></span> <span class='ocrx_word' id='word_1_555' title='bbox 2831 3762 3028 3832; x_wconf 84' lang='lat' dir='ltr'><strong>litteris</strong></span> <span class='ocrx_word' id='word_1_556' title='bbox 3053 3765 3328 3835; x_wconf 85' lang='lat' dir='ltr'><strong>pontificio</strong></span> <span class='ocrx_word' id='word_1_557' title='bbox 3353 3783 3452 3823; x_wconf 85' lang='lat' dir='ltr'><strong>no-</strong></span> <span class='ocrx_word' id='word_1_558' title='bbox 3478 3804 3483 3809; x_wconf 92' lang='lat'><em>-</em></span> 
     </span>
    </p>
   </div>
   <div class='ocr_carea' id='block_1_102' title="bbox 1864 3844 3449 3922">
    <p class='ocr_par' dir='ltr' id='par_1_102' title="bbox 1864 3844 3449 3922">
     <span class='ocr_line' id='line_1_103' title="bbox 1864 3844 3449 3922; baseline 0.01 -25"><span class='ocrx_word' id='word_1_559' title='bbox 1864 3852 1979 3898; x_wconf 91' lang='lat' dir='ltr'><strong>stro</strong></span> <span class='ocrx_word' id='word_1_560' title='bbox 2017 3844 2211 3901; x_wconf 86' lang='lat' dir='ltr'><strong>delatis</strong></span> <span class='ocrx_word' id='word_1_561' title='bbox 2259 3847 2399 3903; x_wconf 76' lang='lat' dir='ltr'><strong>satis</strong></span> <span class='ocrx_word' id='word_1_562' title='bbox 2438 3847 2674 3906; x_wconf 87' lang='lat' dir='ltr'><strong>ubertim</strong></span> <span class='ocrx_word' id='word_1_563' title='bbox 2720 3862 3034 3922; x_wconf 87' lang='lat' dir='ltr'><strong>comperta,</strong></span> <span class='ocrx_word' id='word_1_564' title='bbox 3076 3855 3449 3912; x_wconf 83' lang='lat' dir='ltr'><strong>altitonantom</strong></span> 
     </span>
    </p>
   </div>
   <div class='ocr_carea' id='block_1_103' title="bbox 1868 3935 3447 4017">
    <p class='ocr_par' dir='ltr' id='par_1_103' title="bbox 1868 3935 3447 4017">
     <span class='ocr_line' id='line_1_104' title="bbox 1868 3935 3447 4017; baseline 0.009 -25"><span class='ocrx_word' id='word_1_565' title='bbox 1868 3935 2173 4002; x_wconf 86' lang='lat' dir='ltr'><strong>Dominum,</strong></span> <span class='ocrx_word' id='word_1_566' title='bbox 2208 3939 2491 4008; x_wconf 38' lang='lat' dir='ltr'><strong>piissimus.</strong></span> <span class='ocrx_word' id='word_1_567' title='bbox 2512 3941 2562 3996; x_wconf 91' lang='lat' dir='ltr'><strong>ei</strong></span> <span class='ocrx_word' id='word_1_568' title='bbox 2610 3951 2792 4012; x_wconf 84' lang='lat' dir='ltr'><strong>grates</strong></span> <span class='ocrx_word' id='word_1_569' title='bbox 2821 3956 3059 4017; x_wconf 85' lang='lat' dir='ltr'><strong>agentes,</strong></span> <span class='ocrx_word' id='word_1_570' title='bbox 3089 3948 3447 4016; x_wconf 74' lang='lat' dir='ltr'><strong>laudavimus.</strong></span> 
     </span>
    </p>
   </div>
   <div class='ocr_carea' id='block_1_104' title="bbox 1866 4028 3450 4105">
    <p class='ocr_par' dir='ltr' id='par_1_104' title="bbox 1866 4028 3450 4105">
     <span class='ocr_line' id='line_1_105' title="bbox 1866 4028 3450 4105; baseline 0.008 -23"><span class='ocrx_word' id='word_1_571' title='bbox 1866 4028 1960 4099; x_wconf 87' lang='lat' dir='ltr'><strong>qui</strong></span> <span class='ocrx_word' id='word_1_572' title='bbox 1995 4028 2296 4098; x_wconf 87' lang='lat' dir='ltr'><strong>postulatus</strong></span> <span class='ocrx_word' id='word_1_573' title='bbox 2327 4030 2421 4085; x_wconf 87' lang='lat' dir='ltr'><strong>dat</strong></span> <span class='ocrx_word' id='word_1_574' title='bbox 2443 4032 2697 4089; x_wconf 90' lang='lat' dir='ltr'><strong>omnibus</strong></span> <span class='ocrx_word' id='word_1_575' title='bbox 2734 4035 3057 4105; x_wconf 88' lang='lat' dir='ltr'><strong>sapientiam</strong></span> <span class='ocrx_word' id='word_1_576' title='bbox 3079 4078 3094 4103; x_wconf 93' lang='lat'><strong>,</strong></span> <span class='ocrx_word' id='word_1_577' title='bbox 3122 4046 3178 4095; x_wconf 89' lang='lat' dir='ltr'><strong>et</strong></span> <span class='ocrx_word' id='word_1_578' title='bbox 3206 4039 3260 4094; x_wconf 89' lang='lat' dir='ltr'><strong>in</strong></span> <span class='ocrx_word' id='word_1_579' title='bbox 3287 4040 3450 4097; x_wconf 90' lang='lat' dir='ltr'><strong>domo</strong></span> 
     </span>
    </p>
   </div>
   <div class='ocr_carea' id='block_1_105' title="bbox 1869 4116 3454 4202">
    <p class='ocr_par' dir='ltr' id='par_1_105' title="bbox 1869 4116 3454 4202">
     <span class='ocr_line' id='line_1_106' title="bbox 1869 4116 3454 4202; baseline 0.011 -31"><span class='ocrx_word' id='word_1_580' title='bbox 1869 4116 2077 4193; x_wconf 86' lang='lat' dir='ltr'><strong>faciens</strong></span> <span class='ocrx_word' id='word_1_581' title='bbox 2104 4119 2389 4176; x_wconf 87' lang='lat' dir='ltr'><strong>unanimes</strong></span> <span class='ocrx_word' id='word_1_582' title='bbox 2420 4121 2667 4178; x_wconf 88' lang='lat' dir='ltr'><strong>habitare</strong></span> <span class='ocrx_word' id='word_1_583' title='bbox 2688 4165 2704 4186; x_wconf 89' lang='lat'><strong><em>.</em></strong></span> <span class='ocrx_word' id='word_1_584' title='bbox 2744 4125 2917 4181; x_wconf 87' lang='lat' dir='ltr'><strong>salvat</strong></span> <span class='ocrx_word' id='word_1_585' title='bbox 2941 4143 3135 4184; x_wconf 85' lang='lat' dir='ltr'><strong>omnes</strong></span> <span class='ocrx_word' id='word_1_586' title='bbox 3161 4130 3214 4185; x_wconf 93' lang='lat' dir='ltr'><strong>in</strong></span> <span class='ocrx_word' id='word_1_587' title='bbox 3243 4145 3304 4186; x_wconf 87' lang='lat' dir='ltr'><strong>se</strong></span> <span class='ocrx_word' id='word_1_588' title='bbox 3329 4144 3454 4202; x_wconf 83' lang='lat' dir='ltr'><strong>spe-</strong></span> 
     </span>
    </p>
   </div>
   <div class='ocr_carea' id='block_1_106' title="bbox 1870 4212 3447 4292">
    <p class='ocr_par' dir='ltr' id='par_1_106' title="bbox 1870 4212 3447 4292">
     <span class='ocr_line' id='line_1_107' title="bbox 1870 4212 3447 4292; baseline 0.011 -31"><span class='ocrx_word' id='word_1_589' title='bbox 1870 4216 2075 4275; x_wconf 86' lang='lat' dir='ltr'><strong>rantes,</strong></span> <span class='ocrx_word' id='word_1_590' title='bbox 2099 4218 2154 4266; x_wconf 86' lang='lat' dir='ltr'><strong>et</strong></span> <span class='ocrx_word' id='word_1_591' title='bbox 2179 4212 2414 4281; x_wconf 88' lang='lat' dir='ltr'><strong>protegit</strong></span> <span class='ocrx_word' id='word_1_592' title='bbox 2435 4228 2495 4268; x_wconf 89' lang='lat' dir='ltr'><strong>se</strong></span> <span class='ocrx_word' id='word_1_593' title='bbox 2524 4213 2576 4267; x_wconf 91' lang='lat' dir='ltr'><strong>in</strong></span> <span class='ocrx_word' id='word_1_594' title='bbox 2604 4215 2832 4272; x_wconf 87' lang='lat' dir='ltr'><strong>veritate</strong></span> <span class='ocrx_word' id='word_1_595' title='bbox 2856 4228 3196 4287; x_wconf 66' lang='lat' dir='ltr'><strong>qurereutes;</strong></span> <span class='ocrx_word' id='word_1_596' title='bbox 3229 4221 3321 4292; x_wconf 87' lang='lat' dir='ltr'><strong>qui</strong></span> <span class='ocrx_word' id='word_1_597' title='bbox 3348 4238 3447 4278; x_wconf 87' lang='lat' dir='ltr'><strong>ne-</strong></span> 
     </span>
    </p>
   </div>
   <div class='ocr_carea' id='block_1_107' title="bbox 1893 3135 2241 3176">
    <p class='ocr_par' dir='ltr' id='par_1_107' title="bbox 1893 3135 2241 3176">
     <span class='ocr_line' id='line_1_108' title="bbox 1893 3135 2241 3176; baseline 0.009 -3"><span class='ocrx_word' id='word_1_598' title='bbox 1893 3135 1962 3174; x_wconf 77' lang='grc' dir='ltr'><strong>Δῐ)</strong></span> <span class='ocrx_word' id='word_1_599' title='bbox 2002 3136 2241 3176; x_wconf 73' lang='grc' dir='ltr'><strong>1³1101³1οΜ</strong></span> 
     </span>
    </p>
   </div>
   <div class='ocr_carea' id='block_1_108' title="bbox 1845 4300 3448 4386">
    <p class='ocr_par' dir='ltr' id='par_1_108' title="bbox 1845 4300 3448 4386">
     <span class='ocr_line' id='line_1_109' title="bbox 1845 4300 3448 4386; baseline 0.01 -34"><span class='ocrx_word' id='word_1_600' title='bbox 1845 4313 1975 4386; x_wconf 28' lang='lat' dir='ltr'><strong>.que</strong></span> <span class='ocrx_word' id='word_1_601' title='bbox 1999 4300 2214 4369; x_wconf 89' lang='lat' dir='ltr'><strong>probos,</strong></span> <span class='ocrx_word' id='word_1_602' title='bbox 2247 4316 2390 4367; x_wconf 89' lang='lat' dir='ltr'><strong>reos,</strong></span> <span class='ocrx_word' id='word_1_603' title='bbox 2418 4317 2593 4372; x_wconf 89' lang='lat' dir='ltr'><strong>neque</strong></span> <span class='ocrx_word' id='word_1_604' title='bbox 2620 4302 2749 4358; x_wconf 80' lang='lat' dir='ltr'><strong>facit</strong></span> <span class='ocrx_word' id='word_1_605' title='bbox 2773 4306 2913 4375; x_wconf 89' lang='lat' dir='ltr'><strong>pios,</strong></span> <span class='ocrx_word' id='word_1_606' title='bbox 2939 4315 3201 4378; x_wconf 87' lang='lat' dir='ltr'><strong>tyrannos</strong></span> <span class='ocrx_word' id='word_1_607' title='bbox 3225 4329 3240 4364; x_wconf 85' lang='lat'><strong>:</strong></span> <span class='ocrx_word' id='word_1_608' title='bbox 3267 4324 3448 4368; x_wconf 86' lang='lat' dir='ltr'><strong>tamen</strong></span> 
     </span>
    </p>
   </div>
   <div class='ocr_carea' id='block_1_109' title="bbox 1847 4390 3456 4468">
    <p class='ocr_par' dir='ltr' id='par_1_109' title="bbox 1847 4390 3456 4468">
     <span class='ocr_line' id='line_1_110' title="bbox 1847 4390 3456 4468; baseline 0.009 -26"><span class='ocrx_word' id='word_1_609' title='bbox 1847 4390 2009 4459; x_wconf 70' lang='lat' dir='ltr'><strong>&#39;juste</strong></span> <span class='ocrx_word' id='word_1_610' title='bbox 2030 4390 2304 4460; x_wconf 90' lang='lat' dir='ltr'><strong>judicans,</strong></span> <span class='ocrx_word' id='word_1_611' title='bbox 2345 4392 2518 4447; x_wconf 87' lang='lat' dir='ltr'><strong>beatis</strong></span> <span class='ocrx_word' id='word_1_612' title='bbox 2541 4394 2869 4463; x_wconf 85' lang='lat' dir='ltr'><strong>quibuslibet</strong></span> <span class='ocrx_word' id='word_1_613' title='bbox 2897 4407 3097 4453; x_wconf 72' lang='lat' dir='ltr'><strong>reterns</strong></span> <span class='ocrx_word' id='word_1_614' title='bbox 3126 4401 3371 4468; x_wconf 68' lang='lat' dir='ltr'><strong>pricmia,</strong></span> <span class='ocrx_word' id='word_1_615' title='bbox 3397 4411 3456 4457; x_wconf 84' lang='lat' dir='ltr'><strong>et</strong></span> 
     </span>
    </p>
   </div>
   <div class='ocr_carea' id='block_1_110' title="bbox 1875 4479 3450 4559">
    <p class='ocr_par' dir='ltr' id='par_1_110' title="bbox 1875 4479 3450 4559">
     <span class='ocr_line' id='line_1_111' title="bbox 1875 4479 3450 4559; baseline 0.008 -26"><span class='ocrx_word' id='word_1_616' title='bbox 1875 4479 2208 4545; x_wconf 78' lang='lat' dir='ltr'><strong>infelicibus,</strong></span> <span class='ocrx_word' id='word_1_617' title='bbox 2254 4492 2532 4536; x_wconf 88' lang='lat' dir='ltr'><strong>reservato</strong></span> <span class='ocrx_word' id='word_1_618' title='bbox 2557 4483 2776 4538; x_wconf 87' lang='lat' dir='ltr'><strong>interim</strong></span> <span class='ocrx_word' id='word_1_619' title='bbox 2804 4487 3158 4554; x_wconf 74' lang='lat' dir='ltr'><strong>pmnitudinis</strong></span> <span class='ocrx_word' id='word_1_620' title='bbox 3186 4495 3450 4559; x_wconf 83' lang='lat' dir='ltr'><strong>tempore,</strong></span> 
     </span>
    </p>
   </div>
   <div class='ocr_carea' id='block_1_111' title="bbox 1876 4570 3457 4650">
    <p class='ocr_par' dir='ltr' id='par_1_111' title="bbox 1876 4570 3457 4650">
     <span class='ocr_line' id='line_1_112' title="bbox 1876 4570 3457 4650; baseline 0.008 -25"><span class='ocrx_word' id='word_1_621' title='bbox 1876 4571 1981 4626; x_wconf 89' lang='lat' dir='ltr'><strong>nisi</strong></span> <span class='ocrx_word' id='word_1_622' title='bbox 2008 4570 2363 4650; x_wconf 82' lang='lat' dir='ltr'><strong>resipuerint,</strong></span> <span class='ocrx_word' id='word_1_623' title='bbox 2393 4580 2595 4627; x_wconf 68' lang='lat' dir='ltr'><strong>aeterna</strong></span> <span class='ocrx_word' id='word_1_624' title='bbox 2622 4573 2832 4629; x_wconf 86' lang='lat' dir='ltr'><strong>confert</strong></span> <span class='ocrx_word' id='word_1_625' title='bbox 2862 4575 3144 4646; x_wconf 83' lang='lat' dir='ltr'><strong>supplicia.</strong></span> <span class='ocrx_word' id='word_1_626' title='bbox 3177 4577 3457 4637; x_wconf 65' lang='lat' dir='ltr'><strong>Prae-dictis</strong></span> 
     </span>
    </p>
   </div>
   <div class='ocr_carea' id='block_1_112' title="bbox 1875 4660 3485 4738">
    <p class='ocr_par' dir='ltr' id='par_1_112' title="bbox 1875 4660 3485 4738">
     <span class='ocr_line' id='line_1_113' title="bbox 1875 4660 3485 4738; baseline 0.007 -24"><span class='ocrx_word' id='word_1_627' title='bbox 1875 4675 2090 4731; x_wconf 90' lang='lat' dir='ltr'><strong>quoque</strong></span> <span class='ocrx_word' id='word_1_628' title='bbox 2138 4660 2333 4715; x_wconf 85' lang='lat' dir='ltr'><strong>litteris</strong></span> <span class='ocrx_word' id='word_1_629' title='bbox 2382 4665 2651 4732; x_wconf 67' lang='lat' dir='ltr'><strong>praeconia</strong></span> <span class='ocrx_word' id='word_1_630' title='bbox 2681 4673 2867 4720; x_wconf 87' lang='lat' dir='ltr'><strong>nostra</strong></span> <span class='ocrx_word' id='word_1_631' title='bbox 2918 4666 3176 4738; x_wconf 88' lang='lat' dir='ltr'><strong>legentes,</strong></span> <span class='ocrx_word' id='word_1_632' title='bbox 3206 4667 3485 4727; x_wconf 65' lang='lat' dir='ltr'><strong>allectum-</strong></span> 
     </span>
    </p>
   </div>
   <div class='ocr_carea' id='block_1_113' title="bbox 1877 4751 3455 4831">
    <p class='ocr_par' dir='ltr' id='par_1_113' title="bbox 1877 4751 3455 4831">
     <span class='ocr_line' id='line_1_114' title="bbox 1877 4751 3455 4831; baseline 0.01 -27"><span class='ocrx_word' id='word_1_633' title='bbox 1877 4759 2026 4807; x_wconf 88' lang='lat' dir='ltr'><strong>tuum</strong></span> <span class='ocrx_word' id='word_1_634' title='bbox 2068 4751 2440 4822; x_wconf 85' lang='lat' dir='ltr'><strong>cognovimus,</strong></span> <span class='ocrx_word' id='word_1_635' title='bbox 2465 4763 2523 4807; x_wconf 87' lang='lat' dir='ltr'><strong>et</strong></span> <span class='ocrx_word' id='word_1_636' title='bbox 2546 4769 2708 4825; x_wconf 90' lang='lat' dir='ltr'><strong>quam</strong></span> <span class='ocrx_word' id='word_1_637' title='bbox 2736 4756 2812 4811; x_wconf 89' lang='lat' dir='ltr'><strong>sis</strong></span> <span class='ocrx_word' id='word_1_638' title='bbox 2841 4772 2987 4813; x_wconf 88' lang='lat' dir='ltr'><strong>nunc</strong></span> <span class='ocrx_word' id='word_1_639' title='bbox 3006 4773 3134 4831; x_wconf 86' lang='lat' dir='ltr'><strong>erga</strong></span> <span class='ocrx_word' id='word_1_640' title='bbox 3162 4774 3260 4818; x_wconf 88' lang='lat' dir='ltr'><strong>nos</strong></span> <span class='ocrx_word' id='word_1_641' title='bbox 3284 4762 3455 4819; x_wconf 82' lang='lat' dir='ltr'><strong>devo-</strong></span> 
     </span>
    </p>
   </div>
   <div class='ocr_carea' id='block_1_114' title="bbox 1880 4841 3459 4923">
    <p class='ocr_par' dir='ltr' id='par_1_114' title="bbox 1880 4841 3459 4923">
     <span class='ocr_line' id='line_1_115' title="bbox 1880 4841 3459 4923; baseline 0.007 -27"><span class='ocrx_word' id='word_1_642' title='bbox 1880 4852 1986 4906; x_wconf 88' lang='lat' dir='ltr'><strong>tus,</strong></span> <span class='ocrx_word' id='word_1_643' title='bbox 2016 4842 2152 4897; x_wconf 87' lang='lat' dir='ltr'><strong>satis</strong></span> <span class='ocrx_word' id='word_1_644' title='bbox 2176 4841 2456 4898; x_wconf 83' lang='lat' dir='ltr'><strong>evidenter</strong></span> <span class='ocrx_word' id='word_1_645' title='bbox 2484 4845 2784 4913; x_wconf 85' lang='lat' dir='ltr'><strong>reperimus</strong></span> <span class='ocrx_word' id='word_1_646' title='bbox 2811 4864 2825 4899; x_wconf 90' lang='lat'>:</span> <span class='ocrx_word' id='word_1_647' title='bbox 2857 4862 3045 4907; x_wconf 86' lang='lat' dir='ltr'><strong>verum</strong></span> <span class='ocrx_word' id='word_1_648' title='bbox 3084 4850 3139 4905; x_wconf 90' lang='lat' dir='ltr'><strong>in</strong></span> <span class='ocrx_word' id='word_1_649' title='bbox 3167 4867 3278 4923; x_wconf 87' lang='lat' dir='ltr'><strong>quo</strong></span> <span class='ocrx_word' id='word_1_650' title='bbox 3301 4853 3459 4909; x_wconf 85' lang='lat' dir='ltr'><strong>nobis</strong></span> 
     </span>
    </p>
   </div>
   <div class='ocr_carea' id='block_1_115' title="bbox 1880 4932 3461 5008">
    <p class='ocr_par' dir='ltr' id='par_1_115' title="bbox 1880 4932 3461 5008">
     <span class='ocr_line' id='line_1_116' title="bbox 1880 4932 3461 5008; baseline 0.008 -23"><span class='ocrx_word' id='word_1_651' title='bbox 1880 4943 2065 4989; x_wconf 88' lang='lat' dir='ltr'><strong>nostra</strong></span> <span class='ocrx_word' id='word_1_652' title='bbox 2103 4933 2294 4989; x_wconf 89' lang='lat' dir='ltr'><strong>merita</strong></span> <span class='ocrx_word' id='word_1_653' title='bbox 2322 4947 2427 4988; x_wconf 91' lang='lat' dir='ltr'><strong>nou</strong></span> <span class='ocrx_word' id='word_1_654' title='bbox 2461 4932 2845 5005; x_wconf 78' lang='lat' dir='ltr'><strong>suﬁ‘ragantur,</strong></span> <span class='ocrx_word' id='word_1_655' title='bbox 2872 4937 2982 4993; x_wconf 88' lang='lat' dir='ltr'><strong>Deo</strong></span> <span class='ocrx_word' id='word_1_656' title='bbox 3005 4939 3326 4997; x_wconf 88' lang='lat' dir='ltr'><strong>dimittimus</strong></span> <span class='ocrx_word' id='word_1_657' title='bbox 3352 4957 3367 5008; x_wconf 89' lang='lat'><strong>;</strong></span> <span class='ocrx_word' id='word_1_658' title='bbox 3404 4951 3461 4997; x_wconf 91' lang='lat' dir='ltr'><strong>et</strong></span> 
     </span>
    </p>
   </div>
   <div class='ocr_carea' id='block_1_116' title="bbox 1882 5024 3458 5100">
    <p class='ocr_par' dir='ltr' id='par_1_116' title="bbox 1882 5024 3458 5100">
     <span class='ocr_line' id='line_1_117' title="bbox 1882 5024 3458 5100; baseline 0.005 -22"><span class='ocrx_word' id='word_1_659' title='bbox 1882 5024 1937 5079; x_wconf 93' lang='lat' dir='ltr'><strong>iu</strong></span> <span class='ocrx_word' id='word_1_660' title='bbox 1963 5040 2072 5094; x_wconf 90' lang='lat' dir='ltr'><strong>quo</strong></span> <span class='ocrx_word' id='word_1_661' title='bbox 2098 5040 2199 5081; x_wconf 89' lang='lat' dir='ltr'><strong>nos</strong></span> <span class='ocrx_word' id='word_1_662' title='bbox 2233 5025 2484 5081; x_wconf 88' lang='lat' dir='ltr'><strong>humanis</strong></span> <span class='ocrx_word' id='word_1_663' title='bbox 2513 5025 2764 5083; x_wconf 89' lang='lat' dir='ltr'><strong>laudibus</strong></span> <span class='ocrx_word' id='word_1_664' title='bbox 2801 5028 3108 5100; x_wconf 88' lang='lat' dir='ltr'><strong>quicunque</strong></span> <span class='ocrx_word' id='word_1_665' title='bbox 3149 5031 3458 5100; x_wconf 83' lang='lat' dir='ltr'><strong>mortalium</strong></span> 
     </span>
    </p>
   </div>
   <div class='ocr_carea' id='block_1_117' title="bbox 1880 5116 3459 5190">
    <p class='ocr_par' dir='ltr' id='par_1_117' title="bbox 1880 5116 3459 5190">
     <span class='ocr_line' id='line_1_118' title="bbox 1880 5116 3459 5190; baseline 0.004 -15"><span class='ocrx_word' id='word_1_666' title='bbox 1880 5116 2095 5175; x_wconf 80' lang='lat' dir='ltr'><strong>elevare</strong></span> <span class='ocrx_word' id='word_1_667' title='bbox 2137 5126 2427 5184; x_wconf 85' lang='lat' dir='ltr'><strong>conantur,</strong></span> <span class='ocrx_word' id='word_1_668' title='bbox 2471 5120 2814 5190; x_wconf 84' lang='lat' dir='ltr'><strong>fragilitatem</strong></span> <span class='ocrx_word' id='word_1_669' title='bbox 2856 5134 3065 5180; x_wconf 72' lang='lat' dir='ltr'><strong>natura:</strong></span> <span class='ocrx_word' id='word_1_670' title='bbox 3104 5134 3306 5181; x_wconf 71' lang='lat' dir='ltr'><strong>nostrae</strong></span> <span class='ocrx_word' id='word_1_671' title='bbox 3336 5140 3459 5181; x_wconf 88' lang='lat' dir='ltr'><strong>cum</strong></span> 
     </span>
    </p>
   </div>
   <div class='ocr_carea' id='block_1_118' title="bbox 1882 5208 3459 5286">
    <p class='ocr_par' dir='ltr' id='par_1_118' title="bbox 1882 5208 3459 5286">
     <span class='ocr_line' id='line_1_119' title="bbox 1882 5208 3459 5286; baseline 0.007 -24"><span class='ocrx_word' id='word_1_672' title='bbox 1882 5223 2089 5263; x_wconf 85' lang='lat' dir='ltr'><strong>summa</strong></span> <span class='ocrx_word' id='word_1_673' title='bbox 2135 5208 2440 5277; x_wconf 86' lang='lat' dir='ltr'><strong>formidine,</strong></span> <span class='ocrx_word' id='word_1_674' title='bbox 2481 5214 2670 5268; x_wconf 87' lang='lat' dir='ltr'><strong>eodem</strong></span> <span class='ocrx_word' id='word_1_675' title='bbox 2717 5215 2827 5271; x_wconf 86' lang='lat' dir='ltr'><strong>Deo</strong></span> <span class='ocrx_word' id='word_1_676' title='bbox 2873 5232 2984 5286; x_wconf 66' lang='lat' dir='ltr'><strong>prae</strong></span> <span class='ocrx_word' id='word_1_677' title='bbox 3032 5217 3202 5272; x_wconf 87' lang='lat' dir='ltr'><strong>oculis</strong></span> <span class='ocrx_word' id='word_1_678' title='bbox 3252 5218 3459 5283; x_wconf 85' lang='lat' dir='ltr'><strong>habito,</strong></span> 
     </span>
    </p>
   </div>
   <div class='ocr_carea' id='block_1_119' title="bbox 1881 5300 3481 5381">
    <p class='ocr_par' dir='ltr' id='par_1_119' title="bbox 1881 5300 3481 5381">
     <span class='ocr_line' id='line_1_120' title="bbox 1881 5300 3481 5381; baseline 0.007 -30"><span class='ocrx_word' id='word_1_679' title='bbox 1881 5300 2327 5371; x_wconf 87' lang='lat' dir='ltr'><strong>contemplamur.</strong></span> <span class='ocrx_word' id='word_1_680' title='bbox 2361 5302 2574 5360; x_wconf 88' lang='lat' dir='ltr'><strong>Scimus</strong></span> <span class='ocrx_word' id='word_1_681' title='bbox 2602 5306 2777 5371; x_wconf 91' lang='lat' dir='ltr'><strong>enim,</strong></span> <span class='ocrx_word' id='word_1_682' title='bbox 2812 5306 2927 5377; x_wconf 88' lang='lat' dir='ltr'><strong>ipso</strong></span> <span class='ocrx_word' id='word_1_683' title='bbox 2953 5308 3187 5374; x_wconf 86' lang='lat' dir='ltr'><strong>dicente,</strong></span> <span class='ocrx_word' id='word_1_684' title='bbox 3217 5310 3343 5381; x_wconf 83' lang='lat' dir='ltr'><strong>quia</strong></span> <span class='ocrx_word' id='word_1_685' title='bbox 3368 5309 3481 5380; x_wconf 74' lang='lat' dir='ltr'><strong>qui-</strong></span> 
     </span>
    </p>
   </div>
   <div class='ocr_carea' id='block_1_120' title="bbox 1883 5390 3462 5468">
    <p class='ocr_par' dir='ltr' id='par_1_120' title="bbox 1883 5390 3462 5468">
     <span class='ocr_line' id='line_1_121' title="bbox 1883 5390 3462 5468; baseline 0.008 -25"><span class='ocrx_word' id='word_1_686' title='bbox 1883 5406 1938 5443; x_wconf 79' lang='lat' dir='ltr'><strong>se</strong></span> <span class='ocrx_word' id='word_1_687' title='bbox 1966 5390 2164 5447; x_wconf 73' lang='lat' dir='ltr'><strong>exultat</strong></span> <span class='ocrx_word' id='word_1_688' title='bbox 2196 5394 2579 5464; x_wconf 77' lang='lat' dir='ltr'><strong>humiliabitur,</strong></span> <span class='ocrx_word' id='word_1_689' title='bbox 2605 5408 2653 5455; x_wconf 87' lang='lat' dir='ltr'><strong>et</strong></span> <span class='ocrx_word' id='word_1_690' title='bbox 2676 5400 2767 5468; x_wconf 82' lang='lat' dir='ltr'><strong>qui</strong></span> <span class='ocrx_word' id='word_1_691' title='bbox 2791 5415 2848 5453; x_wconf 79' lang='lat' dir='ltr'><strong>se</strong></span> <span class='ocrx_word' id='word_1_692' title='bbox 2874 5400 3115 5456; x_wconf 80' lang='lat' dir='ltr'><strong>ltnmiliat</strong></span> <span class='ocrx_word' id='word_1_693' title='bbox 3144 5402 3462 5458; x_wconf 69' lang='lat' dir='ltr'><strong>exaltabitur</strong></span> 
     </span>
    </p>
   </div>
   <div class='ocr_carea' id='block_1_121' title="bbox 1787 5476 2309 5553">
    <p class='ocr_par' dir='ltr' id='par_1_121' title="bbox 1787 5476 2309 5553">
     <span class='ocr_line' id='line_1_122' title="bbox 1787 5476 2309 5553; baseline 0.013 -25"><span class='ocrx_word' id='word_1_694' title='bbox 1787 5543 1790 5548; x_wconf 93' lang='lat'><em>_</em></span> <span class='ocrx_word' id='word_1_695' title='bbox 1884 5476 2099 5548; x_wconf 77' lang='lat' dir='ltr'><strong>(Matth.</strong></span> <span class='ocrx_word' id='word_1_696' title='bbox 2131 5483 2309 5553; x_wconf 79' lang='lat' dir='ltr'><strong>mu).</strong></span> 
     </span>
    </p>
   </div>
   <div class='ocr_carea' id='block_1_122' title="bbox 1885 5614 3460 5707">
    <p class='ocr_par' dir='ltr' id='par_1_122' title="bbox 1885 5614 3460 5707">
     <span class='ocr_line' id='line_1_123' title="bbox 1885 5614 3460 5707; baseline 0.003 -1"><span class='ocrx_word' id='word_1_697' title='bbox 1885 5614 2695 5707; x_wconf 48' lang='lat' dir='ltr'><strong>sl&#39;B&#39;l._&quot;f’.“.&#39;1‘2!‘3l‘.‘l‘P93W?</strong></span> <span class='ocrx_word' id='word_1_698' title='bbox 2718 5621 2939 5707; x_wconf 58' lang='lat' dir='ltr'><strong>,stmtda</strong></span> <span class='ocrx_word' id='word_1_699' title='bbox 2984 5623 3084 5707; x_wconf 74' lang='grc' dir='ltr'><strong>[υίι</strong></span> <span class='ocrx_word' id='word_1_700' title='bbox 3133 5625 3460 5707; x_wconf 65' lang='grc' dir='ltr'><strong>πρρρείιυιηυ</strong></span> 
     </span>
    </p>
   </div>
   <div class='ocr_carea' id='block_1_123' title="bbox 1886 5680 3462 5823">
    <p class='ocr_par' dir='ltr' id='par_1_123' title="bbox 1886 5680 3462 5823">
     <span class='ocr_line' id='line_1_124' title="bbox 1886 5680 3462 5823; baseline 0.02 -90"><span class='ocrx_word' id='word_1_701' title='bbox 1886 5680 2175 5823; x_wconf 36' lang='lat' dir='ltr'><strong>rminusne</strong></span> <span class='ocrx_word' id='word_1_702' title='bbox 2202 5684 2483 5771; x_wconf 73' lang='lat' dir='ltr'><strong>epistolam</strong></span> <span class='ocrx_word' id='word_1_703' title='bbox 2511 5682 2734 5775; x_wconf 66' lang='lat' dir='ltr'><strong>Pharius</strong></span> <span class='ocrx_word' id='word_1_704' title='bbox 2756 5680 2893 5748; x_wconf 82' lang='lat' dir='ltr'><strong>Iocis</strong></span> <span class='ocrx_word' id='word_1_705' title='bbox 2927 5692 3065 5753; x_wconf 80' lang='lat' dir='ltr'><strong>infra</strong></span> <span class='ocrx_word' id='word_1_706' title='bbox 3104 5680 3313 5759; x_wconf 11' lang='lat' dir='ltr'><strong>Ite-tatis,</strong></span> <span class='ocrx_word' id='word_1_707' title='bbox 3341 5713 3462 5752; x_wconf 73' lang='grc' dir='ltr'><strong>ειη·-</strong></span> 
     </span>
    </p>
   </div>
  </div>
