4042 6302
549 333 645 388 871

1826 321 2110 383 JOANNIS
2146 319 2349 378 ΡΔΡᾹΞ
2389 319 2495 375 Vill

3727 312 3830 368 ετξ

619 456 772 524 Quod
805 455 1004 511 dicitur
1044 462 1219 508 autem
1249 491 1263 516 ,
1304 458 1547 504 sanctam
1573 441 2124 510 ConstantinOpolita-
2158 441 2202 496 Α
2231 435 2322 488 ubi
2365 433 2448 488 fas
2479 442 2565 488 est
2613 431 2917 486 admittere
2945 429 3217 493 studeam,
3265 436 3323 483 et
3349 426 3682 498 corrigenda
3733 430 3830 480 sua

548 566 673 606 nam
703 547 996 603 Ecclesiam
1032 547 1082 598 in
1116 554 1165 597 te
1194 541 1482 597 convenire
1507 580 1522 601 ,
1560 548 1716 606 teque
1745 537 2011 606 privatam
2044 545 2126 583 se-

548 641 669 696 dem
705 639 962 706 recipere,
1007 635 1203 690 missos
1248 649 1377 686 vero
1429 639 1642 685 nostros
1688 635 1863 679 tecum
1907 622 2128 677 minime

547 747 889 794 consecrare,
919 729 985 782 de
1016 726 1343 781 adunationc
1371 722 1612 777 omnium
1649 720 1762 774 Deo
1787 716 1991 786 gratias
2020 711 2130 782 agi-

545 840 702 888 mus;
735 823 828 877 sed
857 821 1038 875 missis
1065 819 1266 874 nostris
1298 817 1418 872 ideo
1445 815 1511 868 de
1539 814 1641 867 hoc
1675 810 1988 864 mandatum
2022 820 2128 858 non

545 911 828 975 dedimus,
859 910 985 979 quia
1030 908 1104 962 nil
1149 902 1522 967 certitudinis,
1565 901 1796 970 qualiter
1826 899 1937 968 ipsa
1974 895 2130 950 sedes

546 1003 790 1062 haberet,
823 1010 979 1055 antea
1011 997 1500 1067 comprobavimus.
1541 992 1693 1047 Nune
1719 1006 1868 1054 vero,
1894 989 2036 1043 sient
2065 986 2131 1041 de

546 1107 677 1162 pace
705 1100 760 1146 et
786 1090 1111 1144 adunatione
1145 1087 1311 1156 ipsius
1346 1083 1598 1138 Ecclesia:
1627 1080 1780 1135 valde
1812 1078 2128 1148 gaudemus,

548 1181 621 1235 ita
649 1187 703 1234 et
735 1180 798 1233 de
841 1177 1177 1232 dissensione
1219 1175 1513 1230 nolentimn
1545 1169 1887 1239 acquiescere
1932 1163 2134 1220 contri-

548 1279 779 1334 stamur,
801 1269 928 1337 quia
952 1267 1240 1320 Salomone
1263 1263 1384 1335 [leg.
1403 1259 1674 1330 Samuele]
1701 1266 1957 1320 testante,
1980 1254 2131 1325 quasi

545 1373 813 1434 peccatum
842 1359 1141 1414 hariolaudi
1175 1369 1247 1411 est
1279 1363 1655 1425 repugnare,et
1678 1353 1810 1405 sicut
1833 1365 1994 1420 genus
2020 1346 2133 1400 ido—

547 1452 774 1508 lolatria!
804 1451 940 1506 nolle
970 1451 1290 1521 acquiescere
1324 1447 1375 1516 (1
1407 1446 1532 1516 Reg.
1567 1443 1678 1516 xv).

620 1558 648 1588 ι
687 1545 884 1600 Verum
921 1557 1081 1612 super
1109 1541 1416 1610 receptione
1455 1539 1676 1609 privata:
1719 1537 1865 1591 sedis
1907 1547 2008 1588 nos
2036 1533 2133 1586 de-

549 1635 765 1691 buimus
800 1645 924 1688 ante
953 1632 1182 1687 consuli.
1217 1631 1418 1684 Tamen
1447 1629 1594 1698 quia,
1625 1627 1860 1681 obeunte
1887 1622 2054 1677 fratre
2079 1629 2133 1675 et

549 1727 867 1796 coepiscopo
927 1732 1111 1782 nostro
1170 1721 1374 1793 lgnatio
1425 1729 1479 1774 te
1533 1713 2131 1783 Constantinopolitano

549 1821 747 1874 throno
776 1815 1064 1888 praesidere
1088 1814 1412 1876 audivinms,
1447 1818 1654 1864 tantum
1687 1814 1747 1861 ut
1792 1822 1895 1877 pax
1940 1819 2135 1872 augea-

551 1918 641 1966 tur
663 1918 720 1965 et
743 1907 920 1977 jurgia
947 1913 1190 1968 cessent,
1239 1901 1585 1957 multimodas
1631 1898 1739 1952 Deo
1777 1895 1978 1966 gratias
2017 1893 2131 1962 agi-

550 2001 803 2058 mus.~'l‘u
833 2008 1014 2053 autem
1044 1996 1281 2050 omnium
1322 2001 1530 2047 mentes
1567 1987 1907 2062 demulccns,
1945 1997 2134 2039 omnes

549 2090 747 2165 patulis
788 2091 930 2145 ulnis
977 2087 1334 2158 amplectere,
1380 2097 1570 2139 omnes
1600 2081 1872 2150 disperses
1909 2090 2132 2144 congre-

551 2199 680 2256 gare
727 2198 834 2237 non
885 2181 1130 2244 desinas,
1175 2191 1365 2232 omnes
1409 2175 1664 2243 colligere
1699 2169 1928 2226 sollicite
1956 2168 2132 2231 stude,

551 2274 679 2345 quia
714 2275 854 2329 sicut
897 2279 1118 2328 sanctus
1158 2284 1295 2339 papa
1337 2267 1444 2322 Leo
1473 2266 1698 2335 Magnus
1726 2263 1948 2324 scribit,
1993 2259 2138 2313 sedis

556 2364 885 2437 apostolicae,
918 2349 1187 2432 inquiens,
1219 2358 1521 2415 moderatio
1546 2358 1686 2412 banc
1725 2351 2135 2425 temperantiam

555 2461 765 2519 servat,
806 2462 864 2507 ut
907 2451 1149 2507 severius
1180 2457 1306 2520 agat
1347 2463 1470 2504 cum
1508 2444 1788 2503 obduratis
1831 2451 1888 2498 et.
1924 2441 2134 2498 veniam

554 2547 736 2616 cupiat
765 2553 1022 2616 praestare
1052 2541 1331 2598 correctis.

625 2639 692 2694 Et
737 2653 858 2692 cum
905 2653 1011 2692 non
1058 2636 1130 2690 sit
1177 2633 1620 2705 repreh'ensibilis
1652 2645 1777 2702 erga
1831 2636 2136 2684 eorrectmn

555 2741 972 2801 quantacunque
998 2728 1293 2789 miseratio,
1325 2724 1667 2780 satisfaciens
1715 2737 1898 2777 coram
1931 2718 2138 2790 synodo

557 2820 987 2878 misericordiam
1019 2820 1047 2860 ι’
1077 2817 1373 2874 secundum
1419 2813 1860 2871 consuetudinem
1902 2809 2141 2878 postula-

556 2913 722 2977 veris,
753 2927 816 2967 ac
862 2912 905 2966 si
937 2910 1171 2966 evidenti
1227 2907 1566 2964 correctione
1600 2903 1795 2967 utaris,
1840 2909 1896 2955 et
1931 2900 2138 2970 peritia:

558 3017 664 3057 non
693 3001 1040 3064 obliviscens,
1067 2997 1265 3052 nullius
1287 2997 1482 3050 damna
1508 2993 1768 3054 moliaris,
1801 2990 1931 3060 quin
1960 2990 2138 3059 potius

557 3093 746 3149 exsilia
775 3107 962 3147 eorum
986 3089 1076 3159 qui
1109 3089 1205 3143 tibi
1234 3103 1337 3141 non
1369 3085 1503 3142 velle
1531 3083 1836 3139 consentire
1863 3082 2134 3144 dicuntur,

557 3184 794 3240 studiose
818 3181 1127 3238 dissolveris
1137 3221 1151 3245 ,
1165 3193 1367 3248 eosque
1381 3176 1494 3232 suis
1507 3174 1753 3230 ecclesiis
1766 3183 1823 3228 et
1844 3172 2139 3229 honoribus

559 3272 862 3328 restitueris
889 3288 904 3324 :
927 3278 983 3324 et
1002 3271 1066 3334 si,
1095 3269 1218 3339 quia
1245 3265 1502 3338 spiritalis
1537 3263 1681 3319 filius
1709 3269 1893 3318 noster
1913 3259 2141 3316 Basilius

555 3361 1055 3420 Christianissimus
1085 3361 1379 3429 imperator
1403 3357 1544 3426 apud
1575 3371 1674 3410 nos
1726 3369 1824 3424 pro
1851 3361 1904 3408 te
1955 3351 2142 3408 multis

557 3440 808 3524 precibus
839 3451 1152 3515 intervenit,
1186 3463 1375 3505 omnes
1404 3462 1511 3502 uno
1540 3454 1683 3508 voto,
1717 3459 1827 3498 uno
1873 3457 2140 3499 consensu

557 3554 616 3601 et
669 3561 773 3600 una
825 3542 1113 3599 concordia
1162 3542 1214 3596 in
1258 3549 1347 3594 tua
1395 3538 1738 3593 restitutione
1767 3536 2141 3599 convenerint,

559 3637 772 3692 veniam
798 3652 897 3708 pro
928 3650 1060 3706 pace
1084 3641 1284 3688 sancta:
1315 3629 1928 3699 Constantinopolitanae
1954 3627 2141 3682 Eccle-

562 3728 657 3784 sia:
687 3728 782 3783 tibi
807 3726 1178 3791 concedimus,
1208 3722 1645 3779 communionem
1689 3736 1905 3791 quoque
1933 3729 1988 3775 et
2017 3735 2142 3790 gra-

562 3817 715 3885 dum,
764 3832 947 3874 coram
1017 3816 1223 3887 synodo
1271 3813 1702 3869 misericordiam
1747 3813 2038 3882 quaerendo
2081 3822 2139 3876 θ,

562 3907 908 3962 nihilominus
954 3906 1249 3970 reddimus,
1297 3912 1353 3959 et
1397 3911 1458 3958 ut
1509 3913 1716 3958 sanctas
1765 3901 2146 3958 Constantino-

561 3996 813 4065 politana:
827 3996 1081 4050 Ecclesia:
1096 3996 1257 4065 digne
1270 4009 1501 4065 praeesse
1517 3994 1736 4058 debeas,
1751 3994 2143 4057 consentimus,

565 4087 639 4139 ita
668 4095 846 4138 tamen
891 4093 950 4138 ut
978 4084 1234 4152 deinceps
1277 4083 1344 4136 de
1385 4082 1539 4135 iaicis
1579 4082 1633 4135 in
1683 4083 1872 4136 eadem
1904 4082 2146 4147 Ecclesia

565 4173 853 4249 episcopus
875 4181 1067 4232 contra
1093 4177 1404 4227 sanctorum
1429 4169 1652 4224 Patrum
1687 4179 1886 4224 statuta
1919 4170 2146 4225 nullate-

565 4276 672 4338 nus
701 4261 1003 4325 ordinetur,
1027 4267 1082 4315 et
1105 4259 1284 4316 omnis
1304 4257 1391 4312 illa
1419 4259 1558 4314 mala
1587 4259 1922 4315 consuetudo
1951 4259 2147 4315 abinde

563 4355 780 4427 penitus
805 4359 1132 4423 amputetur,
1156 4348 1310 4418 juxta
1339 4350 1633 4421 capitulum
1662 4351 1808 4421 quod
1855 4366 2017 4421 super
2045 4352 2148 4408 hac

565 4463 628 4503 re
664 4448 717 4501 in
761 4445 1054 4500 venerabili
1084 4443 1310 4516 synodo,
1339 4450 1578 4512 tempore
1607 4443 1816 4498 scilicet
1843 4443 2147 4499 decessoris
2175 4478 2226 4538 υ

567 4540 740 4594 nostri
770 4538 992 4593 Adriani
1017 4536 1250 4606 junioris
1273 4549 1424 4607 papa:
1451 4535 1913 4606 Constantinopoli
1941 4537 2145 4602 habita,

567 4639 652 4683 est
670 4627 1153 4697 congruentissime
1183 4625 1599 4694 promulgatum.

421 4713 476 4736 -.-
641 4715 860 4738 n..n...--
893 4732 1016 4738 -.-η
1046 4730 1159 4738 ____
1184 4715 1375 4738 nm...
1397 4723 1542 4738 .......
1567 4729 1598 4738 ..

640 4715 866 4783 Reliqua
893 4732 1020 4771 vero
1040 4730 1161 4785 qua:
1184 4715 1376 4769 litterae
1397 4723 1502 4768 tua:
1516 4727 1546 4766 a
1567 4713 1722 4768 nobis
1751 4711 1866 4768 fore
1881 4713 2151 4768 censenda

570 4806 657 4860 vel
697 4804 930 4860 finienda
971 4814 1316 4874 exspectant,
1343 4806 1466 4860 dato
1495 4804 1911 4860 commonitorio
1953 4804 2152 4859 nostris

571 4895 786 4966 legatis,
808 4894 967 4950 Petro
988 4896 1282 4950 venerabili
1311 4896 1628 4966 presbytero
1655 4895 1918 4954 cardinali
1944 4904 2149 4960 nostro,

571 4986 950 5055 deliciosisque
996 4985 1322 5040 consiliariis
1366 4987 1862 5054 nostris,qua:dam
1915 4985 2149 5057 scriptis,

571 5081 815 5151 quwdant
843 5088 1020 5133 autem
1055 5077 1232 5132 verbis
1265 5077 1611 5146 injunximus,
1651 5079 1740 5147 qui
1765 5077 1918 5146 juxta
1963 5093 2152 5134 censu-

576 5185 691 5224 ram
709 5170 879 5225 nostri
901 5166 1233 5237 apostolatus
1255 5165 1507 5222 instructi
1536 5167 1604 5221 de
1631 5169 1903 5230 omnibus,
1930 5177 2151 5237 cuncta,

576 5261 686 5317 Deo
710 5277 819 5331 pra:
839 5261 1008 5316 oculis
1032 5259 1236 5324 habito,
1269 5258 1714 5328 contemplantes,
1737 5267 1792 5312 et
1823 5259 2151 5314 admittenda

646 5388 673 5416 ι
711 5375 816 5428 Ista
847 5375 913 5428 de
955 5371 1281 5429 consulenda
1322 5369 1455 5442 sedc
1491 5369 1786 5442 apostolica
1817 5367 2159 5424 Photiusde-

579 5442 852 5500 truncavit
879 5444 930 5496 in
961 5459 1056 5497 sua
1089 5441 1459 5496 translatione.

647 5514 676 5554 δ
718 5513 842 5568 llaec
869 5514 935 5568 de
985 5512 1356 5568 misericordia
1402 5511 1693 5582 quaerenda
1736 5526 1918 5568 coram
1950 5509 2157 5582 synodo

577 5584 796 5639 abstulit
820 5583 1062 5647 Pbotius,
1097 5583 1184 5638 hic
1206 5592 1261 5638 et
1283 5580 1432 5636 alias
1451 5580 1695 5637 inferius.

577 5653 838 5774 “nihilum
897 5663 1131 5726 quatuor
1182 5653 1345 5710 verba
1394 5653 1580 5710 itidem
1648 5651 1950 5710 decurtavit
2017 5649 2158 5709 Pho-

2229 525 2500 594 tequitatis
2530 523 2823 578 libramine
2852 522 3148 591 corrigunt.

2301 616 2569 669 Prmterea
2616 616 2755 669 sicut
2799 623 2972 670 vestra
3024 628 3152 681 pars
3197 625 3355 666 suum
3396 610 3537 664 velle
3592 620 3829 666 conatur

2230 706 2374 759 vires
2402 705 2668 774 accipere,
2696 705 2766 758 ita
2788 713 2845 758 et
2868 703 3146 758 ditecesim
3174 709 3418 756 nostram
3441 701 3766 768 Bulgariam
3783 699 3831 765 ⁸,

2230 809 2391 865 quam
2423 795 2731 864 apostolicae
2751 794 3139 850 recordationis
3157 792 3602 862 sanctissimique
3623 793 3833 848 ilnntini

2231 902 2381 956 papa:
2415 885 2619 940 Nicolai
2663 885 2960 940 certamine
2996 885 3150 939 sedes
3176 885 3473 953 apostolica
3505 885 3742 952 recepit,
3771 900 3826 936 ac

2230 979 2452 1032 Adriani
2477 993 2629 1048 teque
2653 978 2950 1032 beatissimi
3006 975 3250 1047 praesulis
3275 985 3520 1046 tempore
3567 978 3830 1044 possede-

2233 1080 2338 1135 rat,
2371 1085 2579 1127 summa
2601 1071 2760 1125 nobis
2806 1069 3086 1124 celeritate
3117 1069 3330 1122 restitui
3357 1067 3631 1130 volumus,
3676 1078 3736 1121 et
3768 1071 3829 1123 de

2233 1175 2432 1220 «clero
2461 1181 2676 1219 omnem
2695 1155 3537 1220 ordinationemecclesiasticam
3557 1163 3626 1216 ab
3644 1161 3830 1216 Eccle-

2234 1260 2328 1312 sia:
2349 1257 2957 1327 Constantinopolitana:
2980 1255 3296 1325 prmsulibus
3319 1255 3368 1308 in
3392 1254 3586 1309 eadem
3601 1253 3832 1310 dimccsi

2234 1349 2518 1420 Bulgarica
2549 1349 2874 1403 auctoritate
2925 1345 3216 1414 apostolica
3267 1352 3649 1413 amputamus;
3688 1347 3831 1413 ipsos

2235 1451 2412 1495 autem
2446 1441 2726 1495 ordinatos
2765 1439 2960 1493 ibidem
3003 1438 3303 1507 episcopos,
3345 1445 3399 1491 et
3447 1453 3643 1492 omnes
3699 1438 3829 1492 alios

2238 1528 2510 1584 inferioris
2534 1530 2740 1586 ordinis
2761 1529 3010 1592 clericos,
3046 1538 3106 1584 ut
3164 1528 3288 1582 inde
3335 1543 3392 1583 se
3421 1529 3753 1583 subtraham
3781 1539 3831 1583 et

2236 1620 2303 1674 ab
2328 1620 2608 1674 invasione
2652 1619 2949 1690 Bulgarica:
3001 1631 3196 1674 nosme
3219 1617 3474 1672 dimeesis
3510 1633 3573 1672 se
3604 1621 3832 1673 omnino

2238 1720 2602 1782 compescant,
2637 1712 2916 1766 decertare
2965 1724 3243 1780 procures.
3305 1708 3519 1775 Quibus
3551 1711 3594 1763 si
3646 1720 3706 1761 tu
3739 1719 3827 1764 aut

2165 1784 2214 1846 Β
2240 1803 2459 1871 pallium
2488 1802 2723 1865 dederis,
2753 1810 2847 1855 aut
2875 1815 3250 1870 quamcunque
3291 1799 3402 1854 illic
3423 1800 3828 1854 ordinationem

2235 1895 2451 1957 feceris,
2501 1893 2584 1946 vel
2609 1894 2778 1948 donec
2806 1893 2963 1947 nobis
3007 1891 3280 1954 obcdiant,
3310 1905 3436 1943 cum
3477 1891 3554 1945 eis
3575 1906 3829 1945 commu-

2237 1985 2526 2049 nicaveris,
2551 1984 2663 2055 pari
2693 1982 3253 2039 cxcommunicalione
3277 1995 3400 2035 cum
3450 1981 3530 2036 eis
3583 1980 3826 2037 tenebris

2239 2093 2501 2132 annexus.

2705 2198 2914 2240 ιυΝοτΔ
2922 2197 3011 2238 ⁸1⁵10
3049 2198 3162 2237 ξεν.
3206 2199 3335 2238 BIN"

2313 2279 2386 2334 De
2421 2276 2800 2334 adulteratione
2844 2273 3074 2344 epistola:
3102 2274 3441 2343 praecedentis
3472 2290 3504 2326 a
3545 2271 3740 2327 Photio

2872 2352 3184 2414 perpetrata.

2309 2466 2435 2546 ilice
2461 2473 2553 2546 est
2572 2465 2738 2546 altera
2789 2463 3012 2546 epistola
3041 2476 3199 2546 quam
3248 2477 3299 2546 a‘
3324 2461 3592 2546 pontifice
3625 2461 3828 2546 Joanne

2239 2537 2350 2592 Vlll
2377 2545 2650 2606 acceptam
2682 2530 2961 2606 Pbotiusa
2985 2548 3050 2606 se
3069 2530 3256 2606 Crteee
3277 2530 3640 2606 translatam,
3650 2602 3661 2606 _
3687 2541 3738 2586 et
3756 2534 3822 2606 ad

2237 2601 2519 2678 perfidiam
2554 2621 2714 2678 suam
2770 2602 3160 2678 occultandam
3187 2601 3456 2678 addendo,
3501 2602 3820 2678 mutilando,

2238 2671 2602 2732 subtrahendo
2651 2684 2707 2730 et
2747 2672 3101 2745 expungende
3145 2672 3202 2745 in
3253 2671 3680 2741 pseudosynodo
3731 2688 3825 2729 sua

2237 2759 2425 2804 octava
2449 2746 2548 2815 legi
2595 2761 2658 2799 ac
2705 2741 3033 2814 promulgari
3059 2741 3205 2815 fecit.

2307 2819 2476 2873 Porro
2505 2811 2590 2870 ille
2618 2811 2797 2870 sciens
2838 2811 3036 2882 quanta
3068 2813 3268 2866 inesset
3304 2811 3357 2864 in
3387 2813 3714 2880 apostolicis
3737 2812 3825 2868 lit-

2241 2889 2369 2944 teris
2395 2887 2711 2949 auctoritas,
2753 2885 2993 2952 lecturus
3047 2889 3360 2952 eumesset
3409 2897 3506 2936 eas
3540 2884 3596 2935 in
3625 2884 3826 2952 synodo

2237 2961 2302 3013 ad
2330 2956 2713 3026 persuadenda
2751 2969 2871 3024 qua:
2899 2951 3078 3026 vellet,
3127 2951 3334 3026 addidit
3368 2960 3426 3005 et
3473 2951 3708 3007 abstulit
3731 2968 3825 3026 pm

2238 3021 2464 3082 arbitrio
2509 3039 2629 3094 qua.I
2677 3021 2784 3079 sibi
2831 3031 2957 3078 sunt
3006 3023 3137 3076 visa.
3199 3021 3464 3094 Qumnam
3492 3033 3678 3077 autem
3726 3024 3826 3094 ista

2243 3099 2459 3161 fuerint,
2509 3090 2573 3150 cx
2628 3093 2945 3150 recitatione
3002 3094 3169 3161 ipsius
3213 3090 3460 3160 epistola:
3488 3108 3556 3146 ex
3589 3091 3824 3147 secunda

2240 3169 2475 3237 ejusdem
2526 3165 3156 3237 aetionc__depromptae,
3218 3161 3582 3237 _l._atinatiqtte
3625 3162 3692 3237 ab
3735 3175 3827 3214 eo-

2243 3231 2361 3362 item
2385 3235 2575 3360 ‘Metio
2623 3231 2868 3299 reddite,
2923 3233 3057 3289 satis
3103 3231 3370 3301 intelliges
3397 3248 3412 3259 ·
3467 3233 3553 3287 sic
3594 3232 3739 3286 enim
3771 3245 3828 3286 ae

2262 3323 2310 3362 ta
2335 3323 2381 3362 ie
2409 3345 2423 3359 .

2262 3315 2423 3362 taliet.

2317 3461 2338 3494 ι
2381 3441 2611 3497 losum-:5
2635 3438 2934 3510 episcopus,
2962 3451 3152 3510 servus
3171 3450 3464 3510 servorum
3485 3433 3609 3510 Dei,
3635 3432 3834 3510 Photio

2243 3513 2583 3569 sanctissimo
2613 3502 2763 3563 fratri
2812 3502 2868 3562 et
2895 3506 3269 3562 comministro
3330 3504 3654 3574 patriarcha:
3683 3502 3834 3559 Gon-

2244 3581 2734 3649 stantinopolitanze
2763 3578 3036 3649 Ecclesim.

2321 3673 2339 3704 ι
2386 3643 2714 3720 Sapientiam
2745 3659 2799 3702 et
2857 3646 3200 3720 prudentiam
3229 3643 3577 3720 fraternitatis
3606 3651 3738 3720 tute
3773 3643 3830 3698 in

2245 3723 2442 3777 litteris
2461 3713 2600 3775 'eum
2647 3713 3100 3789 perspeierimus,
3145 3717 3319 3769 instar
3347 3713 3570 3789 tonitrui
3615 3713 3837 3768 caelitus

2243 3793 2394 3848 missi
2421 3807 2488 3846 ex
2514 3790 2626 3844 Deo
2648 3785 3012 3843 'resonantem
3050 3795 3107 3840 et
3126 3799 3317 3839 omnes
3360 3785 3636 3838 terminos
3680 3794 3838 3838 terra:

2247 3879 2346 3917 suo
2369 3861 2592 3929 strepitu
2619 3858 2912 3926 repleutem
2939 3867 2990 3919 ο,
3007 3856 3129 3929 pias
3155 3855 3265 3908 Deo
3289 3853 3499 3929 gratias
3517 3863 3576 3905 ct
3597 3853 3838 3908 excelsas

2247 3934 2434 3988 laudes
2449 3922 2750 3990 retulimus,
2767 3929 2858 3996 qui
2874 3922 3128 3996 omnibus
3147 3924 3422 3994 petentibu
3431 3922 3838 3996 s_ju_xt.a_eornin

2246 4002 2561 4073 petitionem
2593 3993 2835 4073 largitur
2863 3993 3238 4073 _sapientiam,_
3274 4001 3348 4073 et
3370 3993 3470 4061 qui
3523 3993 3740 4072 habitat
3786 3993 3837 4046 ia

2249 4063 2550 4128 concordia:
2575 4063 2758 4132 dom'o,
2781 4075 2837 4122 et
2858 4063 3005 4121 fovet
3029 4073 3087 4119 et
3121 4063 3354 4134 protegit
3378 4076 3584 4134 attines
3633 4063 3729 4134 qui
3748 4077 3834 4116 ve-

2250 4144 2416 4198 ritate
2443 4155 2592 4208 spem
2637 4131 2789 4193 suam
2819 4136 3089 4208 inhipsum
3123 4131 3443 4208 collocant:
3473 4131 3612 4208 quia
3645 4132 3838 4201 quique

2249 4228 2350 4268 nec
2375 4201 2544 4266 mal-os
2566 4209 2618 4263 in
2643 4208 2805 4264 tinem
2826 4201 3029 4274 reiicit,
3056 4219 3232 4273 neque
3261 4203 3435 4274 bonos
3468 4211 3534 4255 ut
3578 4201 3637 4256 in
3663 4213 3836 4274 tyran-

2250 4283 2428 4338 nidem
2452 4280 2686 4349 aliquam
2703 4270 2970 4349 incidant,
2989 4270 3530 4349 suprafeorumvires
3558 4270 3836 4349 permittit,

2250 4353 2346 4408 sed
2373 4340 2555 4420 petitis
2585 4348 2806 4420 iustitia:
2831 4340 3135 4420 aequalitate
3165 4358 3231 4420 ac
3262 4341 3618 4420 iudiciorum
3642 4340 3836 4420 equiti-

2251 4409 2604 4477 brio'omnes'
2623 4432 2712 4473 res
2743 4409 3004 4471 humanas
3024 4413 3210 4484 dirigit
3231 4409 3285 4466 et
3310 4409 3550 4484 feliciter
3582 4409 3753 4466 ducit.
3777 4409 3838 4463 lit

2254 4494 2446 4550 beatus
2487 4489 2575 4544 ille
2603 4488 2692 4558 qui
2743 4486 2926 4558 alacri
2954 4482 3411 4558 animo'prmsenti
3461 4490 3720 4558 tempore
3753 4493 3839 4549 per

2253 4551 2830 4632 pmnitentiam'lapsos
2852 4554 3030 4632 erigit,
3056 4553 3108 4606 in
3135 4551 3292 4632 caelis
3316 4551 3463 4632 enim
3491 4551 3614 4632 iste.
3629 4551 3839 4632 thesau-

2255 4619 2346 4687 ros
2387 4630 2490 4686 sibi
2545 4619 2904 4691 thesaurizat;
2937 4619 3053 4679 "hic
3099 4622 3299 4691 etenim
3350 4620 3555 4691 inhac
3588 4619 3841 4674 felicitate

2254 4689 3224 4772 permanens,_fruetur_sempiternis
3267 4689 3464 4744 futuris
3489 4691 3678 4772 bonis,
3725 4703 3841 4772 cum

2257 4762 2582 4827 revelabitur
2607 4767 2782 4821 futura
2811 4765 2999 4836 gloria.
3038 4762 3384 4836 Tuasitaque
3414 4762 3718 4836 pnedictas
3746 4762 3838 4836 htt-

2256 4841 2601 4896 manissimas
2627 4829 2838 4891 litteras
2857 4849 2980 4890 cum
3005 4829 3429 4900 accepissemus,
3463 4839 3522 4883 et
3543 4830 3734 4883 laudes
3766 4829 3843 4882 ni-

2258 4913 2395 4966 mias
2415 4910 2608 4978 quibus
2622 4923 2719 4962 nos
2741 4909 2971 4978 exornas
2996 4912 3051 4958 et
3075 4919 3179 4973 qua
3206 4900 3370 4978 animi
3400 4900 3696 4978 alacritate
3722 4914 3842 4967 eiga

2257 4997 2356 5036 nos
2393 4971 2452 5033 te
2492 4981 2676 5040 habes,
2725 4977 3066 5046 agnovimus_
3092 4971 3364 5046 quomodo
3414 4971 3506 5046 pic
3531 4980 3593 5024 et
3627 4980 3841 5046 saneta

2257 5053 2418 5122 geris,
2455 5049 2581 5104 licet
2614 5039 2799 5122 laudes
2825 5061 2962 5114 quas
2984 5039 3139 5122 nobis
3170 5041 3363 5122 tribuis
3385 5039 3584 5122 .longe
3609 5055 3639 5091 a
3695 5039 3844 5092 nobis

2256 5109 2471 5176 absint:
2498 5134 2619 5174 cum
2642 5119 2784 5173 enim
2816 5109 3097 5170 mortalem
3150 5121 3204 5166 et
3233 5109 3552 5165 mutabilem
3598 5119 3843 5162 naturam

2257 5193 2399 5247 nacti
2431 5190 2618 5250 simus,
2672 5204 2777 5243 non
2816 5197 2941 5241 sunt
2970 5184 3156 5238 laudes
3184 5182 3315 5236 satis
3358 5189 3512 5243 tum,
3537 5189 3617 5234 et
3647 5192 3845 5250 magno

2261 5263 2451 5315 timore
2497 5249 2759 5313 afficimur
2784 5257 2926 5311 illius
2972 5253 3221 5308 videlicet
3265 5251 3354 5320 qui
3381 5250 3571 5304 omnia
3607 5249 3757 5302 videt
3799 5260 3846 5298 et

2331 5373 2355 5411 ἀ
2393 5372 2526 5452 llaec
2549 5371 2615 5427 de
2639 5370 2923 5452 Bulgarica
2956 5365 3176 5422 diteccsi
3225 5351 3573 5419 detruncarit
3627 5361 3847 5416 Pbotius

2260 5458 2626 5568 omemgllotius
2656 5507 2955 5579 versipellis
2974 5505 3157 5579 ﬂectit
3185 5503 3241 5560 itt
3271 5503 3485 5579 laudem
3517 5518 3679 5579 suam
3709 5500 3846 5572 Quod

2263 5585 2316 5639 in
2390 5583 2480 5639 Dei
2535 5582 2746 5639 laudem
2801 5574 3045 5636 Ioannes
3110 5577 3321 5634 dixerat
3377 5575 3445 5630 de
3522 5574 3847 5629 altitonante

2263 5654 2392 5712 Deo.
