2021 3151
748 205 991 243 εριετοωίετ
1007 207 1179 244 iiscum.

1730 207 1783 235 882

147 268 211 289 rum
220 261 377 297 principum
389 261 462 291 Petri
476 270 509 290 ac
520 262 595 291 Pauli
609 270 659 298 per
676 263 759 292 totius
770 260 865 293 Gallia:
874 270 977 303 pro-1A
988 263 1116 299 praefatos
1137 263 1280 299 Capuanos
1296 264 1338 291 ire
1350 270 1438 304 neque
1456 263 1573 299 aliquam
1598 263 1650 291 illis
1672 244 1784 292 eontra-

139 308 251 336 vvlnciaa
270 307 417 336 immobilia
435 308 494 336 loca
511 309 662 338 consistunt
673 328 680 342 ,
696 316 758 336 cum
781 308 935 337 hominibus

140 353 326 388 omnibusque
350 353 403 381 sibi
430 353 645 388 pertinentibus,
671 358 702 382 ut
726 358 816 382 vestro
832 354 936 389 potenti

143 398 261 426 brachio
282 398 396 427 «tensa
427 403 567 427 manerent
594 399 766 434 rogavimus.
791 404 936 434 vestroque

145 445 248 472 auxilio
263 452 357 472 secura
372 445 560 477 consisterent.
574 445 645 480 quod
658 452 708 474 vos
721 452 769 480 pro
781 452 873 473 amore
888 445 935 473 Dei

144 494 176 518 et
194 489 223 518 S.
237 490 311 518 Petri
325 494 472 525 nostroque
494 491 597 518 honore
616 490 694 519 nobis
712 490 827 518 libenter
844 489 935 521 facere

138 534 327 570 promisistis.
342 533 418 562 Nunc
440 539 529 563 autem
542 555 549 567 ,
565 535 636 563 sicut
659 535 827 569 audivimus,
845 534 935 562 villam

140 584 267 608 nostram
281 579 450 607 Vendoaram
468 580 569 614 absque
587 584 680 609 nostro
693 588 827 608 consensu
840 585 868 608 et
884 588 934 607 vo-

124 624 248 652 ‘Iuntate
267 624 405 659 occupatis
417 644 424 657 ,
447 627 474 651 et
499 625 543 652 uni
563 630 653 652 vestro
670 625 805 658 vassallo,
826 625 934 653 nomine

126 670 316 702 )Aremberto,
331 669 358 696 in
370 669 529 697 beneﬁcium
545 670 668 702 dedistis.
683 675 721 704 et,
736 671 759 698 si
773 678 865 698 verum
880 675 932 703 est,

139 722 199 743 non
212 715 291 747 bene,
306 715 378 742 sicut
389 722 437 742 vos
457 715 578 748 decebat,
593 716 694 751 egistis.
714 716 777 743 Ideo
796 724 932 752 rogamus,

141 761 184 789 Illi
192 761 362 792 charissima,
370 760 557 789 celsitudinem
569 766 641 790 tuam
654 765 683 789 ιιι
692 766 802 797 pr0pter
812 769 934 790 amorem

142 806 250 835 Domini
264 810 292 833 et
307 805 335 832 S.
350 805 438 838 Petri,
456 805 575 834 ccelestis
596 806 670 841 regni
690 807 826 842 clavigeri,
848 808 933 842 ipsam

140 853 233 880 villam
248 851 363 884 nostris,
382 852 427 887 qui
445 851 543 879 ibidem
559 852 689 884 residem,
710 853 862 880 hominibus
883 853 933 880 sub

141 902 237 927 nostro
257 898 328 933 jure,
348 898 418 926 sicut
437 905 486 926 nos
505 906 565 926 eam
580 899 774 932 ordinavimus,
791 899 870 927 liceat
884 899 932 927 ba-

988 309 1113 336 rietatem
1127 308 1228 338 inferre
1238 317 1326 346 usque
1338 310 1371 337 ad
1385 314 1505 338 nostrum
1520 310 1664 346 specialem
1680 308 1782 338 adven-

988 358 1055 381 tum.
1077 354 1221 388 Quoniam,
1247 355 1302 383 Deo
1317 355 1475 388 auxiliante,
1500 364 1561 383 cum
1589 355 1669 390 hujus
1692 355 1783 383 aestivi

988 400 1120 434 temporis
1143 400 1234 428 fervor
1259 401 1416 434 transierit,
1441 408 1491 436 pro
1518 401 1637 428 omnium
1656 405 1779 429 vestrum

987 444 1085 477 salute,
1113 445 1258 473 concordia
1283 449 1311 473 et
1333 445 1520 479 unanimitate,
1547 445 1597 473 has
1619 449 1724 473 vestras
1750 442 1780 474 in

986 494 1078 525 partes
1092 491 1241 523 veniemus,
1256 496 1401 526 quatenus,
1423 492 1502 519 nobis
1513 492 1702 526 praesentibus,
1718 499 1779 520 om-

986 535 1029 562 nis
1051 535 1093 562 vis
1119 535 1243 570 sopiatur
1256 543 1391 571 omneque
1404 535 1571 569 scandalum,
1596 538 1667 572 quod
1682 544 1714 564 ex
1736 537 1781 565 vi-

986 587 1068 616 pereo
1083 581 1188 608 semine
1211 581 1282 620 inter
1302 589 1350 609 vos
1369 586 1397 609 et
1417 582 1477 610 illos
1500 571 1629 615 a‘bcrevit,
1643 583 1676 610 de
1691 582 1782 612 medio

986 624 1069 651 vestri
1084 624 1233 652 auferatur.
1248 625 1302 654 Nos
1319 634 1435 662 namque
1457 627 1572 655 salutem
1595 632 1726 660 vestram,
1745 635 1781 656 ne

987 670 1014 698 in
1036 674 1167 698 aeternum
1185 672 1313 706 pereatis,
1334 673 1467 708 cupitntts,
1482 677 1510 700 et
1534 672 1595 701 ideo
1610 673 1736 701 volumus
1749 677 1781 702 ut

985 722 1018 743 ea
1035 722 1096 750 quae
1110 715 1186 751 pacis
1201 720 1264 744 sunt
1281 718 1422 744 sectemini
1445 725 1562 753 semper.
1585 717 1652 745 Nam
1671 725 1720 753 pro
1734 726 1782 746 ve-

986 767 1043 790 stro
1057 769 1118 790 cum
1132 762 1286 790 venerimus
1305 771 1408 797 amore,
1428 764 1515 799 ipsum
1536 771 1616 799 quem
1629 763 1711 791 vultis
1726 763 1779 791 Ca-

984 815 1081 843 puanaa
1095 808 1178 843 plebi,
1203 807 1316 836 Domino
1339 808 1456 842 favente,
1479 808 1629 836 antistitem
1643 808 1781 836 ordinabi-

986 861 1056 886 mus,
1078 857 1107 881 ut
1129 858 1219 881 vester
1240 854 1396 889 principalis
1412 856 1498 882 honor
1519 855 1695 882 indiminutus
1716 861 1779 889 per-

985 903 1102 926 maneat.
1127 898 1204 933 Quod
1226 899 1248 927 si
1273 899 1342 927 l'orte
1356 900 1433 927 aliter
1452 908 1500 928 vos
1516 901 1606 927 facere
1619 898 1780 935 cognoveri-

141 944 208 972 bere
229 944 374 975 securiter,
394 951 541 979 omnesque
556 948 660 972 vestros
673 944 715 972 vel
734 944 835 972 alienos
849 941 973 972 homi-B
987 952 1063 978 mus,
1096 945 1193 972 scitote
1225 945 1289 980 quia
1326 950 1427 974 nostra:
1457 954 1506 974 vos
1539 954 1593 974 non
1620 945 1782 975 habebimﬂl

140 997 192 1017 nes
210 989 244 1016 ab
261 988 380 1022 ejusdem
395 988 464 1016 villae
487 989 651 1016 habitatione
672 990 713 1017 vel
733 991 869 1018 dominatu
891 999 935 1018 re-

133 1035 285 1067 ‘moveatis,
301 1041 352 1062 nec
369 1035 468 1062 vestris
485 1035 579 1062 diebus
602 1035 719 1070 aliquam
740 1044 755 1063 a
774 1044 935 1071 quocunque

135 1074 256 1108 'homine
267 1080 487 1108 contrarietatem
498 1081 644 1115 patiamur.
659 1081 746 1108 Simili
760 1082 841 1108 etiam
855 1083 935 1110 modo

141 1126 260 1162 petimus
274 1131 304 1154 ut
325 1127 518 1162 monasterium
539 1126 567 1154 S.
590 1127 672 1159 Petri,
695 1128 765 1163 quod
786 1129 935 1163 appellatur

132 1172 311 1210 .Pultariense
322 1193 330 1206 ,
353 1176 379 1200 et
393 1172 529 1201 Gerardus
543 1174 677 1208 quondam
701 1182 791 1201 comes
808 1175 839 1202 de
854 1176 935 1203 rebus

143 1218 201 1246 suis
213 1217 328 1254 perfecit
341 1222 422 1253 atque
440 1218 553 1252 dotavit,
569 1224 595 1246 ct
611 1224 703 1247 sancto
721 1220 800 1248 Petro
814 1221 933 1253 tradidit,

143 1268 232 1292 vestra
251 1263 279 1292 in
299 1264 424 1292 omnibus
445 1264 556 1292 tuitione
571 1265 712 1300 adjuvetur
724 1286 731 1297 ,
751 1266 812 1300 quia
836 1266 934 1293 fratres

143 1305 190 1345 qui
205 1309 233 1336 in
246 1316 279 1336 eo
301 1309 473 1342 consistunt,
496 1313 522 1337 et
546 1309 651 1336 sedulas
675 1309 730 1337 Deo
755 1310 848 1337 laudes
874 1318 934 1345 per-

139 1355 261 1396 lsolvunt,
274 1359 383 1383 orantes
396 1363 446 1391 pro
462 1355 546 1383 salute
565 1356 687 1383 omnium
710 1357 735 1383 in
751 1357 859 1384 Christo
875 1365 933 1384 cre-

118 1432 131 1438 μ
142 1400 276 1444 dentium,
291 1401 324 1429 ab
339 1400 454 1428 inimicis
468 1401 564 1429 vicinis
576 1403 776 1436 perturbantur,
793 1403 933 1437 omnisque

118 1448 262 1484 qillorum,
279 1448 333 1475 imo
345 1451 438 1475 nostra
454 1447 554 1474 familia
571 1448 716 1475 crudeliter
731 1449 838 1475 assidue
849 1456 931 1475 vexa-

130 1485 188 1532 lftur
210 1497 238 1520 et
258 1492 430 1528 opprimitur,
449 1492 486 1519 ita
507 1500 571 1519 sane
585 1497 613 1519 ut
634 1501 720 1527 neque
740 1500 827 1525 arare,
846 1501 933 1528 neque

131 1542 240 1575 {caetera
263 1546 322 1574 quae
345 1538 379 1565 ad
407 1542 487 1564 terrae
511 1538 643 1566 culturam
670 1538 822 1573 pertinent,
846 1539 932 1573 possit

142 1592 280 1612 exercere.
307 1583 475 1618 Quapropter
497 1586 525 1610 et
549 1588 665 1610 vestrum
689 1583 817 1610 auxilium
844 1583 931 1610 eidem

136 1635 238 1663 sancto
257 1615 498 1665 Ioco—inipendatis
513 1634 539 1657 et
554 1633 647 1656 contra
663 1629 709 1655 Dei
724 1633 803 1663 atque
816 1629 873 1662 ejus
886 1623 933 1655 ad-
947 1615 970 1646 C

141 1677 278 1706 versarios
289 1684 398 1703 manum
412 1680 511 1704 vestrae
520 1676 657 1711 potentia,
668 1683 718 1710 pro
731 1683 821 1702 amore
836 1675 894 1708 Dei,
906 1681 933 1702 et

141 1718 300 1750 sanctorum
321 1720 502 1757 apostolorum
526 1720 598 1747 Petri
624 1728 655 1747 ac
677 1720 766 1752 Pauli,
788 1725 933 1754 nostraque

113 1768 286 1803 “dilectione
297 1767 459 1800 extendatis,
468 1771 600 1803 quatenus
610 1772 699 1794 vestro
708 1767 809 1801 potenti
822 1766 933 1793 brachio

122 1814 220 1848 “freti,
238 1814 304 1842 salvi
327 1813 353 1841 in
371 1812 496 1841 omnibus
519 1818 546 1841 et
568 1814 655 1841 securi
671 1813 835 1845 consistant,
861 1817 890 1839 ut
907 1817 933 1839 et

132 1861 169 1896 in
182 1860 309 1897 praesenti
324 1861 419 1897 dignas
434 1869 449 1888 a
463 1860 541 1888 nobis
559 1861 750 1887 retributiones
764 1864 789 1887 et
803 1860 828 1887 in
843 1859 932 1886 futuro

142 1905 319 1948 multiplicem
338 1913 354 1933 a
372 1905 485 1933 Domino
500 1905 611 1932 valeatis
627 1906 779 1932 mercedem
801 1905 931 1939 recipere.

470 1961 601 1990 CCLVIII.

231 2026 265 2047 AD
286 2027 449 2049 αυιινηιωι
468 2026 610 2047 ΡΒΙΠΟΙΡΕΙ
630 2026 844 2048 βλιειιηιτωυι.

140 2071 232 2118 Horret
240 2080 273 2118 Ill!
286 2085 301 2103 a
313 2075 441 2117 molestiis.
451 2076 559 2117 desistat
569 2082 637 2117 quas
646 2075 778 2118 Capitonis
789 2076 916 2118 infereng
922 2085 934 2110 ;

149 2123 151 2126 ‹
176 2112 308 2175 signiﬁcat
327 2120 355 2139 re
372 2112 475 2146 inicius
493 2112 727 2146 regioneritumm
745 2117 769 2139 ιι
787 2112 934 2140 discordias

175 2155 190 2174 ι
224 2152 340 2175 alarum.

139 2212 163 2223 ιιι
176 2202 349 2232 Nobllissimo
362 2203 424 2231 viro
434 2183 587 2232 Gonnum
595 2204 715 2239 glorioso
728 2205 854 2240 principi.

176 2249 274 2277 Retatn
288 2249 467 2285 quorumdam
482 2250 627 2278 didicimus
638 2250 719 2284 quod.
736 2250 867 2279 suadente
881 2251 933 2278 hu-

116 2302 119 2309 '
141 2294 214 2323 mani
228 2294 336 2330 generis
349 2294 541 2329 inimicofqui
560 2294 643 2330 totius
657 2294 807 2327 inimicitiae
818 2298 846 2322 et
862 2302 934 2331 mor:
945 2295 972 2325 D

140 2341 176 2368 tis
188 2345 230 2368 est
242 2344 346 2374 auctor,
360 2341 476 2375 cupiatis
489 2340 645 2375 multiplicia
662 2340 759 2368 damna
774 2344 805 2369 et»
816 2334 930 2376 adversa

140 2385 241 2414 inferre
254 2385 396 2421 Capuanis.
411 2390 439 2413 et
458 2390 567 2420 propter
587 2385 727 2413 discordiae
746 2385 844 2413 malum
859 2386 932 2421 quod
951 2394 969 2399 λ’

961 2439 962 2443 η
985 2427 1065 2462 longo
1084 2427 1140 2462 jam
1155 2430 1277 2461 tempore
1300 2433 1348 2455 vos
1367 2433 1417 2462 pro
1438 2425 1557 2454 utilitate
1570 2430 1598 2454 et
1612 2425 1779 2454 exaltatione

140 2432 231 2459 saaculi
242 2431 458 2467 quotidiellivore
471 2436 627 2467 satientur.
640 2436 669 2461 et
681 2432 752 2460 inter
767 2431 932 2468 propinquos

110 2488 113 2489 ν
140 2481 223 2513 atque
236 2478 338 2506 amicos
350 2478 492 2510 accrescit,
507 2477 770 2513 cogitetisgenerale
783 2478 930 2507 discrimen

140 2525 273 2561 praebere,
301 2525 371 2552 unde
386 2524 489 2552 scilicet
520 2531 574 2552 non
603 2524 709 2552 modica
740 2525 859 2552 turbatio
888 2525 931 2553 his

141 2572 241 2599 vestris
255 2571 282 2599 in
302 2571 425 2606 partibus
440 2570 545 2598 oriatur
563 2573 590 2597 et
611 2568 683 2605 longi
706 2570 835 2605 temporis
855 2578 931 2598 scan-

124 2617 232 2656 ‘Adalum
253 2620 371 2644 maneat.
385 2616 419 2644 Et
432 2616 495 2643 dum
515 2623 568 2643 non
583 2615 673 2643 desint
689 2615 810 2643 extranei
828 2616 931 2650 hostes,

121 2653 125 2660 λ
141 2653 203 2692 cum
220 2662 317 2698 quibus
340 2662 447 2690 assidue
469 2661 603 2689 luctamen
623 2660 755 2694 habeatis,
770 2658 857 2689 vultis
868 2670 932 2690 con-

142 2708 290 2747 trarietatis
304 2707 460 2735 discrimina
480 2705 600 2743 praebere
625 2704 792 2741 propinquis,
810 2714 878 2742 quos
903 2707 930 2734 itt

126 2783 127 2786 η
142 2755 273 2797 auxilium
286 2754 363 2782 vobis
376 2757 557 2789 opportunum
576 2752 706 2789 poteratis
725 2752 825 2780 habere
846 2752 932 2781 l'auto-
948 2759 951 2761 ’

143 2810 196 2830 res.
217 2801 271 2829 Nos
288 2800 400 2834 idcirco,
416 2809 492 2829 more
506 2805 630 2837 paterno,
644 2807 692 2827 vos
705 2799 783 2835 quasi
805 2798 932 2828 dilectum

142 2847 227 2875 ﬁlium
241 2847 429 2880 admonemus,
444 2850 472 2874 et
485 2854 519 2874 ex
542 2846 589 2874 Del
610 2844 803 2881 omnipotentis
815 2844 934 2872 auctori-

117 2919 120 2923 .
143 2888 198 2928 tale
214 2894 411 2935 maturumque
428 2892 610 2930 apostolorum
622 2890 698 2934 Petri
715 2894 743 2918 et
763 2888 843 2934 Pauli
857 2891 934 2933 pote-

145 2942 216 2968 state
229 2932 413 2974 prohibemus,
428 2942 459 2967 ut
478 2945 533 2966 non
557 2932 685 2966 habeatis
696 2932 843 2965 licentiam
854 2942 935 2971 super

988 991 1187 1018 CilllllllUlllOlllS
1208 998 1359 1019 consortes.

1326 1048 1437 1075 CCLIX.

1166 1100 1200 1119 AD
1222 1100 1412 1121 PANDENULFUM
1432 1102 1596 1122 CASTALIJUM.

1292 1140 1380 1175 (Anno
1405 1140 1479 1174 879.)

987 1182 1124 1218 Signiﬁcat
1141 1193 1168 1212 se
1185 1183 1321 1219 Guaiferio
1340 1186 1473 1219 scripsisse
1486 1190 1512 1211 ut
1528 1185 1559 1212 ab
1580 1185 1715 1220 inferendo
1728 1185 1779 1213 Ca-

1200 1221 1294 1254 puanis
1310 1220 1406 1246 damno
1422 1220 1566 1247 desisteret.

1021 1265 1109 1292 Nobili
1124 1267 1183 1294 viro
1195 1266 1373 1294 PANDENULl-‘O
1388 1266 1504 1301 glorioso
1522 1266 1651 1293 castaldo.

1022 1310 1137 1338 Relectis
1163 1311 1300 1338 industria:
1324 1316 1375 1338 ture
1402 1311 1508 1344 litteris,
1531 1319 1599 1346 quas
1623 1319 1672 1346 per
1697 1312 1778 1339 talem

986 1356 1091 1383 ﬁdelem
1111 1358 1248 1384 hominem
1265 1362 1339 1384 tuum
1353 1358 1430 1385 nobis
1451 1358 1595 1390 mandasti,
1609 1365 1640 1385 ea
1656 1365 1716 1392 qua:
1729 1366 1779 1386 no-

985 1405 1042 1428 stro
1061 1401 1199 1435 pontiﬁcio
1214 1402 1365 1437 supplicare
1386 1403 1523 1435 studuisti,
1544 1402 1691 1438 apostolica
1711 1404 1778 1430 dun-

986 1451 1060 1472 taxat
1073 1446 1237 1480 benignitate
1255 1448 1417 1478 audivimus.
1437 1456 1478 1480 ac,
1495 1452 1576 1482 prout
1599 1448 1667 1475 ratio
1688 1448 1779 1483 exige-

985 1492 1040 1524 bat,
1057 1493 1156 1526 partim
1169 1493 1373 1527 complevitnus.
1391 1493 1543 1520 Dircximus
1557 1501 1672 1528 namque
1692 1493 1779 1520 nostri

985 1538 1152 1571 apostolatus
1168 1538 1272 1565 litteras
1287 1538 1435 1571 Guail‘erio,
1451 1544 1478 1565 et
1500 1539 1669 1566 admonendo
1692 1539 1780 1566 incre-

986 1584 1074 1617 pando
1096 1588 1175 1617 atque
1198 1584 1458 1611 excommunicando
1473 1592 1533 1611 eum
1553 1592 1605 1611 non
1628 1584 1727 1611 habere
1748 1584 1780 1610 Ii-

987 1630 1103 1657 centiam
1118 1638 1150 1657 ex
1167 1631 1219 1657 Deo
1242 1635 1267 1657 et
1292 1636 1445 1657 sanctorum
1461 1631 1643 1665 apostolorum
1660 1630 1733 1658 Petri
1748 1638 1780 1658 ac

985 1674 1060 1701 Pauli
1076 1680 1222 1709 nostraque
1242 1676 1402 1702 auctoritate
1426 1676 1587 1709 permissum
1601 1675 1693 1702 venire
1715 1683 1779 1702 con-

985 1725 1027 1748 tra
1048 1721 1140 1749 urbem
1163 1722 1329 1757 Capuanum,
1352 1730 1438 1757 neque
1462 1722 1577 1756 aliquam
1604 1722 1631 1748 in
1654 1722 1779 1748 omnibus

986 1766 1147 1794 suburbanis
1165 1771 1191 1793 et
1221 1767 1318 1794 ﬁnibus
1340 1766 1398 1801 ejus
1419 1767 1640 1794 contrarietatem
1663 1765 1775 1799 inferre,

985 1811 1105 1838 uullasvc
1126 1811 1213 1838 moliri
1238 1812 1359 1845 insidias,
1374 1820 1514 1847 usquequo
1540 1812 1605 1839 istas
1630 1812 1656 1838 in
1673 1816 1773 1846 partes,

985 1858 1132 1884 auxiliante
1145 1857 1269 1890 Domino,
1282 1863 1343 1893 post
1364 1858 1442 1892 hujus
1463 1857 1548 1885 :estivi
1571 1857 1699 1891 temporis
1719 1857 1773 1884 fer-

985 1910 1076 1930 VOI'eIlI
1092 1903 1254 1930 VCHIFCIIIUS.

1332 1938 1432 1967 CCLX.

1235 1992 1269 2012 AD
1287 1992 1410 2014 CAROIMM
1431 1992 1529 2012 REGE“.

1285 2031 1376 2068 (Anno
1398 2031 1474 2068 879.)

985 2077 1084 2114 Scribit
1096 2086 1123 2106 se
1134 2078 1227 2106 litteris
1238 2086 1306 2110 eum,
1320 2083 1349 2106 ut
1361 2078 1396 2106 ad
1407 2078 1545 2114 imperium
1559 2083 1732 2114 promoveret,
1743 2079 1777 2106 ad

1022 2112 1117 2141 Urbem
1132 2114 1282 2146 aduocans,
1294 2112 1448 2141 Rauennam
1457 2112 1586 2149 usquead
1599 2122 1660 2142 eum
1673 2122 1780 2149 proger-

1020 2149 1094 2181 εἰπε,
1110 2158 1122 2176 δ
1140 2157 1277 2184 crassaque
1295 2157 1324 2176 se
1342 2149 1471 2177 auxilium
1491 2148 1522 2176 ub
1541 2157 1571 2176 eo
1587 2148 1710 2176 adversus
1726 2148 1779 2176 Ro-

1020 2192 1106 2210 mam:
1119 2158 1244 2210 Ecclesia:
1267 2184 1352 2210 hostes
1378 2189 1540 2210 recepturum
1560 2191 1570 2210 :
1590 2192 1648 2210 aute
1663 2192 1720 2210 mea
1741 2183 1779 2210 ita

1020 2192 1106 2211 mante
1119 2183 1244 2212 Ecclesia}
1267 2184 1352 2210 hostes
1378 2189 1540 2219 recepturum
1560 2191 1570 2210 :
1590 2192 1648 2219 qua:
1663 2192 1720 2218 spes
1741 2183 1779 2210 ita

1021 2227 1080 2246 eum
1098 2219 1226 2253 frustrata
1241 2223 1289 2250 est,
1306 2223 1334 2244 ut
1348 2218 1480 2253 nunquam
1494 2219 1579 2245 hostes
1592 2219 1676 2253 magis
1692 2218 1781 2246 sanie-

1023 2255 1075 2281 n'ru
1087 2262 1097 2281 :
1106 2254 1168 2289 petit
1179 2258 1205 2280 ut
1214 2253 1339 2280 Ecclesia:
1346 2261 1421 2287 opem
1428 2253 1496 2289 ferat
1505 2273 1513 2285 ,
1526 2257 1550 2280 et
1558 2253 1621 2279 dum
1631 2254 1681 2280 iter
1690 2257 1778 2289 parat,

1021 2287 1121 2324 legatos
1130 2288 1172 2315 ad:
1180 2296 1208 2316 se
1219 2289 1323 2320 mittat;
1335 2296 1448 2324 altosque
1458 2287 1556 2323 legatos
1567 2288 1741 2316 commendat.

1020 2333 1126 2361 Dilecto
1140 2341 1172 2361 tio
1189 2333 1304 2368 spiritali
1319 2332 1498 2367 ﬁlioCnow
1506 2333 1623 2368 glorioso
1637 2333 1705 2370 regi.

1020 2381 1098 2416 Quod
1115 2381 1184 2409 bene
1195 2385 1288 2409 vestra
1307 2380 1408 2416 regalis
1428 2380 1568 2416 cognoscit
1584 2380 1749 2413 sublimitas,
1763 2388 1780 2408 a

986 2477 1091 2500 sancta
1102 2472 1176 2501 sedis
1197 2471 1351 2507 apostolicae
1369 2472 1465 2500 matris
1488 2476 1588 2501 vestra:
1612 2472 1646 2499 ad
1671 2470 1778 2499 culmen

984 2518 1103 2554 imperii,
1118 2517 1175 2545 Deo
1194 2517 1322 2553 propitio,
1345 2517 1476 2549 volentes,
1482 2518 1642 2553 perducere,
1658 2516 1780 2544 auctori-

986 2565 1157 2592 tatlsnostra
1169 2564 1268 2592 litteris
1281 2564 1372 2592 missis
1383 2564 1549 2595 vocavitnus.
1560 2570 1593 2591 ac
1606 2563 1778 2598 postmodum

983 2617 1041 2646 pra)
1057 2610 1243 2645 magnitudine
1259 2611 1361 2639 amoris
1368 2609 1473 2645 ,vestri,
1495 2608 1604 2643 relicta,
1617 2613 1716 2646 nostra
1731 2607 1780 2636 Ee-
1800 2636 1803 2639 .

984 2656 1065 2683 clesia
1086 2656 1158 2683 inter
1181 2663 1268 2684 saevas
1292 2655 1412 2685 hostium
1426 2661 1480 2683 non
1495 2654 1583 2683 solum
1598 2661 1777 2690 paganorum,

984 2697 1035 2731 sed
1050 2702 1133 2730 etiam
1154 2701 1287 2730 malorum
1309 2700 1523 2730 Christianorum
1549 2706 1655 2732 manus,
1672 2699 1706 2726 ad
1726 2705 1779 2737 vos

983 2750 1142 2778 Ravennam
1166 2749 1352 2785 pervenimus,
1366 2748 1437 2783 quod
1458 2748 1549 2777 nullus
1573 2751 1778 2776 antecessorum

984 2800 1140 2825 nostrorum
1155 2794 1359 2830 gloriosissima
1378 2793 1596 2829 progenitoribus
1609 2791 1710 2820 vestris
1725 2791 1777 2820 ali-

967 2844 969 2846 '
985 2843 1093 2881 quando
1101 2842 1201 2871 fecisse
1206 2841 1345 2875 recolitur,
1352 2846 1494 2877 sperantes
1498 2841 1604 2872 scilicet
1610 2847 1722 2870 omnem
1728 2840 1780 2868 bo-

974 2893 1080 2918 norem
1087 2887 1416 2926 pristinumque'vigorem
1429 2891 1532 2919 saneta
1545 2886 1676 2925 Romam
1684 2884 1780 2914 Eccle-

986 2935 1035 2964 sia:
1050 2937 1105 2971 per
1125 2938 1176 2964 vos
1190 2934 1224 2963 ad
1245 2937 1422 2970 augmentum
1443 2933 1598 2971 perlech
1611 2932 1779 2969 perducere.
