4042 6302
510 371 615 429 885

1812 358 2094 427 IOANMS
2130 358 2332 429 PAPE
2368 360 2483 425 Vlll
2544 424 2552 433 ,

3667 362 3780 418 8M

500 448 667 561 atque
698 490 1045 546 intraturum
1071 492 1273 544 sanctae
1292 484 1388 539 Dei
1415 482 1671 541 Ecclesiae
1692 490 1751 539 et
1768 492 2083 561 nostrorum
2113 486 2163 545 Α
2191 483 2355 538 etiam
2387 500 2415 539 a
2447 482 2605 539 malis
2653 478 3009 551 Christianis,
3032 486 3173 557 quod
3224 484 3325 557 ipsi
3374 484 3565 556 procul
3613 484 3795 537 dubio

499 585 734 641 ferocem
789 581 1130 638 severitatem
1169 577 1316 633 omni
1356 577 1516 632 modo
1562 572 1920 645 comprimere
1956 572 2089 630 faci-

498 675 655 746 leque
703 687 961 742 superare
990 671 1335 742 putabamus.
1375 667 1487 724 Sed
1523 666 1647 738 quia
1694 668 1760 721 de
1788 664 1874 723 his
1914 665 2091 722 omni-

498 770 599 839 bus
647 765 782 822 nihil
826 764 966 835 apud
997 762 1423 836 magnitudinem
1455 767 1719 824 vestram,
1762 767 1821 813 ut
1869 754 2088 813 voleba-

495 874 638 923 mus,
677 856 1008 927 peregimus,
1041 862 1382 911 revertentes
1412 852 1686 924 prioribus
1715 851 1899 923 pejora
1934 862 2090 920 repe-

498 951 686 1009 rimus.
728 948 864 1004 Nam
892 948 1101 1004 inimici
1132 949 1324 1012 nostri,
1362 946 1557 1018 majori
1606 944 1827 1002 audacia
1870 943 2085 1010 elevati,

496 1057 605 1103 non
645 1041 821 1115 solum
851 1057 913 1097 ea
957 1056 1077 1113 qua:
1117 1040 1293 1096 sancti
1337 1038 1483 1095 Petri
1518 1024 1647 1094 sunt
1692 1037 1951 1106 diripere,
1996 1033 2088 1091 sed

496 1132 665 1193 etiam
711 1130 960 1187 homines
1001 1139 1216 1187 nostros
1259 1129 1311 1184 in
1343 1144 1441 1184 sua
1477 1136 1744 1199 potestate
1774 1126 2089 1197 recolligere

495 1230 555 1281 et
577 1222 814 1278 retinere
835 1236 941 1277 non
969 1221 1236 1276 dubitant.
1252 1220 1615 1290 Quapropter,
1640 1217 1713 1272 lili
1738 1214 2081 1279 charissime,

493 1327 598 1387 pro
628 1322 779 1371 certo
805 1311 997 1367 scitote
1038 1310 1164 1381 quia
1194 1326 1292 1367 nos
1332 1320 1570 1369 vestrum
1601 1310 1863 1365 honorem
1890 1316 1944 1363 et
1973 1306 2087 1375 glo-

496 1402 639 1459 riam
680 1410 794 1457 toto
823 1402 1107 1459 conamine
1135 1401 1507 1457 desideramus
1534 1399 1814 1472 perﬁcere,
1864 1405 1920 1453 et
1966 1397 2090 1452 ideo

494 1508 595 1550 vos
629 1508 693 1549 ea
724 1508 847 1564 quae
874 1493 1092 1548 utilitati
1122 1503 1178 1548 et
1205 1492 1529 1548 exaltatioui
1560 1500 1762 1551 sanctae
1790 1490 1932 1545 mdis
1961 1503 2088 1558 apo-

496 1582 709 1639 stolicae
737 1582 975 1655 proﬁcua
1017 1592 1167 1649 sunt,
1213 1583 1304 1654 pio
1344 1583 1541 1638 intuitu
1575 1590 1865 1651 menteque
1892 1578 2084 1635 devota

496 1672 705 1729 debetis
740 1688 1018 1745 peragere.
1055 1672 1210 1730 Unde
1257 1672 1455 1728 obnixe
1508 1687 1793 1745 precamur
1833 1681 1893 1727 ut
1928 1671 2087 1728 nobis

497 1765 741 1835 dirigatis
766 1765 1163 1822 Luithhardum
1198 1765 1563 1821 venerabilem
1607 1766 1942 1839 episcopum,
1976 1764 2085 1819 Ma-

2193 573 2360 637 scitis,
2392 581 2728 644 permaneat,
2754 574 2944 640 donec,
2968 574 3079 629 Deo
3099 574 3412 637 auxiliante,
3446 580 3795 628 revertentes

2189 665 2253 741 ad
2286 664 2550 735 gremium
2576 674 2776 721 sanctae
2809 664 2999 721 matris
3021 674 3214 721 vestra:
3241 662 3501 721 Romanas
3524 660 3797 720 Ecclesia:

2192 757 2451 824 veniatis;
2485 759 2613 828 quia
2651 757 2696 814 si
2732 760 2834 814 hoc
2857 756 3336 830 praetermiseritis‘,
3365 765 3513 815 tanta
3540 755 3798 829 undique

2190 850 2417 906 adversa
2451 850 2537 906 vix
2568 850 2708 906 ferre
2737 848 2998 907 valemus.
3031 848 3372 921 Quapropter
3403 861 3585 903 vestra
3630 862 3795 919 rega-

2188 943 2255 1011 lis
2306 944 2619 1016 magnitudo
2654 940 2948 1014 praevideat
2995 959 3064 999 ne
3111 942 3309 999 vestris
3359 930 3548 997 diebus
3589 943 3793 998 eadem

2189 1039 2430 1099 Ecclesia
2459 1039 2697 1111 aliquam
2749 1038 3089 1095 minuitatem
3120 1038 3376 1109 patiatur,
3407 1034 3501 1091 sed
3548 1053 3653 1107 per
3697 1053 3796 1094 vos

2188 1128 2364 1197 magis
2399 1115 2798 1198 augmentetur,
2830 1128 3083 1199 quoniam
3114 1127 3282 1197 ipsius
3307 1138 3669 1199 augmentum
3704 1144 3796 1183 ve-

2188 1227 2302 1283 ster
2322 1226 2404 1274 est
2443 1219 2635 1274 honor.
2674 1218 2800 1274 Ideo
2836 1218 3074 1288 petimus
3103 1226 3163 1273 ut
3209 1233 3332 1273 cum
3374 1228 3648 1288 praesente
3676 1218 3792 1287 jam

2189 1312 2335 1365 dicto
2365 1320 2560 1382 nepote
2590 1319 2780 1367 nostro
2827 1310 3078 1365 idoneum
3112 1325 3143 1365 e
3184 1309 3350 1366 latére
3397 1320 3583 1367 vestro
3624 1313 3793 1365 no'is

2190 1402 2434 1474 dirigatis
2474 1403 2737 1473 legatum,
2762 1403 2855 1474 qui
2890 1403 2957 1458 ad
2989 1403 3219 1458 salutem
3247 1410 3301 1459 et
3320 1403 3590 1473 justitiam
3624 1414 3794 1457 teme

2188 1493 2470 1549 nobiscum
2505 1493 2723 1548 interim
2763 1493 2970 1563 pariter
2998 1501 3055 1547 et
3082 1493 3484 1565 promptissime
3521 1493 3575 1546 in
3603 1492 3793 1551 cinni-

2188 1581 2310 1647 bus,
2335 1592 2496 1652 prout
2536 1598 2670 1655 opus
2704 1582 2888 1648 fuerit,
2929 1583 3197 1648 desudet;
3250 1591 3310 1638 ut
3346 1593 3407 1638 et
3434 1600 3534 1638 uos
3563 1599 3789 1640 omnem

2188 1681 2428 1728 vestrum
2468 1673 2730 1728 honorem
2780 1671 3136 1729 libentissime
3177 1674 3456 1730 valeamus
3494 1672 3792 1746 perticae,

2189 1765 2277 1821 cui
2320 1779 2381 1820 ea
2414 1780 2534 1835 qua:
2581 1766 2736 1821 vobis
2779 1763 2999 1831 dixerit,
3033 1765 3187 1836 quasi
3227 1765 3635 1838 nobismetipsis
3667 1782 3795 1824 cro-

497 1858 772 1927 nigoldum
818 1858 985 1914 tilium
1015 1857 1319 1926 Adelberti,
1349 1867 1405 1913 et
1431 1859 1781 1915 Adelbertum
1809 1859 2084 1929 protopin-
2111 1847 2319 1914 Βᾶθι-θ
2369 1872 2476 1913 non
2534 1858 2917 1930 dedignemini.
2976 1855 3342 1928 Quamobrem
3401 1875 3676 1931 rogamus,
3729 1868 3792 1915 ut

497 1964 719 2004 cernam
748 1957 1009 2014 vestrum,
1055 1949 1166 2019 qui,
1214 1960 1503 2021 antequam
1531 1964 1628 2005 vos
1666 1950 1766 2005 bas
1806 1950 1863 2003 in
1904 1958 2087 2020 partes
2189 1950 2375 2008 libenti
2409 1952 2592 2007 animo
2621 1952 2723 2007 hoc
2753 1950 2958 2019 facere,
3002 1958 3058 2009 et
3104 1954 3401 2009 secundum
3448 1955 3783 2025 promissum

495 2040 751 2096 veniendi
797 2040 903 2094 iter
936 2041 1186 2105 sumatis,
1232 2058 1331 2098 nos
1359 2052 1413 2097 et
1442 2050 1685 2097 sanctam
1734 2051 1963 2095 matrem
1991 2054 2087 2093 ve-
2189 2056 2433 2102 vestrum
2455 2047 2752 2121 adimplere
2777 2048 3106 2104 omnimodis
3132 2047 3421 2120 satagatis,
3448 2063 3572 2103 nam
3595 2058 3787 2105 certos

496 2140 670 2187 stram
698 2130 1001 2187 Romanam
1016 2132 1312 2188 Ecclesiam
1336 2133 1660 2197 eertiticent,
1685 2142 1739 2189 et
1760 2135 1827 2188 ad
1849 2141 2087 2188 vestrum
2189 2155 2285 2195 vos
2311 2155 2429 2197 esse
2456 2140 2709 2197 volumus
2731 2141 2860 2213 quia
2885 2150 3129 2205 vestrum
3169 2140 3437 2199 honorem
3459 2149 3522 2207 et
3559 2139 3793 2217 gloriam

496 2224 758 2279 honorem
797 2225 865 2279 et‘
894 2220 1121 2294 gloriam
1171 2222 1464 2294 placabiles
1519 2226 1574 2278 et
1624 2224 1777 2279 laetos
1827 2222 2086 2290 efﬁciant,

496 2325 765 2388 quatenus
794 2316 906 2373 Deo
932 2314 1246 2379 auxiliante,
1276 2316 1433 2373 vobis
1463 2316 1804 2374 venientibus
1836 2314 2085 2382 Romam,

496 2423 667 2463 unum
695 2404 763 2463 de
789 2407 984 2477 pactis,
1021 2414 1077 2464 et
1122 2406 1406 2482 privilegia
1459 2414 1660 2465 sancta:
1698 2398 1957 2463 Romanae
1986 2404 2091 2461 Ec-

494 2497 693 2562 clesia,
722 2512 874 2573 more
896 2505 1184 2571 parentum
1213 2506 1547 2563 vestrorum,
1586 2511 1853 2559 renovare
1880 2504 1934 2555 et
1956 2511 2090 2557 con-

497 2582 723 2651 ﬁrmare
752 2590 1021 2647 studeatis
1063 2605 1078 2645 :
1126 2598 1182 2647 et
1223 2590 1461 2661 petimus
1484 2597 1547 2647 ut
1573 2589 1639 2646 de
1684 2588 1788 2644 hoc
1816 2588 1960 2660 quod
1996 2600 2093 2656 pro

497 2684 705 2743 honore
732 2683 827 2741 Dei
857 2692 913 2739 et
945 2691 1147 2743 sancta:
1185 2682 1466 2750 Ecclesiae,
1514 2697 1611 2743 seu
1650 2688 1833 2739 vestro
1868 2696 1964 2736 vos
2006 2679 2093 2735 Ta-

500 2789 627 2835 cere
647 2790 951 2842 monemus,
972 2775 1177 2847 aliquid
1200 2775 1436 2831 inimicis
1464 2774 1665 2835 nostris
1690 2788 1798 2831 non
1830 2772 2089 2838 credatis,

500 2880 677 2939 usque
705 2867 791 2924 bis
812 2867 905 2938 qui
931 2868 1104 2943 magis
1129 2881 1192 2923 ea
1223 2881 1342 2937 quae
1371 2881 1471 2923 sua
1500 2875 1625 2923 sunt
1653 2880 1815 2935 quam
1852 2874 2091 2919 vestram

499 2957 730 3029 gloriam
759 2965 1032 3028 quarunt,
1063 2972 1130 3011 eo
1155 2958 1299 3028 quod
1324 2958 1501 3014 honor
1524 2967 1578 3013 et
1602 2956 1862 3019 exaltatio
1890 2966 2092 3013 sanctae

498 3047 761 3109 Rommtn
791 3047 1050 3107 Ecclesiae
1078 3057 1262 3107 vestra
1290 3049 1556 3120 protectio
1603 3059 1689 3107 est
1738 3048 1794 3104 in
1842 3049 2094 3107 omnibus

499 3152 789 3215 vestraque
831 3154 1021 3205 contra
1049 3160 1240 3203 omnes
1268 3145 1515 3202 inimicos
1548 3143 1811 3203 defensio.
1857 3145 1969 3203 Hos
1998 3161 2093 3201 au-

2193 2238 2307 2286 tota
2336 2237 2521 2286 mente
2553 2230 2929 2289 desideramus
2964 2230 3248 2303 perﬁcere.

2859 2358 3105 2421 CCLXII.

2551 2490 2621 2532 AD
2658 2482 2916 2533 nontam!
2947 2484 3424 2532 Aacnrerts‘cem.

2802 2594 2981 2665 (Anno
3026 2593 3177 2663 879.)

2194 2705 2430 2763 Miratur
2447 2707 2585 2777 quod
2611 2707 2824 2776 injuriis
2847 2706 3121 2769 Lacessis!"
3144 2706 3213 2778 ad
3239 2722 3301 2765 so
3324 2722 3439 2765 non
3459 2706 3794 2778 confugerit;

2266 2776 2510 2832 nuntium
2551 2778 2851 2847 Ravennam
2880 2778 3058 2843 mittit,
3090 2776 3180 2847 qui
3218 2778 3397 2837 oumia
3443 2776 3651 2831 contra
3682 2794 3797 2833 sunt

2266 2857 2410 2921 gesta
2433 2847 2710 2921 diligenter
2730 2846 2984 2916 inquirat,
3006 2857 3053 2900 et
3082 2846 3168 2921 eos
3192 2849 3282 2917 qui
3310 2847 3577 2921 injuriam
3598 2848 3797 2921 intuta:

2267 2917 2404 2982 rant,
2449 2917 2671 2970 Remum
2698 2920 2870 2971 uenire
2892 2918 3204 2988 contpetlst;
3230 2918 3553 2987 quiuissent-
3590 2920 3703 2988 ipse
3729 2917 3799 2973 ad

2264 2988 2525 3059 modum
2580 2988 2973 3058 Miscetur,
3023 2988 3117 3042 ubi
3174 2989 3289 3059 ejus
3340 3002 3517 3043 suos
3566 3000 3793 3059 agetur:

2261 3075 2483 3185 mus
2524 3060 2699 3130 arguit
2752 3060 2891 3130 quod
2940 3060 2998 3114 iu
3048 3075 3151 3127 sua
3197 3058 3445 3117 Ecclesia
3510 3058 3622 3117 non
3666 3061 3792 3115 resi-

2330 3147 2360 3183 η
2390 3170 2403 3182 .

2330 3140 2403 3183 αμ

498 3247 615 3298 teut
639 3214 838 3299 missos
865 3247 1101 3304 nostros.
1132 3238 1398 3299 Marinum
1429 3239 1679 3297 videlicet
1722 3238 2089 3301 venerabilem
2118 3214 2166 3280 ε
2268 3242 2737 3303 Reverendiss'tmo
2768 3253 2828 3302 et
2869 3244 3215 3307 sanctissimo
3242 3244 3478 3309 Romam
3522 3245 3795 3319 archiepj.

495 3332 815 3406 milia
836 3339 894 3389 et
931 3332 1200 3393 amasium
1231 3332 1379 3391 sedis
1412 3340 1635 3399 nostra,
1660 3340 1825 3403 atque
1863 3331 2086 3399 Petrum

494 3436 655 3496 aqua
688 3426 1003 3496 episcopum
1052 3423 1517 3496 Senogalliensem
1568 3425 1722 3483 vobis
1765 3425 2086 3490 direximus,

496 3535 637 3591 quos
663 3528 722 3576 ut
753 3519 988 3590 benigne
1033 3519 1308 3589 recipiatis
1353 3533 1625 3589 rogamus.
1666 3527 1721 3574 et
1752 3533 1817 3573 ea
1845 3532 1966 3587 quae
1994 3532 2089 3573 vo-

495 3614 585 3670 bis
628 3612 954 3670 verbbtsnus
998 3612 1256 3677 dixerint.
1309 3612 1467 3683 quasi
1517 3610 1675 3669 nobis
1717 3610 1942 3669 credere
1980 3624 2088 3667 non

494 3705 774 3761 dubitetis.
808 3704 949 3761 Data
981 3712 1042 3759 ιιι
1081 3716 1266 3775 sum.
1364 3704 1371 3713 ‘

1180 3816 1403 3875 CCLXI.

1072 3926 1153 3968 AD
1204 3922 1512 3967 EUMDEM.

1109 3998 1290 4073 (Anno
1313 3998 1462 4071 379.)

488 4108 642 4175 Dolet
676 4130 731 4173 se
758 4129 870 4182 non
915 4129 1065 4182 posse
1091 4129 1211 4167 cum
1238 4130 1300 4168 eo
1331 4110 1578 4182 colloqui.
1614 4110 1920 4182 ArnulLum
1946 4128 2086 4182 tega-

560 4192 672 4241 tum
699 4180 769 4236 ad
805 4179 924 4238 eum
960 4184 1139 4252 inittit,
1169 4191 1345 4252 petens
1369 4196 1432 4235 ne
1459 4179 1749 4252 Romanam
1796 4179 2083 4252 Ecclesium

560 4253 628 4308 ab
682 4253 917 4327 hostibus
950 4242 1074 4327 laedi
1115 4242 1372 4327 pétiatur,
1401 4252 1641 4327 ideoque
1694 4250 1807 4322 ejus
1857 4250 2083 4324 Iegalum

558 4340 677 4380 cum
705 4322 932 4394 Arnulfo
962 4316 1033 4378 ad
1062 4316 1127 4377 σε’
1155 4324 1293 4376 mitti
1323 4321 1494 4393 jubet.

572 4436 779 4493 Dilecto
806 4451 870 4493 ac
898 4436 1133 4507 spiritali
1154 4435 1265 4491 illic
1293 4434 1513 4491 Cancro
1538 4435 1776 4506 glorioso
1804 4435 1939 4505 regi.

554 4532 874 4613 Audivimus
930 4532 1074 4605 quod
1129 4530 1369 4587 debeatis
1415 4540 1561 4585 nunc
1613 4526 1773 4600 Alpes
1825 4530 2078 4595 transire,

2192 3348 2359 3405 scopo
2384 3342 2585 3395 sanctas
2610 3335 2869 3397 Ecclesiae
2892 3334 3245 3405 Ravennatis.
3748 3398 3755 3405 ,

2263 3424 2560 3483 Audientes
2580 3426 2717 3485 tales
2742 3427 2898 3491 vobis
2926 3443 2958 3489 a
2991 3428 3321 3497 quibusdam
3349 3426 3585 3487 insidias
3620 3437 3679 3485 et
3702 3425 3792 3495 in.-

2184 3514 2367 3585 jurias
2386 3516 2671 3583 accidisse,
2700 3518 2882 3575 mirati
2918 3535 3106 3578 sumus
3126 3518 3391 3590 quomodo
3417 3518 3487 3575 ad
3516 3519 3790 3583 Romam:

2189 3606 2450 3667 Ecclesia:
2495 3608 2765 3678 gremium
2791 3616 2849 3667 et
2880 3610 2949 3671 ad
2974 3619 3227 3671 nostram
3272 3608 3616 3680 apostolicam
3663 3626 3778 3665 non

2190 3700 2373 3759 Statim
2404 3701 2663 3761 veneritis
2694 3703 3075 3773 praesentiam;
3110 3720 3239 3759 nam
3266 3705 3314 3761 si
3342 3704 3648 3773 venissetis,
3674 3718 3782 3774 pro

2188 3802 2341 3848 certo
2386 3792 2529 3851 scire
2557 3794 2785 3864 potestis
2829 3795 2958 3865 quia
3016 3811 3137 3861 uos,
3173 3796 3456 3868 diligenter
3505 3796 3785 3868 inquisitis

2188 3887 2460 3952 omnibus,
2491 3902 2707 3942 omnem
2743 3897 2889 3953 tuam
2928 3903 3149 3946 causam
3189 3889 3257 3943 ad
3300 3897 3550 3959 optatum
3576 3900 3633 3944 et
3659 3904 3782 3960 pm-

2189 3995 2407 4050 sperum
2437 3980 2620 4046 finem,
2670 3979 2782 4037 Deo
2830 3978 3067 4047 favente,
3104 3981 3419 4037 omnimodo
3458 3979 3782 4052 perducere-

2188 4086 2328 4125 mus.
2364 4064 2519 4127 Nune
2550 4080 2730 4128 autem
2760 4084 2861 4143 pro
2888 4071 3049 4144 hujus
3077 4070 3155 4127 rei
3184 4084 3348 4129 causa
3389 4071 3622 4129 missum
3656 4088 3781 4143 pru-

2189 4161 2400 4215 dentem
2449 4161 2733 4233 dirigimus
2784 4160 3136 4227 Ravennam,
3177 4163 3270 4218 cui
3323 4177 3391 4217 es
3437 4177 3565 4233 qua
3627 4163 3780 4220 Iobb

2187 4252 2488 4308 mandastis
2518 4262 2704 4308 contra
2745 4261 2797 4308 te
2817 4261 2938 4309 acta
2964 4251 3154 4320 fuisse,
3181 4252 3473 4325 diligenter
3504 4254 3780 4326 inquirere

2179 4344 2452 4413 jubemus,
2497 4355 2556 4399 ut
2585 4360 2680 4401 eos
2700 4347 2793 4416 qui
2831 4345 2980 4411 talia,
3011 4357 3070 4401 ut
3093 4347 3358 4412 asseritis,
3391 4358 3649 4420 egerunt,
3684 4349 3782 4403 sub

2187 4434 2505 4503 ﬁdejussore
2548 4435 2753 4506 talique
2792 4434 2966 4507 legato
2997 4436 3216 4507 obliget,
3249 4444 3525 4507 quatenus
3569 4437 3675 4507 ipsi
3716 4438 3781 4492 de

2185 4527 2439 4597 pr:esentl
2464 4525 2697 4582 Romam
2724 4528 3116 4600 compeilantur
3156 4530 3361 4585 venire.
3393 4528 3605 4596 Quibus
3652 4544 3783 4585 sane

387 4622 423 4693 ζκ
485 4606 806 4696 atquecum
837 4624 1165 4687 charissimo
1209 4621 1376 4677 fratre
1413 4631 1597 4677 vestro
1642 4623 1914 4677 communi
1969 4621 2079 4678 elo-
2110 4590 2158 4662 Ῐ)
2184 4620 2544 4683 venientibus,
2576 4620 2823 4676 volumus
2848 4630 2907 4676 ut
2947 4630 3000 4677 et
3044 4636 3141 4677 vos
3170 4622 3381 4693 pariter
3410 4623 3653 4678 venistis
3678 4622 3786 4678 Ka-

385 4722 406 4788 (
485 4718 613 4788 quio
645 4715 784 4784 frui;
818 4719 959 4785 unde
981 4717 1133 4773 valde
1161 4716 1361 4773 turbati
1393 4716 1678 4771 existimus
1706 4730 1771 4770 eo
1814 4704 1959 4788 quod
1999 4732 2076 4772 se-

384 4787 402 4813 ‘s

386 4802 402 4881 ξ
482 4808 719 4871 cundum
740 4823 1024 4865 commune
1066 4808 1323 4885 placitum
1356 4806 1713 4880 sperabamus
1758 4821 1858 4864 nos
1892 4802 2075 4862 vobis-

480 4917 608 4963 cum
652 4899 817 4957 simul
866 4903 1189 4968 convenire,
1241 4906 1296 4955 et
1346 4906 1601 4974 magnum
1657 4914 1720 4955 ac
1772 4898 2071 4969 proﬁcuum

388 5005 429 5057 με
478 5009 616 5064 opus
643 4992 991 5055 exaltalionis
1024 5005 1223 5050 sauctm
1272 4992 1531 5051 Romanae
1572 4988 1829 5047 Ecclesiae
1885 4994 2075 5048 matris

394 5091 399 5097 ’
478 5095 674 5163 vestrae
698 5087 973 5157 vestrique
1006 5085 1227 5142 honoris
1250 5093 1304 5141 et
1344 5085 1510 5140 totius
1532 5093 1691 5141 terra:
1728 5087 1897 5141 sancti
1925 5074 2073 5141 Petri

477 5174 671 5232 salutis
698 5190 975 5255 peragere.
1015 5174 1224 5231 Idcirco
1265 5174 1564 5230 direximus
1587 5176 1742 5230 vobis
1772 5174 1914 5231 hunc
1947 5176 2076 5231 cha-

476 5267 757 5333 rissimum
813 5276 1065 5339 nepotem
1116 5275 1359 5323 nostrum
1421 5264 1706 5325 Farull‘um
1756 5266 2074 5323 deliciosum

476 5348 847 5429 consiliarium
874 5372 1118 5419 nostrum
1139 5403 1155 5430 ,
1185 5375 1283 5433 per
1325 5377 1485 5434 quem
1528 5369 1725 5417 vestrae
1752 5361 1915 5434 regali
1946 5378 2073 5434 sug-

472 5454 715 5529 gerituus
742 5451 1159 5527 magniﬁcentiae
1191 5463 1248 5508 ut
1280 5452 1426 5509 nullo
1456 5455 1615 5509 modo
1645 5453 2073 5525 prmtermittatis

475 5543 550 5615 ita
581 5546 836 5605 ordinare
860 5553 1025 5623 atque
1049 5545 1337 5619 disponere
1375 5556 1577 5602 terram
1625 5546 1682 5601 S.
1727 5544 1908 5612 Petri;
1940 5562 2073 5617 qua-

475 5639 636 5695 tenus
663 5634 809 5691 salva
851 5645 908 5693 et
952 5634 1171 5720 defensa
1223 5653 1329 5695 non
1371 5635 1543 5694 solum
1591 5654 1622 5692 a
1673 5637 1920 5711 paganis,
1975 5636 2070 5691 sed

466 5794 479 5907 ἒ
550 5821 577 5854 ι
608 5804 771 5898 ρθθθῑ
808 5810 1030 5887 aliquid.

2178 4711 2356 4768 lendis
2389 4712 2660 4781 Octobris,
2693 4715 2833 4770 sicut
2863 4714 2958 4771 tibi
2981 4730 3082 4786 pro
3120 4714 3442 4774 celebranda
3479 4717 3652 4772 etiam
3694 4731 3783 4788 sy-

2181 4804 2317 4858 nodo
2352 4818 2463 4872 ,am
2494 4813 2826 4875 prmeeptum
2869 4813 2976 4871 est,
3011 4806 3139 4875 quia
3170 4808 3225 4860 in
3257 4808 3552 4879 presentia
3588 4816 3779 4863 nostra

2179 4912 2397 4953 causam
2426 4906 2574 4952 tuam
2614 4898 2863 4954 volumus
2889 4898 3213 4964 deliberare,
3243 4899 3499 4971 quoniam
3532 4913 3652 4967 nos,
3695 4914 3781 4957 se-

2178 4991 2411 5045 cundum
2459 4992 2641 5046 datam
2693 4990 2850 5047 nobis
2896 4991 3157 5048 divinitus
3194 5002 3567 5065 potestatem,
3626 5009 3777 5049 more

2175 5084 2638 5151 prmdecessorum
2668 5091 2981 5140 nostrorum
3015 5096 3111 5139 vos
3141 5080 3399 5155 adjuvare
3427 5087 3656 5141 omnino
3685 5101 3781 5140 cu-

2182 5172 2451 5237 rabimus;
2486 5187 2609 5226 nam
2642 5172 2891 5231 volumus
2924 5180 2983 5228 ut
3008 5175 3183 5231 hdnor
3207 5185 3409 5232 sanetae
3436 5178 3778 5234 Ravennatis

2178 5262 2433 5320 Ecclesiae
2459 5278 2673 5335 semper
2708 5265 3062 5322 lndiminutus
3084 5278 3421 5339 permaneat.
3457 5267 3517 5324 In
3559 5272 3665 5326 hoc
3696 5280 3779 5326 ta-

2181 5366 2300 5410 men
2348 5355 2755 5426 rcdargucndus
2800 5373 2880 5423 es,
2930 5356 3056 5430 quia
3106 5359 3331 5416 dimissa
3390 5358 3635 5417 Ecclesia
3684 5372 3772 5419 tua

2181 5446 2469 5515 Ravenna),
2500 5461 2600 5518 per
2627 5446 2833 5504 alienas
2866 5446 3138 5504 Ecclesias
3178 5461 3368 5505 contra
3415 5460 3568 5509 tuam
3608 5467 3776 5524 spon-

2176 5539 2385 5597 sionem
2414 5539 2679 5596 discurris
2710 5550 2765 5596 et
2810 5543 3046 5608 resides;
3102 5558 3226 5599 nam
3270 5560 3369 5616 pro
3398 5544 3487 5602 bis
3514 5538 3639 5619 qua:
3676 5546 3773 5605 tibi

2176 5632 2421 5689 evenisse
2453 5633 2593 5690 dicis
2615 5646 2664 5690 ι.
2695 5632 2831 5690 Data
2855 5642 2912 5689 ut
2940 5646 3137 5707 supra;
