4042 6302
230 341 365 398 885,

902 449 1170 509 CCLXIII.

764 583 832 629 AD
870 583 1041 629 οιυιεε
1080 585 1315 627 FIDBLES.

833 682 1033 753 (Anno
1078 683 1240 749 879.)

238 791 496 865 Praecipit
522 803 579 849 ut
602 793 866 848 Ticinam’
888 797 1150 865 episcopo,
1182 795 1268 847 cui
1294 801 1598 863 potestatem
1624 806 1834 847 euom-

570 865 876 923 meum“
918 864 1202 929 tribuerat,
1243 864 1504 921 audiant.

320 994 583 1053 Omnibus
625 997 1088 1053 reverendissimis
1132 1006 1186 1054 et
1227 997 1582 1053 sanctissimis
1618 996 1830 1067 episco-

238 1086 352 1161 pis,
384 1100 477 1147 seu
501 1089 713 1144 eximiis
740 1090 1145 1146 marchionibus
1167 1096 1224 1145 et
1249 1090 1558 1155 comitibus,
1590 1089 1831 1144 cunctis-

238 1192 355 1252 que
388 1188 590 1238 sanctae
626 1179 719 1236 Dei
760 1180 1015 1235 Ecclesiae
1043 1180 1308 1236 fidelibus.

318 1273 593 1347 Habentes
639 1273 882 1327 omnium
938 1270 1299 1328 Eccleslarum
1354 1270 1472 1337 Dei,
1533 1269 1831 1326 seCundnm

240 1358 562 1434 Apostolum
614 1360 702 1434 (11
746 1362 1062 1435 ϐον.’κιιι),
1115 1354 1554 1427 sollicitudinem,
1612 1360 1833 1431 dignum

241 1455 502 1510 duximus
526 1464 762 1510 vestram
807 1453 1126 1511 industriam
1163 1456 1250 1511 his
1284 1453 1618 1525 apostolatus
1658 1451 1832 1507 nostri

238 1550 442 1605 litteris
473 1549 953 1619 admonerentque
998 1549 1291 1620 apostolica
1337 1548 1673 1617 benignitate
1713 1558 1833 1600 ma-

238 1657 484 1716 gtmpere
521 1640 796 1701 exhortari
839 1650 1107 1713 quatenus
1150 1642 1408 1712 potentia:
1437 1652 1651 1706 munus,
1686 1639 1832 1711 quod

240 1736 429 1791 divina
458 1732 706 1805 largitate
738 1734 976 1799 habetis,
1019 1735 1233 1791 utilitati
1275 1734 1531 1790 Ecclesize
1556 1743 1609 1789 et
1635 1734 1829 1790 honori

1448 335 1805 399 EPISTOLAE
1843 333 1934 393 ET
1972 334 2308 393 DECRETA.

1858 452 1908 529 Α
1932 450 2127 505 niendo
2173 427 2317 506 nunc
2365 450 2597 521 aliquam
2636 448 2957 509 moram'vel
3001 448 3378 521 negligentiam
3423 452 3518 503 ad-

1894 542 2216 608 'miseritis,
2249 544 2443 598 scitote
2486 543 2739 612 quoniam
2785 542 3044 596 canonica
3083 556 3177 594 vos
3222 541 3515 608 redargue-

3413 338 3518 397 886

1932 651 2053 689 mus
2082 651 2336 692 censura.
2381 635 2643 705 Optamus
2671 634 3013 690 sanctitatem
3047 642 3213 699 tuam,
3241 642 3348 688 etc.
3380 632 3515 687 Data

1934 742 1988 781 ιι
2026 727 2295 789 Kalendas
2322 727 2595 793 Octobris,
2627 726 2919 782 indictione
2948 742 3065 781 xm.

2323 973 2351 1011 Α
2364 973 2391 1011 n
2431 948 2641 1013 ειειιυιι
2681 966 3145 1011 unoxounsnsau.

2545 1072 2725 1141 (Anno
2771 1070 2921 1133 879.)

1861 1214 1868 1220 -
1946 1180 2193 1253 Pra’m‘pit
2224 1193 2280 1238 ut
2308 1184 2363 1237 in
2393 1185 2563 1238 locum
2593 1183 2835 1254 Ampem'
2886 1184 3259 1253 archiepiscopi
3282 1252 3288 1254 Α
3310 1182 3365 1235 in
3418 1179 3522 1254 Ro-

2009 1251 2169 1308 mana
2195 1255 2393 1323 synodo
2423 1255 2612 1323 privati
2636 1251 2797 1309 alium
2825 1273 2855 1307 (ι
2888 1271 2940 1310 se
2970 1251 3381 1323 consecrandum
3409 1251 3524 1323 sul-7

2009 1324 2195 1408 ﬁniant
2211 1321 2430 1408 {mittit
2456 1324 2648 1408 legatos
2682 1327 2789 1408 qui
2811 1342 2914 1378 una
2936 1341 3097 1408 lcum.
3126 1321 3523 1408 ipsis‘electioni

2011 1393 2275 1459 intersint,
2316 1393 2592 1466 quibusin
2628 1393 2863 1449 omnibus
2898 1394 3097 1455 obedirt'
3121 1393 3288 1464 jubet.

2011 1528 2275 1585 Omnibus
2313 1498 2601 1599 episcopis,
2643 1528 2995 1600 presbyteris,
3031 1527 3368 1605 diaconibus,
3395 1527 3526 1582 sub-

1941 1623 2275 1687 diaconibns.
2307 1631 2363 1679 et
2400 1621 2548 1679 omni
2579 1621 2724 1676 clero
2753 1628 2955 1679 suam
2980 1619 3246 1677 Ecclesia
3267 1615 3525 1675 Mediola-

1942 1717 2145 1772 nensis.

243 1820 569 1883 sacerdotali
600 1824 857 1899 prodesse
881 1825 1075 1882 debeat
1115 1840 1345 1897 semper.
1379 1826 1720 1899 Quapmpter
1749 1843 1833 1883 re-

1958 1884 1963 1890 .
2014 1811 2125 1865 Deo
2150 1785 2362 1865 dilectae
2394 1806 2737 1863 unanimitati
2762 1811 2959 1863 vestrm
2985 1804 3366 1871 fraternitatis,
3390 1803 3526 1861 eho-

239 1920 546 1975 verentiam
575 1926 631 1973 et
676 1919 937 1977 honorem
977 1928 1179 1975 sanctae
1227 1914 1499 1975 Ticiuensi
1554 1919 1830 1986 Ecclesiae,

241 2023 371 2081 qua:
396 2008 614 2081 speciali
646 2010 878 2087 quodam
908 2010 1071 2066 modo
1096 2010 1209 2065 sedi
1232 2009 1540 2082 apostolica:
1560 2011 1835 2081 pertinere

239 2100 490 2167 videtur,
520 2099 741 2173 ejusque
770 2101 1022 2167 antistiti,
1062 2098 1255 2156 Joanni
1282 2098 1534 2157 videlicet
1573 2100 1831 2156 confratri

243 2203 459 2261 nostro,
496 2194 581 2248 cui
622 2194 740 2249 vice
771 2203 954 2252 nostra
987 2203 1420 2266 transgressores
1462 2194 1836 2250 excommuni-

246 2288 452 2343 candos
478 2286 868 2348 commisimus.
885 2303 949 2344 eo
974 2275 1227 2344 videlicet
1256 2299 1444 2347 tenore
1469 2296 1531 2342 tit
1555 2303 1693 2359 quos
1722 2287 1836 2357 ipse

245 2378 823 2445 excommunicaverit,
860 2379 959 2450 ipsi
989 2381 1443 2437 excommunicali
1483 2381 1740 2443 existant,
1780 2386 1839 2435 ut

246 2476 300 2528 ei
343 2472 598 2529 auxilium
637 2473 890 2531 alacriter
930 2472 1253 2547 impendatis
1286 2490 1585 2543 monemus,
1636 2475 1833 2531 nullam

249 2567 692 2623 eatultrarietatem
716 2566 798 2623 vel
823 2567 1159 2625 invasionem
1192 2569 1244 2629 in
1289 2570 1449 2625 rebus
1478 2570 1562 2624 vel
1600 2568 1832 2624 homini-

249 2662 355 2719 bus
402 2662 572 2734 ipsius
618 2661 869 2719 Ecclesia:
905 2663 1202 2734 quamlibet
1237 2662 1415 2719 facere
1468 2661 1833 2735 permittatis;

249 2757 381 2827 quin
410 2757 591 2829 potius
615 2766 798 2815 vestro
827 2773 921 2815 eos
950 2759 1141 2819 solatio
1173 2760 1310 2817 tueri
1360 2776 1457 2830 pro
1496 2760 1590 2817 Dei
1623 2769 1837 2816 nostro-

249 2864 361 2925 que
391 2842 576 2925 amore
604 2849 1014 2923 diligentissime
1054 2848 1345 2921 studentis;
1380 2855 1474 2913 sed
1516 2862 1569 2913 et
1611 2853 1837 2911 clericos

252 2941 396 3003 illius
422 2957 585 3003 nemo
608 2952 848 3001 vestrum
877 2946 932 3001 in
960 2946 1447 3011 commendatione,
1479 2955 1573 3005 aut
1602 2945 1702 3001 sub
1747 2944 1838 2999 ali-

252 3038 409 3109 Cujus
438 3035 765 3093 defensionis
795 3038 1039 3106 obtentu,
1084 3038 1289 3110 absque
1328 3039 1571 3111 praedicti
1600 3036 1837 3110 episcopi

251 3128 338 3185 sui
366 3128 582 3189 licentia
614 3130 855 3201 recipere
886 3141 1199 3203 praesumat.
1230 3131 1383 3198 Quod
1428 3131 1472 3187 si
1503 3138 1689 3186 contra
1731 3129 1834 3187 hoc

252 3226 501 3283 nostrum
525 3221 875 3292 apostolicum
909 3231 1170 3281 statutum
1198 3222 1393 3295 aliquis
1426 3236 1646 3277 suorum
1676 3218 1834 3277 cleri-

250 3326 446 3375 comm
488 3330 651 3391 agere
695 3318 1003 3383 mutaverit,
1055 3316 1419 3375 ecclesiastica
1468 3316 1558 3381 sit,
1594 3323 1702 3371 tam
1746 3328 1837 3369 ac-

251 3412 442 3477 ceptor
466 3422 631 3479 quam
658 3416 933 3483 acceptus,
963 3408 1359 3489 communione
1400 3407 1661 3481 privatus.
1703 3407 1837 3463 Data

253 3504 314 3552 ut
340 3512 521 3569 ευριπ.

909 3610 1181 3669 CCLXIV.

409 3716 478 3759 Δ,
514 3717 769 3763 ιωηυιι
809 3718 1261 3763 Αωιιιιιριδοοριιιι
1300 3715 1678 3761 MYSMATEI.

861 3821 1043 3890 (Anno
1073 3819 1222 3890 s79.)

474 3933 793 4006 Praecipitat
816 3930 1042 3989 Romam
1063 3934 1131 3988 ad
1154 3933 1410 4003 synodum
1434 3932 1620 3988 veniat.

329 4050 799 4113 Reverendissimo
827 4060 883 4108 et
910 4050 1254 4109 sanctissimo
1280 4051 1689 4123 archiepiscopo
1718 4065 1840 4106 san-

252 4149 359 4209 clm
396 4143 648 4201 Ecclesia:
681 4143 1032 4201 Ravennatis.

329 4232 485 4293 Sicut
504 4233 620 4307 jam
659 4235 786 4291 olim
820 4242 1011 4297 vestrae
1034 4232 1392 4306 prmeepimus
1414 4232 1756 4299 reverentiae,
1781 4240 1841 4288 ut

250 4341 357 4409 pro
408 4326 592 4384 multis
637 4325 999 4391 Ecclesiarum
1052 4324 1143 4379 Dei
1199 4323 1612 4381 necessitatibus
1645 4333 1842 4396 quarto

249 4418 386 4477 hius
422 4417 671 4477 Octobris
706 4417 932 4474 Romam
976 4412 1274 4479 venientes,
1325 4417 1588 4488 synodum
1637 4418 1842 4489 pariter

254 4511 677 4577 celebraremus,
696 4525 838 4564 nunc
862 4509 1056 4565 iterato
1082 4507 1164 4561 his
1195 4507 1525 4578 apostolatus
1549 4506 1718 4563 nostri
1747 4506 1841 4560 lit-
1868 4529 1919 4590 ο

256 4606 390 4662 teris
416 4603 746 4664 fraternitati
768 4611 961 4661 vesti-te
994 4601 1247 4672 iubemus
1276 4608 1353 4667 ut,
1383 4600 1529 4654 omni
1571 4615 1722 4655 mora
1751 4600 1836 4657 vel
1884 4598 1893 4605 ”

251 4698 539 4759 occasione
589 4696 923 4771 postposita,
982 4693 1050 4751 ad
1099 4693 1501 4748 denominatam
1550 4688 1833 4763 synodum,

250 4807 443 4865 quam,
468 4792 577 4849 Deo
598 4799 844 4858 auctore,
867 4790 920 4846 in
952 4788 1210 4863 praedicto
1239 4794 1481 4858 tempore
1509 4785 1835 4841 celebraturi

246 4886 458 4947 etiam
482 4887 541 4945 in
565 4885 795 4945 ecclesia
819 4884 966 4941 beati
988 4882 1132 4939 Petri
1157 4881 1419 4955 principis
1443 4880 1834 4952 apostolorum,

248 4993 379 5043 cum
404 4978 757 5052 suﬁ'raganeis
788 4978 894 5037 tuis
916 4977 1183 5053 episcopis
1216 4990 1500 5033 occurrere
1529 4973 1838 5030 nullatenus

249 5074 713 5146 praemittam;
740 5073 867 5143 quia
909 5086 1007 5127 nos
1055 5071 1295 5133 omnium
1337 5070 1702 5129 Ecclesiarum
1741 5068 1836 5127 Dei

253 5166 476 5229 utilitati
499 5172 557 5223 et
578 5165 916 5227 exaltationi,
961 5163 1103 5221 sicut
1131 5172 1361 5235 oportet,
1392 5164 1507 5234 pari
1564 5178 1831 5220 consensu

251 5267 315 5315 et
340 5259 563 5321 decreto
592 5271 743 5315 more
786 5257 1240 5327 praedecessorum
1276 5264 1585 5311 nostrorum
1638 5270 1836 5310 consu-

252 5352 370 5411 lere
412 5349 679 5407 volumus.
734 5349 804 5405 Et
849 5348 968 5406 ideo
997 5357 1271 5413 vestram,
1313 5348 1603 5405 secundum
1649 5363 1835 5405 sacros

257 5456 498 5499 canones
559 5439 970 5498 unanimitatem
1025 5438 1217 5496 adesse
1250 5436 1524 5497 volumus.
1571 5447 1841 5509 quatenus

254 5535 637 5600 W06
666 5535 838 5609 vigor,
874 5532 1090 5589 Christo
1126 5531 1357 5596 favente,
1394 5548 1488 5601 per
1528 5531 1840 5604 synodalem

254 5644 545 5691 censuram
578 5626 816 5687 illibatum
841 5633 1175 5697 permaneat.
1204 5624 1546 5695 Quapropter
1575 5624 1619 5677 si
1654 5625 1708 5680 in
1746 5640 1843 5683 ve-

330 5798 357 5830 ει
395 5782 523 5842 llaec
551 5781 712 5839 verba
752 5779 1000 5852 superius
1037 5779 1410 5836 transferenda
1444 5779 1713 5835 videntur.

1940 1903 2164 1966 rissimi,
2224 1910 2413 1957 notum
2468 1913 2589 1956 esse
2641 1898 2888 1955 volumus
2915 1897 3040 1967 quia
3088 1911 3189 1952 nos
3234 1910 3342 1951 una
3399 1909 3525 1950 cum

1939 1983 2130 2053 sancis
2181 1992 2388 2064 synbdo
2452 1991 2634 2047 Idibus
2674 1989 2936 2065 Octobris
2994 1989 3048 2043 in
3098 1987 3330 2045 ecclesia
3378 1986 3550 2041 beati,

1939 2086 2085 2142 Petri
2138 2084 2369 2155 apostoli
2426 2090 2674 2153 βοῆσαι,
2724 2082 3049 2152 Anspertum
3100 2080 3301 2136 dudum
3344 2077 3528 2133 archi~

1939 2181 2252 2251 episcopum
2302 2186 2544 2233 vestrum
2578 2191 2678 2245 pro
2715 2175 2830 2231 suis
2859 2173 3201 2245 negligentiis
3236 2187 3302 2229 ac
3342 2170 3530 2226 multi-

1937 2270 2172 2342 plicibus
2231 2267 2744 2340 praesumptionibus
2798 2265 2911 2334 jam
2965 2266 3020 2319 in
3068 2264 3235 2334 priori
3290 2260 3521 2334 synodo,

1940 2372 2063 2433 post
2092 2361 2382 2416 secundam
2434 2368 2489 2414 et
2537 2358 2752 2413 tertiam
2798 2356 3158 2421 vacationem,
3192 2361 3356 2422 atque
3399 2358 3525 2423 post

1941 2454 2234 2509 canonicos
2284 2452 2385 2507 sibi
2430 2452 2586 2508 datas
2635 2451 2877 2506 inducias
2905 2462 3005 2519 pro
3042 2463 3102 2506 se
3139 2444 3526 2504 satisfaciendo

1941 2545 2215 2601 nolentem
2281 2556 2592 2605 occurrere.
2657 2541 2860 2598 virtute
2917 2541 3090 2597 sancti
3149 2537 3427 2608 Spiritus,
3466 2542 3524 2591 et

1940 2638 2264 2695 auctoritate
2332 2643 2643 2693 sanctorum
2706 2633 2853 2689 Petri
2917 2646 2983 2688 ac
3044 2629 3198 2689 Pauli
3257 2626 3526 2698 apostolo

1940 2746 2059 2785 rum
2108 2730 2413 2801 principum
2436 2769 2451 2793 ,
2495 2735 2549 2782 et
2591 2727 2851 2785 canonica
2888 2732 3053 2793 atque
3095 2720 3354 2793 synodica
3392 2734 3523 2776 san-

1940 2824 2141 2889 ctione,
2167 2822 2463 2893 episcopali
2490 2821 2694 2879 honore
2724 2818 3088 2889 privavimus,
3119 2814 3246 2886 quia
3272 2821 3396 2869 ante
3423 2826 3525 2865 au-

1939 2915 2197 2973 dientiam
2226 2914 2633 2975 communicare
2674 2910 3030 2982 pertinaciter
3053 2905 3432 2979 praesumpsit,
3469 2910 3527 2958 et

1939 3017 2065 3065 ante
2090 3006 2391 3077 legitimum
2417 3019 2530 3061 sua;
2551 3002 2890 3075 purgationis
2913 3014 3142 3057 examen
3167 2995 3524 3053 ministerium

1938 3114 2155 3156 sacrum
2184 3109 2371 3155 contra
2419 3106 2621 3154 statuta
2651 3097 2916 3168 majorum
2966 3102 3171 3151 temere
3210 3103 3373 3162 agere
3418 3100 3526 3143 non

1861 3165 1908 3233 (δ
1941 3192 2221 3251 dubitavit.
2254 3193 2322 3249 Et
2351 3192 2473 3247 ideo
2503 3165 2753 3260 praesenti
2779 3189 2931 3245 vobis
2958 3193 3160 3243 statuto
3188 3184 3442 3254 iubemus
3466 3186 3525 3237 ut

1937 3298 2131 3342 omnes
2156 3298 2267 3338 uno
2302 3283 2485 3339 animo
2527 3296 2741 3351 unoque
2781 3288 2907 3336 voto
2947 3277 3330 3335 convenientes
3361 3281 3525 3345 atque

1940 3383 2301 3433 convocantes
2343 3382 2587 3444 pastores
2613 3372 2696 3426 vel
2736 3369 2990 3440 populum
3028 3367 3291 3435 civitatis,
3321 3367 3389 3423 de
3411 3363 3523 3427 εἰει

1939 3470 2120 3526 ctione
2162 3469 2384 3525 alterius
2403 3510 2419 3534 ,
2448 3469 2540 3538 qui
2581 3468 2651 3522 de
2674 3465 3041 3523 cardinalibus
3072 3460 3407 3534 presbyteris
3431 3466 3529 3517 aut

1941 3562 2259 3618 diaconibus
2280 3560 2494 3631 dignior
2518 3558 2681 3615 fuerit
2710 3564 2971 3628 repertus,
3004 3569 3129 3612 cum
3154 3552 3355 3610 Christi
3381 3550 3521 3607 sola-

1941 3653 2049 3719 tio,
2075 3654 2145 3707 ad
2170 3652 2663 3721 archiepiscopatus
2693 3651 2952 3705 honorem
2980 3644 3344 3718 promoveatis
3373 3661 3386 3696 :
3420 3658 3530 3714 quo

1941 3745 2144 3801 scilicet
2173 3745 2394 3800 decreto
2419 3742 2734 3798 solentniter
2768 3741 2933 3805 iacto,
2961 3748 3125 3809 atque
3150 3739 3221 3793 ad
3266 3738 3409 3819 bene
3437 3750 3529 3790 ιιι·⁴

1941 3837 2064 3892 bem
2092 3835 2411 3891 transmisso
2429 3874 2444 3898 ,
2468 3849 2537 3888 ne
2557 3840 2717 3889 antea
2743 3831 2999 3901 quislibet
3020 3829 3400 3900 episcoporum
3429 3824 3529 3881 alt—

1940 3943 2104 4000 qoem
2144 3928 2343 3986 ibidem
2383 3927 2636 3982 ordinare
2678 3931 3002 3995 prmsumat,
3048 3930 3339 3989 antequam
3370 3916 3530 3975 nobis

1939 4026 2123 4080 cumia
2151 4022 2355 4078 fuerim
2380 4020 2709 4085 renuntiata,
2744 4032 2889 4082 cum,
2918 4016 3029 4073 Deo
3054 4014 3289 4076 favente.
3319 4026 3419 4069 nos
3452 4008 3527 4065 ibi

1941 4118 2237 4174 secundum
2285 4130 2491 4171 morem
2533 4114 2856 4185 pristinum,
2885 4119 2940 4168 et
2980 4108 3276 4167 secundum
3324 4105 3528 4177 regiam

1943 4209 2372 4273 concessionem,
2409 4207 2642 4265 velimus
2682 4203 3149 4274 archiepiscopum
3187 4209 3526 4255 consecrare.

1941 4299 2075 4356 Nam
2105 4301 2147 4355 si
2179 4300 2338 4356 aliter
2364 4296 2840 4370 prmsumpseritis,
2858 4291 3227 4350 ecclesiastica
3254 4304 3351 4344 vos
3377 4302 3529 4344 com—

1942 4393 2195 4447 munione
2218 4390 2581 4461 privahimus;
2609 4398 2667 4443 et
2684 4387 2777 4456 qui
2803 4393 2994 4441 contra
3018 4383 3122 4437 hoc
3143 4388 3388 4435 nostrum
3410 4385 3524 4432 sta-

1945 4491 2120 4543 tutum
2144 4482 2393 4546 fecerint,
2425 4478 2718 4552 apostoth
2737 4474 2942 4545 judicio
2970 4478 3133 4531 erunt
3158 4464 3380 4529 omnino
3408 4483 3529 4524 cor-

1945 4578 2102 4648 repti.
2146 4575 2289 4632 Sane
2331 4571 2814 4629 reverendissimos
2846 4569 3043 4623 fratres
3082 4574 3142 4621 et
3183 4563 3530 4633 cecpiseopos

1942 4676 2158 4723 nostros
2186 4666 2447 4722 Joannem
2477 4662 2817 4718 Ticinensem
2842 4700 2856 4724 ,
2901 4666 2957 4713 et
2979 4655 3291 4711 Weltonem
3334 4652 3531 4708 Arimi-

1941 4770 2165 4814 nensem
2197 4758 2320 4813 illuc
2358 4757 2477 4812 vice
2519 4761 2703 4809 nostra
2747 4750 3031 4821 divisimus
3054 4786 3069 4813 ,
3112 4746 3205 4816 qui
3250 4745 3530 4805 vobiscum

1939 4853 2146 4922 pariter
2169 4851 2412 4907 eamdem
2442 4846 2760 4907 elceticaem
2801 4842 3040 4907 faciant;
3082 4853 3219 4910 quos
3253 4849 3414 4893 nemo
3437 4848 3530 4891 vc—

1942 4954 2114 5000 strum
2146 4942 2408 5012 impedire
2438 4940 2492 4994 in
2532 4938 2710 5008 aliquo
2737 4941 3064 5007 praesumat,
3094 4932 3139 4987 si
3187 4927 3408 4998 quidem
3442 4926 3530 4995 ju-

1942 5046 2086 5093 stum
2122 5036 2239 5092 fore
2265 5033 2487 5092 cernitis
2514 5039 2575 5086 ut
2611 5029 2767 5085 nobis
2803 5028 2859 5084 iu
2882 5025 3135 5083 omnibus
3155 5017 3377 5077 obedire

1943 5139 2097 5186 curet
2124 5147 2137 5182 :
2173 5129 2259 5183 cui
2286 5124 2533 5198 quisquis
2557 5124 2661 5179 hoe
2688 5115 3049 5192 superine-de
3082 5111 3342 5171 resistens
3369 5117 3533 5179 agere

1943 5222 2250 5282 mutaverit,
2275 5235 2305 5274 a
2329 5218 2767 5275 Christianorum
2787 5208 3015 5279 collegio
3037 5211 3323 5274 separatus
3346 5199 3454 5259 erit
3479 5208 3527 5251 ι.

1944 5314 2011 5370 Et
2031 5314 2156 5384 quia
2188 5311 2425 5367 nondum
2452 5325 2483 5364 a
2514 5307 2743 5362 vinariis
2765 5294 3340 5360 exmmuni’catioais
3367 5291 3527 5351 abso—

1936 5407 2086 5462 intus
2117 5407 2171 5460 in
2197 5402 2523 5459 Vercettensi
2547 5397 2777 5457 ecclesia
2800 5393 3113 5463 episcopum
3140 5384 3436 5451 euomitur
3457 5394 3527 5445 ac

1943 5499 2305 5573 pervicaciter
2329 5496 2606 5575 ordinare,
2634 5496 2824 5549 contra
2855 5486 3058 5554 regiam
3087 5483 3251 5540 etiam
3276 5477 3522 5539 volante.

1944 5607 2053 5653 tem
2081 5590 2445 5665 praesumpsit.
2476 5587 2611 5641 Data
2638 5593 2693 5637 ut
2722 5597 2903 5650 supra.
