2021 3151
256 188 306 218 88‘!
923 185 1071 224 iotssts’
1080 185 1181 225 nam
1196 187 1255 226 VIII

588 250 722 281 CCLXVl.
1071 254 1091 284 Α
1107 261 1225 284 nostram
1244 257 1421 292 apostolicam
1439 257 1625 290 voluntatem,
1646 256 1800 292 episcopum
1824 257 1905 284 ordi-

510 307 543 326 AI)
560 306 684 327 mnuum
703 307 801 328 ascen.
1103 310 1169 330 nare
1197 308 1299 330 temere
1322 304 1505 338 praesumpsit.
1529 303 1592 331 Ideo
1615 308 1643 332 et
1661 303 1784 331 eumdem
1808 303 1906 332 ardi-

572 345 659 381 (Anno
678 346 752 381 879.)

260 390 399 427 Signiﬁcat
416 391 573 427 Atispertum
591 392 689 419 dudum
710 388 930 427 archiepiscopum
952 392 1052 421 Medio-

294 425 427 462 lomnnm
440 426 474 460 ,ἐκ
496 425 621 462 Romanis,
636 429 736 462 synodo
759 425 904 462 privatum.
929 434 959 455 ne
978 429 1053 456 lose-

293 460 374 494 plmm
384 469 480 497 ,‘quem
496 461 540 488 ille
554 463 581 488 in
601 460 763 489 Ver-cellemi'
777 463 924 497 episcopum
943 464 1051 491 ordina-

294 495 547 533 verat,»depositmu;
557 502 631 531 rogat
640 503 668 524 ut
677 495 847 533 Conapertum
858 495 885 525 in
896 498 1054 526 Vercelleuai

293 530 401 558 ecclesia
416 532 563 566 episcopum
581 530 597 559 ἁ
612 541 639 560 se
654 530 834 560 consecratum
847 537 961 560 tueatur.

296 587 396 614 Dilecto
413 595 446 614 ac
462 587 575 622 spiritali
595 588 649 615 ﬁlio
666 587 775 616 Canam
794 588 911 624 glorioso
931 589 998 624 regi.

295 632 384 668 Regia:
406 633 584 669 magnitudini
605 639 702 662 vestrae
723 639 816 662 notum
836 642 896 663 esse
918 634 1053 667 volumus,

260 678 296 705 ﬁli
311 679 484 711 charissime,
497 680 560 714 quia
576 679 738 715 Anspertum
759 680 985 709 Mediolaneusem
1007 688 1053 707 ar-

259 724 458 759 chiepiscopum
469 745 477 758 ,
497 725 525 752 in
541 725 627 760 prima
644 726 754 761 quidem
775 726 879 761 synodo
894 726 921 752 in
939 726 1053 753 ecclesia

258 769 331 797 beati
350 769 424 797 Petri
446 771 562 805 apostoli
584 771 675 798 habita
695 777 745 806 pro
767 771 823 798 suis
844 771 1055 799 evidentissimis

259 816 430 851 negligentiis
447 821 474 844 et
492 817 765 852 praesumptiouibus,
782 826 834 845 una
854 826 914 845 cum
929 825 1055 846 reveren-

258 862 370 890 dissimo
389 863 576 898 episcoporum
596 867 668 890 C(Blll
691 863 852 899 regulariter
866 864 1054 892 excommuni-

259 907 401 936 cavimus:
420 909 467 936 seti
486 913 603 936 mentem
620 916 697 936 suam
719 909 745 936 in
763 909 916 943 superbiam
935 910 1053 944 erigens,
1069 931 1083 944 _.

259 961 313 981 non
338 954 425 981 solum
451 961 501 989 pro
524 954 688 989 perpetratis
711 939 817 981 veniant
840 939 1055 982 humiliter-“non
1069 939 1095 970 Β

260 1000 384 1035 quaesivit
396 1020 402 1032 ,
417 1007 511 1027 verum
527 1001 608 1027 etiam
627 1005 691 1028 ante
705 1000 870 1028 audientiam
892 1004 918 1028 et
934 1005 1055 1028 nostram

260 1046 437 1081 apostolicam
454 1047 651 1074 absolutionem
664 1067 671 1079 ,
690 1053 798 1074 sacrum
816 1047 989 1082 praesumpsit
1006 1047 1057 1074 mi-

260 1093 403 1120 nisterium
422 1092 561 1120 celebrare
575 1113 582 1125 ,
605 1098 687 1128 atque
708 1097 803 1120 contra
824 1099 916 1120 sacros
937 1100 1057 1120 canones

259 1143 406 1173 contraque
428 1139 530 1175 regiam
551 1143 579 1166 et
601 1144 721 1167 nostram
741 1139 917 1174 apostolicam
932 1138 1056 1166 volunta-

260 1189 332 1216 tem,
355 1184 511 1220 episcopum
535 1185 562 1212 in
582 1185 748 1212 Vercellensi
772 1185 886 1212 ecclesia
910 1185 1058 1212 enormiter

259 1238 422 1258 consecrare
442 1232 622 1267 praesumpsit.
646 1231 699 1259 Pro
719 1232 818 1266 quibus
831 1231 956 1259 videlicet
976 1236 1057 1258 tantm

260 1276 421 1303 temeritatis
443 1278 713 1312 praesumptionibus,
734 1282 762 1305 et
784 1277 871 1312 ipsum
895 1278 1058 1312 Anspertum

260 1321 360 1349 dudum
386 1322 620 1358 archiepiscopum
636 1325 663 1351 in
679 1331 727 1355 ea,
745 1331 805 1358 quae
825 1330 911 1358 nuper
933 1327 992 1350 acta
1016 1326 1059 1350 est

261 1369 373 1404 synodo,
386 1369 460 1396 omni
475 1370 621 1404 episcopali
638 1370 741 1397 honore
755 1370 932 1404 privavimus,
945 1373 973 1397 et
983 1376 1055 1400 eum,

261 1419 341 1448 quem
358 1415 451 1442 illicite
465 1415 601 1442 ordinavit
614 1417 779 1452 episcopum,
796 1416 965 1443 decrevimus
978 1422 1059 1450 syno-

261 1461 314 1488 dali
327 1462 430 1496 judicio
448 1462 599 1496 depositum
616 1469 676 1490 esse
697 1463 731 1490 ab
746 1462 842 1490 ordine
861 1462 1033 1498 episcopatus
1049 1470 1056 1488 :

262 1508 360 1535 intuitu
377 1512 467 1537 tamen
489 1509 685 1537 misericordia:
709 1510 735 1536 in
758 1510 903 1544 pristinum
926 1517 980 1544 quo
1000 1513 1059 1536 erat

262 1557 342 1581 antea
357 1554 471 1589 gradum
485 1554 594 1582 reverti.
616 1554 701 1582 Porro
715 1562 764 1583 nos
774 1575 781 1588 ,
794 1555 947 1583 secundum
963 1554 1058 1582 volun-

262 1604 348 1628 tatem
361 1605 389 1629 et
404 1601 561 1636 petitionem
582 1601 673 1629 dilecti
698 1601 744 1629 lilii
768 1603 852 1629 nostri
868 1602 1057 1630 Carolomanni
1071 1617 1095 1650 Ο

263 1646 373 1681 gloriosi
399 1646 566 1681 regis'hunc
586 1646 765 1682 Couspertum
790 1647 1058 1680 reverendissimuin,

263 1693 296 1721 de
311 1700 364 1729 quo
383 1693 440 1729 jam
456 1693 520 1721 olim
535 1693 612 1721 vobis
628 1702 676 1729 per
688 1698 806 1721 vestrum
821 1693 927 1721 ﬁdelem
947 1694 1059 1721 missum

262 1739 446 1771 innotuimus,
462 1740 488 1767 in
504 1740 598 1767 eadem
613 1740 778 1768 Vercellensi
793 1739 913 1766 Ecclesia
923 1760 930 1771 ,
944 1746 1059 1766 consen-

262 1785 392 1813 tientibus
413 1786 538 1813 omnibus
556 1785 829 1821 comprovincialibus
848 1785 992 1820 episcopis,
1008 1792 1060 1811 an-

262 1831 375 1858 tistitem
389 1831 620 1863 consecravimus,
634 1838 714 1867 quem
730 1832 847 1866 petimus
859 1831 999 1858 obnixeut
1011 1837 1061 1865 pro

262 1884 356 1904 amore
371 1877 419 1904 Dei
434 1881 461 1904 et
479 1878 564 1905 sancti
580 1877 669 1910 Petri,
692 1884 724 1905 ac
738 1882 841 1910 nostro,
857 1881 954 1905 vestrae
966 1881 1060 1912 poten-

261 1922 307 1950 tiae
320 1922 433 1951 brachio
450 1923 596 1952 tueamini.
618 1927 660 1955 et,
679 1927 761 1958 prout
784 1923 809 1950 ei
824 1928 893 1958 opus
906 1922 1001 1954 nterii,
1017 1922 1061 1949 di-

262 1970 343 2005 gnum
357 1976 465 2004 semper
481 1970 507 1997 in
521 1971 648 1998 omnibus
662 1971 804 2006 przebeatis
816 1971 954 1998 solatium.
970 1970 1060 2005 Rega-

260 2015 314 2042 lem
325 2015 516 2043 excellentiam
530 2021 648 2044 vestram
664 2016 794 2043 Dominus
805 2020 946 2044 conservet
957 2016 1060 2043 incolu-

262 2067 344 2092 mem,
358 2060 521 2088 cbarissime
531 2060 579 2088 ﬁli.
595 2060 661 2087 Data
677 2065 705 2086 ut
720 2068 808 2095 supra.
885 2064 886 2073 ‘
1032 2068 1033 2071 η

589 2112 735 2143 CCLXVII.

532 2171 566 2190 Αι)
582 2162 792 2190 vsncsLLmsss;

574 2206 664 2243 (Anno
681 2206 757 2242 879.)

262 2251 387 2289 Prwcipil
404 2257 431 2280 ut
446 2252 618 2288 Compertum
634 2260 650 2279 α
665 2260 692 2280 se
707 2250 760 2279 illis
773 2252 922 2289 episcopum
936 2258 1062 2289 constitu-

298 2287 355 2331 tum'
375 2287 520 2331 recipiant,
539 2287 933 2332 ριησοηυταοιΐιιξηοητρίψει.
953 2287 1100 2332 Jaupkixb

291 2325 427 2352 incusaris
445 2330 505 2353 ccta
524 2324 599 2352 nullo
618 2332 672 2352 esse
691 2323 819 2355 declarat.
834 2347 837 2349 .

300 2378 434 2407 Omnibus
446 2379 621 2415 presbyteris,
635 2378 803 2411 diaomibus,
814 2378 1063 2407 subdiaconibuset

262 2425 338 2454 omni
362 2424 434 2453 clero
456 2432 488 2453 ac
511 2425 635 2461 primatis
648 2445 655 2459 ,
678 2425 808 2460 omnique
830 2424 929 2460 populo
949 2424 1061 2453 Vercel-

262 2472 343 2500 lensi.
358 2479 368 2483 "
403 2475 405 2479 '
420 2476 423 2481 ‘
519 2476 521 2479 ‘
617 2478 619 2481 '
741 2482 745 2485 ί

298 2518 355 2547 lii‘s‘
363 2517 463 2546 nostris
475 2517 632 2552 apostolicis
644 2516 744 2544 litteris
753 2516 831 2544 vobis
843 2517 980 2551 cognitum
993 2516 1061 2544 iact—

264 2573 326 2594 mus
335 2565 404 2600 ’quia
418 2565 581 2599 Anspertum
594 2562 693 2589 dudum
710 2561 943 2597 archiepiscopum
961 2560 1062 2588 Medio-

264 2613 405 2639 lanensem
420 2617 469 2645 pro
485 2610 542 2638 suis
554 2608 649 2637 multis
665 2607 920 2644 praesumptionibus
934 2611 961 2635 et
976 2606 1062 2642 negli-

264 2657 362 2694 gentiis
378 2656 436 2692 jam
450 2656 515 2685 olim
530 2662 583 2684 una
597 2662 660 2683 cum
673 2659 767 2683 sancta
782 2653 885 2690 synodo
900 2660 976 2680 sacra
990 2660 1063 2680 com-

265 2703 394 2731 munione
408 2703 592 2738 privavimus;
609 2702 656 2730 sed
671 2702 730 2736 ipse
750 2704 846 2729 contra
863 2699 993 2727 canonica
1008 2702 1064 2726 sta-

263 2751 324 2777 tuta
334 2753 371 2788 get
385 2753 480 2776 contra
503 2752 626 2776 nostrum
640 2747 831 2783 apostolicam
838 2765 841 2768 ι
848 2745 1064 2782 synodieuulquc

264 2793 395 2829 judicium
411 2797 495 2831 agens
508 2816 515 2828 ,
536 2787 606 2824 ante
619 2793 783 2823 audientiam
794 2815 802 2828 ,
823 2798 850 2822 et
867 2791 1064 2821 absolutionem

270 2840 448 2879 ministerium
464 2848 573 2880 sacrum
587 2849 668 2878 agere
682 2846 763 2881 atque
775 2838 864 2868 adhuc
878 2837 1065 2881 excommuni-

266 2890 345 2914 catus
360 2886 387 2914 in
411 2881 462 2915 hac
477 2878 640 2918 Vercellensi
660 2878 781 2916 Ecclesia
795 2878 902 2917 vestra,
920 2883 1064 2920 quemdam

269 2931 357 2959 virum
373 2930 473 2968 Joseph
489 2933 608 2967 nomine,
622 2937 652 2961 ut
665 2931 801 2964 audimus,
815 2924 911 2960 contra
924 2929 1026 2964 regiam
1038 2932 1067 2956 et

1103 348 1274 383 episcopum;
1284 353 1311 377 et
1325 349 1398 377 hunc
1407 350 1495 385 ipsum
1509 348 1609 385 Ioseph
1618 349 1769 377 invasorem
1783 357 1819 377 ac
1832 356 1906 385 pla-

1104 399 1269 429 sumptorem
1281 415 1289 427 ,
1303 401 1357 422 non
1371 394 1518 423 intrantem
1530 401 1582 430 per
1592 394 1690 422 ostium
1700 415 1708 427 ,
1724 394 1771 422 sed
1787 393 1907 424 aliunth

1104 440 1182 475 quasi
1198 440 1285 468 furem
1299 440 1497 476 ingredientem
1511 442 1538 469 in
1552 441 1622 469 ovile
1637 441 1751 473 Domini,
1767 449 1834 469 cum
1849 441 1904 469 vir-

1105 490 1162 514 tute
1183 486 1269 514 sancti
1292 485 1426 521 Spiritus,
1442 490 1471 514 et
1490 486 1653 515 auctoritate
1667 487 1806 514 beatorum
1828 485 1903 514 Petri

1105 539 1136 559 ac
1154 531 1230 559 Pauli
1245 532 1427 567 apostolorum
1449 532 1616 567 principum,
1633 536 1777 567 nostroque
1789 536 1904 566 aposto—

1105 577 1157 605 lico
1173 577 1276 611 judicio
1289 585 1342 605 una
1358 585 1419 605 cum
1433 572 1555 613 synodali
1571 582 1643 605 coetu
1661 577 1904 604 reverendissino-

1105 630 1167 650 rum
1178 623 1365 659 episcoporum
1376 643 1384 656 ,
1404 623 1478 650 omni
1498 622 1644 660 episcopali
1660 623 1761 650 honore
1775 622 1903 650 decrevi-

1106 678 1168 698 mus
1182 678 1242 698 esse
1261 670 1381 705 privatos
1395 674 1421 697 et
1437 669 1540 697 alienos
1554 676 1561 695 :
1577 674 1666 696 tamen
1683 668 1779 696 intuitu
1794 669 1906 696 miseri-

1106 716 1219 748 cordias,
1236 716 1345 744 decreto
1366 715 1488 751 synodali
1510 715 1664 747 statuimus,
1685 715 1739 755 jam
1756 714 1844 741 fatum
1859 713 1905 741 ιο-

1107 764 1183 799 seph,
1196 763 1347 790 invasorem
1357 762 1485 790 Ecclesia:
1494 766 1602 793 vestrae,
1611 761 1642 788 de
1653 762 1746 789 ordine
1756 761 1905 796 episcopali

1107 809 1254 843 deiectum,
1278 809 1304 836 in
1318 808 1430 843 gradum
1446 812 1478 840 et
1496 806 1618 835 ordinem
1635 814 1688 841 quo
1702 806 1777 840 prius
1797 805 1908 834 exstitit

1107 854 1262 882 omnimodo
1285 854 1395 881 reverti.
1418 852 1486 880 Nam
1506 861 1567 881 cum
1589 853 1733 888 przedictus
1753 851 1908 887 Anspertus

1109 900 1208 928 dudum
1223 899 1429 927 Mediolauensis
1448 898 1668 933 archiepiscopus
1683 903 1754 924 esset
1773 897 1906 932 regulari-

1107 949 1149 973 ter
1163 945 1421 975 excommunicatus,
1437 944 1553 979 aliquam
1568 943 1608 971 vcl
1623 943 1791 970 minimoer
1806 942 1835 968 in
1851 941 1905 969 Ec-

1108 992 1190 1020 clesia
1207 992 1253 1019 Dei
1266 991 1497 1019 consecrationem
1509 990 1639 1026 graduum
1656 988 1742 1016 facere
1756 988 1828 1015 nullo
1842 994 1903 1015 mo—

1108 1038 1142 1065 do
1155 1038 1255 1073 potuit;
1272 1037 1334 1072 quia
1352 1035 1423 1072 quod
1439 1044 1490 1063 non
1507 1035 1620 1067 habuit,
1636 1034 1703 1061 dare
1717 1034 1841 1069 proiecto
1856 1041 1904 1063 ne-

1108 1082 1203 1119 quivit.
1222 1082 1310 1116 Quare
1325 1082 1443 1109 omnium
1458 1086 1578 1108 vestrum
1599 1084 1743 1116 cognoscat
1757 1079 1904 1114 sagacitas,

1108 1134 1134 1156 ct
1151 1128 1285 1156 laodamia
1302 1127 1432 1160 ﬁdelitas,
1446 1128 1574 1162 quoniam
1591 1126 1704 1154 dilectus
1724 1134 1757 1152 ac
1778 1125 1905 1160 spiritalis

1108 1173 1179 1200 ﬁlius
1194 1179 1285 1200 uoster
1299 1172 1529 1204 Carolomannus,
1549 1170 1680 1207 gloriosus
1697 1180 1743 1197 rex
1762 1171 1843 1197 istius
1857 1170 1904 1197 lta~

1109 1218 1151 1246 lici
1169 1219 1260 1254 regni,
1283 1219 1370 1254 ipsum
1386 1218 1582 1245 Vercelleusem
1605 1219 1815 1252 episcopatum,
1837 1224 1904 1243 more

1108 1272 1303 1300 praecessorum
1327 1272 1437 1291 suorum
1453 1271 1546 1298 regum
1561 1267 1588 1291 et
1614 1263 1815 1297 imperatorum
1825 1283 1832 1293 ,
1844 1263 1904 1289 con-

1109 1311 1191 1338 cessit
1208 1310 1270 1338 huic
1286 1310 1434 1345 Consperto
1447 1309 1506 1337 viro
1528 1308 1711 1339 nobilissimo.
1729 1308 1904 1342 pmsentihus

1109 1356 1200 1383 missis
1216 1356 1331 1388 nostris,
1347 1360 1521 1389 nostramque
1540 1355 1716 1388 apostolicam
1736 1355 1905 1381 clementiam

1109 1402 1165 1429 suis
1183 1406 1224 1429 cst
1243 1401 1341 1428 litteris
1356 1401 1513 1436 deprecatus
1529 1406 1558 1427 ut
1579 1408 1639 1428 eum
1655 1401 1733 1427 vobis
1753 1402 1905 1435 episcopum

1110 1455 1345 1476 consecraremus.
1365 1448 1421 1475 Nos
1434 1453 1541 1480 autem,
1557 1447 1615 1482 ejus
1632 1447 1762 1481 precibus
1778 1446 1904 1478 indicati,

1110 1493 1234 1520 nolentes
1248 1500 1297 1520 vos
1313 1493 1359 1521 diu
1379 1494 1437 1520 sine
1457 1492 1559 1528 proprii
1578 1500 1610 1519 ac
1630 1492 1746 1527 legitimi
1767 1500 1829 1519 esse
1844 1499 1904 1519 cura

1110 1540 1239 1574 pastoris,
1263 1540 1336 1567 hunc
1358 1535 1444 1574 ipSum
1467 1543 1567 1566 sancta:
1587 1537 1756 1566 Vercellensi
1785 1538 1904 1564 Erclesim

1112 1589 1206 1612 vestra:
1232 1584 1378 1619 apostolica
1403 1585 1535 1611 duntaxat
1562 1583 1729 1611 auctoritate
1754 1583 1902 1618 episcopum

1110 1630 1345 1662 consecravimus,
1362 1630 1537 1664 tiedimusque
1552 1630 1627 1656 vobis
1648 1636 1698 1663 pro
1718 1629 1847 1656 invasore
1861 1628 1905 1656 illo

1113 1677 1191 1704 istum
1214 1679 1366 1711 pastorem,
1387 1682 1436 1710 pro
1458 1675 1628 1702 mercenario
1650 1675 1750 1709 ignavo
1766 1674 1905 1709 providum

1111 1723 1177 1750 satis
1199 1727 1333 1750 rectorem
1347 1742 1354 1755 ,
1375 1722 1421 1756 qui
1445 1722 1548 1749 scilicet
1571 1722 1672 1749 nostris
1688 1729 1735 1748 vos
1749 1720 1907 1755 apostolicis

1112 1769 1241 1797 doctrinis
1266 1768 1439 1801 admonitus,
1466 1768 1543 1803 quasi
1569 1768 1690 1803 populum
1717 1767 1827 1793 Domini
1852 1767 1904 1793 sibi

1111 1815 1285 1843 commissum
1308 1822 1382 1842 more
1398 1814 1457 1841 'veri
1476 1813 1592 1848 pastoris
1614 1813 1705 1848 pabulo
1726 1812 1789 1838 vitae
1807 1817 1904 1846 perpe-

1113 1867 1219 1897 tuaeque
1237 1861 1333 1889 salutis
1355 1868 1469 1896 pascere
1489 1866 1570 1895 atque
1585 1860 1613 1887 in
1628 1861 1701 1894 virga
1723 1856 1860 1892 atquitatis
1879 1862 1908 1883 et

1112 1909 1326 1937 mansuetudinis
1341 1916 1434 1944 regere
1447 1908 1568 1943 vigilanti
1583 1915 1688 1942 Semper
1704 1914 1769 1933 cura
1788 1911 1817 1933 et
1836 1905 1908 1932 solli-

1112 1956 1231 1984 citudine
1255 1955 1368 1983 solerter
1388 1959 1523 1990 procuret.
1539 1954 1623 1988 Quem
1646 1954 1737 1987 itaque
1750 1959 1800 1979 vos
1815 1957 1908 1978 omnes

1112 1997 1165 2030 uno
1188 2001 1299 2030 voto'et
1319 2002 1362 2037 pio
1380 2001 1477 2028 all'uctu
1501 2001 1578 2035 quasi
1594 2003 1696 2034 patrem
1721 2003 1750 2025 et
1776 2002 1907 2025 rectorem

1112 2051 1264 2077 animarum
1278 2053 1442 2080 vestrarum,
1458 2052 1549 2082 utpote
1567 2045 1720 2074 charissimi
1735 2044 1802 2076 ﬁlii,
1814 2049 1845 2071 ut
1864 2049 1908 2070 re-

1113 2095 1218 2131 cipiatis
1232 2096 1357 2130 praesenti
1374 2099 1476 2122 statuto
1490 2098 1582 2121 nostro
1599 2093 1743 2127 iubemus;
1761 2096 1790 2119 et
1806 2083 1909 2126 abiecto

1112 2151 1143 2170 ac
1158 2141 1304 2178 reprobato
1319 2142 1475 2177 supradicto
1490 2142 1629 2171 invasere,
1645 2139 1727 2170 hunc,
1742 2145 1827 2173 quem
1839 2136 1909 2164 ordi-

1114 2183 1237 2216 navimus
1258 2187 1336 2215 vobis
1350 2208 1356 2220 ,
1380 2187 1506 2214 habetote
1528 2186 1692 2221 episcopum.
1717 2183 1787 2211 Nam
1813 2190 1909 2218 magna

1113 2241 1161 2261 vos
1175 2233 1254 2261 laude
1267 2233 1361 2268 dignos
1377 2232 1433 2259 fore
1448 2231 1597 2263 videmini,
1613 2229 1682 2265 quod
1699 2229 1731 2257 de
1747 2229 1823 2257 beati
1839 2229 1909 2256 Petri

1114 2279 1226 2315 apostoli
1243 2279 1446 2307 consecratione
1465 2277 1601 2304 meruistis
1620 2275 1721 2303 habere
1733 2275 1888 2303 antistitem
1902 2284 1908 2300 :

1113 2331 1141 2354 et
1158 2326 1210 2353 hoc
1225 2326 1252 2352 in
1270 2328 1445 2360 augmentum
1461 2322 1573 2351 honoris
1590 2321 1717 2349 Ecclesiae
1730 2320 1911 2348 Vemellensis

1114 2373 1172 2401 sine
1186 2372 1268 2400 dubio
1288 2370 1444 2407 proveniet,
1461 2370 1483 2398 si
1505 2377 1554 2397 vos
1576 2370 1671 2396 devota
1696 2360 1792 2395 incure

1113 2410 1305 2454 obtemperatis
1323 2416 1475 2454 prmceptis.
1493 2414 1547 2443 Nos
1560 2407 1787 2446 enimf'vés'ttam
1802 2407 1911 2448 cupiat}

1114 2471 1155 2494 tes
1164 2459 1293 2496 salutem,
1305 2464 1366 2491 ideo
1379 2470 1518 2491 monemus
1529 2466 1559 2488 ut
1572 2458 1664 2488 m‘ente'
1677 2464 1705 2488 et
1715 2465 1835 2494 corpore
1848 2455 1909 2486 salvi

1113 2519 1174 2539 esse
1188 2509 1309 2550 possitis.
1326 2505 1455 2537 Jubemus
1470 2507 1551 2535 etiam
1567 2513 1662 2534 omnes
1686 2505 1858 2540 scripturas,
1874 2502 1912 2530 vel

1116 2556 1239 2584 dationes
1254 2549 1563 2591 cujuscunque‘tenoris,
1576 2559 1644 2587 quas
1658 2551 1721 2578 iecit
1732 2550 1767 2577 de
1779 2549 1913 2585 plebibus,

1116 2601 1250 2629 casalibus
1266 2605 1293 2628 et
1308 2598 1381 2628 villis
1399 2596 1630 2635 ipsius‘Ecclesim
1644 2596 1840 2627 Vercellensis.
1857 2594 1914 2624 nol-

1116 2647 1170 2674 lain
1192 2647 1294 2674 habere
1314 2644 1490 2677 ﬁrmitatem:
1516 2644 1563 2671 sed
1584 2638 1753 2677 omnium:
1768 2639 1916 2669 εεὲῖνίιςω

1114 2690 1268 2729 iudicamus
1278 2687 1368 2720 vacua
1382 2696 1410 2720 et
1425 2691 1531 2723 inania,
1545 2689 1608 2726 quia
1625 2688 1761 2725 legitimus
1779 2687 1842 2724 ipse
1865 2687 1914 2716 non

1119 2739 1170 2767 fuit
1187 2739 1347 2775 episcopus,
1364 2736 1393 2767 et
1414 2737 1474 2774 ideo
1489 2737 1626 2772 quippiam
1642 2736 1708 2763 dare
1720 2739 1778 2762 non
1800 2735 1893 2770 potuit
1907 2743 1913 2761 :

1119 2793 1180 2812 eum
1194 2785 1262 2812 vero
1274 2781 1319 2819 qui
1335 2778 1431 2812 ex‘liis
1445 2790 1504 2817 quae
1527 2782 1591 2809 fecit
1607 2777 1916 2816 aliquidmﬂhnww

1119 2829 1229 2863 dixerit,
1244 2830 1356 2858 Ananiae
1371 2826 1552 2865 et'Sappbiraa
1566 2827 1741 2855 anathemate
1764 2824 1916 2854 feriendum

1119 2876 1179 2905 {ore
1197 2873 1350 2906 censemus.
1370 2874 1436 2905 Nam
1459 2878 1482 2905 si
1498 2876 1641 2912 cujuslibet
1660 2873 1774 2903 consilio
1787 2874 1833 2901 vel
1856 2872 1917 2901 bor-

1120 2929 1178 2952 tatu
1191 2925 1270 2953 aliter
1284 2925 1385 2957 facere,
1400 2931 1454 2952 non
1468 2923 1501 2951 de
1514 2922 1643 2958 praesenti
1655 2921 1743 2956 illm
1760 2920 1917 2948 invasam
