4042 6302
276 316 385 432 sas
1469 362 1867 430 spissum:

1989 361 2329 422 DECRETA.
3441 364 3551 424 890

279 486 520 556 obiicere
547 484 885 552 studueritis,
911 493 1076 556 atque
1100 484 1430 562 huncquem
1462 497 1560 538 nos
1582 495 1866 544 consecra-
1893 478 1946 550 Α
1971 478 2226 533 deramus
2248 477 2550 547 perducere
2583 495 2598 532 :
2629 477 2674 546 si
2719 485 2901 552 tamen
2926 477 3086 535 bonis
3113 477 3370 551 operibus
3395 469 3569 536 (καίει

278 575 460 630 vimus
487 571 672 637 vobis,
715 572 883 629 alacri
930 589 1052 630 cum
1087 573 1364 630 voluntate
1393 586 1500 628 non
1530 571 1867 643 receperitis,
1972 576 2159 623 nostra
2192 567 2406 633 solatia,
2434 567 2792 640 voluntatem,
2828 567 3129 639 iussionem
3156 578 3215 626 et
3248 570 3572 628 admonitio-

278 665 431 722 umni
477 662 847 721 ecclesiastica
873 678 970 721 vos
1014 665 1392 722 communione
1421 662 1754 734 privabimus
1783 661 1868 720 di-
1973 673 2100 714 nem
2131 658 2450 714 studueritis
2474 657 2757 728 perlicere,
2786 667 2843 714 et
2877 659 2932 716 in
2959 658 3057 715 tali
3083 659 3283 731 placito
3309 661 3568 731 nequitia:

275 747 498 834 suoque
525 757 873 818 anathemate
898 753 1176 815 feriemus.
1215 759 1349 816 Data
1380 765 1436 812 ut
1475 774 1656 830 supra.
1973 752 2410 822 contempseritis
2463 765 2704 809 manere.
2761 751 3024 824 Optamus
3071 768 3168 811 vos
3231 753 3288 812 in
3321 753 3567 834 _Cbristo

924 867 1237 926 CCLXVHL
1645 921 1648 926 _
1972 842 2113 900 bene
2149 842 2354 902 valere.
2412 843 2512 901 Die
2564 844 2637 900 24
2675 845 2879 902 mensis
2926 843 3178 904 Octobris
3199 885 3216 913 ,
3270 832 3568 908 indictione

514 973 586 1016 an
616 972 894 1018 nomen:
929 975 1298 1017 HOVABIINSEI
1331 972 1647 1019 nriscorml.
1977 947 2097 989 3""-

895 1053 1078 1126 (Auno
1113 1053 1264 1126 879.)

275 1144 465 1203 Mouet
502 1155 562 1201 ut
606 1163 689 1201 res
714 1145 1053 1217 Angelbergrs
1097 1149 1377 1211 restituat;
1417 1147 1499 1202 sin
1535 1147 1746 1212 minus,
1781 1145 1876 1199 de-

355 1218 564 1273 nuntiat
611 1217 692 1300 illi
741 1218 1358 1300 eaconiinunicationem,
1401 1217 1503 1272 nisi
1542 1218 1687 1300 intra
1738 1217 1872 1269 duos

354 1303 556 1369 menses
588 1293 656 1342 ad
694 1285 1011 1342 reddendam
1039 1287 1104 1342 de
1142 1287 1221 1342 his
1253 1283 1508 1342 rationem
1535 1283 1756 1340 Romam
1783 1301 1869 1340 ve-

355 1366 486 1412 niat.
615 1363 639 1376 "
695 1381 698 1383 ·
1071 1407 1076 1412 .

265 1539 272 1548 ν
353 1469 598 1528 Normco
635 1457 952 1530 Novariensi
991 1471 1266 1542 episcopo.

263 1559 294 1634 ,·
348 1562 670 1618 Audivimus
698 1575 748 1618 te
786 1578 873 1617 res
904 1563 1160 1632 spiritalis
1190 1561 1311 1617 tiliae
1349 1568 1547 1616 nostrae
1572 1557 1870 1631 Angelber—

2643 1027 2895 1086 CCLXX.

2221 1135 2291 1174 AD
2326 1135 2634 1177 πωοικυιι
2667 1137 2959 1178 EPISCOPUI
2987 1135 3314 1178 PINNBNSEI.

2591 1211 2769 1283 (Anno
2795 1211 2944 1284 879.)

1970 1300 2162 1370 Arguit
2187 1303 2326 1374 quod
2354 1304 2422 1356 ad
2451 1303 2708 1373 synodum
2732 1322 2833 1359 non
2861 1305 3174 1369 accesserit;
3194 1304 3343 1375 jubet
3364 1316 3561 1364 statuta

2045 1375 2132 1426 die
2160 1376 2230 1428 ad
2259 1390 2320 1446 se,
2343 1375 2518 1428 venire
2543 1415 2556 1436 ,
2611 1384 2662 1428 et
2709 1376 2918 1446 interim
2961 1375 3240 1446 quemdam
3275 1376 3560 1445 absolvere,

2053 1464 2206 1518 quem
2243 1445 2440 1516 injuste
2468 1445 3030 1501 excommunicaoerat.
3273 1479 3275 1482 -

2041 1535 2518 1596 Reverendissimo
2557 1544 2614 1591 et
2635 1535 2979 1592 sanctissimo
3002 1535 3284 1592 HILIOINO
3305 1537 3561 1608 episcopo

257 1645 362 1728 ἐκ
397 1654 650 1726 Augustae
684 1654 881 1720 injuste
919 1627 1135 1719 tenere,
1163 1669 1299 1724 quas
1329 1653 1604 1716 volumus,
1644 1627 1698 1706 et
1740 1665 1867 1721 apo-

1969 1627 2259 1684 Pennensi.

273 1743 469 1799 stolica
497 1745 826 1799 auctoritate
863 1743 1233 1814 praecipimus,
1263 1750 1324 1798 ut
1355 1741 1612 1798 continuo
1639 1741 1867 1797 reddere

2041 1719 2352 1776 Secundum
2401 1731 2588 1774 sacros
2625 1715 3018 1773 venerabilium
3066 1717 3290 1773 Patrum
3321 1730 3560 1774 canones

275 1837 500 1892 studeas
539 1850 553 1889 :
597 1845 652 1890 et
701 1809 984 1906 quod-tibi
1027 1809 1272 1890 retinere
1322 1835 1519 1890 debere
1563 1831 1707 1888 nulla
1750 1832 1942 1906 legeB
1971 1814 2176 1886 spirit“
2225 1811 2323 1868 Dei
2359 1811 2633 1906 θοηάίιοθξ
2689 1817 2748 1906 ξι
2795 1810 2965 1906 ξοξίυξ
3013 1810 3202 1866 mundi
3251 1809 3558 1906 τενθτξέηιίβ

275 1928 619 1993 conceditur,
652 1928 753 1983 sub
780 1927 927 1982 omni
977 1927 1256 1983 celeritate
1290 1927 1555 1991 dimittas,
1581 1935 1646 1982 ut
1693 1926 1743 1982 ei
1778 1900 1865 1982 cui

1968 1911 2335 1968 consecratos,
2380 1918 2481 1974 pro
2514 1900 3192 1988 ecclesiasticisduntaxat
3222 1901 3561 1958 necessitati-

270 2017 554 2089 pertinere
585 2017 827 2084 videtur,
859 2018 944 2073 his
972 2015 1176 2088 perfrui
1208 2017 1381 2072 modis
1406 2017 1659 2073 omnibus
1682 2017 1862 2073 liceat.

274 2108 418 2164 Nam
444 2111 490 2164 si
523 2095 779 2165 continuo
824 2107 1082 2180 praefatos
1120 2124 1209 2164 res
1254 2124 1361 2165 non
1395 2109 1719 2177 reddideris,
1748 2123 1866 2166 mo-

263 2195 489 2270 nemus,
522 2215 577 2259 et
604 2204 894 2275 apostolica
927 2205 1253 2260 auctoritate
1288 2201 1664 2274 praecipimus,
1689 2209 1749 2257 ut
1783 2203 1866 2257 in-

276 2305 362 2352 tra
389 2297 621 2366 spatium
643 2297 871 2350 duorum
898 2295 1163 2351 mensium
1190 2295 1417 2350 Romam
1439 2295 1506 2349 ad
1535 2293 1865 2350 reddendam

265 2405 377 2466 pro
407 2389 492 2445 his
510 2388 779 2445 rationem
806 2403 1084 2454 occurras,
1104 2397 1158 2445 et
1179 2403 1362 2443 coram
1385 2386 1543 2442 nobis
1569 2401 1865 2458 congruam

272 2486 702 2544 satisfactionem
732 2487 992 2542 exhibeas
1021 2505 1032 2541 :
1061 2485 1300 2557 alioquin
1335 2483 1520 2540 tandiu
1551 2497 1865 2538 excommu-

274 2582 490 2638 nicatus
529 2580 734 2636 existas
775 2579 1016 2651 quandiu
1060 2579 1189 2634 huic
1225 2587 1428 2634 nostra:
1457 2574 1865 2632 commonitioni

259 2673 691 2750 obtemperans,
734 2671 850 2727 haec
889 2686 1010 2741 quae
1056 2669 1347 2727 statuimus
1396 2665 1693 2739 adimplere
1737 2681 1861 2738 pro-

275 2777 454 2819 cures.
510 2761 648 2818 Data
694 2777 786 2818 xw
830 2761 1106 2818 Kalendas
1158 2758 1516 2828 Novembris,
1571 2757 1866 2816 indictione

258 2837 396 2936 Exin.

930 2943 1204 3002 CCLXIX.

823 3051 893 3092 AD
935 3048 1324 3091 AHALFITANOB.

896 3124 1073 3198 (Anno
1107 3125 1254 3197 879.)

275 3241 555 3312 Signiﬁcat
587 3257 643 3299 se
671 3259 758 3298 eos
787 3244 1266 3305 excommunicasse
1291 3241 1456 3296 donec
1483 3257 1540 3298 se
1577 3259 1609 3295 a
1641 3241 1862 3312 paganis

348 3323 624 3394 separent;
661 3314 897 3394 minatur
938 3313 1044 3368 illis
1091 3312 1227 3367 alias
1271 3327 1487 3382 poenas,
1530 3312 1631 3367 nisi
1677 3328 1863 3383 quam-

346 3393 572 3454 primum
603 3393 843 3456 pareant.

299 3547 303 3564 ι
351 3497 827 3556 Reverendissimo
867 3505 921 3552 et
961 3497 1307 3556 sanctissimo
1344 3495 1531 3552 Perao
1569 3496 1859 3568 episcopo,

272 3607 372 3660 seu
421 3591 658 3648 PULCARI
711 3589 1051 3662 praefectorio
1074 3630 1091 3658 ,
1147 3593 1308 3661 atque
1361 3590 1612 3646 universo
1665 3587 1863 3662 populo

262 3681 625 3744 Mallitano.

263 3737 264 3740 η
381 3684 625 3744 allitano.

263 3684 545 3842 A.glotum
584 3790 706 3834 esse
733 3775 980 3834 volumus
1007 3775 1283 3833 dilectioni
1322 3783 1378 3832 et
1406 3771 1746 3829 unanimitati
1771 3745 1864 3829 ve-

271 3875 404 3946 strm
433 3867 562 3937 quia
595 3877 783 3924 contra
814 3868 994 3924 divina
1023 3876 1246 3933 statuta,
1277 3873 1332 3922 et
1358 3875 1545 3922 nostra
1571 3865 1862 3936 apostolica

270 3961 484 4018 monita
503 4001 520 4034 ,
551 3961 748 4032 quibus
775 3976 873 4018 vos
898 3961 1211 4034 frequenter
1235 3955 1565 4026 monuimus,
1593 3970 1649 4020 et
1673 3975 1739 4014 ex
1767 3975 1863 4014 au-

270 4053 530 4110 ctoritate
578 4053 673 4108 Dei
727 4063 784 4109 et
831 4062 1144 4110 sanctorum
1193 4041 1555 4128 apostolorum
1603 4047 1751 4105 Petri
1799 4064 1863 4105 ac

268 4143 838 4218 Pauli,.prazcepimus
865 4155 926 4202 ut
971 4147 1175 4203 nullum
1205 4161 1330 4202 cum
1367 4145 1531 4218 impia
1560 4143 1862 4200 Saraceno-

272 4253 396 4308 rum
425 4249 582 4308 gente
610 4248 826 4309 pactum
850 4239 1144 4306 haberetis,
1170 4237 1524 4310 habitumque
1552 4236 1862 4294 omnimodo

269 4330 620 4410 rumperetis,
651 4332 706 4385 in
738 4330 829 4388 tali
860 4331 1181 4398 scelerepet
1217 4331 1272 4388 in
1299 4329 1577 4387 consortio
1618 4329 1863 4402 inimico—

271 4436 396 4492 rum
423 4421 517 4478 Dei
543 4438 761 4482 manere
784 4438 892 4480 non
925 4421 1233 4479 formidatis
1261 4441 1272 4475 :
1303 4422 1506 4478 virtute
1528 4420 1704 4476 sancti
1740 4417 1862 4490 Spi-

269 4513 430 4584 ritus,
456 4523 513 4588 et
541 4516 866 4572 auctoritate
890 4513 1064 4570 sancti
1107 4512 1276 4588 Petri,
1304 4512 1388 4568 cui
1421 4511 1622 4584 ligandi
1661 4519 1715 4566 et
1753 4509 1860 4567 sol-

245 4606 430 4672 ~vendi
456 4607 522 4672 ,in
553 4604 692 4663 caelo
714 4613 771 4662 et
797 4607 853 4662 in
884 4614 1027 4662 terra
1056 4619 1088 4659 a
1115 4603 1344 4659 Domino
1372 4611 1457 4659 est
1481 4616 1738 4658 concessa
1763 4615 1876 4672 po-t

253 4703 439 4762 testas
468 4696 684 4764 (Matth.
713 4697 844 4769 xvi),
875 4695 1022 4752 omni
1052 4710 1207 4751 sacra
1238 4687 1638 4762 communio'ne,
1667 4700 1858 4748 sancto

263 4787 523 4846 videlicet
566 4804 795 4860 corpore
845 4798 899 4846 et
945 4787 1208 4860 sanguine
1254 4785 1466 4842 Domini
1515 4784 1689 4840 nostri
1729 4782 1857 4840 Jesu

263 4881 501 4948 Christi,
534 4899 631 4941 vos
677 4875 781 4940 una
816 4898 939 4938 cum
983 4881 1149 4956 totius
1196 4877 1507 4952 apostolicae
1549 4876 1694 4933 sedis
1727 4891 1858 4931 con-

241 4989 434 5046 _.sensu
459 4976 812 5048 privavimus,
834 4985 891 5032 et
916 4977 984 5033 ab
1013 4973 1270 5032 Ecclesiae
1298 4972 1398 5029 Dei
1420 4961 1680 5028 societate
1701 4986 1856 5041 sepa-

264 5070 533 5136 ravimus,
562 5079 622 5126 ut
657 5071 714 5126 in
741 5070 932 5126 eadem
971 5065 1532 5124 excommunicatione
1568 5063 1852 5130 maneatis,

264 5160 441 5222 donec
472 5160 856 5234 resipiscentes
892 5159 960 5214 ab
990 5157 1155 5232 impia
1188 5169 1282 5213 vos
1308 5170 1640 5233 paganorum
1671 5153 1854 5224 praeda

263 5252 564 5324 separetis;
594 5262 656 5309 et.
673 5252 779 5308 nisi
803 5265 941 5324 puro
965 5249 1146 5310 corde
1162 5257 1224 5316 et
1253 5249 1444 5324 devota
1471 5247 1750 5308 voluntate
1775 5247 1855 5304 ci-

265 5347 377 5406 tius
403 5346 620 5404 fueritis
647 5346 896 5404 conversi
930 5346 998 5402 ad
1025 5344 1292 5419 gremium
1322 5353 1526 5402 sanctae
1550 5345 1744 5408 matris
1769 5358 1854 5400 ve-

264 5451 395 5512 stra;
418 5441 678 5498 Romanae
695 5439 976 5504 Ecclesiae,
1002 5436 1228 5506 majoris
1250 5425 1612 5514 damnationis
1635 5444 1855 5494 senten-

265 5537 342 5602 tia
366 5552 466 5598 vos
485 5535 684 5610 procul
715 5535 882 5594 dubio
907 5533 1187 5598 feriemus.
1219 5531 1470 5610 vestram
1497 5534 1731 5608 denique
1755 5547 1854 5590 nos

263 5627 496 5686 salutem
537 5629 866 5699 quaerimus,
906 5633 1121 5682 vestras
1169 5625 1418 5695 cupimus
1466 5619 1523 5681 in
1545 5632 1853 5694 conspectu

263 5719 482 5778 Domini
525 5720 738 5782 animas
789 5719 1090 5792 apostolica
1137 5718 1475 5793 benignitate
1519 5717 1760 5786 salvare,
1801 5727 1858 5776 et

1965 1998 2070 2054 bus
2091 2005 2256 2066 atque
2286 1994 2610 2051 utilitatibus
2631 1993 2697 2049 ad
2719 2009 2835 2058 eas,
2859 1981 2996 2064 quas
3024 2008 3197 2065 nuper
3217 1993 3437 2048 statutis
3453 1993 3560 2048 die-

1965 2091 2069 2146 bus
2094 2087 2512 2151 celebravimus,
2541 2086 2800 2157 synodos,
2848 2086 3030 2142 missis
3049 2100 3119 2140 ex
3141 2100 3296 2142 more
3323 2083 3559 2140 auctori-

1965 2181 2093 2236 tatis
2118 2188 2322 2235 nostra
2361 2177 2581 2242 litteris,
2612 2175 3015 2233 fraternitatem
3047 2187 3195 2232 tuam
3241 2175 3440 2232 debere
3463 2190 3558 2234 oo-

1965 2286 2187 2328 currere
2219 2269 2394 2327 modis
2443 2268 2698 2324 omnibus
2725 2267 3103 2322 decrevimus:
3155 2266 3248 2321 sed
3277 2266 3423 2337 quia,
3453 2279 3558 2321 cie-

1965 2364 2098 2421 teris
2131 2363 2322 2419 devote
2360 2359 2516 2416 valde
2559 2358 2903 2417 venientibus
2927 2398 2942 2424 ,
2974 2367 3027 2413 te
3067 2357 3293 2416 minime
3320 2356 3555 2424 venisse,

1963 2470 2142 2527 neque
2166 2453 2574 2511 excusationem
2623 2459 2771 2508 tuam
2806 2451 2859 2505 in
2907 2449 3166 2506 tractoria
3210 2448 3449 2521 regulari
3481 2457 3561 2504 te-

1964 2561 2097 2602 nore
2122 2545 2484 2616 conscriptam
2516 2543 2673 2599 nobis
2715 2551 2772 2598 et
2799 2549 3003 2598 sancta:
3031 2541 3258 2612 synodo,
3287 2555 3452 2597 causa
3477 2539 3560 2596 vi-

1963 2636 2162 2693 delicet
2199 2635 2522 2692 temeritatis
2550 2643 2607 2690 et
2639 2634 3044 2690 inohedientia'.
3066 2641 3129 2688 ut
3149 2633 3312 2689 etiam
3338 2632 3560 2689 eviden-

1964 2736 2050 2784 ter
2076 2735 2323 2799 apparet,
2361 2741 2469 2784 non
2499 2724 2766 2782 direxisse
2789 2724 3176 2796 comperimus,
3219 2736 3290 2779 ne
3315 2723 3559 2780 dilectio-

1963 2836 2086 2877 nem
2114 2828 2261 2876 tuam
2297 2817 2364 2872 de
2394 2819 2496 2874 hoc
2519 2816 2880 2873 indiscussam
2908 2815 3237 2886 praeteriisse
3255 2814 3556 2881 videamur,

1963 2915 2067 2972 hoc
2095 2921 2284 2971 nostro
2321 2911 2658 2984 apostolatus
2704 2917 2907 2966 statuto
2947 2908 3222 2978 iubemus,
3267 2923 3389 2964 eam
3415 2907 3558 2964 infra

1961 3015 2214 3064 octavum
2241 3007 2384 3062 diem
2424 3003 2740 3061 Decembris
2770 3003 3004 3068 mensis,
3048 3002 3167 3058 sine
3195 3000 3375 3072 aliqua
3403 3016 3558 3059 mora

1963 3099 2051 3157 vel
2078 3099 2434 3170 ambiguitate
2455 3097 2522 3153 ad
2567 3111 2670 3154 nos
2699 3095 2896 3152 debere
2921 3097 3108 3152 venire
3134 3095 3445 3166 nostrisque
3496 3109 3557 3151 se

1883 3202 1936 3272 ς
1965 3190 2246 3248 obtutibus
2267 3197 2618 3258 praesentare.
2666 3185 2804 3242 Nam
2855 3195 2910 3241 et
2940 3185 3231 3243 Oteramus
3279 3186 3421 3242 ﬁlius
3461 3185 3556 3255 qui

1968 3279 2030 3352 [f.
2061 3277 2355 3349 quondam]
2384 3274 2608 3332 Corvini
2649 3291 2774 3333 cum
2804 3273 2926 3331 aliis
2951 3276 3064 3332 suis
3089 3275 3422 3338 concivibus,
3453 3289 3555 3330 no-

1963 3369 2092 3426 stris
2117 3367 2448 3440 apostolicis,
2479 3381 2664 3424 coram
2689 3365 2987 3422 venerabili
3007 3366 3384 3437 episcoporum
3408 3373 3556 3419 coitu

1959 3475 2125 3532 super
2151 3469 2201 3514 te
2225 3466 2450 3530 questus
2481 3467 2586 3524 est,
2635 3456 2882 3522 auribus,
2921 3455 3067 3526 quod
3116 3455 3247 3514 dum
3282 3470 3315 3510 a
3338 3463 3393 3512 te
3437 3455 3553 3526 ipse

1961 3552 2238 3622 impetitus
2274 3550 2642 3608 ecclesiastice
2666 3550 2735 3604 de
2783 3548 3206 3620 contemptione,
3258 3557 3382 3619 post
3417 3562 3557 3620 pm-

1963 3646 2092 3702 stito
2119 3653 2488 3711 sacramento,
2527 3661 2587 3701 se
2637 3658 2760 3702 cum
2804 3643 2917 3700 suis
2958 3643 3402 3701 sacramentariis
3427 3657 3556 3714 pur-

1962 3745 2164 3807 gasset,
2223 3745 2315 3792 tua
2367 3751 2493 3792 eum
2539 3735 2875 3800 fraternitas,
2921 3733 3062 3796 sicut
3115 3716 3395 3805 professus
3449 3742 3553 3800 est,

1961 3829 2120 3900 quasi
2148 3826 2423 3899 periurum
2452 3826 3048 3892 excommunicaverit;
3078 3824 3260 3897 regula
3289 3824 3553 3881 canonica

1961 3921 2308 3992 praecipiente
2354 3920 2498 3991 quod
2545 3921 2690 3976 hanc
2715 3918 3002 3990 episcopus
3053 3917 3153 3975 sibi
3190 3917 3552 3990 cognitionem

1961 4011 2111 4071 nullo
2138 4013 2300 4070 modo
2323 4011 2518 4072 debeat
2540 4011 2840 4077 vindicare,
2869 4010 3204 4082 Dominoque
3243 4009 3459 4068 dicente
3484 4009 3552 4064 ad

1961 4102 2202 4176 Moysen,
2233 4103 2301 4158 ad
2325 4103 2486 4160 unius
2514 4103 2881 4160 testimonium
2904 4102 3178 4164 neminem
3202 4099 3553 4158 condemnari

1961 4206 2235 4267 oportere.
2268 4196 2422 4266 Quod
2453 4197 2500 4252 si
2524 4198 2600 4252 ita
2625 4204 2728 4263 est,
2771 4197 2898 4268 quia
2925 4205 3127 4254 temere
3149 4196 3302 4252 illum
3335 4210 3553 4253 excom-

1963 4290 2243 4344 municare
2271 4304 2378 4344 non
2403 4288 2653 4352 debuisti,
2691 4288 3035 4360 praecipimus
3080 4295 3142 4343 ut
3162 4302 3291 4343 eum
3320 4287 3384 4343 de
3411 4300 3554 4357 pra:-

1962 4379 2099 4436 senti
2140 4377 2390 4435 absolvas
2435 4388 2647 4449 tumque
2683 4377 3049 4448 communioni
3079 4378 3335 4432 restituas
3366 4393 3382 4432 :
3423 4389 3556 4432 nam

1961 4471 2019 4551 si,
2055 4486 2192 4536 ausu
2230 4471 2477 4544 improbo
2506 4469 2666 4526 aliter
2683 4467 2901 4534 feceris,
2928 4483 3036 4524 non
3061 4467 3278 4538 quidem
3306 4479 3432 4521 eum
3451 4479 3552 4545 au-

1878 4566 1937 4632 D
1962 4563 2232 4628 ctoritate.
2261 4551 2557 4634 apostolica
2615 4559 2808 4633 procul
2857 4559 3023 4617 dubio
3075 4557 3399 4618 absolutum.
3427 4572 3552 4617 esse

1955 4657 2228 4728 iubemus.
2259 4654 2327 4710 Et
2372 4654 2418 4711 si
2450 4655 2592 4710 hanc
2629 4653 2932 4725 iussionem
2980 4657 3228 4706 nostum
3265 4646 3550 4720 parripen-

1941 4750 2116 4814 dens,
2147 4747 2439 4806 temerario
2461 4761 2595 4803 ausu
2625 4744 2929 4816 praesentiae
2955 4750 3162 4810 nostrae.
3185 4741 3378 4802 adesse
3419 4755 3548 4798 con-

1963 4839 2270 4912 tempseris,
2309 4837 2682 4909 ecclesiastica
2707 4844 2762 4892 te
2787 4833 3168 4892 communione
3187 4832 3339 4896 velut
3366 4830 3549 4896 inobo-

1961 4931 2197 4987 dicntem
2224 4943 2346 4987 esse
2371 4929 2590 4986 noveris
2622 4927 2970 5000 privandum,
2997 4939 3279 4998 quousque
3317 4937 3415 4992 pro
3440 4920 3547 4984 tuis

1959 5021 2302 5094 negligentiis
2360 5019 2580 5092 dignam
2643 5019 2872 5082 veniens
2913 5016 3074 5075 nobis
3119 5011 3546 5072 satisfactionem

1957 5116 2235 5174 humiliter
2254 5114 2474 5174 feceris.
2505 5114 2639 5174 Data
2661 5130 2761 5172 xui
2791 5111 3068 5170 Kalendas
3091 5103 3449 5174 Decembris.
3519 5155 3526 5160 .

2614 5202 2890 5260 CCLXXI.
2923 5249 2926 5254 .
3171 5241 3194 5254 ..
3255 5249 3260 5256 ,
3393 5245 3396 5248 .

2241 5338 2244 5340 ·
2309 5354 2312 5355 ν
2416 5315 2488 5359 ΔΙ)
2522 5312 2733 5361 PAULI“
2767 5307 3078 5361 ειιεοοευκ.

2005 5429 2008 5432 .
2379 5439 2440 5446 ..
2563 5386 3018 5460 (Ann0879.)-
3131 5423 3192 5441 ,ς
3281 5433 3292 5454 .,
3455 5449 3458 5452 ,

1954 5485 2113 5544 hist
2139 5485 2412 5542 ecclesiam
2431 5487 2489 5543 in
2509 5483 2636 5539 uilis
2659 5481 2907 5552 Carpam
2929 5480 3086 5552 sitam
3105 5476 3334 5552 restitui,
3369 5473 3544 5552 iniqu

2000 5541 2646 5626 vsacerdotsmrconstitui,
2684 5547 2737 5624 et
2765 5541 2978 5618 sacrum
3003 5549 3229 5626 chrisma
3266 5541 3542 5623 annnaiim

2027 5627 2083 5684 in
2109 5628 2342 5684 eamdem
2376 5625 2532 5682 mitti.

2030 5716 2498 5778 Rcverendissimo
2555 5711 2613 5772 et
2660 5713 3005 5772 sanctissimo
3052 5710 3236 5770 Paeto
3288 5708 3544 5782 episcopo

255 5814 424 5884 .quasi
449 5829 582 5876 oves
601 5789 906 5882 dominicas
929 5811 1000 5888 ad
1020 5827 1221 5894 pascua
1245 5789 1441 5892 salutis
1465 5821 1683 5894 aeternae
1710 5813 1856 5871 desi-
1939 5789 2159 5898 sanctae
2187 5809 2443 5896 Ecclesiae
2463 5799 2767 5882 Regiensls.
