4042 6302
202 364 316 434 893

1396 358 1756 420 ΕΡῙὸ1⁷01λῶ
1793 357 1879 414 ET
1918 359 2259 420 DECRETA.

3373 359 3477 418 894

204 481 459 537 mitatum
510 475 672 532 nimis
721 489 789 531 ex
837 475 940 534 hoc
977 477 1117 532 mala
1173 475 1402 547 lugenda
1451 473 1875 548 provenerintA
1903 490 1990 554 sos
2030 476 2367 534 fraternitate
2411 478 2704 538 enormiter
2749 478 3000 542 adversa,
3020 483 3078 534 et
3102 483 3292 532 contra
3317 489 3474 544 regu-

208 583 375 643 atque
402 569 744 641 proveniant,
771 584 1098 642 exaggerare
1125 567 1442 638 differimus,
1472 583 1542 624 ne
1562 568 1802 632 interim,

209 666 359 736 quod
399 663 618 733 dignum
651 671 756 729 est,
785 661 1034 729 judicare
1090 677 1365 736 coganmr.
1425 662 1612 718 Adhuc
1640 661 1800 732 obse:

211 773 451 823 eramus,
485 757 660 810 adhuc
688 756 826 810 sicut
869 755 1143 825 spiritales
1172 754 1312 810 filios
1341 753 1720 817 exhortamur,
1749 743 1804 824 et

208 852 455 922 paternis
503 849 802 904 visceribus
833 864 930 903 vos
975 849 1225 920 amplecti
1265 857 1524 904 conantes
1550 889 1570 914 ,
1603 846 1698 901 Dei
1740 860 1804 902 ac

208 941 519 1012 principum
570 939 932 1010 apostolorum
983 940 1127 994 Petri
1176 957 1236 995 ac
1279 940 1427 994 Pabli
1484 939 1804 994 auctoritate

209 1031 578 1100 praecipimus,
611 1038 670 1083 ut
688 1028 797 1096 jam
814 1028 1034 1098 jamque
1061 1029 1398 1099 disciplinam
1421 1031 1802 1100 percipientes,

209 1123 285 1174 ab
320 1121 524 1176 eisdem
565 1119 768 1190 iniquis
795 1129 848 1174 et
877 1120 1082 1175 ancillrc
1121 1119 1244 1176 filiis
1275 1121 1549 1176 saracenis
1580 1137 1677 1175 vos
1722 1137 1806 1176 se-

141 1225 158 1240 ·
210 1209 446 1280 paretis,
472 1217 528 1263 et
555 1217 768 1279 pactum
799 1221 919 1261 cum
948 1208 1028 1264 eis
1061 1210 1301 1264 habitum
1356 1211 1530 1266 modis
1555 1211 1808 1265 omnibus

211 1297 552 1362 dissolvatis,
585 1297 628 1351 si
676 1296 761 1351 vel
804 1305 1001 1352 nostra!
1045 1300 1482 1364 communionis,
1528 1299 1612 1356 vel
1642 1300 1809 1370 ipsius

211 1387 644 1444 Christianitatis
674 1388 837 1444 vultis
886 1405 1008 1445 esse
1050 1392 1382 1461 participes;
1434 1393 1486 1447 in
1527 1407 1664 1461 quos
1696 1393 1809 1461 jam

216 1479 474 1535 daremus
497 1481 850 1540 ecclesiastici
880 1483 1158 1538 nmis
1201 1483 1550 1548 sententiam,
1584 1463 1690 1537 nisi
1713 1497 1812 1539 nos

215 1569 518 1638 apostolica
543 1571 799 1640 patient-ia
829 1572 1110 1629 retineret.
1139 1573 1348 1629 Idcirco
1374 1575 1528 1630 vobis
1565 1574 1812 1628 inducias

218 1676 396 1730 usque
447 1661 716 1718 Kalendas
769 1663 1119 1720 Decembriae
1155 1665 1316 1721 istius
1367 1665 1543 1720 tertia
1589 1665 1814 1719 decimae

221 1754 537 1810 indietionis
564 1755 634 1811 ad
659 1753 802 1812 idem
829 1765 1046 1826 paetum
1074 1771 1204 1812 cum
1227 1755 1519 1813 Saracenis
1555 1755 1814 1828 frangen-

221 1844 670 1920 dum‘largimur,
723 1855 780 1901 et
814 1856 928 1904 tam
975 1862 1072 1904 vos
1113 1863 1276 1919 quam
1319 1848 1608 1918 Coietanes
1657 1859 1820 1919 atque

1992 1837 2231 1902 destinet,
2260 1847 2311 1890 ut
2336 1854 2388 1889 se
2409 1854 2439 1888 (ι

221 1936 581 1994 Amaltitanos
627 1938 824 1994 lucrari
847 1939 1108 2005 volentes,
1141 1941 1185 1995 si
1217 1955 1388 2010 usque
1415 1942 1487 1996 ad
1516 1940 1660 1996 idem
1683 1951 1819 1997 tem-

223 2045 328 2100 pus
348 2045 565 2088 omnem
616 2029 1014 2088 Saracenorum
1074 2034 1370 2090 amicitiam
1398 2075 1412 2101 ,
1467 2049 1570 2090 nec
1613 2051 1719 2089 non
1765 2042 1821 2090 et

224 2136 391 2178 omne
415 2120 591 2178 foedus
613 2123 910 2180 dissolvere
938 2125 1096 2180 solito
1137 2127 1596 2196 contempseritis,
1644 2134 1822 2181 utros-

223 2226 338 2282 que
363 2214 645 2271 sententiae
665 2215 1052 2272 ecclesiastica
1075 2218 1270 2287 jaculis
1314 2217 1590 2283 feriemus,
1623 2225 1678 2273 et
1701 2233 1824 2287 pera

223 2314 392 2375 petua
429 2307 758 2367 anathemati
798 2309 1198 2375 submittemus,
1254 2318 1315 2365 ut
1358 2313 1450 2380 qui
1489 2311 1623 2367 socii
1655 2313 1820 2366 discis

226 2397 392 2467 plinas
421 2413 543 2456 esse
568 2415 678 2458 non
703 2400 887 2466 vultis,
939 2401 1342 2458 communionis
1365 2415 1583 2472 quoque
1623 2410 1825 2458 nostrae

227 2506 340 2548 non
369 2492 492 2548 sitis
516 2494 828 2563 participes.
888 2492 1010 2549 Hoc
1054 2496 1354 2550 addendum
1379 2505 1455 2550 est
1505 2497 1562 2549 in
1605 2495 1825 2566 epistola

229 2583 304 2637 ad
331 2581 634 2640 Putcarem.

304 2673 588 2732 Postremo
632 2677 967 2733 nobilitatem
1015 2685 1161 2733 tuam
1208 2689 1492 2748 meum;
1532 2687 1591 2734 ut
1618 2678 1828 2733 Pande-

231 2766 384 2823 nulfo
406 2766 574 2838 iudici
605 2769 942 2840 Capitonem
993 2772 1142 2828 nullo
1168 2772 1434 2828 molestus
1475 2771 1716 2837 existas;
1775 2780 1830 2827 et

233 2860 381 2930 qud
409 2862 566 2917 nobis
592 2863 960 2931 ipsedevotus
987 2873 1092 2929 est,
1121 2870 1182 2918 tu
1213 2866 1264 2920 ei
1294 2865 1583 2920 devotione
1610 2874 1664 2919 et
1695 2864 1830 2918 ami-

234 2952 368 3007 uitia
395 2954 696 3023 copulatus,
742 2956 800 3010 in
827 2971 940 3026 quo
963 2969 1120 3025 posse
1143 2957 1244 3012 tibi
1273 2956 1456 3021 fuerit,
1511 2967 1700 3012 contra
1729 2957 1826 3012 ad-

237 3043 526 3099 versitates
560 3045 706 3100 illius
731 3054 786 3100 te
810 3061 1024 3102 murum
1049 3063 1330 3119 oppones;
1369 3056 1634 3118 quatenus
1660 3049 1829 3118 patris

238 3136 387 3192 illius
411 3137 504 3209 qui
546 3140 765 3209 proprio
803 3141 1048 3211 genitore
1098 3143 1356 3197 salvando
1383 3141 1630 3213 suiiigiit,
1666 3143 1827 3196 remi-

242 3232 480 3298 niscens,
510 3247 608 3304 pro
660 3236 939 3305 utriusque
969 3251 1174 3302 amore,
1215 3239 1261 3292 si
1287 3238 1353 3291 de
1401 3235 1555 3291 nobis
1580 3236 1676 3290 tibi
1699 3250 1832 3290 cura

239 3335 349 3388 est,
405 3325 573 3395 ipsius
630 3325 942 3381 Pandenulti
1005 3329 1340 3400 profectibus
1379 3328 1558 3397 potius
1602 3327 1832 3391 haereus,

243 3430 408 3485 quam
428 3417 649 3473 obviare
672 3421 1051 3490 quoquomodo
1077 3421 1331 3475 videaris.

879 3525 1196 3587 CCLXXIV.

512 3638 580 3677 AD
607 3638 886 3680 ARPALDUH
915 3640 1207 3680 EPISCOPUM
1237 3641 1566 3682 ASCULANUM.

857 3717 1037 3790 (Anno
1075 3718 1223 3789 879.)

249 3783 441 3888 Ατδιιὶς
487 3807 740 3888 quod__ad
774 3783 1030 3888 synodum
1071 3783 1470 3888 nonIrenei-‘it,
1492 3808 1640 3888 jubet
1671 3807 1741 3860 ad
1787 3823 1841 3862 se

323 3879 510 4000 veniri,
545 3890 598 3931 ut
626 3880 690 3934 iis
714 3879 828 3951 qua:
866 3898 898 3933 τι
926 3882 1035 3933 suis
1065 3879 1265 3934 clericis
1315 3879 1710 3948 objiciebautur,
1756 3895 1840 3932 re-

327 3963 478 4002 mam
499 3957 601 4002 eat.

327 3963 601 4017 spamteut.

329 4063 798 4122 ltevercndissimo
826 4075 882 4124 et
919 4067 1262 4124 sanctissimo
1297 4066 1552 4122 nummo
1591 4068 1844 4139 episcopo

255 4153 550 4210 Asculano.

333 4249 640 4306 Secundum
687 4268 870 4310 sacros
915 4254 1306 4310 venerabilium
1355 4253 1578 4314 Patrum
1609 4268 1846 4312 canones

258 4341 464 4414 Spiritu
498 4343 589 4400 Dei
615 4348 877 4411 conditos,
905 4356 959 4402 et
986 4347 1148 4403 totius
1171 4347 1354 4408 mundi
1389 4348 1691 4408 reverentia
1721 4362 1848 4410 con-

258 4445 523 4504 secratos,
577 4454 676 4506 pro
705 4440 1090 4496 ecclesiasticis
1117 4445 1381 4497 duntaxat
1434 4442 1848 4500 necessitatibus

259 4532 332 4586 ad
369 4548 480 4594 eas,
537 4548 670 4602 quas
713 4549 885 4604 nuper
937 4535 1151 4592 statutis
1185 4536 1373 4590 diebus
1432 4535 1846 4601 celebravimus,

259 4628 520 4698 synodos,
569 4628 746 4684 missis
772 4645 837 4685 ex
865 4645 1014 4684 more
1054 4629 1391 4686 auctoritatis
1412 4640 1606 4684 nostra:
1633 4627 1846 4692 litteris,

261 4719 660 4774 fraternitatem
707 4727 852 4776 tuam
888 4719 1085 4777 debere
1135 4734 1425 4776 occurrere
1473 4718 1650 4778 modis
1677 4717 1850 4772 enmi-

262 4809 366 4864 bus
395 4810 750 4872 decrevimus.
787 4811 894 4868 Sed
929 4813 1074 4884 quia,
1107 4813 1320 4870 cseteris
1347 4813 1538 4868 devote
1570 4811 1726 4868 valde
1761 4825 1852 4874 ve-

266 4900 562 4970 nientibus,
597 4911 646 4960 te
671 4903 891 4958 minime
935 4904 1166 4968 venisse,
1218 4919 1338 4958 cum
1369 4903 1535 4960 etiam
1571 4909 1625 4958 et
1663 4900 1850 4956 auditu

265 4992 524 5050 didiceris
555 5011 652 5052 nos
689 4997 954 5071 synodum
989 4995 1285 5064 celebrare,
1318 5011 1490 5067 neque
1539 4993 1849 5052 excusatio-

268 5096 396 5136 nem
439 5093 583 5138 tuam
616 5086 847 5157 regulari
881 5096 1064 5143 tenore
1095 5086 1150 5140 in
1183 5086 1441 5140 tractoria
1487 5085 1850 5155 conscriputm

269 5178 429 5232 nobis
453 5187 509 5232 et
537 5189 736 5234 sanctae
759 5181 985 5251 synodo,
1033 5195 1196 5234 causa
1236 5179 1556 5232 temeritatis
1589 5188 1643 5231 et
1670 5177 1854 5232 inobc-

269 5271 492 5327 dicutize
543 5281 673 5337 tute,
727 5279 784 5326 ut
829 5273 1107 5328 evidenter
1150 5281 1394 5340 apparet,
1435 5287 1543 5325 non
1591 5271 1853 5326 direxisse

270 5366 676 5434 comperimus;
717 5380 782 5420 ne
812 5365 1151 5420 dilectionem
1181 5374 1324 5417 tuam
1359 5363 1426 5417 de
1461 5363 1564 5417 hoc
1594 5361 1855 5416 indiscus-

271 5473 392 5513 sam
425 5458 750 5527 praeteriisse
776 5457 1073 5520 videamur,
1121 5457 1221 5510 hoc
1271 5462 1475 5508 nostrae
1521 5452 1858 5507 auctoritatis

275 5549 771 5617 statutojubemus,
801 5561 918 5602 eam
950 5548 1015 5600 de
1041 5545 1290 5616 praesenti
1323 5545 1442 5598 sine
1493 5542 1670 5610 aliqua
1706 5557 1853 5597 mora

273 5641 363 5698 vel
392 5643 738 5714 ambiguitate
776 5642 842 5698 ad
879 5656 977 5695 nos
1011 5640 1208 5696 debere
1254 5639 1439 5694 venire
1468 5636 1770 5704 nostrisque
1799 5649 1859 5688 se

275 5735 556 5791 obtutibus
603 5745 950 5805 praesentare.
1001 5733 1134 5787 Nam
1164 5740 1217 5787 et
1244 5731 1427 5787 clerici
1478 5739 1581 5783 tum
1631 5729 1856 5784 nosEc-

275 5829 459 5886 clesire
496 5828 767 5896 adierunt,
797 5827 1154 5890 reclamantes
1187 5824 1354 5883 multa
1377 5839 1436 5879 se
1463 5837 1492 5880 a
1523 5830 1612 5880 tua
1639 5833 1862 5890 perpes-

1905 567 2009 626 lam
2031 570 2454 626 ecclesiasticam
2490 570 2686 641 injuste
2730 571 2846 628 fore
2871 585 3197 642 oppressos;
3250 583 3484 640 quorum

1903 659 2152 741 videlicet
2191 662 2586 733 objectionibus
2614 679 2796 720 coram
2847 671 3032 718 nostro
3058 660 3346 732 praesulatu
3390 674 3480 714 as-

1907 751 2190 806 sistentem
2222 761 2272 806 te
2314 763 2528 823 oportet
2579 754 2766 824 procul
2823 754 2984 808 dubio
3041 753 3384 822 respondere.
3419 751 3486 806 Et

1907 842 2027 906 ideo
2049 843 2152 900 hac
2166 846 2408 917 jussioue
2437 854 2621 904 nostra
2649 855 2901 918 percepta
2931 861 3218 902 occurrere
3243 843 3483 909 studeas,

1906 942 2195 1004 antequam
2247 938 2481 994 Ecclesia
2524 948 2611 993 tua
2658 938 2834 1008 majus
2873 939 3109 994 schisma
3139 935 3222 994 vel
3262 933 3486 990 scutula.r

1908 1027 2017 1081 lum
2047 1029 2284 1101 patiatur
2308 1048 2318 1082 :
2349 1029 2602 1099 quoniam
2651 1031 2696 1084 si
2725 1030 2906 1084 venire
2928 1027 3037 1097 jam
3066 1025 3226 1086 modo,
3249 1033 3488 1084 contem.

1908 1122 2102 1194 pseris,
2133 1123 2348 1194 dignam
2371 1123 2948 1180 cxcomnmnicationis
2985 1137 3014 1174 a
3043 1120 3168 1176 sede
3195 1118 3487 1187 apostolica

1911 1213 2180 1281 prolatam
2245 1215 2540 1270 sustinebis
2593 1215 2814 1268 omnino
2857 1226 3162 1274 censuram.
3214 1211 3346 1268 Data
3391 1220 3488 1264 vm

1911 1291 2178 1360 Kalendas
2212 1304 2538 1360 Decembris.

2549 1418 2845 1476 CCLXXV.

2413 1523 2481 1566 ﬂ)
2514 1527 2683 1566 οιιιιοι
2691 1526 2762 1566 III
2799 1525 2993 1567 nam.

2532 1605 2712 1676 (Anno
2741 1604 2891 1673 8'79.)

1921 1693 2149 1751 Miratur
2174 1695 2310 1765 quod
2338 1712 2455 1748 cum
2489 1693 2708 1763 Papiam
2747 1696 2956 1758 venerit,
2993 1694 3083 1748 ubi
3118 1691 3276 1747 simul
3300 1703 3500 1765 coitu-

1989 1768 2100 1820 m're
2122 1760 2390 1831 debebant,
2417 1760 2612 1889 (laques
2633 1764 2701 1819 (ιιι
2730 1781 2784 1823 se
2807 1782 2912 1817 non
2943 1765 3139 1818 miserit
3162 1780 3180 1816 :
3208 1763 3327 1832 peti!
3355 1760 3499 1826 illos,

1992 1837 2231 1889 destinet.
2260 1847 2311 1889 ut
2336 1854 2388 1889 se
2409 1854 2439 1888 (ι
2507 1853 2624 1889 eum
2650 1834 2885 1889 conferre
2911 1836 3091 1889 possit.

2507 1853 2624 1889 eum
2650 1834 2885 1904 conferre
2911 1836 3091 1905 possit.

1992 1954 2196 2009 Dilecto
2223 1968 2290 2007 ac
2312 1950 2538 2022 spiritali
2567 1951 2677 2004 filio
2707 1950 2926 2006 CAROLO
2952 1943 3190 2019 glorioso
3217 1949 3358 2016 regi.

1993 2043 2145 2100 Sicut
2173 2052 2360 2100 nostro
2380 2042 2689 2114 praesulatui
2721 2043 2913 2097 vestris
2934 2041 3048 2111 jam
3079 2040 3210 2096 olim
3240 2037 3506 2108 regalibus

1923 2137 2196 2191 direxistis
2217 2134 2479 2205 apicibus,
2506 2142 2568 2190 ut
2585 2134 2672 2190 his
2695 2133 2952 2189 Kalendis
2975 2131 3369 2188 Novembribus
3389 2129 3500 2198 jam

1924 2231 2230 2296 transactis,
2262 2230 2412 2285 vobis
2435 2229 2658 2300 Papiam
2688 2228 2903 2284 obviam
2928 2228 3112 2282 venire
3142 2227 3461 2279 deberemus
3489 2241 3500 2275 :

1923 2333 2190 2393 quatenus
2237 2321 2510 2377 communi
2561 2320 2719 2376 simul
2763 2327 2991 2374 tractatu
3036 2334 3096 2371 ea
3140 2332 3259 2387 qua:
3307 2325 3506 2371 sancite

1925 2415 2178 2469 Ecclesia!
2202 2411 2293 2468 Dei
2325 2411 2478 2466 utilia
2510 2419 2652 2475 sunt,
2683 2410 2906 2480 etregni
2939 2406 3211 2463 stabilitati
3245 2405 3504 2476 prolicua,

1924 2507 2126 2578 pariter
2178 2505 2674 2560 considerassemus
2705 2544 2718 2569 ,
2789 2492 3190 2570 stabilita'teque
3251 2505 3507 2569 perpetua

1927 2597 2332 2664 firmassemus;
2374 2597 2479 2652 hoc
2515 2595 2731 2667 quidem
2776 2593 2928 2648 avida
2961 2608 3027 2648 ex
3080 2601 3205 2644 tunc
3252 2588 3512 2662 perlicere

1929 2700 2108 2746 mente
2146 2691 2317 2761 parati
2345 2690 2665 2744 existimus:
2702 2687 2796 2742 sed
2827 2686 2950 2760 quia
2984 2698 3080 2738 vos
3108 2682 3158 2736 in
3192 2680 3395 2734 Italiam
3427 2679 3481 2734 in
3510 2715 3512 2719 -

1931 2782 2124 2838 troisse
2160 2780 2440 2846 audimus,
2492 2778 2644 2832 valde
2694 2777 2870 2831 mirati
2926 2790 3110 2828 sumus
3161 2770 3512 2842 quamobrem

1927 2884 2168 2929 vestrum
2223 2874 2377 2929 nobis
2425 2873 2737 2936 adventum,
2796 2885 2892 2941 per
2945 2865 3275 2922 excellentim
3325 2872 3516 2917 vestra:

1930 2965 2212 3022 melliﬂuos
2259 2966 2439 3037 apices
2469 2969 2522 3018 et
2568 2963 2789 3018 idoneos
2819 2959 3047 3033 legatos,
3097 2949 3371 3030 cognitum
3413 2955 3515 3008 mi-

1930 3061 2073 3114 nime
2097 3057 2374 3123 feceritis;
2426 3072 2548 3111 nam
2593 3065 2817 3128 paterno
2848 3069 2940 3109 vos
2970 3049 3160 3107 allecti:
3215 3050 3545 3122 diligentes,.

1934 3151 2151 3222 speciali
2182 3150 2445 3203 tluntaxat
2466 3149 2660 3202 intuitu
2686 3143 3107 3218 magnitudinem
3134 3153 3367 3198 vestram
3396 3157 3518 3196 cer-

1939 3254 2068 3296 nere
2096 3240 2487 3305 desideramus,
2522 3237 2749 3294 !iliorum
2773 3237 3109 3292 charissime.
3140 3233 3293 3290 Nunc
3319 3235 3519 3304 itaque,

1937 3334 1982 3388 si
2023 3335 2242 3388 omnino
2269 3348 2452 3386 verum
2485 3341 2568 3387 est
2592 3331 2700 3400 jam
2734 3323 2952 3402 Papiam
3001 3331 3232 3394 venisse,
3277 3328 3522 3382 volumus

1938 3436 1997 3483 ut
2019 3427 2244 3482 eximios
2279 3441 2344 3481 ex
2386 3426 2552 3480 latere
2609 3435 2788 3480 vestro
2836 3419 3520 3494 uoltis,dirigatislegatos,

1940 3517 2266 3577 honorificus
2298 3520 2410 3575 sedi
2454 3517 2760 3591 apostolicae
2791 3519 3001 3573 litteras
3027 3511 3360 3580 deferentes;
3405 3513 3524 3586 qui:

1939 3614 2042 3669 bus
2071 3613 2320 3667 videlicet
2350 3612 2667 3684 perspectis,
2699 3611 2763 3663 ad
2794 3620 3030 3676 vestram
3057 3622 3349 3680 properare
3377 3619 3524 3662 scrc-

1941 3704 2167 3760 nitatem
2194 3718 2584 3772 communeque
2611 3699 2935 3770 colloquium
2960 3699 3325 3752 indubitanter
3349 3695 3525 3750 valea-

1943 3811 2102 3852 mus:
2149 3797 2274 3866 quia
2303 3810 2443 3855 cum,
2491 3795 2601 3849 Deo
2629 3791 2884 3866 propitio,
2939 3783 3214 3846 vobiscum
3265 3789 3526 3844 fuerimus

1945 3885 2238 3956 conjuncti,
2267 3883 2448 3941 omnia
2494 3899 2611 3955 qua:
2640 3883 2706 3940 ad
2735 3881 3115 3937 exultationem
3161 3889 3358 3934 SﬂnClLL‘
3384 3879 3526 3932 sedis

1947 3981 2253 4054 apostolicae
2280 3981 2472 4035 matris
2505 3985 2721 4044 vestrze,
2749 3989 2801 4033 et
2829 3978 2895 4032 ad
2923 3985 3158 4031 vestrum
3191 3991 3251 4028 ac
3281 3982 3526 4029 nostrum

1945 4076 2197 4131 videntur
2221 4075 2492 4144 pertinere
2523 4073 2801 4138 honorem,
2833 4071 2939 4126 Deo
2969 4070 3204 4135 favente,
3245 4066 3402 4122 facile
3436 4083 3530 4138 po-

1948 4169 2172 4225 terimus
2201 4167 2478 4239 perficere.
2511 4165 2616 4222 Pro
2640 4167 2832 4238 quibus
2865 4163 3011 4218 vobis
3032 4173 3086 4216 ct
3117 4163 3168 4217 in
3208 4162 3308 4217 hoc
3335 4161 3530 4216 saeculo

1950 4263 2117 4333 gloria
2143 4263 2510 4334 multipliciter
2541 4271 2798 4332 augeatur
2829 4276 2857 4315 a
2890 4259 3140 4322 Domino,
3163 4267 3217 4313 et
3247 4258 3298 4312 in
3323 4256 3528 4312 cmlcsti

1951 4356 2293 4424 postmodum
2341 4354 2559 4424 regione
2603 4367 2810 4406 merces
2856 4358 3110 4420 perpetua
3154 4347 3337 4418 procul
3368 4346 3528 4402 dubie

1954 4447 2236 4500 tribuetur.
2283 4444 2414 4499 Data
2445 4453 2500 4496 ut
2528 4460 2710 4513 supra.

2577 4555 2898 4612 CCLXXVI.

2559 4667 2626 4704 AD
2680 4663 2916 4704 EURIDEM.

2561 4743 2738 4804 (Anno
2767 4740 2916 4809 879.)

1955 4863 2164 4919 Gratias
2194 4864 2302 4930 agit
2326 4860 2464 4930 quod
2489 4873 2607 4912 cum
2628 4873 2660 4908 α
2681 4871 2734 4908 te
2771 4854 2927 4930 fuerit
2948 4849 3261 4930 Conspertus
3289 4850 3534 4930 aeole-arte

2040 4920 2403 4986 Verecelleusis
2445 4929 2713 4997 cpisropus
2742 4925 3032 4985 ordinatus,
3080 4920 3192 4997 ejus
3217 4920 3534 4997 ordinatiom'

2027 5004 2235 5058 libenter
2290 4990 2568 5070 militaverit
2593 4990 2714 5070 {se
2769 5003 2980 5048 excusat
3027 4990 3173 5070 quod
3224 4990 3534 5070 Anspertum

2027 5061 2470 5142 archiepiscopi"):
2509 5067 2950 5122 Mediotanensut
2988 5061 3104 5133 ejus
3141 5061 3377 5132 precibus
3431 5075 3533 5113 non

2028 5145 2277 5198 absolvat.

2029 5255 2235 5311 Dilecto
2283 5268 2347 5308 ac
2383 5248 2612 5322 spiritali
2638 5247 2748 5303 tilio
2769 5245 2985 5304 Canem
3007 5240 3243 5313 glorioso
3267 5254 3331 5295 ac
3359 5237 3538 5294 excel-

1957 5352 2262 5412 lentissimo.
2287 5348 2418 5418 regi.

2034 5441 2355 5512 Multiplices
2373 5440 2575 5509 gratias
2603 5443 2797 5492 vestrae
2842 5429 3131 5488 referimus
3155 5422 3536 5495 magnitudini,

1959 5537 2085 5607 quia
2115 5549 2218 5608 pro
2262 5528 2589 5586 Vercellensi
2628 5526 2964 5596 episcopatu,
3011 5520 3062 5575 in
3113 5533 3221 5588 quo
3253 5532 3351 5571 nos
3393 5516 3537 5608 Con-

1959 5605 2207 5699 opertum
2244 5638 2350 5680 una
2375 5637 2520 5676 cum
2552 5617 2746 5690 synodi
2788 5617 3006 5670 decreto
3052 5609 3370 5680 episcopatu
3398 5605 3541 5660 ordio

1959 5720 2232 5785 novimus,
2273 5724 2518 5780 nostram
2562 5709 2794 5770 libenter
2842 5702 3150 5778 periecistis
3191 5699 3538 5756 voluntatem.

1961 5815 2043 5878 De.
2063 5821 2268 5878 mro
2289 5818 2492 5874 autem
2540 5805 2644 5871 hoc
2664 5809 2747 5866 est
2771 5794 3161 5866 Hediolanensi
3183 5791 3543 5864 archiepisco-
