4042 6302
543 438 649 491 903

1812 436 2096 496 JOANNIS
2131 436 2331 493 PAPJE
2364 437 2473 493 Vlll

3699 434 3810 487 θοι

543 549 689 622 regis
737 548 1157 620 magnitudinem
1199 548 1493 606 admonere
1520 556 1685 621 atque
1712 548 1991 605 exhortari
2014 562 2123 602 ma-
2154 551 2204 611 Α
2229 549 2434 622 ingenti
2478 558 2607 601 cura
2654 551 2713 600 et
2751 540 3111 599 sollicitudine
3158 554 3320 612 quam
3362 539 3509 597 circa
3554 551 3807 595 sanctam

544 657 781 712 gnopere
805 639 1085 705 studeatis,
1122 647 1391 710 quatenus
1427 642 1677 698 eumdem
1715 639 2122 695 Lausanensem

541 736 934 806 episcopatum,
965 732 1039 787 illi
1063 733 1175 803 jam
1203 734 1332 789 olim
1361 734 1621 791 divinitus
1649 746 1991 797 concessum,
2024 746 2125 801 pro

540 838 728 879 amore
756 824 851 878 Dei
877 832 933 878 et
957 832 1147 880 nostro
1191 825 1259 881 de
1302 825 1561 897 przesenti
1603 825 1828 881 reddere
1868 832 1924 879 et
1966 836 2123 877 secu—

539 917 674 974 riter
700 918 857 989 quasi
899 934 999 975 suo
1032 918 1178 975 fideli
1213 919 1413 975 habere
1447 918 1749 991 permittat.
1789 916 1925 972 Nam
1953 932 2018 972 eo
2046 915 2126 970 vi-

538 1019 699 1065 vente
723 1011 776 1065 in
807 1010 1034 1066 alterius
1065 1011 1331 1067 electione
1373 1011 1463 1067 vel
1497 1009 1787 1082 episcopali
1828 1023 2123 1065 consecra-

540 1100 686 1156 tione
713 1116 994 1157 assensum
1023 1101 1173 1156 nullo
1198 1103 1360 1157 modo
1387 1103 1768 1173 praebebimus,
1794 1100 1924 1169 quin
1946 1098 2127 1169 potius

538 1189 833 1259 apostolica
857 1191 958 1245 hoc
986 1190 1103 1245 fieri
1135 1190 1458 1246 auctoritate
1496 1192 1671 1246 modis
1698 1189 1951 1245 omnibus
1980 1187 2123 1241 inhi-

538 1280 807 1346 behimus,
838 1297 907 1337 ne
926 1290 1113 1337 contra
1146 1290 1346 1338 statuta
1390 1282 1612 1337 Patrum
1654 1283 1759 1338 duo
1797 1281 1849 1335 in
1888 1296 1994 1335 una
2047 1280 2125 1334 vi-

538 1369 768 1425 deantur
819 1371 1037 1429 civitate
1092 1387 1214 1431 esse
1267 1372 1526 1443 episc0pi.
1585 1372 1924 1441 Quapropter
1968 1368 2125 1425 nobis

530 1458 678 1529 iusta
713 1462 1098 1517 mandantibus
1131 1464 1279 1519 omni
1311 1465 1505 1520 annisu
1532 1471 1589 1519 et
1617 1463 1895 1518 voluntate
1942 1460 2125 1516 favere

536 1550 685 1605 nullo
730 1553 889 1609 modo
920 1554 1366 1624 praetermittatis,
1411 1570 1518 1623 quo
1563 1554 1743 1609 minus
1788 1561 1988 1607 nostrae
2028 1566 2125 1605 vo-

535 1640 759 1699 luntatis
818 1644 1019 1719 legatio
1060 1647 1201 1715 apud
1248 1646 1658 1701 serenissimum
1704 1660 1884 1715 regem
1936 1642 2126 1699 salutis

535 1744 591 1789 et
634 1736 785 1805 pacis
832 1735 1219 1791 ecclesiasticae
1254 1752 1353 1807 per
1390 1744 1631 1792 vestrum
1673 1745 1950 1791 certamen
1992 1733 2126 1789 effe-

537 1833 682 1880 ctum
728 1825 992 1893 obtineat,
1034 1836 1301 1897 quatenus
1344 1828 1534 1895 eadem
1576 1824 1821 1882 Ecclesia
1848 1825 1967 1891 Dei,
1993 1840 2121 1895 pro-

2224 642 2526 697 Romanam
2565 636 2863 692 Ecclesiam
2904 643 3136 689 matrem
3178 644 3414 689 vestram
3463 635 3704 697 habetis,
3740 646 3815 687 at-

2222 749 2328 806 que
2352 747 2450 803 pro
2477 738 2672 786 vestrae
2699 729 3000 785 devotionis
3028 728 3337 783 sinceritate
3363 743 3470 797 qua
3511 742 3617 781 nos
3658 743 3813 797 pura:

2224 821 2422 879 mentis
2450 820 2640 877 affectu
2668 836 2819 875 more
2850 826 3136 891 parentum
3168 828 3472 874 vestrorum
3498 817 3738 888 diligitis
3763 829 3813 871 et

2225 913 2283 968 in
2327 911 2576 968 omnibus
2621 910 2878 981 adjuvare
2914 910 3167 964 alacriter
3200 910 3418 980 cupitis.
3456 908 3522 962 Et
3551 909 3685 977 quia
3718 922 3811 979 pro

2224 1004 2551 1061 exaltatione
2593 1012 2756 1073 atque
2797 1001 3027 1057 utilitate
3070 1001 3214 1057 sedis
3248 1000 3577 1071 apostolica,
3621 999 3811 1054 totius-

2226 1114 2332 1168 que
2382 1106 2539 1152 terrae
2589 1095 2763 1151 sancti
2812 1093 2962 1148 Petri
3011 1092 3358 1156 defensione,
3413 1106 3508 1146 vos
3558 1100 3811 1161 prompta

2226 1198 2408 1245 mente
2452 1187 2719 1242 desudare
2762 1185 2900 1240 velle
2944 1185 3344 1254 cognoscimus,
3379 1184 3433 1238 in
3464 1199 3576 1254 quo
3600 1184 3813 1239 scilicet

2224 1282 2393 1337 vestri
2434 1280 2688 1335 desiderii
2734 1278 2929 1332 affectu
2978 1277 3223 1347 piissimo
3270 1285 3325 1330 et
3372 1277 3615 1330 divinam
3662 1277 3813 1331 circa

2226 1375 2432 1444 regiam
2464 1372 2694 1444 gloriam
2717 1380 2952 1426 vestram
2980 1369 3248 1425 habebitis
3276 1369 3601 1439 adjutricem
3626 1378 3684 1422 et
3712 1368 3815 1437 pl;-

2224 1465 2454 1521 cabilem
2505 1463 2868 1533 majestatem,
2903 1471 2960 1517 et
2996 1462 3210 1533 dignam
3260 1475 3368 1515 non
3419 1460 3597 1515 solum
3628 1460 3685 1513 in
3720 1460 3809 1513 lue

2225 1555 2442 1620 saeculo,
2496 1554 2592 1609 sed
2635 1554 2802 1608 etiam
2845 1553 2901 1607 in
2950 1552 3159 1607 caelesti
3205 1551 3551 1622 postmodum
3594 1549 3810 1619 regione

2182 1628 2186 1633 r
2225 1645 2639 1702 retributionem
2685 1642 2875 1715 procul
2922 1642 3084 1698 dubio
3133 1642 3429 1711 recipietis.
3476 1642 3635 1709 Quod
3688 1654 3807 1695 vero

2224 1739 2539 1803 mandastis,
2581 1747 2642 1793 ut
2680 1737 3024 1793 marchiones
3056 1735 3225 1791 vestri
3251 1735 3344 1805 qui
3372 1735 3519 1789 circa
3561 1749 3664 1788 nos
3695 1732 3807 1787 eii-

2225 1842 2396 1899 stunt,
2422 1832 2489 1887 ad
2520 1830 2889 1886 defensionem
2923 1830 3287 1886 necessariam
3319 1830 3688 1901 peragendam
3723 1843 3805 1883 ω-

535 1917 655 1986 prio
698 1928 918 1989 recepto
968 1928 1212 1989 pastore,
1270 1918 1418 1973 salva
1469 1919 1521 1972 in
1569 1918 1820 1973 omnibus
1868 1926 1921 1971 et
1943 1916 2124 1986 quieta
2153 1914 2435 1978 Bbiscum
2485 1921 2690 1991 pariter
2736 1921 3019 1976 decertare
3072 1920 3417 1986 debuissent,
3467 1921 3566 1975 hoc
3618 1931 3803 1975 auten

533 2009 814 2065 consistat.
854 2010 991 2065 Data
1015 2011 1104 2069 die
1130 2012 1201 2066 20
1238 2011 1442 2067 mensis
1472 2010 1641 2077 Junii,
1675 2010 1967 2066 indictione
1994 2025 2112 2064 xui.

1215 2122 1434 2178 CCXCI.

605 2230 672 2270 AD
714 2230 1088 2273 τηεουοιιιουι
1113 2231 1568 2272 Διιυωεριδεορωι
1603 2222 2042 2271 ΒιδυκτιΝεΝεειί.

1147 2308 1325 2381 (Anno
1354 2310 1504 2380 880.)

538 2396 823 2471 Signiﬁcat
847 2418 901 2455 se
926 2401 990 2455 de
1012 2402 1177 2471 ipsius
1228 2418 1417 2471 causa_
1436 2400 1627 2454 Carolo
1673 2402 1781 2471 regi
1812 2400 2117 2468 scripsisse;

603 2488 664 2523 ac
690 2470 753 2523 de
775 2469 1097 2541 Hieronymo
1119 2470 1357 2541 episcopo
1384 2469 1741 2526 Lauduaensi‘
1766 2472 2032 2535 hortatur,
2064 2478 2118 2522 ut

603 2540 855 2609 adjuvare
886 2540 1036 2594 illum
1066 2540 1292 2595 studeat.

603 2649 1077 2706 Reverendissimo
1110 2661 1166 2707 et
1197 2652 1542 2708 sanctissimo
1572 2651 1917 2708 Tnsooomco
1944 2651 2121 2707 archi-

537 2739 792 2811 episcopo
821 2752 1024 2797 sanctae
1048 2742 1513 2815 Cbrysopolitante
1537 2744 1816 2799 Ecclesiae.

604 2832 709 2885 Pro
742 2841 819 2887 tot
839 2842 894 2885 et
923 2834 1090 2888 tantis
1119 2836 1617 2903 perturbationibus
1639 2845 1695 2889 et
1724 2834 2122 2891 calamitatibus

531 2936 669 2989 quas
695 2922 762 2975 ab
785 2922 983 2992 iniquis
1009 2934 1064 2977 et
1094 2924 1261 2979 Deum
1296 2940 1402 2979 non
1434 2926 1749 2983 timentibus
1775 2927 1909 2982 viris
1933 2926 2123 2983 Eccle-

532 3010 674 3065 siam
704 3011 803 3065 tibi
842 3012 1192 3068 commissam
1240 3015 1483 3084 quotidie
1529 3018 1639 3086 pati
1688 3017 1883 3073 vestris
1924 3017 2121 3073 litteris

530 3101 895 3159 referentibus
935 3106 1302 3176 agnoscimus,
1346 3107 1639 3177 plurimum
1681 3110 2033 3166 condolemus
2064 3121 2123 3165 et.

530 3211 833 3266 congruum
885 3197 1158 3267 cupimus,
1210 3200 1320 3255 Deo
1373 3201 1623 3269 favente,
1676 3203 1830 3259 vobis
1876 3204 2119 3273 prtebere

528 3284 804 3350 solatium,
869 3295 1137 3357 quatenus
1198 3290 1342 3346 sedis
1398 3299 1593 3347 vestras
1629 3292 1867 3363 vigorem
1931 3279 2188 3362 pristi-C

527 3394 659 3433 num
735 3379 1059 3435 indiminuto
1122 3380 1247 3452 jure
1318 3383 1547 3439 feliciter
1607 3384 1918 3439 obtineatis.
1975 3382 2115 3438 Nam

530 3468 731 3524 dilecto
788 3484 852 3523 ac
921 3469 1155 3540 spiritali
1209 3470 1319 3526 filio
1380 3482 1569 3528 nostro
1619 3471 1812 3527 Carolo
1879 3471 2115 3543 glorioso

530 3561 644 3632 regi
724 3576 823 3631 pro
889 3571 992 3618 tua:
1079 3578 1243 3619 causa
1317 3564 1565 3620 utilitatis
1646 3579 1849 3635 proque
1917 3572 2114 3619 vestrae

526 3649 705 3719 plebis
759 3650 935 3706 salute
989 3654 1387 3724 suggessimus;
1432 3664 1492 3709 ut
1539 3670 1636 3725 pro
1683 3670 1868 3709 amore
1918 3654 2015 3709 Dei
2059 3662 2114 3708 et

523 3749 741 3806 nostro,
774 3756 874 3796 suo
908 3757 1007 3798 vos
1034 3744 1237 3799 auxilio
1280 3760 1345 3799 ac
1395 3744 1710 3800 defensione
1759 3745 1816 3798 in
1863 3744 2114 3799 omnibus

523 3839 758 3898 tueatur,
802 3842 859 3888 et
887 3835 953 3890 de
987 3836 1074 3891 his
1102 3838 1195 3906 qui
1225 3851 1315 3892 res
1352 3837 1610 3893 Ecclesiae
1637 3848 1833 3893 vestra:
1856 3837 2113 3894 invadere

520 3934 1007 3994 praasumpserunt,
1044 3926 1316 3997 justitiam
1369 3928 1547 3984 facere
1593 3927 1866 3999 dignetur,
1914 3942 2111 3998 resque

523 4013 669 4083 ipsas
708 4016 808 4070 sub
838 4016 1147 4089 integritate
1196 4020 1351 4081 vobis
1398 4020 1612 4074 restitui
1643 4019 1849 4087 jubeat.
1891 4018 2001 4075 Vos
2032 4027 2111 4074 ta-

521 4119 669 4169 men,
693 4119 845 4159 more
869 4106 997 4162 boni
1025 4110 1275 4177 pastoris,
1298 4109 1442 4163 sicut
1470 4111 1523 4163 in
1547 4112 1824 4181 prosperis
1854 4111 2105 4178 humiles,

522 4193 597 4248 ita
627 4210 843 4265 quoque
884 4197 939 4252 in
986 4198 1231 4253 adversis
1267 4197 1433 4255 fortes
1478 4200 1716 4265 existite,
1763 4209 1823 4255 ut
1850 4202 2106 4272 p0pulum

521 4285 739 4344 Domini
788 4288 885 4345 tibi
930 4290 1283 4346 commissum
1310 4306 1409 4362 pro
1437 4292 1704 4348 malorum
1734 4291 2103 4360 infestatione,

521 4393 683 4450 quam
732 4380 1000 4450 patimini,
1049 4390 1270 4437 strenue
1319 4397 1508 4454 regere
1531 4398 1637 4438 non
1675 4385 1958 4440 omittatis.
1998 4383 2107 4440 Pro

519 4468 639 4540 ipso
676 4472 841 4526 etiam
883 4472 1213 4546 Hieronymo
1256 4475 1512 4545 episcOpo
1539 4475 1717 4530 eidem
1747 4476 1861 4547 regi
1902 4476 2105 4532 direxi-

520 4576 642 4616 mus
697 4573 761 4618 ut
818 4562 1219 4621 Lausanensem
1276 4560 1781 4636 episcopatum'illi
1839 4568 2101 4623 divinitus

519 4666 861 4720 concessum,
897 4665 952 4711 et
989 4665 1176 4712 nostra
1221 4632 1519 4728 apostolica
1563 4658 1891 4714 auctoritate
1942 4658 2103 4730 largi—
2130 4632 2181 4692 Ῑ)
2222 4637 2235 4645 “

520 4750 657 4811 tum,
699 4746 962 4801 securiter
1008 4749 1201 4804 amodo
1246 4751 1483 4807 retinere
1526 4751 1827 4821 permittat.
1869 4750 1939 4806 Et
1978 4750 2100 4807 ideo

517 4844 701 4891 vestra
744 4835 1054 4895 fraternitas
1093 4856 1217 4896 eum
1254 4842 1308 4897 in
1341 4844 1443 4899 hoc
1468 4845 1727 4915 adjuvare
1756 4859 1855 4916 pro
1888 4844 2098 4901 viribus

515 4941 626 4984 non
656 4931 1054 4999 praetermittat.
1102 4934 1235 4990 Data
1268 4935 1356 4992 die
1379 4937 1450 4992 20
1494 4939 1697 4995 mensis
1744 4936 1915 5005 Junii,
1959 4938 2100 4995 iudi-

518 5017 699 5076 ctione
727 5036 846 5077 xm.

1187 5137 1430 5198 CCXCII.

1011 5245 1080 5286 AD
1116 5246 1362 5290 αλιιοιωί
1400 5251 1597 5292 REGEI.

1115 5346 1293 5415 (Anno
1348 5349 1500 5421 880.)

515 5449 856 5535 Commendat
899 5456 1011 5525 ejus
1054 5472 1179 5529 erga
1204 5458 1528 5535 _Romaaam
1573 5462 1866 5521 Ecclesiam
1913 5468 2091 5524 obser-

586 5529 860 5589 vantiam;
900 5536 1045 5596 rogat
1090 5539 1145 5582 ut
1195 5529 1424 5601 legatum
1456 5533 1555 5588 sibi
1592 5537 1792 5593 auxilio
1823 5540 2014 5594 mittat.

587 5630 792 5725 Dilecto
823 5650 889 5691 ac
918 5638 1147 5707 spiritali
1178 5641 1289 5700 filio
1312 5644 1532 5704 Gnoso
1556 5648 1790 5721 glorioso
1828 5653 1962 5725 regi.

586 5720 906 5794 Multiplices
943 5731 1106 5801 regite
1141 5736 1497 5805 magnitudini
1530 5720 1725 5798 vestrae
1764 5745 1850 5799 his
1889 5720 2094 5803 nostris

514 5814 824 5882 apostolicis
867 5817 1061 5877 litteris
1109 5825 1313 5894 gratias
1356 5829 1567 5898 agimus
1611 5849 1710 5903 pro
1750 5844 1933 5892 vestra
1981 5848 2092 5895 tam

2219 2014 2339 2069 sine
2376 2022 2571 2068 vestra:
2614 2010 2912 2080 maiestatis
2954 2012 3280 2082 praesentia,
3326 2011 3411 2065 vel
3454 2011 3570 2065 sine
3615 2009 3801 2064 idonei

2220 2108 2498 2177 optimatis
2535 2106 2725 2170 vestri,
2769 2106 2917 2161 nullo
2954 2107 3114 2161 modo
3152 2106 3293 2161 sicut
3324 2114 3541 2176 oportet
3566 2106 3807 2174 proders‘

2219 2201 2393 2263 nobis,
2434 2216 2500 2256 eo
2526 2200 2670 2271 quod
2698 2200 2799 2270 ipsi
2831 2201 3174 2256 marchiones
3196 2201 3445 2255 homines
3477 2200 3545 2254 de
3572 2199 3804 2254 civitat-

2218 2293 2322 2349 bus
2369 2302 2424 2348 et
2464 2294 2699 2364 pr0priis
2734 2295 2933 2349 ﬁnibus
2980 2293 3213 2357 nostris,
3251 2307 3374 2347 cum
3405 2292 3609 2360 quibus
3653 2300 3803 2345 terr-

2222 2387 2420 2441 torium
2464 2388 2639 2441 sancti
2684 2386 2831 2441 Petri
2873 2394 3203 2456 poteramus
3233 2385 3369 2440 satis
3395 2384 3718 2446 defendere,
3764 2383 3799 2435 ii

2222 2496 2320 2535 suo
2358 2480 2577 2535 assiduo
2629 2480 2850 2535 servitio
2899 2479 3124 2543 habent,
3171 2488 3228 2533 et
3274 2478 3573 2533 nonnullos
3620 2489 3801 2531 θοι-ιω

2220 2574 2459 2642 potentia
2485 2588 2582 2627 sua
2606 2571 2917 2635 defendunt,
2944 2581 3001 2625 et
3028 2571 3100 2625 ita
3130 2569 3451 2638 impediunt,
3482 2576 3545 2620 ut
3564 2577 3803 2621 nostr-un

2222 2663 2504 2720 servitium
2559 2663 2858 2719 secundum
2899 2662 3238 2717 voluntatem
3283 2669 3530 2716 nostram
3583 2661 3797 2714 minime

2222 2756 2487 2829 perficere
2534 2756 2771 2811 valeant.
2806 2754 2961 2811 Unde
2997 2768 3284 2826 precamur
3311 2752 3687 2808 excellentiam
3717 2768 3800 2804 ve-

2223 2859 2393 2905 stram
2430 2859 2491 2904 ut
2518 2864 2617 2920 pro
2659 2863 2848 2903 amore
2892 2847 2986 2902 Dei
3029 2856 3085 2901 et
3127 2845 3393 2915 principis
3440 2842 3802 2913 apostolorur.

2223 2945 2447 3007 honore,
2485 2944 2649 2997 talem
2692 2942 2848 2997 nobis
2889 2942 2956 2995 de
2998 2940 3252 3009 praesenti
3278 2939 3503 2993 missum
3534 2936 3788 3007 dirigat;

2224 3048 2347 3089 cum
2377 3049 2486 3103 quo
2520 3048 2616 3103 per
2645 3042 2842 3087 vestrae
2883 3029 3221 3086 auctoritatis
3250 3028 3569 3098 potentiam,
3590 3041 3654 3080 ea
3687 3038 3799 3092 qu:

2223 3134 2425 3180 sancta:
2448 3125 2546 3181 Dei
2566 3124 2824 3180 Ecclesia:
2845 3132 2900 3178 et
2925 3123 3082 3178 nobis
3101 3121 3399 3192 pertinent,
3428 3120 3719 3173 incunctan
3730 3127 3797 3172 ιε’

2222 3219 2501 3275 valeamus
2532 3218 2816 3289 perficere,
2856 3223 3123 3285 quatenus
3151 3212 3369 3267 eosdem
3411 3209 3652 3265 homines
3702 3225 3795 3263 me

2220 3320 2387 3377 stros,
2413 3312 2506 3381 qui
2529 3311 2687 3367 nobis
2706 3309 2903 3366 sublati
2933 3317 3078 3375 sunt,
3105 3306 3431 3363 omnimodis
3456 3306 3799 3376 recipimur,

2221 3416 2281 3463 ut
2299 3408 2478 3464 omnis
2517 3408 2694 3463 honor
2723 3415 2779 3463 et
2805 3407 2961 3476 vigor
3000 3416 3201 3461 saneta:
3242 3404 3497 3460 Romana
3541 3402 3801 3458 Eccles‘e

2219 3498 2416 3553 vestris
2454 3497 2644 3552 diebus
2671 3498 2725 3552 in
2751 3497 3005 3552 omnibus
3049 3497 3262 3565 integer
3308 3503 3596 3557 accrescat,
3624 3503 3692 3546 et
3724 3494 3802 3547 ir-

2219 3590 2516 3645 diminutus
2572 3598 2931 3659 permaneat,
2991 3591 3249 3659 quoniam
3300 3590 3455 3656 ipsius
3505 3587 3700 3640 honor
3759 3590 3798 3636 λι

2218 3680 2501 3745 exaltatio,
2539 3688 2721 3735 vestra
2772 3680 2862 3734 hic
2907 3688 2962 3734 et
3010 3680 3064 3733 in
3102 3689 3359 3735 azternum
3410 3683 3492 3730 est
3538 3674 3706 3730 salus
3744 3681 3794 3726 et

2216 3772 2406 3843 gloria.
2440 3770 2575 3826 Nam
2613 3780 2668 3827 et
2711 3786 2809 3827 nos
2852 3785 2915 3825 ea
2962 3786 3083 3841 quae
3130 3780 3322 3826 vestra:
3347 3768 3525 3840 gloriae
3552 3767 3791 3837 profici:

2216 3870 2384 3927 sunt,
2435 3861 2793 3918 libentissime
2837 3861 3106 3934 perficere
3152 3864 3441 3934 cupimus,
3489 3870 3545 3916 et
3592 3860 3789 3917 nostis

2217 3950 2449 4006 assiduis
2472 3951 2723 4021 precibus
2755 3966 2849 4005 vos
2878 3951 3108 4005 Domino
3139 3951 3541 4013 commendare,
3581 3962 3790 4020 aposo-

2214 4038 2392 4093 lorum
2448 4038 2871 4110 suffragantibus
2926 4042 3158 4106 meritis,
3218 4055 3432 4111 semper
3477 4041 3785 4110 satagimts.

2214 4130 2341 4187 Haec
2382 4133 2563 4203 itaque
2592 4150 2692 4203 pro
2722 4134 2955 4189 utilitate
2981 4144 3184 4190 sanctae
3210 4134 3461 4190 Ecclesia:
3489 4133 3653 4189 modo
3688 4129 3785 4187 fici

2212 4223 2469 4294 petimus,
2515 4233 2574 4278 ut
2615 4239 2737 4279 cum
2772 4234 3011 4280 vestrum
3056 4226 3347 4297 gloriosum
3376 4226 3701 4287 adventum,
3736 4235 3787 4273 a-

2211 4325 2372 4369 vente
2400 4315 2648 4380 Domino,
2680 4317 3148 4387 conspexerimus,
3178 4326 3361 4388 optata
3391 4326 3444 4371 et
3472 4316 3681 4386 ingenii
3716 4326 3784 4371 Il-

2211 4404 2349 4459 riter
2372 4404 2553 4459 laetitia
2578 4406 2848 4461 exsultare
2887 4407 3180 4463 valeamus.
3224 4408 3358 4463 Data
3399 4408 3485 4463 die
3529 4407 3601 4463 9.3
3654 4419 3787 4462 mlh

2210 4493 2286 4549 sis
2313 4492 2482 4562 Junii,
2508 4497 2804 4553 indictione
2829 4513 2946 4551 xm.

2863 4606 3133 4664 CCXCIII.

2570 4716 2639 4756 AD
2677 4716 3127 4758 SPENTOPULCRUI
3166 4717 3425 4759 COIITBI.

2822 4794 3001 4867 (Anno
3029 4796 3179 4867 880.)

2204 4904 2518 4963 Gratulatur
2550 4910 2613 4963 de
2661 4910 2775 4981 ejus
2804 4921 2851 4981 et
2899 4911 3230 4965 subditorum
3276 4910 3419 4965 illius
3463 4909 3816 4967 observantia

2273 4996 2396 5049 erga
2436 4981 2608 5051 sedem
2633 4980 2997 5051 apostolicam,
3022 4982 3199 5050 recipit
3228 4998 3315 5035 eos
3333 4984 3387 5034 in
3412 4981 3564 5049 ﬁdem
3589 4997 3761 5035 suam
3790 5001 3813 5039 :

2274 5050 2498 5121 ostendit
2526 5050 2847 5105 Meth'odium
2874 5052 3320 5120 archiepiscopum
3351 5051 3698 5121 orthodoxam
3744 5054 3822 5121 [i-

2275 5120 2392 5192 dem
2423 5120 2584 5189 fuisse
2613 5122 2939 5192 professum;
2972 5123 3123 5190 cujus
3146 5119 3273 5189 jura
3305 5132 3352 5175 et
3375 5119 3643 5192 privilegia
3674 5119 3820 5178 cou-

2276 5190 2479 5263 ]:mtat,
2518 5190 2735 5263 eumque
2780 5194 2847 5245 ad
2886 5210 2973 5247 eos
3012 5195 3259 5261 regendos
3295 5190 3469 5263 mittit.
3522 5190 3817 5247 Nummis

2278 5259 2529 5331 Ecclesite
2553 5259 2847 5331 episcopum
2872 5259 3230 5316 consecratum
3255 5261 3592 5331 signiﬁcat,et
3620 5264 3815 5318 alium

2278 5330 2348 5383 ad
2369 5347 2423 5384 se
2446 5330 2551 5384 vult
2580 5330 2734 5397 mitti,
2766 5348 2916 5401 quem
2943 5332 3038 5389 alii
3066 5330 3569 5399 ecclesiteprwﬁciat
3604 5348 3620 5384 :
3646 5332 3815 5401 jubet

2276 5416 2455 5471 omnes
2480 5402 2579 5471 ipsi
2596 5403 2982 5471 archiepiswpo
3004 5402 3245 5466 obedire;
3272 5402 3503 5455 concedit
3528 5411 3581 5453 ut
3608 5404 3813 5457 divina

2276 5418 2455 5454 omnes
2480 5418 2497 5455 ι
2534 5418 2579 5454 st
2596 5418 2982 5471 arcmepiswpo
3004 5418 3245 5466 oaeatre;
3272 5418 3503 5455 concedit
3528 5418 3581 5453 ut
3608 5418 3812 5457 airma

2266 5470 2442 5592 ἕβεὶα
2476 5418 2783 5526 ὁΡσιαυοηὶεα
2811 5472 2992 5541 lingua
3029 5474 3239 5526 recitari
3262 5471 3479 5541 possint,
3503 5473 3812 5527 dummodo

2318 5540 2611 5592 vanaelium
2647 5540 2836 5592 Latina
2856 5542 3002 5592 prius
3028 5544 3289 5592 recitatur.

2318 5540 2611 5611 vangelium
2647 5540 2836 5596 Latina
2854 5540 3002 5613 prius
3028 5540 3289 5613 recitatur.

2185 5694 2193 5701 .
2267 5652 2475 5709 Dilecto
2504 5654 2614 5709 ﬁlio
2644 5652 3061 5711 SFENTOPULCRO
3090 5655 3322 5725 glorioso
3345 5658 3548 5712 comiti.

2270 5748 2553 5803 Industrio:
2576 5757 2678 5804 tuae
2720 5757 2904 5804 notum
2926 5750 3052 5829 esse
3079 5752 3323 5807 volumus
3351 5754 3632 5822 quoniam,
3668 5770 3809 5809 com

2202 5840 2371 5896 fratre
2395 5850 2583 5897 nostro
2605 5841 2875 5899 Methodio
2901 5844 3353 5902 reverendissimo
3375 5846 3806 5917 archiepiscopo
