4042 6302
212 364 329 421 905

1401 362 1755 423 EPISTOLAS
1792 362 1878 420 ΕΤ
1916 363 2251 423 DECRETA.

3369 365 3474 423 906

215 489 422 540 sanctze
446 479 703 539 Ecclesiae
724 479 1051 540 Moravensis
1070 500 1173 543 una
1192 500 1311 542 cum
1331 481 1629 542 Semisisno
1650 481 1792 538 ﬁdeli
1822 484 1864 544 A
1894 482 2139 538 similiter
2173 483 2228 538 in
2270 479 2374 538 alia
2414 478 2680 546 Ecclesia,
2728 478 2782 535 in
2821 494 2927 551 qua
2976 480 3334 554 episcopalem
3384 498 3478 539 ve-

214 584 319 631 tuo
359 574 425 628 ad
446 572 638 628 limina
670 585 980 630 sanctorum
1010 573 1371 646 apostolorum
1395 576 1539 631 Petri
1570 586 1625 631 et
1647 575 1798 631 Pauli

214 674 570 734 nostramque
592 666 952 736 pontiﬁcalem
974 669 1314 737 praesentiam
1337 669 1606 733 Veniente,
1636 675 1798 736 atque

211 770 471 811 sermone
488 750 709 811 luciﬁuo
740 755 1024 822 referente,
1053 757 1339 813 didicimus
1364 769 1468 813 tuae
1494 756 1797 813 devotionis

203 847 609 912 sinceritatem,
639 854 693 901 et
719 846 884 901 totius
918 846 1101 917 populi
1147 848 1223 902 tui
1269 848 1622 909 desiderium,
1654 842 1795 916 quod

211 934 365 991 circa
409 937 592 991 sedem
640 935 992 1005 apostolicam
1034 943 1088 990 et
1131 928 1373 990 nostram
1416 935 1795 1006 paternitatem

211 1026 450 1082 habetis.
495 1025 629 1080 Nam
656 1068 672 1091 ,
703 1027 881 1082 divina
914 1026 1083 1099 gratia
1114 1027 1430 1097 inspirante,
1477 1025 1797 1096 contemptis

210 1119 342 1174 aliis
376 1119 554 1174 s'ecnli
598 1119 758 1188 hujus
792 1120 1142 1190 principibus,
1173 1120 1389 1175 beatum
1418 1120 1634 1175 Petrum
1666 1136 1797 1192 apo-

152 1240 165 1245 τ
204 1208 394 1263 stolici
423 1209 630 1265 ordinis
670 1209 969 1280 principem
1008 1210 1375 1280 vicariumque
1419 1210 1560 1265 illius
1596 1210 1798 1266 habere

210 1312 504 1373 patronum
533 1310 588 1356 et
628 1302 682 1356 in
718 1301 968 1357 omnibus
1006 1300 1303 1371 adiutorem
1345 1317 1409 1357 ac
1453 1301 1794 1357 defensorem

210 1394 424 1462 pariter
459 1408 581 1448 cum
620 1393 889 1448 nobilibus
928 1393 1059 1449 viris
1104 1393 1349 1449 ﬁdelibus
1392 1393 1534 1459 tuis,
1577 1401 1633 1448 et
1672 1407 1795 1448 cum

207 1482 361 1537 omni
387 1481 582 1553 populo
614 1490 769 1536 terra:
797 1490 900 1538 tute
930 1498 1112 1538 amore
1151 1483 1461 1538 ﬁdelissimo
1489 1482 1716 1553 elegisti,
1742 1490 1798 1538 et

206 1585 387 1641 usque
414 1571 481 1625 ad
512 1571 671 1625 linem
712 1571 811 1626 sub
837 1571 1006 1642 ipsius
1032 1580 1089 1626 et
1123 1570 1305 1626 vicarii
1335 1571 1452 1641 ejus
1487 1571 1797 1627 defensione

206 1656 354 1716 colla
385 1660 725 1725 submittens,
748 1660 844 1730 pio
867 1659 1061 1716 aﬂ'ectu
1101 1661 1274 1731 cupis,
1301 1661 1592 1716 auxiliante
1615 1659 1797 1715 Domi-

1899 584 2037 629 tram
2065 574 2128 643 (f.
2153 573 2334 629 sedem
2359 572 2437 627 vel
2457 560 2793 642 cathedram)
2822 571 3037 628 noveris
3077 588 3197 628 esse
3221 590 3476 631 necessa-

1895 664 2054 729 riam,
2084 660 2397 718 ordinemus
2439 662 2782 732 episcopum,
2812 670 2875 716 ut
2912 678 3035 718 cum
3075 662 3163 718 his
3192 663 3400 720 duobus
3443 681 3476 721 a

1895 752 2055 809 nobis
2092 753 2357 809 ordinatis
2405 753 2673 823 episcopis
2720 752 2979 823 praefatus
3035 755 3474 827 archiepiscOpus

1894 851 2093 906 vester,
2118 837 2273 912 juxta
2300 842 2576 897 decretum
2599 839 2970 911 apostolicum,
3004 860 3103 914 per
3125 843 3224 898 alia
3252 843 3387 910 loca,
3419 845 3473 901 in

1894 932 2344 1003 quibusepiscopi
2372 930 2666 987 honoriﬁce
2681 932 2878 988 debent
2896 942 2949 988 et
2968 943 3195 1003 possunt
3215 934 3473 1000 existere,

1892 1021 2233 1091 postmodum
2260 1019 2437 1076 valeat
2463 1020 2736 1076 ordinare.
2767 1021 3117 1092 Presbyteros
3155 1037 3286 1078 vero
3308 1063 3325 1088 ,
3356 1023 3473 1078 dia-

1894 1126 2079 1177 conos,
2107 1128 2201 1166 seu
2236 1111 2602 1183 cuiuscunque
2631 1112 2839 1167 ordinis
2875 1112 3133 1179 clericos,
3178 1114 3293 1169 sive
3320 1102 3481 1170 Scla-

1892 1216 2011 1267 vos,
2048 1202 2164 1257 sive
2191 1202 2477 1272 cujuslibet
2520 1198 2719 1273 gentis,
2750 1203 2843 1274 qui
2872 1204 3015 1258 intra
3044 1205 3334 1274 provinciae.
3366 1213 3473 1260 tua:

1896 1290 2030 1345 ﬁnes
2056 1292 2375 1357 consistunt,
2414 1294 2756 1365 praecipimus
2794 1309 2914 1349 esse
2955 1292 3224 1362 subjectos
3252 1304 3308 1350 et
3350 1297 3480 1350 ohe-

1896 1382 2101 1437 dientes
2120 1382 2175 1437 in
2197 1383 2446 1439 omnibus
2476 1382 2589 1452 jam
2629 1385 2772 1440 dicto
2799 1384 3057 1441 confratri
3088 1395 3271 1443 nostro
3294 1374 3474 1443 archi-

1894 1473 2144 1545 episcopo
2166 1483 2439 1541 vestro,ut
2457 1475 2588 1531 nihil
2614 1477 3043 1547 omninoprteter
3058 1478 3175 1549 ejus
3191 1480 3474 1536 conscien-

1894 1563 2025 1618 tiam
2072 1574 2252 1637 agant.
2300 1563 2452 1633 Quod
2496 1566 2564 1631 si,
2608 1576 2955 1623 contumaces
2993 1577 3049 1625 et
3100 1569 3473 1627 inobedientes

1895 1656 2210 1721 existentes,
2249 1656 2562 1712 scandalum
2607 1657 2845 1727 aliquod,
2880 1668 2973 1714 aut
3015 1660 3251 1716 schisma
3296 1660 3476 1716 facere

210 1762 312 1815 no,
344 1757 528 1820 utpote
554 1748 699 1806 ﬁlius
723 1750 1132 1829 devotissimus,
1168 1766 1508 1822 permanere.
1557 1750 1664 1806 Pro
1690 1766 1795 1820 qua
1891 1749 2351 1818 praesumpserint,
2377 1759 2433 1805 et
2458 1757 2579 1819 post
2612 1751 2841 1820 primam
2880 1761 2935 1808 et
2963 1754 3257 1808 secundam
3284 1754 3475 1808 admo-

205 1839 425 1894 scilieet
453 1847 608 1894 tanta
648 1830 753 1895 ﬁde
795 1855 860 1895 ac
889 1842 1175 1896 devotione
1211 1849 1302 1896 tua
1351 1849 1405 1896 et
1453 1840 1634 1911 populi
1694 1842 1795 1909 tui,
1829 1830 1872 1893 Β
1898 1836 2160 1892 nitionem
2196 1853 2257 1894 se
2298 1839 2520 1894 minime
2550 1841 2924 1908 correxerint,
2951 1844 3104 1913 quasi
3139 1843 3474 1899 zizaniorum

208 1928 545 1999 apostolatus
587 1929 759 1984 nostri
800 1928 939 1984 ulnis
981 1929 1251 1995 extensis,
1284 1937 1339 1985 te
1381 1930 1534 2001 quasi
1578 1930 1794 1985 unicum

207 2018 385 2073 illium
414 2033 597 2074 amore
624 2019 827 2090 ingenti
865 2019 1270 2089 amplectimur;
1299 2028 1357 2074 et
1388 2034 1510 2074 cum
1546 2020 1799 2077 omnibus

208 2107 463 2163 ﬁdelibus
490 2108 595 2163 tuis
620 2110 957 2178 paternitatis
986 2118 1183 2165 nostrae
1205 2109 1410 2178 gremio
1435 2149 1450 2173 ,
1477 2109 1643 2165 veluti
1668 2123 1797 2163 oves

208 2195 430 2250 Domini
460 2197 614 2252 nobis
636 2199 985 2264 commissas,
1012 2199 1326 2268 recipimus,
1352 2199 1582 2268 vitazque
1603 2197 1798 2270 pabulo

207 2287 510 2354 clementer
548 2287 754 2343 nutrire
792 2296 1062 2360 optamus,
1107 2298 1269 2360 atque
1317 2290 1516 2367 nostris
1552 2290 1799 2347 assiduis

206 2377 469 2448 precibus
494 2378 846 2449 omnipotenti
873 2388 929 2435 te
954 2380 1180 2435 Domino
1206 2381 1585 2435 commendare
1616 2382 1800 2436 stude-

208 2485 338 2525 mus
360 2488 377 2523 :
409 2478 675 2540 quatenus
698 2512 714 2538 ,
746 2480 1059 2528 sanctorum
1107 2472 1472 2543 apostolorum
1502 2471 1801 2544 suifragan-

211 2560 622 2627 tibus‘meritis,
651 2571 706 2617 et
744 2564 799 2617 in
832 2563 935 2619 hoc
964 2563 1160 2620 saeculo
1188 2564 1412 2618 adversa
1433 2564 1614 2619 omnia
1641 2579 1801 2634 supe-

210 2664 374 2717 rare,
404 2660 461 2706 et
484 2652 538 2707 in
565 2652 770 2709 cretein
809 2656 1149 2724 postmodum
1184 2655 1402 2725 regione
1432 2669 1552 2708 cum
1576 2653 1801 2710 Christo

211 2742 333 2799 Deo
370 2750 555 2799 nostro
579 2744 763 2799 valeas
808 2745 1161 2816 triumphare.
1206 2745 1373 2817 igitur
1414 2746 1559 2800 hunc
1592 2744 1804 2801 Metho—

210 2832 367 2889 dium
385 2834 745 2889 venerabilem
775 2835 1246 2906 archiepiscopum
1287 2844 1526 2891 vestrum
1565 2836 1799 2891 interro-

208 2922 463 2994 gavimus
487 2938 669 2978 coram
693 2925 883 2995 positis
908 2924 1165 2980 fratribus
1201 2926 1404 2980 nostris
1423 2926 1718 2995 episcOpis,
1750 2924 1797 2981 si

206 3014 533 3087 orthodoxa:
559 3014 686 3071 fidei
717 3016 1016 3086 symbolum
1060 3017 1138 3071 ita
1167 3018 1434 3081 crederet,
1462 3025 1519 3072 et
1548 3018 1691 3072 inter
1718 3032 1805 3071 sas

214 3122 318 3161 cra
350 3106 633 3161 missarum
664 3106 922 3162 solemnia
957 3115 1204 3168 caneret,
1233 3108 1390 3162 sicuti
1419 3116 1659 3161 sanetam
1688 3106 1800 3161 Ro-

1900 1926 2258 1983 seminatores
2283 1929 2352 1983 ab
2372 1928 2617 1984 ecclesiis
2639 1938 2694 1985 et
2723 1931 2919 1987 ﬁnibus
2940 1934 3131 1988 vestris
3156 1933 3477 1990 auctoritate

1899 2020 2084 2068 nostra
2105 2014 2443 2083 praecipimus
2463 2031 2582 2071 esse
2598 2017 2784 2086 procul
2806 2018 3160 2087 abjiciendos,
3177 2021 3475 2077 secundum

1901 2105 2278 2160 auctoritatem
2302 2106 2665 2176 capitulorum
2692 2123 2812 2177 quae
2832 2109 2906 2163 illi
2938 2109 3184 2165 dedimus
3220 2120 3279 2165 et
3319 2112 3474 2166 vobis

1901 2197 2217 2253 direximus.
2247 2197 2481 2254 Litteras
2504 2199 2735 2269 denique
2759 2199 3126 2265 Sclavonicas,
3158 2217 3186 2255 a
3210 2201 3474 2257 Constan-

1902 2288 2015 2341 tino
2030 2287 2261 2357 quodam
2293 2288 2613 2359 philosOpho
2641 2298 2904 2359 repertas,
2931 2291 3126 2360 quibus
3159 2290 3267 2345 Deo
3289 2290 3476 2347 laudes

1900 2379 2080 2435 debite
2110 2389 2384 2446 resonent,
2421 2379 2545 2447 jure
2568 2381 2878 2444 laudamus;
2909 2384 3042 2437 etin
3075 2382 3264 2438 eadem
3294 2383 3477 2455 lingua

1900 2472 2098 2528 Christi
2130 2472 2343 2528 Domini
2371 2476 2543 2529 nostri
2580 2476 2846 2546 praeconia
2871 2484 2926 2531 et
2948 2492 3109 2548 opera
3134 2487 3193 2533 ut
3219 2492 3478 2533 enarren-

1903 2569 2007 2625 tur,
2028 2561 2301 2629 jubemus.
2328 2563 2512 2633 Neque
2541 2564 2683 2619 enim
2715 2566 2886 2621 tribus
2917 2576 3147 2633 tantum,
3178 2568 3272 2623 sed
3297 2568 3476 2623 omni-

1901 2651 2001 2706 bus
2021 2651 2221 2721 linguis
2246 2651 2535 2705 Dominum
2570 2651 2795 2708 laudare
2821 2657 3140 2711 auctoritate
3169 2671 3323 2711 sacra
3360 2671 3478 2711 mo-

1901 2756 2122 2806 uemur,
2151 2757 2281 2812 qua!
2314 2744 2564 2813 praecipit
2597 2745 2779 2800 dicens
2820 2765 2833 2800 :
2878 2746 3114 2802 Laudate
3154 2748 3436 2815 Dominum
3459 2789 3478 2816 ο

1903 2849 2076 2887 omnes
2103 2844 2295 2904 gentes,
2317 2841 2363 2889 et
2396 2834 2694 2890 collaudale
2739 2854 2856 2889 eum
2884 2854 3058 2892 omnes
3082 2837 3260 2908 populi
3303 2836 3477 2897 (Psal.

1901 2923 2070 2994 cxvr).
2104 2924 2168 2978 Et
2191 2925 2415 2994 apostoli
2460 2924 2651 2995 repleti
2682 2925 2888 2995 Spiritu
2931 2936 3121 2983 sancto
3147 2926 3309 2983 locuti
3358 2936 3484 2983 sunt

1902 3015 2153 3069 omnibus
2177 3014 2373 3085 linguis
2398 3016 2661 3101 magualia
2695 3016 2785 3071 Dei
2816 3016 2951 3089 (Act.
2984 3018 3069 3089 ιι).
3099 3017 3239 3074 Hinc
3270 3031 3325 3074 et
3343 3018 3482 3101 Pan:

1905 3102 1989 3159 ius
2030 3105 2267 3159 caelestis
2294 3119 2509 3175 quoque
2545 3100 2674 3161 tuba
2712 3107 2947 3171 insonat,
2981 3124 3246 3164 monens:
3298 3096 3482 3163 Omnii
3582 3096 3589 3101 ’

217 3208 442 3250 manum
474 3194 768 3251 Ecclesium
815 3206 1030 3261 tenere,
1058 3209 1114 3250 et
1141 3197 1193 3250 in
1229 3196 1431 3250 sanctis
1455 3212 1550 3251 sex
1583 3197 1799 3251 univer-
1827 3174 1870 3235 (ἶ
1903 3190 2085 3262 lingua
2111 3192 2425 3260 conﬁteatur
2444 3193 2566 3263 quia
2591 3192 2844 3248 Dominus
2868 3205 3042 3248 noster
3060 3194 3217 3251 Iesus
3243 3194 3484 3252 Christus

222 3282 434 3338 salibus
466 3285 685 3355 synodis
726 3301 756 3339 a
785 3287 990 3340 sanctis
1020 3284 1293 3345 Patrihus,
1322 3285 1616 3339 secundum
1644 3301 1806 3340 evan-

218 3372 450 3444 gelicam
465 3373 541 3429 Cb
551 3373 666 3428 risti
680 3373 775 3429 Dei
791 3375 958 3429 nostri
975 3375 1371 3439 auctoritatem,
1402 3373 1801 3446 promulgatum

227 3471 399 3533 atque
425 3464 680 3521 traditum
724 3474 955 3521 constat.
987 3465 1078 3520 Ille
1121 3475 1299 3520 autem
1334 3465 1608 3536 professus
1636 3474 1718 3521 est
1747 3480 1806 3521 se

216 3550 372 3623 iuxta
399 3542 757 3628 evangelicam
793 3566 849 3613 et
891 3558 1239 3627 apostolicam
1271 3558 1607 3624 doctrinam,
1643 3559 1803 3614 sicuti

222 3654 415 3699 saltem
456 3643 698 3701 Romana
737 3646 980 3702 Ecclesia
1015 3648 1193 3712 docet,
1222 3655 1279 3702 et
1309 3663 1339 3700 a
1381 3647 1623 3716 patribus
1648 3647 1812 3701 tradi-

224 3740 345 3787 tum
371 3741 474 3798 est,
506 3741 687 3788 tenere
709 3741 762 3787 et
787 3735 1036 3803 psallere.
1064 3735 1174 3792 Nos
1203 3744 1381 3790 autem
1424 3735 1573 3789 illum
1614 3735 1666 3789 in
1695 3750 1811 3799 om-

222 3823 389 3879 nibus
431 3824 811 3880 ecclesiasticis
859 3826 1121 3882 doctrinis
1163 3837 1218 3883 et
1264 3828 1586 3884 utilitatibus
1619 3829 1809 3883 ortho-

218 3915 424 3968 doxam
449 3921 507 3967 et
541 3913 837 3984 proﬁcuum
868 3930 991 3970 esse
1026 3918 1358 3986 reperientes
1385 3961 1402 3988 ,
1428 3919 1579 3973 vobis
1610 3919 1809 3972 iterum

220 4002 297 4058 ad
318 4005 607 4075 regendam
632 4006 981 4060 commissam
1014 4007 1116 4062 sibi
1161 4008 1453 4063 Ecclesium
1485 4008 1579 4063 Dei
1609 4009 1814 4064 remisi-

224 4108 373 4160 mus,
398 4109 556 4164 quem
579 4094 740 4165 veluti
762 4106 1031 4165 pastorem
1052 4098 1329 4168 proprium
1351 4107 1410 4151 ut
1431 4099 1590 4170 digno
1610 4099 1814 4155 honore

226 4192 289 4238 'et
335 4184 633 4240 reverentia
678 4184 906 4257 laetaque
960 4198 1141 4242 mente
1193 4189 1465 4259 recipiatis
1508 4190 1811 4261 jul)cmtrs,

231 4273 359 4345 quia
386 4285 582 4330 nostrae
606 4277 915 4347 apostolica!
944 4280 1281 4335 auctoritatis
1323 4290 1591 4352 praecepto
1635 4282 1814 4336 archi-

230 4365 575 4437 episcopatus
594 4374 649 4421 et
674 4367 1011 4439 privilegium
1037 4370 1494 4439 conﬁrmavimus,
1524 4381 1578 4425 et
1606 4372 1658 4426 in
1687 4388 1815 4441 per-

228 4446 477 4527 petuum,
502 4455 611 4511 Deo
629 4454 873 4524 iuvante,
912 4458 1125 4513 ﬁrmum
1155 4476 1372 4515 manere
1407 4462 1713 4527 statuimus,
1741 4463 1816 4518 si-

232 4544 345 4600 cuti
393 4557 792 4602 antecessorum
840 4557 1148 4603 nostrorum
1202 4551 1522 4605 auctoritate
1568 4553 1809 4607 omnium

231 4635 596 4691 Eeclesiarum
627 4637 717 4692 Dei
738 4637 862 4709 jura
894 4647 950 4694 et
976 4639 1255 4710 privilegia
1290 4648 1488 4695 statuta
1519 4650 1574 4695 et
1600 4642 1812 4699 {innata

231 4725 539 4780 consistunt
564 4742 577 4776 :
609 4725 682 4778 ita
710 4741 840 4781 sane
866 4734 925 4781 ut
950 4726 1104 4796 juxta
1127 4728 1443 4783 canonicam
1470 4730 1812 4785 traditionem

233 4815 475 4870 omnimn
505 4818 840 4887 negotiorum
866 4817 1351 4873 ecclesiasticorum
1394 4835 1578 4873 curam
1621 4821 1818 4876 habeat

237 4904 386 4975 ipse,
430 4914 485 4959 et
522 4920 584 4960 ea
616 4908 759 4962 velut
788 4908 897 4962 Deo
923 4907 1320 4977 contemplante
1350 4907 1644 4978 diSpenset.
1678 4908 1814 4963 Nam

234 4996 466 5066 populus
492 4996 703 5052 Domini
745 4998 816 5052 illi
854 4998 1176 5053 commissus
1195 5006 1298 5063 est,
1328 5006 1382 5052 et
1406 5014 1504 5069 pro
1535 4998 1819 5055 animabus

235 5104 428 5145 eorum
462 5092 550 5147 hic
578 5093 882 5147 redditurus
908 5091 1015 5145 erit
1040 5090 1304 5146 rationem
1337 5108 1350 5144 :
1383 5091 1559 5161 ipsum
1605 5106 1821 5162 quoque

234 5182 611 5252 presbyterum
630 5183 842 5236 nomine
857 5180 1188 5245 Wicbinum,
1203 5195 1364 5251 quem
1379 5181 1535 5236 nobis
1546 5179 1819 5251 direxisti,

236 5272 470 5328 electum
508 5274 815 5345 episcopum
862 5268 1294 5328 consecravimus
1334 5278 1535 5326 sancta:
1567 5270 1821 5329 Ecclesiae

237 5361 529 5430 Nitrensis,
555 5376 716 5433 quem
746 5376 843 5418 suo
877 5361 1279 5432 archiepiscopo
1308 5359 1363 5428 in
1402 5360 1654 5416 omnibus
1691 5363 1821 5418 obe-

239 5455 502 5522 dientem,
525 5456 683 5512 sicuti
706 5454 878 5512 sancti
901 5470 1134 5515 canones
1159 5454 1375 5520 docent,
1398 5467 1517 5508 esse
1532 5452 1785 5523 jubemus
1802 5495 1818 5520 ,

240 5557 299 5603 et
323 5547 569 5603 volumus
594 5555 655 5602 ut
688 5548 895 5619 pariter
916 5562 1039 5603 cum
1076 5545 1243 5616 ipsius
1272 5542 1657 5615 archiepiscOpi
1688 5558 1822 5599 con-

242 5654 407 5693 sensu
435 5648 492 5693 et
530 5639 897 5709 providentia,
938 5637 1164 5692 alterum
1207 5636 1362 5691 nobis
1409 5645 1533 5703 apto
1586 5644 1825 5704 tempore

245 5729 434 5787 utilem
480 5732 856 5804 presbyterum
911 5730 996 5786 vel
1042 5726 1329 5785 diaconum
1379 5726 1605 5797 dirigas.
1660 5741 1822 5796 quem

738 5838 963 5884 Ατιιοι.
1008 5818 1294 5880 CXXVI.

1905 3281 1958 3334 in
1986 3279 2153 3350 gloria
2180 3290 2255 3334 est
2287 3281 2385 3335 Dei
2411 3279 2589 3336 Patris
2617 3280 2837 3352 (Philip.
2863 3282 2949 3353 tt).
2984 3285 3060 3338 De
3098 3285 3292 3355 quibus
3318 3286 3486 3342 etiam

1905 3371 2102 3440 linguis
2126 3372 2179 3426 in
2208 3372 2382 3443 prima
2414 3371 2481 3427 ad
2513 3373 2821 3428 Corinthios
2853 3373 3092 3444 Epistula
3115 3374 3248 3430 satis
3287 3384 3342 3430 et
3370 3390 3489 3430 ma-

1906 3462 2100 3518 nifeste
2144 3479 2242 3519 nos
2293 3465 2590 3530 admonet,
2641 3473 2907 3536 quatenus
2960 3466 3157 3539 linguis
3206 3466 3488 3538 loquentes

1907 3555 2205 3615 Ecclesium
2252 3556 2345 3610 Dei
2392 3557 2722 3613 aediﬁcamus
2767 3556 2821 3628 (Ι
2869 3555 2992 3610 Cor.
3027 3555 3163 3628 xtv).
3209 3554 3319 3612 Nec
3356 3572 3490 3614 sane

1910 3645 2031 3699 ﬁdei
2059 3646 2142 3699 vel
2163 3645 2424 3700 doctrina:
2438 3647 2637 3716 aliquid
2660 3646 2840 3702 obstat
2866 3646 2981 3702 sive
3006 3647 3200 3703 missas
3221 3648 3277 3702 in
3300 3640 3490 3705 eadem

1911 3732 2226 3789 Sclavonica
2257 3733 2437 3805 lingua
2463 3750 2678 3802 canere,
2723 3735 2835 3790 sive
2878 3750 3092 3791 sacrum
3117 3736 3490 3808 Evangelium,

1909 3823 1992 3879 vel
2018 3824 2278 3880 lectiones
2304 3824 2512 3882 divinas
2538 3825 2671 3879 Novi
2692 3825 2971 3883 etVeteris
2993 3827 3324 3885 Testamenti
3352 3829 3494 3886 bene

1908 3920 2206 3970 translatas
2231 3925 2286 3971 et
2313 3904 2693 3986 interpretatos
2726 3917 2937 3989 legere,
2974 3927 3068 3974 aut
3096 3919 3200 3975 alia
3230 3920 3493 3976 horarum

1911 4002 2083 4059 cilicia
2107 4004 2287 4060 omnia
2315 4006 2566 4076 psallere,
2591 4008 2841 4076 quoniam
2871 4008 2963 4081 qui
2995 4007 3122 4064 fecit
3148 4015 3257 4064 tres
3281 4008 3496 4081 linguas

1912 4095 2257 4165 principales,
2287 4094 2566 4152 Hebraeum
2597 4097 2822 4164 scilicet,
2867 4096 3112 4154 Graecam
3143 4106 3198 4154 et
3220 4098 3493 4165 Latinam,

1915 4186 2031 4256 ipse
2056 4188 2261 4242 creavit
2305 4196 2360 4241 et
2407 4188 2541 4243 alias
2585 4203 2773 4243 omnes
2811 4189 2878 4242 ad
2921 4188 3131 4246 laudem
3170 4178 3223 4245 et
3268 4176 3496 4260 gloriam

1916 4291 2089 4330 suam.
2115 4275 2370 4331 Jubcmus
2398 4285 2574 4330 tamen
2597 4284 2655 4331 ut
2681 4277 2734 4331 in
2778 4277 3027 4332 omnibus
3050 4277 3298 4334 ecclesiis
3337 4290 3496 4333 terrm

1914 4376 2109 4421 vestrae
2125 4375 2344 4436 propter
2358 4363 2614 4436 majorem
2633 4364 3121 4430 honoriﬁcentiam,
3143 4366 3491 4437 Evangelium

1920 4455 2111 4510 Latine
2161 4455 2404 4526 legatur,
2452 4463 2509 4508 et
2561 4456 2903 4525 postmodum
2949 4455 3267 4512 Sclavonica
3315 4457 3498 4529 lingua

1920 4546 2236 4601 translatum
2264 4546 2315 4603 in
2343 4545 2565 4601 auribus
2589 4545 2770 4617 populi
2794 4544 2984 4600 Latina
3013 4546 3177 4601 verba
3207 4562 3312 4603 non
3343 4548 3500 4603 intel-

1920 4634 2165 4705 ligentis,
2212 4635 2560 4690 annuntietur
2598 4636 2746 4691 sicut
2790 4636 2847 4689 in
2887 4635 3208 4708 quibusdam
3240 4632 3500 4693 ecclesiis

1924 4725 2038 4780 ﬁeri
2068 4725 2298 4780 videtur.
2328 4725 2392 4778 Et
2414 4724 2462 4779 si
2492 4724 2587 4779 tibi
2614 4734 2670 4781 et
2684 4725 2958 4794 judicibus
2980 4727 3085 4781 tuis
3100 4718 3288 4797 ~placet
3307 4729 3500 4783 missas

1923 4813 2113 4869 Latina
2154 4813 2337 4886 lingua
2376 4815 2550 4884 magis
2595 4817 2802 4880 audire,
2840 4818 3266 4888 praecipimusut
3310 4817 3500 4874 Latine

1924 4903 2209 4958 missarum
2259 4903 2355 4957 tibi
2405 4904 2667 4959 solemnia
2720 4905 3081 4964 celebrentur.
3134 4908 3268 4963 Data
3314 4919 3501 4995 mense

1918 4989 2099 5058 Junio,
2127 4991 2417 5047 indictione
2441 4992 2650 5048 decima
2674 4994 2852 5050 tertia.

2570 5126 2700 5184 CCX
2708 5126 2818 5184 CIV

2159 5277 2227 5316 AD
2261 5276 2577 5318 LANDULFUI
2610 5275 2899 5316 EPISCOPUI
2937 5273 3251 5318 ευιιιεοιιωι.

2554 5393 2710 5449 Anno
2737 5390 2896 5465 880.)

1929 5521 2186 5597 Objurgat
2213 5542 2350 5597 quae
2390 5514 2656 5580 violaverit
2683 5542 2800 5597 quia
2835 5526 2944 5595 ipse
2980 5525 3251 5597 intereunt
3286 5533 3335 5579 et
3367 5523 3505 5597 Lgn-

1998 5593 2271 5665 ilenulfuin
2300 5595 2611 5666 Capuanum
2652 5593 2946 5665 episcopum
2990 5595 3056 5666 dc
3089 5594 3329 5665 frugibus
3358 5593 3502 5650 illitis

1996 5666 2226 5721 ecclesia:
2276 5665 2605 5726 decreverat;
2667 5666 2898 5719 minatur
2951 5665 3033 5719 illi
3088 5666 3499 5720 excommunicl-

2005 5735 2160 5790 tionis
2184 5734 2403 5792 omnem.
2431 5735 2532 5789 nisi
2556 5735 2663 5790 suis
2689 5735 2906 5788 decretis
2934 5743 3115 5806 pareat
3140 5749 3158 5789 :
3189 5736 3418 5805 proripit
3449 5743 3503 5790 ut

3031 5824 3110 5884 29
