2021 3151
291 186 343 210 υυῆι

948 182 1088 210 JOANNIS
1105 183 1204 211 ΡᾹΡᾸΕ
1224 184 1279 212 Vill

1879 183 1935 210 9U

330 241 353 267 si
371 250 399 268 se
420 242 509 269 fa‘stnn
532 242 633 270 sentiat,
650 249 708 267 cum
735 240 821 267 eodem
844 240 1082 275 episcopo_causam
1097 243 1120 271 Α
1135 238 1288 265 celsitudini
1305 242 1400 264 vestrm
1425 237 1512 272 aliqua
1534 238 1696 265 verbotenus
1718 238 1870 264 intimanda
1895 239 1938 264 di‘

330 276 449 302 dicturus
464 276 497 302 ad
513 284 539 302 se
554 276 646 302 veniat.

330 331 563 359 Reverendissimo
575 337 602 359 et
616 333 786 360 sattrtissuno
805 333 948 360 Laxouro
959 333 1083 367 episcopo

294 377 460 403 Suricorunt.

330 421 427 449 Nostra
441 422 477 457 ([-
492 422 570 457 Vera)
586 422 716 450 relatione
731 423 909 456 comperimus
922 423 992 457 quod
1006 422 1084 457 quid-

295 465 358 500 quid
374 470 494 501 tempore
510 467 720 494 consecrationis
732 472 782 494 tua:
795 468 820 494 in
835 473 927 495 nostro
940 472 1083 502 conspectu

295 513 328 539 de
354 511 476 547 frugibus
500 512 572 539 illius
596 512 718 540 ecclesia:
746 520 865 547 congrua
891 512 1084 539 deliberatione

291 557 380 585 fuerat
396 558 466 585 inter
479 562 505 585 te
517 562 544 585 et
555 558 748 585 Laudenulfum
761 559 915 593 Capuanum
929 559 1083 593 episcopum

293 601 446 634 difﬁuitum,
463 607 492 629 tu
513 602 614 638 ingenti
628 611 692 630 usus
716 604 867 631 tetneritate
882 604 1038 636 violaveris;
1057 603 1084 630 el

293 647 363 681 quod
379 646 511 680 nosjuxta
529 647 656 682 temporis
667 648 827 682 qualitatem
843 649 977 676 ntoderari
991 649 1083 675 decre-

293 698 430 724 veramus,
443 696 469 718 tu
481 691 628 726 adiutplere
645 693 805 728 neglexeris.
817 693 876 726 Quo
888 693 990 725 audito,
1006 693 1082 720 valde

290 741 387 765 noster
411 737 518 765 animus
543 744 585 765 est.
605 743 757 767 commotus
780 740 851 774 quod
879 744 933 766 tam
957 739 1085 766 audacter

290 788 384 810 nostra
406 788 540 818 praecepta
553 784 756 819 parvipendcris
771 789 799 811 et
818 785 946 812 terminos
958 789 1085 820 paternos

288 828 451 855 etteesseris.
464 828 632 864 Quapropter
643 829 721 863 hujus
731 830 815 857 nostri
828 830 957 865 pontiﬁcii
968 829 1085 857 auctori-

293 878 350 901 tate
361 874 393 901 ab
404 874 586 909 hujuscemodi
601 879 626 902 te
647 875 763 902 factione
773 882 944 910 compescere
954 875 1083 907 volentes,

286 919 460 954 praecipimus
472 939 479 951 ,
494 925 522 946 et
544 920 631 947 modis
644 920 769 947 omnibus
784 921 831 947 tibi
851 920 1023 955 injungimus,
1040 925 1079 952 ut,

290 963 363 989 oumi
376 963 557 991 obstinatione
571 964 703 998 deposita,
720 964 849 999 quidquid
869 972 918 991 nos
932 965 985 991 illic
999 964 1079 998 positi

292 1008 362 1036 inter
379 1014 403 1036 te
425 1014 453 1036 ct
472 1009 595 1037 eumdem
618 1010 791 1045 episcopum,
812 1010 853 1037 vel
875 1010 947 1036 illius
967 1010 1079 1036 fratrem

294 1054 488 1082 Pandenulfum
505 1056 611 1082 ﬁdelem
625 1061 759 1088 uostrutn,
772 1056 806 1083 de
826 1055 956 1082 divisione
968 1055 1009 1082 vel
1024 1055 1079 1082 fru-

286 1100 367 1133 gibus
379 1100 450 1127 illius
463 1100 583 1127 ecclesize
598 1100 815 1133 dcliberavimus.
831 1101 889 1128 sine
903 1109 977 1128 mora
994 1101 1079 1127 adim-

287 1146 360 1180 plere
375 1153 512 1180 procures,
527 1146 578 1173 hoc
599 1154 621 1174 5-.
630 1147 687 1174 iens
699 1146 761 1181 quia
776 1147 798 1174 si
821 1146 898 1174 aliter
918 1154 998 1181 agere
1010 1153 1078 1181 prte-

289 1190 449 1225 sumpseris,
468 1190 539 1217 sicut
552 1191 702 1219 invasorem
727 1199 815 1218 rerum
834 1199 972 1218 sacrarunt
990 1195 1015 1217 te
1034 1198 1078 1217 επι-

291 1235 396 1262 uonicis
408 1235 505 1271 jaculis
517 1235 654 1263 feriemus.
670 1237 746 1269 Quod
767 1237 789 1264 si
811 1237 928 1271 aliquant
943 1237 1078 1271 querimo-

288 1280 360 1307 niam
383 1284 429 1306 aut
446 1279 545 1314 justam
569 1281 770 1307 excusationem
794 1285 820 1308 te
835 1281 932 1308 habere
946 1281 1075 1311 confidis.

288 1331 354 1354 tunc
366 1334 427 1353 cum
439 1328 532 1354 eodem
547 1327 673 1362 episcopo
687 1334 796 1354 causam
810 1327 940 1359 dicturus,
952 1326 1078 1360 iubemus

289 1375 321 1398 ut
336 1375 454 1398 uostrant
475 1375 551 1405 petas
564 1371 743 1405 prmseutiam.
768 1371 834 1398 Nam
849 1376 876 1399 et
890 1380 938 1399 nos
952 1372 1076 1406 praesenti

288 1415 378 1449 legato
397 1419 488 1442 nostro
502 1414 642 1448 Walperto
656 1416 878 1443 reverendissimo
893 1417 1019 1451 episcopo
1034 1417 1075 1443 di-

289 1459 362 1487 lecto
375 1459 529 1486 consiliario
544 1464 636 1486 nostro
649 1460 829 1495 prtecipimus,
842 1466 871 1488 ut
883 1462 904 1488 si
926 1467 1016 1489 nostra
1034 1470 1076 1489 sa-

289 1505 377 1532 lubria
402 1505 502 1532 monita
525 1505 671 1539 adimplere
689 1506 881 1540 contempseris
895 1527 902 1538 ,
927 1516 959 1534 ex
985 1513 1075 1535 nostra

289 1552 449 1579 auctoritate
474 1556 500 1579 te
523 1552 758 1580 excommunicare
782 1557 907 1588 procuret
930 1557 1073 1587 quatenus,

1133 285 1261 311 reximus.
1277 284 1438 319 (Aimoiuus,
1453 284 1470 310 Ι.
1486 293 1511 316 v,
1523 294 1545 311 ς,
1567 285 1612 317 39,
1635 284 1687 317 40;
1702 284 1819 319 ltegino,
1845 284 1865 310 f.
1894 286 1936 318 ιι.)

1133 331 1171 357 De
1192 330 1412 365 oppressionibus
1435 334 1522 356 autem
1547 330 1701 357 Gnecorum
1718 330 1801 365 (sicut
1817 330 1898 356 vobis
1920 338 1935 355 ε

1136 375 1296 410 quibusdam
1308 375 1412 402 aemulis
1425 375 1524 402 nostris
1536 375 1687 402 nttntiatum
1700 375 1755 409 est)
1767 382 1818 402 nos
1831 374 1936 408 aliquid

1134 421 1207 448 nullo
1231 421 1311 448 modo
1333 421 1453 453 scimus;
1477 421 1498 448 si
1520 429 1583 447 vero
1605 422 1757 447 (-crtiss'ntc
1782 422 1933 451 sciremus,

1134 466 1268 492 dilectioni
1283 470 1379 492 vestra}
1394 473 1454 492 cum
1468 465 1540 491 outni
1555 466 1696 492 deroiione
1712 466 1844 492 celeriter
1860 474 1931 491 nun-

1135 511 1289 542 tiassenms,
1305 510 1432 545 quoniam
1457 510 1503 538 Dei
1522 512 1714 544 omnipotentis
1731 511 1830 545 procul
1851 512 1934 539 dubio

1136 556 1311 590 inspiratione
1324 560 1351 582 et
1366 555 1512 588 voluntate,
1521 564 1568 583 vos
1581 565 1634 591 pra:
1648 558 1774 583 omnibus
1788 557 1892 591 eligere
1907 562 1934 583 ct

1135 601 1262 637 inclytum
1276 601 1302 628 in
1314 601 1439 628 omnibus
1451 602 1564 637 negotiis
1576 608 1673 628 sanetce
1689 602 1761 628 sedis
1775 602 1933 636 .qp0slt,)lt(ﬁ‘

1137 647 1290 681 nostrisque
1310 646 1473 681 profectibus
1489 653 1630 682 patronum
1646 657 1675 674 ac
1692 649 1865 674 defensorem
1883 649 1931 674 hn-

1134 691 1199 718 bere
1211 691 1322 718 omnino
1335 691 1499 723 curavimus,
1516 698 1543 718 et
1555 693 1629 722 ideo,
1646 693 1698 718 vita
1715 693 1835 722 comite,
1852 692 1932 726 longa

1134 744 1184 770 per
1196 739 1317 770 tempora
1329 740 1453 770 optamus
1464 737 1612 771 possidere.
1627 738 1799 770 Quapropter
1814 738 1898 763 inium
1910 736 1931 762 is

1135 780 1244 812 nostris,
1260 787 1327 814 quos
1342 780 1419 807 nobis
1438 782 1607 808 adversarios
1623 787 1649 808 et
1664 783 1832 808 zizaniorum
1848 790 1930 808 seuu-

1135 828 1243 851 natores
1258 832 1318 852 esse
1340 826 1519 860 «ignoscitis,
1540 835 1632 853 aurem
1656 828 1811 854 clementiae
1832 833 1929 853 W’Slt‘zt'

1135 868 1286 896 nullatenus
1316 871 1537 898 accommodetis.
1564 872 1630 898 Nam
1661 873 1787 900 inimicus
1818 880 1929 906 semper

1095 911 1117 940 Β
1131 915 1266 941 contraria
1289 915 1417 950 loquitur.
1433 916 1532 944 Tamen
1558 918 1624 943 bene
1645 926 1694 944 vos
1715 917 1808 944 fecisse
1830 917 1926 944 lauda-

1131 967 1201 993 mus.
1217 961 1288 994 quod
1303 962 1428 989 omnibus
1440 963 1572 996 episcopis
1587 968 1612 989 et
1627 963 1776 996 comitibus,
1787 962 1833 997 qui
1844 963 1928 989 circa

1132 1011 1181 1031 nos
1197 1006 1365 1037 consistunt,
1386 1007 1544 1035 auctoritate
1566 1013 1651 1034 vestra
1677 1009 1819 1035 mandastis
1835 1013 1927 1043 atque

1130 1047 1250 1081 jussistis
1273 1053 1302 1076 ιιι
1317 1050 1461 1077 terminum
1482 1053 1566 1078 sancti
1586 1052 1654 1079 Petri
1672 1053 1704 1079 ab
1721 1052 1810 1079 hostili
1824 1060 1925 1086 nempe

1130 1092 1250 1125 incursu,
1265 1099 1358 1121 nostro
1371 1096 1472 1129 pariter
1485 1097 1608 1124 instructi
1625 1098 1759 1128 mandato,
1773 1097 1923 1125 defendere

1128 1136 1254 1165 debeant.
1272 1138 1352 1167 Valde
1367 1142 1550 1169 necessarium
1565 1148 1607 1169 est
1625 1148 1651 1169 ut
1667 1152 1720 1170 non
1735 1143 1821 1171 solum
1838 1152 1853 1169 a
1867 1151 1923 1170 ma-

1128 1182 1161 1209 lis
1176 1183 1349 1215 Christianis,
1363 1193 1455 1213 verum
1476 1187 1557 1214 etiam
1577 1193 1603 1214 et
1625 1197 1639 1214 a
1662 1188 1807 1216 Saracenis
1822 1190 1923 1223 ultique

1130 1228 1244 1262 diffusis,
1261 1230 1358 1265 ubique
1380 1237 1407 1258 et
1430 1233 1546 1267 undique
1569 1242 1617 1261 nos
1641 1235 1698 1261 sine
1719 1235 1923 1263 intermissione

1131 1275 1357 1308 deprtedantilms,
1371 1281 1397 1303 et
1411 1286 1485 1306 ntere
1500 1278 1588 1306 furum
1605 1285 1695 1307 nostra
1719 1281 1922 1315 diripientibus,

1130 1320 1198 1347 tueri
1215 1326 1369 1354 procurent.
1388 1322 1439 1350 l‘ro
1450 1331 1501 1358 qua
1515 1325 1640 1351 videiicet
1655 1326 1824 1356 necessitate,
1836 1333 1920 1359 quam

1127 1373 1208 1400 supra
1219 1366 1326 1392 modum
1340 1367 1466 1401 patimur,
1475 1369 1688 1402 tpsiusWibbodi
1703 1370 1819 1403 episcopi
1827 1371 1921 1396 horta-

1128 1411 1199 1441 tn,-in
1210 1413 1354 1446 quamdam
1367 1417 1467 1440 cortem
1483 1421 1600 1441 nostram
1612 1415 1788 1445 eaivimns.el
1797 1423 1848 1442 una
1857 1423 1920 1442 cum

1127 1456 1242 1484 \V’idouc
1255 1458 1351 1484 comite
1366 1457 1504 1491 Lamberti
1522 1460 1574 1485 lilio
1592 1459 1663 1493 loqui
1685 1460 1814 1486 voluimus
1838 1460 1923 1493 hujus

1126 1502 1164 1528 rei
1185 1510 1281 1534 causa;
1308 1504 1354 1529 sed
1381 1503 1437 1538 ipse
1451 1504 1543 1531 adesse
1568 1505 1746 1538 prastermisil,
1767 1505 1838 1530 sicut
1861 1506 1922 1539 jam

1127 1548 1215 1575 dictus
1229 1548 1314 1575 fidelis
1329 1554 1420 1576 noster
1434 1556 1466 1576 ac
1479 1554 1566 1576 vester
1579 1550 1654 1576 vobis
1667 1550 1759 1583 potetit
1770 1556 1921 1575 enarrare.

290 1597 358 1625 sicut
372 1597 560 1632 prmiliximus,
582 1597 693 1624 nontam
711 1598 736 1624 in
758 1577 849 1625 “(Istra
869 1598 907 1633 (Ῑ,
926 1577 989 1625 “Idm
1008 1606 1075 1632 pm-
1089 1577 1111 1608 Ο
1129 1591 1165 1618 De
1180 1592 1283 1619 Bosone
1294 1600 1401 1627 quoque
1415 1598 1505 1620 certos
1523 1602 1569 1620 vos
1582 1602 1640 1621 esse
1656 1594 1773 1621 volumus
1786 1593 1849 1627 quia
1870 1602 1923 1619 ne-

287 1642 374 1669 sontia
390 1642 502 1675 venias).
517 1642 582 1669 Data
603 1650 635 1668 xv
647 1642 781 1669 Kalendas
793 1643 915 1678 Augusti,
932 1642 1076 1670 indictione

289 1689 393 1716 decima
410 1689 498 1716 tertia.

622 1734 742 1762 CCXCV.

535 1798 569 1818 AD
586 1797 707 1817 εΛιιοιιιιι
728 1797 824 1817 REGEII.

582 1844 675 1879 (Anno
700 1844 761 1872 880.

287 1900 444 1929 Cralnlntur
464 1901 495 1928 de
514 1901 570 1936 ejus
588 1909 651 1936 ergo
671 1899 811 1936 Romanam
830 1900 973 1927 Ecclesium
991 1901 1077 1936 obser-

323 1938 420 1967 vantia,
436 1938 511 1970 cujus
526 1939 584 1962 eunt
596 1935 758 1969 defensorem
775 1935 868 1969 elegit;
884 1941 967 1961 monet
986 1943 1017 1961 ne
1029 1935 1076 1960 mf-

321 1972 441 1998 rersnn’is
452 1971 529 2005 [idem
544 1971 634 1997 habeat
647 1978 656 1997 :
668 1970 758 1996 laudat
773 1970 841 2005 quod
853 1970 976 1996 ditionem
991 1970 1076 1996 ειιιιειί

324 2006 394 2032 Petri
418 2007 449 2032 ab
476 2005 565 2031 hostili
589 2006 695 2031 incursu
715 2005 818 2038 defendi
839 2005 956 2038 jusserit.
981 2004 1076 2030 liosoni

322 2046 445 2073 Ianquam
456 2044 566 2074 tyranno
580 2039 741 2065 auxiliatum
753 2047 802 2065 non
814 2039 937 2074 {futurum
948 2039 1075 2074 aﬂirmat,‘

287 2090 289 2094 ι
324 2071 394 2108 optat
408 2071 627 2108 ejus‘adeenlum,
643 2078 666 2099 et
686 2078 758 2107 rugat
774 2080 800 2098 ut
814 2073 911 2107 legatos
924 2071 1022 2108 mittat.

324 2130 429 2157 Dilecto
444 2137 476 2156 ac
492 2128 605 2164 spiritali
622 2129 677 2156 ﬁlio
690 2129 797 2157 CAItOLO
812 2129 928 2164 glorioso
940 2131 1004 2164 regi.

321 2175 412 2211 Regia:
433 2175 626 2210 magnitudinis
649 2180 746 2202 vcstrze
768 2176 883 2210 receptis
904 2176 1024 2211 apicibus
1045 2184 1077 2203 ac

285 2221 426 2256 diligenter
441 2219 582 2255 perlectis,
599 2220 661 2254 quia
682 2228 759 2248 more
779 2220 1075 2248 Christianissimorum

288 2266 440 2300 principum
474 2269 616 2300 parentum
646 2269 795 2293 vestrorum
827 2265 1017 2292 admonitionis
1050 2269 1077 2292 et

289 2311 485 2339 exhortationis
506 2315 605 2338 nostrae
626 2311 748 2338 doctrina
767 2310 863 2345 repleri
884 2319 932 2338 vos
945 2311 1012 2338 velle
1030 2318 1076 2338 co-

287 2356 451 2391 gnoscimus,
475 2360 624 2391 nostroque
642 2356 763 2383 consultu
781 2364 813 2383 ea
826 2365 884 2392 quae
906 2364 955 2391 pro
978 2361 1078 2384 sanctas

282 2401 383 2428 ’matris
397 2404 495 2428 vestra:
511 2400 640 2428 Romana:
651 2401 777 2428 Ecclesire
789 2406 815 2428 et
828 2401 910 2429 totius
920 2401 1078 2429 Christiani-

288 2445 354 2472 tatis
367 2443 525 2472 defensione
539 2445 656 2472 salubria
670 2453 702 2473 ac
714 2445 787 2472 utilia
799 2453 858 2473 esse
870 2446 1006 2478 videntur,
1020 2446 1077 2472 ani-

287 2498 332 2517 mo
355 2489 451 2517 libenti
471 2489 584 2524 cupiatis
602 2490 747 2524 perficere,
767 2491 844 2518 valde
862 2491 1028 2526 gratulamur
1049 2496 1076 2519 et

287 2537 435 2565 immensas
451 2536 564 2563 Domino
578 2536 679 2571 gratias
694 2537 851 2569 referimus,
864 2542 892 2564 et
905 2542 1030 2571 optamus
1048 2542 1077 2564 ut

289 2585 385 2609 cuncta
406 2581 477 2609 circa
500 2588 549 2608 vos
570 2588 678 2616 semper
691 2588 819 2616 prospera
834 2601 841 2614 ,
863 2582 953 2609 divina
972 2582 1076 2609 favente

288 2627 386 2662 gratia,
401 2626 529 2654 existant.
544 2626 582 2652 Ea
598 2626 697 2653 ctenim
714 2634 773 2660 qua:
790 2626 822 2653 de
834 2627 931 2654 vestris
948 2628 1035 2655 causis
1049 2632 1077 2654 et

289 2670 432 2699 eventibus
451 2671 548 2698 vestris
565 2671 644 2698 nobis
664 2670 760 2698 litteris
778 2679 829 2698 tton
846 2672 992 2704 retulistis,
1006 2672 1076 2699 fideli

288 2716 422 2745 relatione
447 2715 598 2744 communis
620 2715 707 2743 ﬁdelis
726 2719 753 2742 et
779 2716 994 2743 reverendissimi
1020 2716 1077 2750 cpi-

289 2762 363 2797 scopi
381 2761 508 2789 Wibbodi
525 2761 673 2788 luculenter
693 2761 855 2793 didicimus;
871 2761 950 2796 eique
970 2768 1075 2789 onmem

278 2798 480 2840 :familiaritatis
492 2805 593 2832 aditum
618 2805 662 2840 pio
683 2804 778 2833 aﬁ‘ectu
799 2806 1076 2844 prwbcntcs,‘vestr:e

290 2851 436 2879 voluntatis
459 2859 559 2879 arcana
585 2852 773 2886 cognovimus,
799 2861 849 2888 per
873 2861 953 2887 quem
977 2857 1004 2879 et
1028 2860 1076 2880 nos

1127 1643 1179 1669 que
1204 1637 1319 1671 aliquem
1345 1637 1534 1668 familiariuttis
1559 1639 1657 1670 lerunt,
1685 1644 1729 1665 aut
1756 1639 1925 1673 receptimtis

1128 1685 1227 1708 noslrte
1252 1681 1382 1708 auxilium
1406 1683 1476 1717 apud
1501 1691 1550 1709 nos
1578 1684 1687 1710 habebit
1712 1691 1795 1718 neque
1816 1684 1925 1717 poterit

1129 1726 1259 1758 invenire,
1276 1734 1308 1753 eo
1323 1727 1393 1761 quod
1410 1736 1468 1761 vos,
1483 1733 1512 1755 ut
1525 1729 1721 1763 pnrlibavimus
1731 1750 1737 1760 ,
1753 1729 1878 1754 amicum
1897 1735 1924 1755 et

1129 1772 1277 1806 adjutoreut
1290 1772 1478 1806 quaesivimus,
1494 1778 1520 1800 et
1542 1773 1600 1800 loco
1613 1773 1757 1800 citatissimi
1782 1772 1831 1798 ﬁlii
1857 1774 1924 1799 reti-

1129 1823 1192 1843 nere
1207 1821 1261 1842 toto
1275 1815 1372 1843 mentis
1384 1817 1523 1843 conamine
1537 1817 1666 1843 volumus.
1680 1816 1742 1843 Nam
1759 1816 1830 1842 nihil
1843 1817 1923 1843 nobis

1128 1862 1160 1889 de
1175 1867 1250 1896 parte
1265 1862 1348 1897 ipsius
1363 1862 1498 1897 pertinere
1512 1863 1627 1896 videtur,
1641 1863 1685 1896 qui
1704 1862 1782 1888 talem
1795 1862 1925 1896 tyranni~

1128 1909 1188 1935 dem
1201 1908 1372 1944 przesumpsit
1396 1909 1573 1936 committere.
1593 1910 1630 1936 De
1644 1914 1732 1936 vestro
1746 1916 1855 1942 quoque
1872 1908 1923 1935 ad-

1128 1958 1219 1985 ventu,
1234 1961 1327 1988 quent,
1344 1954 1397 1980 Deo
1414 1954 1520 1980 favente
1534 1975 1539 1985 ,
1557 1955 1650 1980 adesse
1664 1953 1818 1983 mandastis,
1841 1952 1924 1979 valde

1128 2006 1220 2025 suntus
1230 1998 1314 2031 gavisi
1326 1997 1425 2029 effecti,
1441 2003 1468 2025 et
1479 2006 1528 2033 pro
1542 1999 1623 2025 tantis
1636 1998 1846 2027 calamitatibus,
1862 1997 1924 2032 qui-

1128 2043 1178 2070 bus
1192 2042 1350 2070 circumdati
1369 2047 1397 2069 et
1416 2044 1537 2078 oppressi
1562 2044 1702 2070 existimus
1715 2063 1722 2074 ,
1742 2047 1871 2077 optamus
1893 2048 1923 2069 et

1127 2087 1300 2114 vehementer
1323 2094 1449 2122 rogamus
1468 2092 1585 2114 vestram
1607 2087 1750 2121 specialem
1772 2086 1921 2115 citissime.

1127 2132 1182 2160 Deo
1190 2132 1316 2167 propitio,
1331 2132 1505 2167 contemplari
1519 2133 1698 2167 prtesentiam.
1711 2132 1838 2159 Joannem
1854 2139 1925 2158 vero

1129 2177 1381 2204 reverendissimum
1399 2185 1555 2212 episcopum
1579 2178 1737 2205 Tritiensent
1760 2183 1849 2211 penes
1873 2184 1925 2203 nos

1129 2222 1180 2249 hac
1193 2222 1251 2249 vice
1265 2222 1437 2254 retinuimus,
1451 2227 1480 2249 ut
1495 2223 1516 2249 si
1534 2222 1633 2256 aliquid
1650 2222 1710 2249 novi
1731 2213 1804 2248 nobis
1820 2228 1923 2247 evene-

1129 2266 1173 2299 rit,
1185 2270 1213 2293 et
1225 2274 1336 2294 necesse
1361 2267 1442 2294 luerit
1456 2275 1504 2302 per
1518 2276 1577 2294 eum
1591 2268 1689 2294 vestris
1711 2266 1840 2293 mandare
1856 2266 1924 2292 fide-

1128 2310 1209 2343 libus,
1225 2318 1257 2338 ac
1270 2318 1319 2345 per
1332 2311 1455 2338 ordiuetn
1470 2319 1530 2346 qua:
1545 2317 1695 2346 opportuna
1711 2311 1820 2341 fuerint,
1837 2311 1924 2345 signi-

1128 2355 1210 2383 ﬁcare
1226 2356 1371 2390 possimus.
1386 2356 1438 2383 Pro
1448 2355 1562 2390 jnstitiis
1574 2361 1664 2383 autem
1680 2355 1805 2383 faciendis
1818 2361 1924 2382 sanch

1127 2400 1256 2428 Romanae
1270 2400 1408 2432 Ecclesiae,
1428 2406 1457 2428 ut
1471 2401 1581 2429 idoneos
1603 2406 1628 2428 et
1647 2401 1737 2428 ﬁdeles
1752 2394 1861 2427 vims'e
1884 2401 1925 2427 la-

1129 2451 1186 2473 tere
1196 2449 1286 2472 vestro
1301 2445 1379 2472 nobis
1393 2446 1425 2472 de
1439 2447 1564 2480 praesenti
1588 2446 1709 2481 dirigatis
1725 2445 1824 2473 obnixe
1840 2445 1925 2479 depo-

1128 2490 1238 2521 scimus,
1253 2489 1298 2524 qui
1314 2490 1391 2517 nobis
1402 2490 1504 2524 pariter
1517 2498 1577 2517 cum
1599 2491 1672 2517 missi
1698 2490 1794 2517 nostris
1811 2489 1925 2524 proﬁci-

1129 2535 1276 2567 scentibus,
1285 2536 1317 2562 de
1329 2535 1594 2569 omnibusjnstitiam
1608 2536 1789 2571 plenissimam
1805 2535 1925 2566 faciant,

1128 2585 1155 2607 et
1169 2584 1258 2607 vestra
1281 2580 1363 2615 regali
1380 2580 1541 2607 auctoritate
1562 2580 1632 2607 male
1654 2586 1761 2615 agentes
1779 2581 1927 2615 corrigunt

1129 2631 1156 2653 et
1169 2626 1311 2653 enteudent
1324 2635 1330 2652 :
1345 2630 1476 2661 prteterea
1490 2647 1498 2659 ,
1515 2627 1586 2654 sicut
1605 2631 1693 2654 vestro
1710 2626 1823 2660 proprio
1847 2627 1927 2653 I10.l>

1128 2679 1184 2703 ore,
1201 2671 1236 2698 ﬁli
1252 2671 1421 2705 charissime,
1439 2673 1611 2707 promisistis,
1628 2676 1658 2699 ut
1673 2672 1700 2698 in
1722 2671 1774 2698 hoc
1788 2671 1928 2698 duntaxn

1127 2724 1209 2752 opere
1220 2721 1336 2744 vestram
1348 2717 1513 2745 voluntatem
1522 2723 1671 2752 vestrmque
1686 2717 1783 2744 mentis
1794 2716 1927 2744 affectum

1129 2763 1200 2790 circa
1216 2770 1265 2790 nos
1279 2763 1454 2798 purissintum
1470 2763 1528 2791 fore
1543 2764 1601 2790 lucc
1613 2763 1713 2791 clarius
1728 2769 1927 2797 agnoscamus.

1129 2813 1157 2835 ut
1170 2813 1198 2836 et
1214 2816 1262 2836 nos
1278 2814 1397 2836 vestrum
1411 2809 1574 2836 desiderium
1593 2809 1637 2844 pio
1651 2816 1760 2845 semper
1783 2808 1930 2836 valeamus

1128 2854 1223 2882 afl'eetu
1237 2854 1376 2889 perﬁcere.
1391 2854 1458 2882 Data
1474 2860 1501 2882 ut
1516 2863 1603 2882 stram.
