4042 6302
170 357 184 370 Ἀ
203 359 314 450 909

859 507 1127 565 CCXCV'l.

595 620 662 656 AD
697 616 1063 656 IMPERATORES
1094 612 1383 653 AUGUSTOS.

837 692 1012 760 (Auno
1038 687 1190 759 sse.)

199 803 548 858 Commendat
573 818 750 856 eorum
775 801 1004 872 studium
1027 801 1079 852 in
1105 797 1351 872 Ecclesiw
1379 794 1656 872 concordia
1683 802 1782 872 sta-

282 874 544 934 bilienda;
579 881 746 924 monet
792 881 846 922 ut
870 871 948 940 fin
991 885 1048 940 eo
1086 869 1361 940 persistent
1404 865 1556 940 :agit
1585 865 1784 940 gratias

277 943 344 994 de
370 943 703 994 dromonibus
730 939 930 992 auxilio
959 935 1129 990 missis
1154 937 1248 989 :de
1278 935 1589 987 monasterio
1617 935 1784 983 salicti

285 1013 474 1080 Sergii,
496 1021 543 1064 et
571 1011 634 1064 de
657 1009 1005 1080 Bulgnrogmt
1027 1007 1231 1060 dioecesi
1257 1006 1366 1058 sedi
1390 1002 1683 1080 apostolica:
1707 1015 1786 1051 re-

282 1071 486 1143 stium;
517 1091 661 1148 rogat
685 1089 738 1131 ut
761 1071 860 1131 Dei
882 1075 1168 1148 Ecclesium
1191 1071 1700 1148 tueqnluridemum
1722 1084 1784 1148 ea

271 1167 398 1216 quae
416 1139 508 1219 pro
531 1139 796 1219 P7totiojn
817 1145 1012 1219 sgnodo
1034 1139 1479 1219 Constantinoin
1502 1151 1618 1191 acta
1639 1145 1783 1199 sunt,

277 1167 398 1216 qmv
416 1167 508 1219 pro
531 1163 720 1201 t’notto
744 1165 796 1199 ιη
817 1164 839 1200 8
880 1163 1012 1198 nouo
1034 1163 1479 1211 Lonsmmmopou
1502 1163 1618 1191 acut
1639 1163 1783 1199 sunt,

277 1237 336 1273 se
379 1218 666 1288 approbare
694 1163 976 1284 signiﬁcat,
1023 1214 1068 1268 si
1103 1224 1275 1266 tamen
1300 1212 1454 1281 legati
1488 1219 1668 1263 contra
1687 1222 1784 1260 sua

274 1289 429 1358 jussu
452 1305 555 1341 non
571 1288 787 1355 egerint.
821 1351 828 1364 ι

193 1412 198 1414 '
271 1397 703 1466 imperatoribus
732 1394 1006 1464 Augustis.

273 1489 412 1542 Post
433 1489 742 1541 irmumeras
762 1485 1147 1540 sollicitudines
1167 1484 1360 1554 quibus
1383 1481 1636 1538 nimirum
1663 1491 1790 1532 one-

196 1575 366 1632 -ra'tur
387 1576 662 1647 imperiale
683 1575 978 1646 fastigium,
1001 1574 1263 1630 laudabile
1287 1570 1581 1627 clementiae
1594 1576 1788 1622 vestra:

203 1667 590 1737 cognoscimus
635 1664 1082 1720 Christianissimi
1137 1659 1473 1732 imperatoris
1500 1671 1622 1713 esse
1657 1669 1782 1726 pro-

192 1759 470 1835 ‘positum,
515 1770 612 1826 per
649 1755 792 1825 quod
854 1753 1117 1810 submotis
1181 1750 1432 1807 omnibus
1485 1747 1783 1804 discordia-

1414 385 1773 443 EPISTOLE
1815 384 1901 440 ΕΤ
1942 373 2283 450 DECRETA.
2445 446 2448 448 γ

1807 501 1856 559 Α
1883 514 2067 552 amore
2094 507 2278 552 nostro
2300 493 2530 566 gratanti
2551 493 2731 549 animo
2752 503 2936 550 sancto
2957 493 3138 561 Petro,
3169 504 3227 551 ut
3242 474 3448 565 justum

3337 365 3442 438 9m

1879 596 2017 648 erat,
2069 585 2424 656 permiseritis
2452 583 2673 638 habere.
2717 582 2869 638 Unde
2905 583 3104 638 obnixe
3128 584 3362 654 petimus
3391 593 3452 638 ut

1881 685 2062 730 vestro
2093 675 2295 744 potenti
2326 674 2515 729 solatio
2547 683 2787 728 sanctam
2813 673 3113 728 Romanam
3153 673 3452 732 Ecclesiam
3504 727 3507 732 .

1883 766 1934 818 in
1969 767 2067 819 hoc
2105 765 2407 834 periculoso
2437 773 2676 834 tempore
2703 763 2755 816 in
2800 764 3048 818 omnibus
3079 765 3334 834 adjuvare
3362 766 3453 820 de-

1882 854 2208 923 iendereque
2231 869 2334 908 non
2362 853 2741 922 dedignemini,
2765 862 3033 922 quatenus
3057 868 3122 907 ex
3151 852 3252 907 hoc
3272 862 3455 908 vestra

1883 943 2175 1013 imperialis
2205 944 2396 1015 gloria,
2426 943 2733 1013 apostolicis
2775 942 3195 1013 suifragantibus
3225 944 3452 1008 meritis,

1884 1050 1980 1103 per
2007 1043 2228 1088 cunctas
2252 1034 2435 1087 mundi
2463 1041 2644 1102 partes
2666 1032 2836 1103 magis
2861 1047 2925 1086 ac
2951 1032 3121 1102 magis
3157 1041 3453 1095 accrescat,

1883 1132 1939 1176 et
1962 1121 2097 1193 apud
2125 1123 2546 1191 omnipotentem
2584 1121 2866 1176 Dominum
2903 1122 3119 1192 dignam
3151 1121 3457 1176 retributio-

1883 1231 2005 1271 nem
2023 1214 2300 1284 percipiat.
2329 1213 2395 1268 Et
2412 1213 2604 1268 iterum
2618 1213 2890 1268 humiliter
2911 1213 3144 1283 petimus
3155 1211 3280 1265 utin
3297 1211 3458 1280 hujus
3549 1215 3553 1219 '

1886 1307 2040 1360 bona:
2062 1305 2353 1361 voluntatis
2381 1321 2446 1361 ac
2469 1305 2686 1375 pietatis
2712 1304 2928 1369 all‘ectu,
2953 1319 3112 1376 quem
3141 1319 3242 1373 pro
3273 1291 3459 1358 amore

1887 1395 1982 1451 Dei
2011 1396 2155 1451 circa
2191 1397 2485 1451 Ecclesiam
2511 1395 2713 1452 Christi
2741 1396 2973 1461 habetis,
3006 1395 3312 1452 immobiles
3338 1411 3462 1466 pcr-

1887 1487 2171 1551 maueatis,
2198 1489 2450 1558 quoniam
2477 1503 2575 1543 nos
2594 1487 2943 1560 Augustalem
2970 1488 3343 1546 excellentiam
3366 1503 3462 1542 ve-

1888 1584 2056 1630 stram
2083 1576 2226 1630 ulnis
2259 1577 2500 1632 extensis
2523 1592 2707 1631 amore
2741 1586 2966 1646 paterno
2995 1577 3392 1648 amplectimur,
3407 1587 3465 1633 et

1889 1667 2092 1723 honore
2115 1669 2292 1724 debito
2313 1683 2655 1736 veneramur,
2687 1677 2847 1739 atque
2867 1669 3097 1725 assiduis
3121 1661 3464 1724 Orationibus

1895 1759 2114 1822 nostris,
2167 1757 2318 1828 juxta
2371 1768 2717 1814 sacrosancta
2766 1759 3050 1815 beatorum
3101 1759 3456 1828 apostolorum

199 1865 333 1905 tum
373 1857 536 1918 atque
576 1845 905 1902 zizaniorum
945 1843 1261 1906 seminibus,
1288 1857 1408 1911 quas
1432 1840 1486 1894 in
1512 1853 1643 1908 agro
1678 1836 1786 1890 Do-

1895 1847 2038 1902 Petri
2081 1863 2146 1903 ac
2184 1847 2338 1902 Pauli
2387 1864 2613 1919 corpora
2651 1849 2812 1915 fusis,
2845 1850 3195 1920 omnipotenti
3239 1849 3467 1904 Domino

197 1938 414 1994 “minico
450 1937 670 1991 humani
699 1935 912 2004 generis
952 1933 1205 1989 inimicus
1233 1937 1559 2001 asperserat,
1587 1933 1789 1981 sanctae

200 2027 495 2084 catholica:
519 2026 776 2082 Ecclesia:
801 2024 1045 2095 piissimo
1073 2022 1269 2077 mentis
1289 2019 1480 2074 affectu
1512 2017 1791 2072 consulere

203 2115 479 2169 voluistis.
527 2115 581 2168 In
630 2127 738 2183 quo
787 2111 995 2168 scilicet
1041 2109 1208 2165 animi
1251 2116 1378 2163 voto
1405 2121 1471 2160 ac
1499 2103 1789 2167 desiderio,

205 2213 476 2273 quantum
524 2204 684 2257 rebus
726 2201 980 2255 humanis
1022 2199 1207 2254 favere
1246 2193 1584 2267 providentia
1612 2191 1791 2246 divina

203 2293 485 2363 dignetur,
523 2289 832 2346 sollicitudo
866 2289 1176 2346 clementiae
1217 2293 1415 2341 vestrae
1457 2281 1665 2349 Spiritu
1698 2279 1792 2334 Dei

204 2383 440 2437 incitata
467 2382 821 2444 demonstrat,
851 2393 972 2448 qua:
998 2378 1051 2431 in
1074 2375 1336 2431 catholica
1364 2370 1601 2426 Ecclesia
1627 2368 1792 2422 mise—

205 2469 487 2524 ricordem
509 2483 609 2536 per
633 2467 1011 2522 auctoritatem
1033 2473 1087 2518 et
1109 2462 1374 2534 judicium
1403 2458 1548 2514 sedis
1576 2465 1795 2525 aposto-

207 2561 358 2623 licae,
379 2575 497 2629 quae
528 2559 744 2615 Christo
764 2559 989 2612 Domino
1009 2556 1318 2624 delegante,
1349 2552 1512 2605 totius
1544 2546 1798 2602 Ecclesia:

223 2650 427 2703 retinet
453 2649 838 2718 principatum,
886 2645 1018 2699 nihil
1070 2645 1418 2713 impacatum,
1457 2637 1598 2691 nihil
1623 2635 1791 2689 voluit

215 2755 350 2795 esse
392 2739 662 2793 diversum
705 2756 719 2791 :
755 2752 876 2792 cum
923 2749 1109 2790 omnes
1151 2730 1494 2789 schismatiea
1531 2727 1797 2796 pravitate

218 2831 442 2891 divisos,
467 2829 557 2882 vel
592 2828 708 2882 zelo
734 2825 974 2896 quolibet
1010 2833 1287 2893 separatos
1309 2831 1472 2892 atque
1497 2822 1792 2889 dispersos,

217 2920 469 2976 clementi
500 2919 783 2973 afl‘ertione
805 2917 886 2971 vel
908 2917 1084 2970 studio
1109 2916 1176 2969 ad
1203 2929 1347 2969 verae
1367 2913 1524 2982 pacis
1561 2911 1798 2966 solidita-

215 3021 355 3075 tem,
387 3009 802 3078 concordiaeque
837 3006 1213 3062 sincerissima:
1255 3005 1663 3058 unanimitatem
1707 3014 1796 3054 red

221 3115 436 3163 vocare,
466 3108 522 3154 ct
547 3100 601 3153 in
627 3113 734 3152 uno
768 3096 968 3152 Christi
1003 3095 1128 3149 ovili
1157 3109 1276 3149 cum
1304 3092 1530 3162 proprio
1559 3097 1793 3159 pastore,

218 3190 416 3244 Pbotio
462 3189 707 3243 videlicet
756 3186 1029 3242 eonfratre
1071 3194 1127 3239 et
1165 3181 1533 3238 comministro
1581 3186 1787 3240 nostro,
1817 3183 1865 3244 ο

221 3295 516 3351 aggregare
551 3280 781 3334 curavit.
823 3279 936 3332 Pro
976 3277 1178 3347 quibus
1212 3273 1460 3328 videlicet
1496 3270 1663 3325 nostri
1694 3283 1794 3336 pa-

221 3372 442 3426 storalis
493 3371 788 3442 magisterii
841 3369 1075 3424 ollicium
1127 3374 1240 3432 est,
1293 3365 1439 3434 apud
1489 3359 1798 3417 serenitatis

222 3470 418 3515 vestra:
439 3459 782 3529 Augustalem
805 3457 1144 3513 clementiam
1172 3455 1386 3509 assidua
1411 3463 1626 3520 semper
1649 3446 1798 3502 solli-

217 3559 464 3614 citudine
503 3557 824 3613 omnimodis
865 3553 1232 3617 intercedere;
1269 3558 1543 3604 utvestrae
1583 3543 1802 3616 pietatis

224 3647 503 3717 maiestas,
554 3659 704 3699 more
748 3641 1342 3700 'Christianissimorum
1391 3637 1800 3705 imperatorum,

226 3739 456 3808 benigna
486 3737 629 3793 circa
657 3749 846 3791 omnes
874 3733 1105 3797 existat;
1136 3740 1191 3786 et
1219 3729 1373 3799 quasi
1400 3728 1510 3782 Deo
1544 3733 1802 3780 contem-

223 3830 434 3900 plante,
459 3827 710 3900 populum
741 3825 955 3880 Domini
986 3823 1087 3878 sibi
1113 3820 1457 3876 commissum
1477 3815 1626 3871 felici
1652 3821 1803 3884 regat

226 3934 445 3989 semper
487 3925 542 3974 et
588 3918 848 3986 gubernet
881 3914 1102 3978 intuitu,
1148 3925 1250 3966 nec
1290 3907 1518 3977 amplius
1562 3903 1805 3973 spatiatur

227 4024 327 4065 eos
355 4007 618 4078 aliquibus
657 4004 840 4062 saeculi
889 4003 1047 4073 hujus
1096 3997 1349 4071 procellis
1393 3995 1544 4060 illidi,
1573 4002 1667 4048 aut
1692 4006 1805 4046 ma-

232 4099 397 4169 lignis
438 4096 936 4168 perturbationibus
977 4091 1194 4148 concuti
1220 4107 1232 4142 :
1256 4095 1520 4157 quatenus
1547 4091 1668 4154 post
1701 4082 1806 4138 hoc

231 4190 356 4242 vita:
381 4187 677 4257 przesentis,
703 4185 983 4256 imperium
1005 4180 1226 4235 cceleste
1249 4176 1467 4245 adipisci
1492 4183 1546 4228 et
1570 4173 1625 4226 in
1651 4181 1806 4224 aeter-

231 4295 363 4334 num
388 4294 508 4332 cum
539 4277 762 4331 Domino
790 4275 1022 4330 retinere
1055 4270 1294 4325 valeatis.
1323 4267 1474 4320 Nunc
1500 4265 1680 4332 itaque
1708 4276 1808 4330 pro

233 4377 384 4423 tanta
435 4368 712 4421 devotione
741 4363 1014 4432 animique
1058 4359 1221 4414 vestri
1265 4354 1594 4416 sinceritate,
1644 4364 1805 4419 quam

1889 1939 2272 1993 commendare
2300 1938 2593 2003 studemus,
2625 1948 2683 1993 ut
2707 1956 2806 2010 pro
2840 1940 3004 1994 tantis
3045 1939 3321 1995 beneficiis
3347 1955 3467 2008 qua:

1889 2036 2076 2082 sancto
2119 2027 2282 2082 Petro
2323 2027 2656 2097 impenditis,
2705 2029 2818 2098 ipse
2844 2029 2998 2084 vobis
3022 2041 3076 2084 et
3114 2031 3168 2084 in
3200 2031 3301 2085 hoc
3329 2046 3468 2098 prae-

1891 2118 2030 2171 senti
2077 2118 2272 2172 Steculo
2299 2127 2536 2171 vestrum
2580 2126 2822 2171 sanctum
2853 2119 3136 2187 imperium
3163 2136 3286 2173 cum
3318 2121 3466 2176 omni

1892 2207 2250 2276 prosperitate
2298 2207 2469 2277 magis
2513 2222 2578 2260 ac
2628 2208 2798 2277 magis
2839 2218 3125 2262 conservet
3175 2208 3462 2271 incolume,

1893 2295 2158 2364 clarisque
2186 2311 2397 2364 semper
2444 2295 2693 2364 dignetur
2739 2297 2933 2365 ubique
2975 2296 3230 2350 decorare
3276 2281 3465 2350 trium?

1895 2386 2048 2454 phis;
2078 2393 2132 2439 et
2153 2385 2204 2438 in
2233 2385 2437 2440 caelesti
2465 2386 2806 2454 postmodum
2833 2387 3050 2456 regione
3081 2381 3465 2456 sempiternam

1896 2476 2121 2545 gloriam
2150 2486 2204 2528 et
2232 2475 2618 2529 beatitudinem
2658 2491 2782 2530 cum
2820 2478 3024 2531 sanctis
3059 2487 3114 2533 et
3148 2477 3332 2533 electis
3357 2478 3468 2532 suis

1897 2564 2096 2619 habere
2122 2567 2400 2620 concedat.
2432 2565 2566 2619 Nam
2594 2577 2648 2620 et
2677 2582 2738 2620 ea
2766 2583 2884 2637 qmc
2923 2583 3019 2636 pro
3047 2583 3210 2622 causa
3253 2571 3468 2622 restitu—

1899 2657 2063 2710 tionis
2088 2657 2521 2712 reverendissimi
2560 2658 2732 2712 Pbotii
2761 2659 3079 2728 patriai-dim
3109 2659 3349 2730 synodali
3376 2661 3470 2714 dc-

1899 2756 2048 2800 creto
2071 2745 2530 2815 Constantinopoli
2566 2750 2985 2804 misericorditer
3003 2761 3127 2803 acta
3155 2760 3304 2816 sunt,
3333 2752 3469 2804 reci,

1898 2836 2077 2906 pimus
2102 2855 2114 2890 :
2145 2850 2171 2878 ι
2198 2838 2320 2892 Etsi
2346 2836 2575 2893 fortasse
2599 2841 2769 2894 nostri
2795 2841 2951 2911 legati
2977 2842 3026 2894 in
3053 2842 3239 2896 eadem
3267 2843 3469 2912 synodo

1898 2924 2083 2984 eontra
2105 2929 2451 2999 apostolicam
2478 2932 2885 3000 praeceptionem
2908 2934 3134 3002 egerint,
3161 2949 3370 2988 nosncc
3390 2949 3472 2986 rc-

1897 3020 2128 3090 cipimus
2162 3034 2260 3073 nec
2280 3005 2584 3090 judicamus
2635 3020 2860 3091 alicujus
2905 3023 3138 3078 existere
3175 3022 3469 3077 ﬁrmitatis.

1901 3108 2032 3162 Data
2067 3107 2245 3164 idibus
2273 3109 2520 3180 Augusti,
2551 3109 2840 3164 indictione
2865 3126 2985 3165 xm.

2539 3216 2831 3273 CCXCVII.

2311 3324 2379 3360 Αι)
2418 3323 2654 3363 ruonuu
2703 3309 2780 3378 (ut
2820 3309 3066 3381 videtur).

2497 3401 2678 3468 (Auno
2717 3399 2868 3471 880.)

1899 3508 2213 3565 Gratulatur
2240 3511 2320 3586 _de
2345 3512 2634 3586 concordia
2690 3511 2944 3568 Ecclesia!
2995 3513 3474 3586 Constantinopoli-

1968 3591 2108 3634 tano:
2132 3594 2150 3631 :
2181 3580 2623 3654 miratur_multa,
2650 3597 2767 3654 quae
2795 3593 3068 3654 statuerat,
3098 3597 3300 3640 mutata
3330 3580 3474 3654 esse;

1968 3655 2218 3724 approbat
2243 3665 2361 3719 quae
2391 3648 2840 3724 ConstantinOpoli
2869 3654 2920 3706 in
2947 3654 3165 3724 concilio
3191 3672 3284 3724 pro
3308 3648 3471 3712 causa

1973 3716 2153 3791 Photii
2182 3716 2299 3772 acta
2331 3727 2488 3791 sunt,
2527 3716 2573 3771 si
2605 3716 2778 3773 tamen
2812 3720 2969 3791 legati
2995 3734 3176 3777 contra
3191 3716 3300 3779 'sua
3335 3744 3466 3780 mmi-

1969 3788 2096 3842 data
2127 3804 2228 3841 non
2262 3788 2476 3857 egerint.

1971 3899 2086 3955 Hoc
2115 3901 2284 3954 nostri
2309 3914 2526 3970 semper
2565 3900 2878 3954 certaminis
2903 3907 2957 3954 et
2986 3901 3185 3957 laboris
3213 3901 3334 3967 fuit,
3374 3904 3475 3958 hoc

1904 3992 2072 4047 nostri
2101 3991 2208 4046 voti
2238 3991 2440 4054 existit,
2471 4000 2528 4044 ut
2549 4006 2646 4061 pro
2665 3993 2976 4047 orthodoxae
2998 3993 3120 4048 ﬁdei
3153 3995 3488 4064 integritate.‘

1904 4097 1997 4138 seu
2045 4097 2142 4150 pro
2201 4088 2344 4135 statu
2389 4088 2443 4135 et
2491 4096 2624 4150 pace
2653 4082 2892 4136 omnium
2948 4082 3039 4137 Dei
3095 4084 3479 4151 Ecclesiarum,

1904 4188 2132 4244 quarum
2177 4187 2308 4228 cura
2363 4174 2816 4242 constringimur,
2844 4174 2979 4229 adeo
3007 4189 3225 4244 operam
3272 4179 3480 4241 demus,

1904 4275 2169 4334 quatenus
2206 4264 2445 4331 dispersa
2472 4273 2884 4333 congregemur,
2922 4275 3240 4336 congregata
3262 4283 3486 4322 conser-

1903 4363 2210 4420 ventur,et
2238 4363 2296 4408 ut
2323 4355 2580 4424 quidquid
2630 4354 2969 4410 inhonestum
2999 4357 3080 4410 vel
3126 4357 3282 4411 aliter
3320 4372 3480 4425 quam

232 4473 342 4512 non
372 4457 540 4511 sohun
570 4456 774 4520 verbis,
800 4455 892 4508 sed
922 4450 1153 4506 lucilluis
1187 4449 1351 4503 etiam
1379 4443 1630 4514 operibus
1657 4442 1802 4494 circa
1837 4496 1884 4520 Δ,
1907 4462 1964 4500 se
1997 4445 2263 4500 rectitudo
2292 4445 2452 4498 habet
2477 4459 2577 4513 per
2609 4445 3000 4513 providentiam
3027 4445 3142 4507 Dei,
3171 4456 3479 4502 εειηριοηηη

231 4547 529 4602 Ecclesiam
581 4515 770 4601 sancti?
810 4543 959 4598 Petri
1016 4550 1071 4596 et
1127 4549 1367 4594 nostram
1423 4534 1805 4608 paternilalem
1835 4515 1885 4576 Β
1909 4535 2272 4606 apostolorum
2300 4535 2508 4588 meritis
2534 4533 2973 4605 suffragantibus,
2995 4537 3318 4606 corrigatur,
3335 4538 3482 4592 omni

232 4638 566 4700 ostendistis,
599 4636 890 4689 immensas
930 4640 1051 4701 post
1098 4629 1265 4684 Deum
1309 4624 1583 4680 serenitati
1612 4631 1808 4677 vestrm

235 4728 442 4798 gratias
483 4727 710 4796 agimus.
742 4725 926 4779 Primo
967 4722 1186 4790 quidem
1218 4717 1360 4787 quod
1389 4716 1677 4768 dromones
1721 4724 1811 4764 ve-

236 4827 406 4881 stros,
435 4817 524 4884 qui
545 4831 640 4886 pro
662 4813 976 4870 defensione
1001 4819 1158 4865 terrm
1187 4807 1356 4862 sancti
1381 4803 1526 4858 Petri
1554 4803 1605 4855 in
1627 4811 1811 4854 nostro

237 4916 525 4962 manerent
572 4903 814 4969 servitio,
858 4902 1012 4958 nobis
1058 4899 1301 4954 misistis.
1345 4895 1591 4950 Secundo
1632 4899 1813 4944 autem

239 4999 386 5070 quod
430 4998 812 5054 monasterium
860 4992 1031 5048 sancti
1063 4990 1234 5060 Sergii
1281 4989 1421 5041 intra
1451 4994 1683 5039 vestram
1727 4995 1812 5035 re-

240 5088 384 5159 giam
411 5090 599 5141 urbem
625 5086 997 5148 constitutum,
1035 5080 1175 5149 quod
1223 5085 1407 5132 sancta
1440 5075 1680 5129 Romana
1712 5073 1812 5126 Ec-

242 5161 407 5230 clesia
431 5175 552 5243 jure
588 5175 808 5245 proprio
837 5171 1106 5242 quondam
1134 5165 1392 5248 .rctinuit,
1438 5163 1618 5216 divina
1647 5160 1812 5228 inspi-

241 5265 456 5320 ratione
496 5264 703 5336 rcpleti,‘
751 5278 849 5332 pro
893 5263 1095 5315 honore
1147 5253 1407 5326 principis
1449 5249 1811 5321 apostolorum

242 5367 433 5413 nostro
457 5356 761 5429 praesulatui
803 5351 1126 5409 reddidistis.
1157 5347 1341 5404 Tertio
1363 5357 1490 5398 vero
1514 5343 1666 5397 vobis
1693 5355 1809 5409 gra-

241 5445 330 5506 tes
352 5451 546 5505 multas
571 5449 858 5505 referimus
884 5446 1009 5516 quia
1035 5443 1391 5513 Bulgarorum
1420 5434 1674 5492 dimcesin
1718 5445 1817 5500 pro

241 5645 275 5672 ,ί
317 5613 346 5644 ι
385 5601 452 5656 Et
479 5603 524 5657 si
548 5601 769 5671 fortasse
797 5600 961 5672 nostri
988 5597 1168 5672 legati.
1197 5596 1347 5672 lianc
1371 5591 1630 5672 synodum
1661 5605 1821 5658 pseu-

245 5667 565 5728 dooctavam
595 5688 625 5726 a
661 5672 864 5727 Joanne
899 5668 1004 5724 Vlll
1046 5667 1362 5734 carterisqne
1402 5667 1518 5734 ejus
1544 5675 1820 5734 successo-

246 5740 397 5800 ribus
427 5741 791 5813 pontilicibus,
820 5749 874 5795 et
903 5755 932 5794 a
965 5737 1192 5794 concilio
1225 5730 1540 5790 Florentino
1570 5730 1817 5800 reproba-

1907 4626 2212 4690 couamine,
2236 4623 2390 4693 juxta
2433 4623 2664 4679 cilicium
2694 4626 2850 4680 nobis
2894 4627 3258 4692 commissum,
3291 4642 3483 4696 specu-

1909 4719 2071 4774 lando
2108 4717 2420 4786 satagimus.
2460 4713 2629 4783 Hujus
2665 4717 2744 4770 rei
2789 4717 2965 4785 gratia
3013 4731 3164 4772 more
3190 4719 3488 4790 apostolico

1913 4818 2112 4862 sanctae
2156 4805 2766 4874 Constantinopolitanae
2817 4806 3070 4862 Ecclesiae
3118 4809 3364 4863 misereri
3395 4825 3487 4863 vo-

1917 4898 2110 4959 lentes,
2159 4883 2606 4950 decrevimus‘ut
2649 4895 2808 4950 unius
2849 4896 3240 4952 incrementum
3292 4897 3490 4952 nullius

1914 4989 2068 5043 fieret
2097 4987 2497 5052 detrimentum,
2521 4987 2648 5056 quin
2672 4988 2849 5055 potius
2877 4988 3116 5042 omnium
3142 4987 3484 5042 manifestum

1916 5079 2170 5132 existeret
2227 5076 2572 5145 adjutorium.
2631 5077 2933 5133 Convocata
2989 5087 3171 5133 nostra
3221 5077 3482 5144 Ecclesia,

1895 5169 2172 5238 ‘quantum
2202 5167 2268 5220 ad
2298 5182 2533 5236 prtesens
2578 5177 2786 5236 tempus
2824 5167 3000 5237 coegit
3041 5167 3353 5230 necessitas,
3389 5182 3486 5221 au-

1918 5259 2166 5313 Ctoritate
2193 5265 2247 5313 et
2285 5266 2551 5327 potestate
2584 5257 2876 5326 apostolica
2917 5256 3074 5310 dictas
3111 5256 3490 5311 Constantino-

1916 5349 2167 5420 politauze
2222 5349 2475 5404 Ecclesia:
2523 5348 2910 5412 consuluimus,
2958 5357 3013 5400 et
3058 5346 3247 5418 legatis
3289 5348 3492 5404 nostris

1918 5439 2157 5506 directis,
2206 5445 2267 5492 ut
2309 5437 2568 5493 inoffenso
2612 5437 2745 5506 pede
2776 5436 3105 5503 incederent,
3139 5436 3488 5493 instituimus.

1922 5603 2030 5717 ﬁrm
2077 5593 2263 5658 fuisse,
2293 5600 2490 5662 praeter
2535 5590 2661 5658 alia,
2709 5589 2949 5646 indicant
2983 5589 3084 5646 ista
3130 5591 3315 5646 verba.
3363 5586 3492 5646 Sev.

1967 5681 2036 5717 ΙΝ.

1967 5681 2036 5718 ΙΝ.
