4042 6302
588 369 680 424 9H

1888 353 2171 411 JOANNIS
2206 352 2406 408 ιἈΡΑῑ
2450 353 2560 412 Vill

3760 358 3862 412 9|!

586 486 664 540 De
691 481 841 565 cujus
875 480 1074 539 scilicet
1099 479 1304 534 unitate
1331 478 1490 549 pacis,
1523 477 1636 534 sive
1663 474 1949 532 concordia
1981 481 2161 546 gratu-
2185 469 2235 529 Δ
2264 459 2458 526 vestrae
2487 472 2687 543 gratias
2734 471 3036 527 referimus.
3068 471 3202 528 Nam
3231 484 3287 529 et
3326 489 3424 530 nos
3490 489 3592 530 vos
3632 491 3856 545 semper

579 575 781 638 lamur,
813 581 866 626 et
914 570 1298 639 cunctipotenti
1347 569 1574 623 Domino
1610 566 1799 621 laudes
1849 566 2186 620 innumeras»

582 663 919 726 referentes,
979 661 1103 715 licet
1151 661 1198 715 ci
1248 661 1338 730 qui
1391 668 1537 714 tanta
1597 659 1738 712 bona
1805 656 1976 711 servis
2051 653 2163 708 suis

583 750 1150 824 largitur,"condignas
1179 761 1358 820 grates
1381 764 1538 819 agere
1559 763 1663 801 non
1705 735 1990 816 possimus,
2019 743 2160 796 hunc

581 842 949 896 benedicimus
996 849 1052 894 ct
1097 840 1328 893 assiduis
1375 838 1596 893 vocibus
1626 834 1930 906 glorificare
1975 831 2160 886 stude-

579 945 720 985 mus.
752 928 934 984 Gloria
963 942 1191 995 namque
1221 927 1289 981 sit
1315 925 1408 990 illi,
1449 934 1503 980 et
1529 925 1706 978 omnis
1730 923 1847 976 laus
1874 937 1936 975 ac
1962 920 2155 982 virtus,

578 1021 732 1092 cujus
757 1019 1037 1087 majestate
1061 1026 1120 1072 et
1147 1031 1361 1086 semper
1374 1013 1728 1086 perlaudabili
1752 1012 1922 1082 gratia
1950 1018 2155 1064 certata

569 1113 643 1184 1f.
679 1109 922 1183 curvata]
953 1111 1024 1164 ad
1052 1109 1424 1165 rectitudinem
1453 1107 1802 1169 reducuntur,
1833 1119 1995 1173 prava
2028 1102 2156 1156 diri-

578 1213 809 1274 guntur;
838 1202 1177 1257 contumacia
1209 1201 1530 1264 retunditur,
1556 1198 1830 1253 humilitas
1865 1196 2151 1259 exaltatur,

578 1294 784 1348 cizania
807 1294 1128 1362 quandoque
1155 1291 1441 1352 velluntur,
1493 1287 1739 1344 seandala
1783 1293 2151 1354 amputantur,

579 1393 631 1441 et
661 1386 838 1442 omnis
883 1385 1098 1440 bonitas
1128 1391 1513 1454 augmentatur
1538 1397 1549 1433 :
1579 1378 1716 1432 unde
1745 1393 1852 1430 non
1894 1376 1946 1430 in
1975 1375 2150 1439 nobis,

581 1479 667 1533 sed
698 1479 750 1532 iu
773 1478 961 1532 eodem
998 1475 1224 1530 Domino
1254 1474 1566 1543 gloriemur,
1585 1468 1945 1538 jucundeumr
1969 1475 2026 1520 et
2059 1481 2154 1519 ex-

571 1567 836 1623 sultemus
876 1566 930 1619 in
973 1563 1344 1620 misericordia
1394 1561 1514 1630 ejus
1560 1558 1649 1627 qui
1679 1557 1809 1612 dicit
1835 1553 2148 1622 :‘Couﬁdite,

579 1659 695 1728 {uia
735 1674 828 1729 ego
868 1657 964 1713 vici
1003 1657 1256 1710 mundum
1288 1653 1468 1726 (Joan.
1503 1651 1648 1721 xvi);
1696 1659 1750 1704 et
1776 1650 1827 1703 in
1859 1647 1963 1701 alio
1989 1647 2146 1701 loco:

568 1747 699 1804 Sine
726 1765 826 1814 me,
855 1748 1060 1818 inquit,
1096 1745 1226 1800 nihil
1252 1745 1462 1816 potestis
1493 1743 1664 1812 facere
1691 1739 1872 1811 (Joan.
1897 1737 2022 1808 xv);
2057 1737 2148 1792 sed

2265 563 2418 630 quasi
2449 562 2699 618 dilectum
2724 575 2779 619 et
2803 564 3098 635 spiritalem
3131 566 3296 621 filium
3327 569 3654 632 retinemus,
3688 578 3751 622 et
3773 571 3858 638 pio

2264 653 2462 709 mentis
2490 654 2681 710 aﬂectu
2707 656 3073 712 desideramus
3099 659 3370 727 amplecti,
3401 669 3457 713 et
3471 675 3576 728 pro
3601 663 3857 731 augenda

2262 745 2434 813 gloria
2467 755 2640 800 vestra
2666 748 2878 802 assidue
2898 748 3108 802 solliciti
3131 749 3508 805 incunctanter
3531 752 3853 805 existimes.

2264 836 2419 903 Quod
2465 845 2642 890 autem
2674 837 2829 892 nobis
2872 839 3186 902 mandastis,
3236 848 3293 892 ut
3322 849 3568 894 vestrum
3601 849 3858 908 optatum

2263 927 2696 999 prazstolarcmur
2723 936 3008 983 adventum
3029 971 3044 995 ,
3077 945 3172 998 pro
3199 946 3384 984 eorum
3413 931 3856 985 adven-sitatilms

2262 1025 2612 1080 emendandis
2640 1024 2732 1092 qui
2759 1025 2916 1078 nobis
2937 1025 3206 1078 contraria
3247 1023 3445 1078 inferre
3469 1033 3526 1078 et
3557 1024 3656 1093 qui
3687 1040 3724 1076 δ
3761 1041 3852 1079 no-

2259 1126 2368 1171 stra
2400 1117 2600 1171 ditione
2622 1117 2864 1170 homines
2893 1123 3106 1171 nostros
3133 1116 3454 1172 subtrahere
3481 1125 3851 1184 pnesumant,

2259 1223 2358 1261 nos
2399 1205 2612 1275 quidem
2656 1215 2890 1260 vestrum
2942 1207 3229 1260 adventum
3273 1215 3384 1261 toto
3421 1207 3710 1261 desiderio
3755 1222 3852 1275 pro

2258 1296 2423 1349 tantis
2454 1294 2708 1350 Ecclesia:
2732 1295 2826 1350 Dei
2855 1295 3284 1356 necessitatibus.
3325 1311 3448 1366 qua
3474 1297 3542 1350 ad
3578 1310 3848 1366 atngm

2253 1395 2367 1439 tmn
2395 1387 2577 1456 gloria:
2601 1376 2792 1441 vestra:
2812 1395 2933 1441 sunt
2956 1387 3318 1448 emendanda,
3341 1386 3670 1440 omnimodo
3687 1396 3848 1455 opta-

2252 1493 2372 1532 mus
2420 1478 2707 1548 inspicere.
2741 1476 2847 1532 Sed
2893 1477 3031 1532 sicut
3070 1477 3222 1532 vobis
3265 1477 3472 1531 nostris
3511 1477 3848 1546 jampridem

2252 1569 2566 1636 apostolicis
2596 1569 2791 1623 litteris
2822 1567 3205 1639 suggessimus,
3235 1576 3293 1621 ut
3312 1577 3560 1621 vestrum
3591 1566 3844 1620 idomu

2251 1659 2474 1713 missum
2505 1659 2660 1714 nobis
2681 1659 3034 1723 direxissetis,
3061 1673 3183 1714 cum
3210 1673 3317 1728 quo
3345 1658 3557 1726 aliquid
3582 1657 3846 1712 ecclesia-

2253 1751 2401 1805 sticis
2418 1751 2742 1806 utilitatibus
2763 1752 3119 1822 potuissemus
3134 1750 3417 1820 perlicere,
3433 1766 3534 1820 pro
3548 1765 3657 1820 qua
3677 1764 3846 1804 causa

579 1857 694 1896 cum
722 1856 820 1895 nos
849 1840 1065 1908 scriptis
1087 1852 1144 1892 et
1168 1837 1349 1892 verbis
1379 1833 1800 1889 misericorditer
1827 1843 2004 1885 tecum
2027 1845 2148 1898 spe-
2180 1829 2222 1888 B
2251 1855 2356 1895 non
2389 1856 2524 1896 eum
2557 1842 2830 1906 miserius,
2877 1843 3159 1896 miramur.
3191 1841 3557 1908 Quamobrem
3599 1843 3846 1910 peumm

579 1931 780 1988 :ialiter
798 1930 1062 1998 agendum
1084 1944 1203 1983 esse
1221 1925 1643 1989 decreverimus,
1667 1923 1964 1977 mirandum
1992 1921 2149 1974 valde

579 2031 654 2078 :st
678 2037 776 2077 cur
799 2021 963 2076 multa
989 2037 1108 2090 quae
1135 2034 1233 2074 nos
1255 2019 1636 2081 statueramus,
1666 2023 1758 2069 aut
1784 2013 1940 2068 aliter
1964 2011 2148 2066 habita

579 2122 664 2168 aut
697 2121 904 2167 mutata
944 2127 1064 2166 esse
1102 2118 1414 2175 noscantur,
1446 2118 1519 2173 et,
1547 2108 1823 2162 nescimus
1851 2105 2005 2174 cujus
2033 2113 2148 2160 stu-

577 2205 660 2258 .iio
710 2203 792 2257 vel
841 2203 1126 2273 neglectu,
1181 2202 1390 2255 variata
1441 2208 1828 2254 monstrentur.
1879 2196 2147 2252 Caeterum

568 2295 814 2351 scribens
842 2293 1170 2350 subiutulisti
1211 2292 1372 2361 quod,
1424 2299 1476 2345 te
1526 2290 1772 2352 innuens,
1806 2303 1910 2342 non
1942 2287 2043 2341 nisi
2079 2286 2147 2340 ab

559 2387 753 2456 .niqua
784 2387 1095 2457 gerentibus
1127 2382 1496 2438 misericordia
1529 2382 1599 2436 sit
1647 2379 1961 2449 quaerenda;
2003 2376 2148 2447 quod

575 2487 623 2534 et
653 2493 751 2535 nos
776 2479 841 2533 de
864 2479 948 2533 his
977 2478 1067 2548 qui
1093 2477 1259 2531 Deum
1284 2491 1341 2530 se
1368 2475 1504 2530 scire
1532 2489 1636 2527 non
1663 2471 1862 2535 fantur,
1891 2470 2016 2524 licet
2044 2469 2150 2524 dis-

557 2569 873 2638 pensatoric
921 2566 1152 2621 fatemur
1180 2607 1195 2632 ,
1252 2575 1429 2619 tamen
1480 2579 1578 2617 nos
1621 2561 1762 2630 quod
1809 2560 2004 2614 lectum
2063 2564 2146 2614 est

555 2672 898 2728 exaggerare
930 2657 1198 2720 nolumus,
1249 2671 1314 2709 nc
1340 2653 1480 2723 quod
1509 2653 1727 2723 dignum
1773 2658 1856 2705 est
1894 2649 2144 2719 judicare

569 2760 854 2813 cogamur;
896 2745 1134 2814 ideoque
1185 2744 1313 2809 talis,
1349 2743 1628 2797 excusatio
1678 2739 1862 2803 sileat,
1922 2753 1990 2792 ne
2037 2735 2142 2792 hoc

568 2836 812 2890 dicentes
840 2835 922 2889 illa
954 2835 1219 2890 sententia
1262 2843 1445 2903 tangat
1487 2848 1590 2901 qua
1632 2831 1867 2886 dicitur:
1899 2826 2002 2883 Vos
2023 2828 2144 2882 estis

573 2927 656 2995 ,ιιιὶ
678 2926 984 2995 justi/icatis
1016 2943 1102 2980 vos
1132 2941 1306 2978 coram
1333 2924 1659 2988 hominibus;
1683 2922 1822 2975 Deus
1857 2929 2030 2974 autem
2053 2935 2146 2973 uo-

571 3018 635 3070 rit
667 3016 824 3069 corda
847 3026 1039 3079 vestra,
1069 3016 1193 3084 quia
1215 3014 1352 3084 quod
1377 3014 1670 3066 [caminibus
1697 3011 1864 3065 altum
1888 3020 1988 3075 est,
2014 3009 2144 3062 abo-

572 3105 817 3160 minabile
844 3113 916 3157 est
957 3103 1098 3173 apud
1119 3102 1285 3156 Deum
1317 3101 1466 3168 (Luc.
1500 3099 1643 3170 xvi);
1672 3101 1834 3170 igitur
1862 3097 2146 3152 laudabilis

566 3205 657 3249 tua
709 3169 1014 3264 prudentia,
1045 3207 1166 3260 qua:
1207 3193 1402 3246 dicitur
1440 3169 1796 3244 humilitatem
1843 3188 2004 3251 scire,
2034 3202 2140 3241 non
2169 3169 2215 3232 (ἶ

565 3289 794 3344 moleste
823 3286 960 3340 ferat
1009 3285 1151 3354 quod
1196 3283 1262 3337 ab
1310 3280 1549 3336 Ecclesia
1601 3280 1692 3334 Dei
1739 3277 2140 3333 miserationem

561 3379 715 3449 j-issa
765 3386 849 3431 cst
881 3375 1182 3446 postulare;
1229 3373 1356 3442 quin
1397 3373 1573 3440 potius
1610 3387 1686 3434 se,
1737 3378 1797 3422 ut
1841 3367 2138 3431 exaltetur,

566 3467 831 3528 lmmilict,
879 3473 934 3518 et
969 3464 1268 3519 fraternum
1311 3461 1486 3515 discat
1531 3474 1656 3530 erga
1685 3458 1766 3512 sui
1797 3457 2141 3510 misereutem

566 3573 786 3613 servare
811 3555 1081 3610 affectuum.
1109 3554 1245 3622 Quia
1274 3568 1392 3618 nos,
1435 3553 1479 3607 si
1525 3561 1578 3606 tu
1621 3551 1854 3605 debitam
1896 3548 2141 3602 devotio-

564 3665 688 3705 nem
715 3656 770 3702 et
795 3645 1069 3701 ﬁdelitatis
1098 3645 1433 3699 incrementa
1471 3657 1598 3710 erga
1645 3647 1886 3694 sanctam
1939 3638 2140 3691 Roma-

565 3757 693 3795 nam
747 3737 1040 3794 Ecclesium
1093 3745 1147 3790 et
1189 3744 1425 3790 nosuam
1477 3731 1799 3802 parvitatem
1854 3730 2143 3783 observare

567 3831 860 3894 studueris,
891 3838 944 3883 et
969 3838 1029 3883 ut
1052 3826 1275 3882 fratrem
1306 3823 1694 3894 amplectenmr
1717 3827 1772 3873 et
1796 3826 1854 3873 ut
1879 3817 2140 3873 charissi-

567 3938 716 3977 mum
751 3922 1053 3992 proximum
1096 3916 1465 3974 retinebimus.
1497 3913 1632 3968 Nam
1677 3920 1732 3967 et
1776 3927 1840 3966 ea
1886 3925 2005 3980 qua:
2043 3924 2141 3979 pro

568 4031 732 4071 causa
778 4026 883 4069 tua:
929 4012 1287 4067 restitutionis
1318 4007 1556 4079 synodali
1588 4006 1806 4060 decreto
1833 4002 2143 4058 Constanti-

568 4111 751 4182 nopoli
798 4109 1220 4166 misericorditer
1265 4114 1384 4158 acta
1431 4110 1575 4166 sunt,
1621 4100 1932 4168 recipimus.
1979 4098 2048 4152 Et
2096 4097 2143 4152 si

569 4203 800 4257 fortasse
829 4199 994 4253 nostri
1017 4196 1176 4267 legali
1205 4195 1258 4249 in
1284 4192 1473 4248 eadem
1496 4191 1700 4262 synodo
1719 4199 1902 4244 contra
1930 4195 2146 4258 aposto-

569 4293 727 4348 licam
759 4287 1170 4360 pmaceptionem
1197 4292 1442 4354 egerunt,
1470 4297 1573 4336 nos
1599 4297 1699 4336 nec
1727 4280 2016 4350 recipimus
2043 4293 2143 4334 nec

563 4382 869 4456 judicamus
895 4375 1120 4446 alicujus
1147 4375 1378 4430 existere
1401 4373 1691 4428 lirmitatis.

1203 4485 1517 4542 CCXCVIII.

1054 4593 1124 4632 AD
1150 4593 1213 4632 CA
1221 4591 1397 4632 ηοιυιί
1437 4589 1634 4631 REGEI.

1193 4670 1368 4742 (Anno
1394 4671 1544 4739 880.)

570 4768 782 4823 Cratine
804 4770 911 4838 agit
935 4769 1000 4823 de
1023 4768 1138 4836 ejus
1161 4783 1284 4838 ergo
1306 4766 1477 4838 sedent
1507 4763 1841 4838 apostolicam
1866 4762 2139 4838 observate

637 4843 748 4902 tia;
778 4835 927 4891 suam
948 4835 1079 4906 ergo
1091 4853 1207 4890 eum
1228 4835 1647 4906 benevolentiam
1677 4843 1925 4886 testatur:
1950 4835 2144 4884 adven-

639 4924 747 4966 tum
778 4906 892 4977 ejus
911 4904 1281 4977 pro-Ecclesia)
1321 4904 1707 4977 necessitatibus
1730 4911 2008 4977 exspectat,
2032 4917 2146 4977 mo-

640 4970 825 5052 netque
873 4970 926 5029 ut
978 4975 1203 5052 aliquem
1255 4973 1480 5052 legatum
1538 4975 1738 5052 mittat:
1786 4970 2035 5051 Queritur
2079 4970 2146 5024 de

639 5040 860 5119 Georgio
881 5040 1107 5119 quodam
1151 5040 1594 5119 excommunicato
1613 5042 1759 5119 ,_gui,
1800 5041 1964 5119 ipsius
1989 5040 2151 5119 impe-

639 5109 831 5177 ratoris
876 5109 1189 5170 auctoritate
1231 5112 1427 5181 fultus,
1467 5111 1598 5164 bona
1624 5109 1875 5181 Romana:
1899 5109 2150 5163 Ecclesiae

640 5193 900 5248 invaserat
920 5203 937 5252 ;
963 5194 1111 5256 rogat
1133 5191 1188 5237 ut
1203 5180 1470 5254 promissa
1492 5180 1704 5235 auxilia
1745 5181 1935 5234 mittat.

640 5278 1108 5338 Excelleulissimo
1159 5282 1215 5332 et
1257 5272 1453 5329 dilecto
1496 5270 1608 5325 ﬁlio
1653 5269 1869 5328 ΕΔΜ)ιο
1917 5270 2152 5342 glorioso

569 5375 708 5446 regi.

639 5455 961 5535 Relegentcs
987 5460 1180 5531 regalis
1206 5457 1538 5514 excellentizn
1569 5465 1763 5510 vestra:
1791 5454 2017 5516 litteras,
2058 5457 2153 5508 de-

570 5560 842 5613 votionem
895 5561 1128 5607 vestram
1175 5566 1335 5621 quam
1383 5549 1528 5602 circa
1577 5554 1820 5601 sanctam
1853 5544 2152 5599 Ecclesiam

575 5659 804 5704 matrem
845 5654 1084 5702 vestram
1135 5650 1190 5696 et
1205 5640 1362 5696 circa
1393 5645 1635 5692 nostrum
1674 5635 2007 5704 pontiﬁcium
2056 5634 2153 5687 ha-

575 5738 731 5799 betis,
762 5738 883 5791 lucc
918 5734 1114 5792 clarius
1141 5730 1403 5794 novimus,
1448 5726 1589 5782 unde
1614 5723 1939 5792 multiplices
1969 5723 2151 5789 glorize

2249 1942 2312 1987 ut
2346 1933 2590 1989 eumdem
2637 1935 2879 1998 missum,
2917 1943 3209 2004 antequam
3234 1933 3483 1996 veniatis,
3511 1933 3666 1985 nobis
3699 1931 3846 1984 diri-

2246 2039 2378 2093 gere
2398 2040 2503 2079 non
2527 2026 2809 2090 omittatis,
2833 2034 2894 2080 ut
2911 2041 3054 2092 cum,
3083 2026 3193 2080 Deo
3213 2025 3528 2102 auxiliante,
3545 2022 3840 2086 veneritis,

2249 2118 2406 2174 nobis
2435 2118 2594 2173 simul
2635 2118 3094 2182 convenientibus,
3139 2131 3268 2170 vera
3298 2116 3444 2170 inter
3469 2129 3575 2168 nos
3599 2112 3841 2175 dilectio,

2249 2217 2436 2278 utpote
2458 2209 2597 2262 inter
2624 2207 2916 2276 spiritalem
2931 2207 3157 2261 Patrem
3177 2215 3233 2260 et
3256 2203 3650 2260 charissimam
3672 2201 3839 2255 [iliu

2249 2297 2422 2366 possit
2457 2297 2710 2351 existere.
2745 2295 3026 2350 .Prteterea
3071 2301 3358 2363 postquam
3415 2290 3694 2362 Georgius
3735 2306 3836 2344 ex-

2247 2388 2682 2443 communicatus
2706 2394 2763 2441 et
2790 2385 3277 2458 anathematizatus
3306 2397 3432 2437 cum
3461 2383 3689 2436 homine
3728 2380 3839 2434 Wi-

2248 2478 2405 2533 donis
2433 2487 2516 2532 est
2540 2492 2568 2530 a
2603 2476 2758 2531 vobis
2794 2489 3078 2540 reversus,
3109 2474 3330 2529 assiduo
3359 2488 3556 2526 sumus
3607 2485 3840 2525 mrem

2249 2566 2482 2632 turbati;
2517 2581 2583 2621 eo
2607 2566 2752 2635 quod
2777 2565 3037 2620 audacter
3061 2564 3305 2625 veniens,
3336 2561 3494 2631 quasi
3525 2569 3708 2613 vestra
3735 2556 3837 2610 fel-

2249 2669 2335 2715 tus
2359 2659 2705 2724 auctoritate,
2748 2658 2802 2713 in
2843 2657 3199 2726 proprietates
3245 2653 3374 2708 olim
3423 2665 3579 2712 suas,
3623 2663 3740 2718 qua
3767 2645 3836 2700 ad

2243 2750 2334 2821 jus
2359 2760 2558 2806 sanctae
2575 2750 2834 2805 Romana:
2853 2747 3130 2811 Ecclesize,
3155 2743 3368 2814 (Carolo
3387 2743 3530 2796 divae
3556 2739 3836 2794 memoria

2249 2844 2574 2914 imperatore
2620 2851 2813 2913 patruo
2854 2849 3036 2895 vestro
3079 2828 3455 2904 concedente),
3481 2830 3837 2902 conlegaliter

2248 2942 2614 3005 pervenerunt
2642 2934 2719 3005 (et
2742 2947 2884 2987 nunc
2915 2946 3086 3000 usque
3115 2927 3229 2996 .juri
3261 2935 3450 2982 nostro
3497 2922 3835 2978 defendeba-

2249 3042 2368 3082 mus
2387 3034 2443 3080 et
2463 3024 2819 3093 tenebamus),
2837 3032 3041 3077 temere
3057 3020 3262 3089 pariter
3279 3032 3405 3072 cum
3420 3015 3534 3069 aliis
3553 3011 3834 3071 introivit;

2245 3125 2304 3174 et
2322 3125 2557 3180 nostros,
2586 3115 2674 3184 qui
2699 3115 2751 3168 in
2775 3113 3002 3168 circuitu
3027 3110 3270 3165 homines
3289 3107 3536 3168 existunt,
3551 3102 3833 3171 adﬁgere,

2245 3214 2301 3261 et
2355 3203 2653 3274 deprazdari
2704 3216 2811 3256 non
2855 3207 3068 3256 cessat.
3123 3197 3277 3251 Unde
3333 3194 3523 3249 obnixe
3564 3204 3839 3259 rogamus

2244 3273 2480 3350 vestram
2521 3292 2965 3364 magnitudinem,
3013 3297 3074 3343 ut
3116 3273 3258 3343 sicut
3301 3284 3457 3340 nobis
3474 3296 3580 3336 ore
3603 3280 3839 3350 proprio

2243 3385 2589 3457 promisistis,
2623 3393 2679 3439 et
2705 3399 2801 3454 per
2824 3381 3105 3452 epistolam
3147 3387 3404 3440 vestram,
3435 3382 3598 3440 atque
3618 3370 3839 3451 legatos

2244 3484 2482 3538 nostros,
2511 3472 2823 3527 Liutwardo
2878 3467 3172 3524 venerabili
3222 3473 3424 3520 sancta:
3473 3458 3837 3515 Verceiiensis

2243 3564 2500 3620 Ecclesia:
2525 3564 2782 3633 episcopo
2832 3560 3127 3615 mediatore
3173 3555 3456 3616 existente,
3502 3549 3837 3610 mandatis.

2243 3653 2657 3724 prasentialiter
2703 3651 2860 3706 nobis
2907 3649 3202 3718 adimplere
3242 3645 3496 3716 satagatis
3523 3661 3537 3696 :
3564 3642 3699 3713 quia
3736 3655 3842 3695 nos

2243 3761 2328 3810 ea,
2351 3760 2469 3814 qua:
2494 3743 2645 3799 vobis
2660 3742 3026 3812 promisimus,
3049 3736 3371 3793 omnimodis
3387 3731 3838 3803 adimplebimus,

2245 3845 2337 3889 aut
2363 3835 2580 3890 eosdem
2617 3831 2863 3887 inﬁdeles
2893 3839 3105 3884 nostros
3132 3825 3320 3897 procul
3347 3841 3375 3879 a
3408 3823 3569 3879 nobis
3592 3820 3838 3889 expella-

2247 3931 2337 3993 tis,
2369 3937 2430 3983 ut
2474 3927 2618 3982 nulla
2668 3925 2824 3980 nobis
2874 3923 3121 3985 adversa,
3154 3921 3238 3974 vel
3290 3916 3563 3972 contraria
3610 3913 3839 3966 valeant

2247 4019 2585 4089 aliquatenus
2611 4015 2810 4078 moliri,
2831 4025 3129 4084 quousque,
3149 4009 3260 4064 Deo
3279 4006 3534 4078 propitio,
3551 4017 3649 4057 vos
3666 4015 3840 4056 vene-

2246 4113 2385 4168 ritis.
2417 4111 2620 4178 Quarto
2645 4108 2770 4164 ldus
2791 4104 3144 4177 Septembris,
3161 4101 3350 4157 iudict.
3372 4097 3586 4154 decima
3601 4102 3834 4164 quarta.

2901 4216 3032 4274 CCX
3039 4215 3152 4272 CIX

2408 4361 2473 4399 AD
2513 4357 2766 4402 ROMANO“
2806 4349 3255 4395 ABCHIEPISCOPUI
3295 4341 3661 4386 RAVEX‘SA'I'EI.

2853 4431 3031 4504 (Anno
3067 4427 3218 4497 880.)

2165 4520 2400 4600 Dlubet
2439 4555 2556 4596 eum
2602 4535 2824 4590 Romam
2874 4531 2943 4585 ad
2990 4527 3460 4600 synodum_cattsa
3507 4515 3841 4574 dimittendi

2597 4605 2853 4678 quasdam
2882 4594 3190 4673 quwstioncs
3214 4594 3474 4649 advenire.

2319 4725 2548 4779 Romano
2584 4717 2990 4786 archiepiscOpo
3020 4705 3343 4765 Ravennati.

2323 4815 2457 4881 Quia
2486 4811 2698 4874 bellica,
2750 4808 2858 4862 imo
2903 4804 3176 4859 Saracena
3203 4794 3528 4867 impediente
3551 4789 3845 4859 angustia,

2245 4877 2403 4974 juxta
2433 4915 2617 4958 sacros
2635 4912 2895 4960 canones,
2923 4901 3121 4963 quarto
3159 4889 3368 4944 scilicet
3407 4883 3532 4937 ldus
3556 4877 3845 4940 Octobris,

2253 4968 2517 5066 synodum
2562 4989 2704 5045 sicut
2749 4984 3091 5050 volueramus
3134 4977 3409 5033 celebrare
3454 4968 3846 5039 nequivimus,

2254 5059 2555 5157 opportune
2597 5081 2859 5148 valdeque
2904 5072 3215 5130 necessario
3249 5081 3380 5124 sane
3404 5059 3758 5135 praevidimus
3787 5067 3851 5110 ut

2256 5153 2398 5236 hanc
2413 5177 2656 5233 eamdem
2670 5191 2723 5228 vt
2739 5175 2862 5228 ldus
2878 5167 3200 5225 Novembris
3215 5165 3374 5219 istius
3384 5167 3588 5230 quarta:
3607 5153 3851 5209 decima:

2255 5269 2588 5332 indictionis,
2609 5264 2898 5332 adjuvante
2913 5259 3162 5321 Domino,
3190 5262 3570 5311 convocemus.
3589 5244 3854 5311 Quapro-

2256 5370 2379 5432 pter
2399 5355 2808 5415 sauctimoniam
2824 5363 2970 5407 tuam
2994 5350 3274 5405 hor1amur
3297 5354 3350 5397 ut
3374 5355 3443 5395 an
3463 5338 3605 5394 idem
3626 5345 3856 5401 tempus

2259 5453 2377 5508 sine
2405 5450 2550 5505 omni
2581 5461 2753 5510 mora,
2780 5445 2890 5498 imo
2919 5441 3066 5496 muni
3081 5436 3367 5494 occasione
3395 5423 3857 5502 postposita,Ro—

2259 5557 2402 5597 mam
2431 5553 2706 5601 occurras,
2754 5544 3022 5604 quatenus
3050 5546 3114 5585 ea
3145 5542 3262 5598 quin
3292 5525 3360 5578 ad
3408 5524 3675 5577 honorem
3734 5516 3856 5568 sive

2259 5635 2544 5690 utilitatem
2572 5640 2770 5687 saucue
2805 5628 2898 5683 Dei
2934 5624 3188 5681 Ecclesia:
3220 5620 3512 5692 pertinent,
3559 5613 3856 5667 nobiscum

2258 5727 2475 5784 ordines
2492 5735 2543 5783 et
2562 5722 2811 5782 diﬂinias,
2827 5729 2880 5776 ct
2895 5717 3066 5775 sancti
3091 5714 3326 5779 Spiritus
3349 5709 3517 5777 gratia
3542 5705 3855 5769 revelame,
