4042 6302
211 394 312 450 ηδ

194 594 492 654 Deusdedit
546 602 766 671 gloriosi
815 606 987 673 ducis,
1030 611 1120 681 qui
1170 606 1774 685 nostrttm'pontilicium

192 687 357 753 e‘diit,
385 688 571 745 dicens
599 705 710 747 sea
734 700 821 749 tua
853 697 1067 754 solertia
1104 716 1202 772 pro
1225 702 1474 775 conjugio
1500 721 1611 761 sua:
1640 723 1791 763 uxor

192 777 294 836 ris.
310 792 470 847 quam
495 780 637 835 illius
651 787 1105 855 consanguineam
1136 789 1321 847 fateris
1348 795 1602 861 existere,
1628 811 1775 850 com-

190 868 454 923 munione
496 871 787 940 privatum,
829 886 911 930 est
948 878 1134 948 procul
1177 881 1342 938 dubio
1379 886 1768 954 ventilandum,

189 964 253 1009 ut
286 958 545 1028 quidquid
582 963 659 1018 rei
689 964 890 1020 veritas
918 967 1044 1023 hinc
1087 970 1565 1039 demonstraverit,
1597 978 1771 1031 omni-

188 1048 370 1102 modis
394 1062 775 1121 exsequamur.
805 1055 906 1123 Qui
958 1073 1055 1128 pro
1080 1075 1146 1117 eo
1190 1064 1332 1132 quod
1374 1075 1481 1119 tam
1512 1066 1599 1120 diu
1628 1068 1770 1137 apud

186 1152 296 1190 nos
324 1148 411 1192 est
457 1141 795 1210 immoratus,
841 1157 896 1201 et
930 1150 997 1206 de
1045 1162 1132 1206 tua
1171 1164 1347 1223 parte,
1378 1156 1467 1226 qui
1500 1158 1766 1214 rationem

184 1226 487 1293 redderet,
520 1247 628 1287 non
681 1245 765 1290 est
811 1237 1085 1309 inventus,
1132 1244 1525 1301 rationabiliter
1569 1257 1689 1305 erat
1734 1264 1765 1304 a

185 1318 347 1372 nobis
374 1321 588 1377 interim
630 1326 990 1387 absolvendus
1015 1350 1029 1387 :
1059 1343 1233 1390 tamen
1259 1337 1383 1407 quia
1414 1338 1467 1393 in
1494 1338 1762 1408 proXimo,

182 1410 333 1463 sicut
357 1411 613 1478 diximus,
643 1420 905 1488 synodum
934 1420 1059 1492 (qua
1090 1424 1193 1479 hoc
1237 1440 1360 1481 cum
1408 1428 1765 1485 unanimitate

181 1503 415 1560 aliorum
470 1512 912 1569 cousaeerdotum
967 1516 1302 1589 fratrumque
1352 1529 1661 1577 nostrorum
1707 1520 1767 1578 et

182 1601 277 1648 tua
305 1605 388 1651 est
429 1597 572 1654 inter
612 1602 713 1656 alia
762 1611 1224 1682 pertractandum)
1273 1611 1549 1667 celebrare
1594 1613 1760 1670 debe-

178 1700 326 1751 mus,
353 1688 562 1772 dignius
579 1689 961 1763 judicavimus,
983 1700 1124 1768 quod
1144 1709 1198 1754 et
1219 1702 1347 1772 ipsae
1370 1716 1457 1758 res
1477 1712 1736 1775 expetunt

179 1781 336 1829 tuum
367 1769 664 1847 pnnstolari
699 1783 1022 1853 adventum,
1044 1797 1101 1842 ut
1153 1769 1255 1846 hoc
1302 1769 1766 1875 synodali-dime
1805 1834 1815 1842 σ

176 1864 383 1923 lfatnus
410 1870 650 1942 collegio,
700 1883 755 1929 et
809 1877 1015 1934 alterna
1062 1882 1269 1940 visione
1295 1870 1752 1959 congratulantes,
1783 1884 1832 1945 Β

175 1956 297 2035 pari
332 1965 594 2018 sententia
627 1965 981 2027 decernamus
1018 1989 1035 2027 :
1073 1973 1127 2030 in
1174 1991 1277 2045 qua
1304 1956 1466 2034 etiam
1497 1981 1758 2054 quidquid

174 2063 340 2144 supra
377 2067 629 2144 generum
655 2074 810 2115 suum
840 2055 1113 2131 habueris,
1143 2067 1391 2125 similiter
1424 2070 1639 2128 dilIiniri
1661 2072 1755 2144 ju-

172 2137 424 2199 beamus.
460 2143 725 2227 Praeterea
744 2150 856 2221 jam
892 2154 1019 2210 dicti
1050 2157 1149 2211 viri
1197 2157 1415 2227 conjux,
1458 2160 1625 2217 Maria
1662 2137 1757 2218 no-

173 2235 348 2311 ntine,
379 2224 615 2293 libellum
645 2256 758 2297 sua}
790 2245 1191 2304 reclautationis
1219 2266 1317 2322 per
1343 2252 1565 2308 Paulum
1611 2255 1755 2328 lega-

175 2333 291 2383 tum
340 2344 497 2385 suum
545 2343 730 2388 nostro
777 2338 1088 2406 praesulatui
1139 2341 1374 2414 dirigere
1424 2350 1752 2416 procuravit,

169 2431 424 2474 asserens
449 2428 595 2477 tuam
621 2427 967 2482 sanctitatem
988 2429 1045 2483 in
1065 2432 1267 2501 nuptiis
1302 2448 1396 2502 per
1425 2451 1752 2493 consensum

169 2509 345 2581 patris
389 2512 454 2566 de
498 2529 563 2570 ea
614 2514 836 2583 habitis,
891 2521 1164 2577 consciam
1212 2526 1520 2593 exstitisse;
1551 2538 1604 2582 et
1644 2539 1755 2583 tam

168 2598 346 2675 virum
391 2616 548 2658 suum
595 2620 756 2675 quam
801 2622 884 2674 se,
925 2620 1211 2683 postquam
1258 2631 1362 2671 una
1408 2634 1536 2673 caro
1575 2618 1754 2675 θηρειί

171 2704 322 2762 sunt,
375 2707 484 2753 tam
531 2702 598 2757 ad
644 2705 970 2775 spiritalem,
1028 2710 1144 2768 sive
1186 2712 1546 2783 Dominicam,
1589 2729 1758 2788 quam

168 2788 334 2849 etiam
367 2791 436 2847 ad
457 2797 884 2866 communiorcm
933 2816 1199 2869 mensam,
1230 2821 1375 2877 saepe
1421 2823 1531 2863 non
1577 2809 1759 2865 solum-

168 2879 477 2948 admisisse,
506 2884 600 2939 sed
633 2888 797 2944 etiam
828 2886 1100 2948 invitasse.
1131 2893 1237 2952 Sed
1261 2905 1317 2951 et
1348 2897 1449 2953 hoc
1474 2914 1571 2969 per
1601 2914 1755 2956 eum-

164 2969 294 3025 dem
325 2987 483 3029 suum
513 2974 753 3033 libellum
784 2980 1128 3039 reclamanth
1173 2985 1408 3043 innotuit
1449 2990 1593 3058 quod
1632 2990 1751 3046 Ma~

164 3060 413 3132 ioranus,
458 3068 550 3138 qui
595 3076 653 3125 et
696 3069 1058 3144 Maginpertus
1104 3075 1364 3134 diaconus
1410 3080 1646 3148 dicitur,
1693 3084 1751 3139 in

1405 412 1766 473 EPIS'IOIAL
1811 420 1891 474 lt'l
1936 422 2276 488 DECRETA.

198 519 328 563 voto
341 510 907 571 communid‘eccrnas.
924 515 1134 575 Interea
1150 523 1419 593 negotium
1436 526 1536 580 viri
1555 526 1778 582 illustris
1806 534 1854 593 Α
1883 532 2044 592 licere

3349 448 3453 504 9H

2078 553 2462 616 satageremus.
2520 550 2856 623 Quapropter
2899 554 3057 625 hujus
3086 566 3284 613 nostrae
3306 576 3453 615 euut-

1877 633 2190 692 monitionis
2229 642 2572 699 sanctitatem
2618 656 2851 702 vestram
2902 650 3253 705 exhortamur
3279 650 3450 722 apici-

1874 724 2002 797 bus,
2036 738 2116 795 ttt,
2157 732 2312 786 solita
2350 735 2554 793 desidia
2603 740 2867 810 deposita,
2917 745 2985 798 ad
3016 746 3258 799 eamdem
3289 761 3451 818 syno-

1873 818 1998 875 dum
2028 822 2254 881 Romam
2282 830 2468 887 venire
2504 849 2613 889 non
2643 835 2930 905 dil‘l‘eratis,
2971 848 3261 909 quatenus,
3308 845 3450 901 sicut

1872 911 2125 980 diximus,
2159 932 2219 971 ea
2249 933 2367 988 quae
2396 924 2598 991 agenda
2626 936 2772 992 sunt,
2804 927 3018 986 Christo
3036 920 3449 1001 juvante,com~

1871 1005 2107 1062 muniter
2134 1024 2472 1080 peragamus,
2504 1023 2559 1071 et
2601 1032 2722 1086 qua:
2766 1017 2921 1088 juxta
2952 1024 3119 1079 nostri
3156 1026 3448 1087 ntinisterii

1871 1096 2054 1152 alliciar
2073 1103 2358 1159 statuenda
2390 1114 2536 1169 sunt,
2565 1107 2858 1166 salubriter
2880 1122 3204 1173 statuamus.
3255 1119 3446 1176 Videte

1870 1186 2053 1257 itaque
2085 1205 2153 1245 ne
2178 1194 2347 1279 solito,
2387 1198 2718 1270 negligenter
2743 1204 2941 1271 agatis,
2966 1222 3032 1261 ne
3052 1208 3096 1264 si
3125 1223 3223 1280 per
3248 1225 3345 1266 vos
3378 1228 3443 1273 ea

1867 1292 1989 1348 quae
2012 1280 2203 1338 honori
2233 1293 2288 1358 et
2316 1276 2480 1341 statui
2509 1299 2711 1346 sanctae
2752 1291 2846 1349 Dei
2883 1276 3141 1352 Ecclesiae
3164 1307 3290 1355 sunt
3318 1295 3443 1370 pro-

1868 1372 2033 1439 licua,
2062 1375 2365 1434 inordinata
2393 1385 2774 1451 remanserint,
2794 1394 2866 1450 et,
2897 1389 3039 1458 quod
3064 1405 3173 1446 non
3201 1400 3450 1463 oportet.

1863 1464 2534 1538 venire,coutempseritis,
2568 1477 2844 1532 canonicis
2890 1479 3087 1536 ictibus
3116 1496 3223 1538 non
3249 1481 3451 1540 imme~

1866 1551 1971 1641 rite
1994 1550 2286 1611 feriaminl.
2341 1556 2473 1614 Data
2504 1562 2678 1630 pridie
2708 1565 2975 1635 Kalendas
3000 1568 3269 1641 Octobris,
3298 1573 3442 1633 indi.-

1863 1640 2041 1715 ctione
2064 1659 2182 1703 Juv.

2560 1746 2743 1806 CCCI-

2332 1854 2400 1892 AD
2458 1854 2702 1897 (ιλιιοιωι
2752 1859 2946 1900 REGE“.

2462 1931 2641 1998 (Anno
2672 1934 2843 2003 880.).

1857 2010 2094 2097 Lwtotur
2119 2018 2183 2072 de
2209 2034 2322 2088 ejus
2337 2020 2715 2097 incolumitate,
2734 2023 3011 2097 Deumque
3038 2036 3154 2084 erat
3179 2039 3235 2084 ut
3256 2032 3435 2086 omnia

1925 2087 1975 2140 ei
2002 2087 2242 2155 prospere
2290 2092 2523 2145 eveniant
2549 2107 2563 2145 :
2593 2087 2797 2148 nuntiat
2842 2087 3136 2152 Saracenos
3170 2117 3203 2153 rt
3229 2097 3438 2156 Gra'cis

1924 2158 2103 2219 victos,
2126 2173 2279 2238 seque
2299 2175 2331 2212 a
2355 2159 2653 2238 Serpentis,
2675 2174 2723 2216 et
2745 2164 2870 2238 aliis
2898 2167 3053 2219 etiam
3076 2168 3225 2238 valde
3241 2172 3433 2238 premi:

1924 2242 2087 2296 quare
2112 2230 2240 2296 petit
2268 2238 2325 2281 ut
2367 2230 2467 2283 sibi
2507 2247 2664 2301 quam
2688 2233 2954 2288 citissime
2995 2237 3195 2291 auxilio
3233 2230 3427 2293 ueniat.

1924 2335 2141 2395 Gnoso
2188 2338 2422 2409 glorioso
2466 2343 2595 2413 regi.

1924 2426 2203 2499 Susceptis
2229 2431 2413 2501 gloria:
2432 2443 2646 2500 vestrae,
2678 2434 2936 2505 spiritalis
2963 2446 3126 2509 atque
3152 2440 3427 2497 desidera.-

1850 2518 1973 2576 bilis
2033 2520 2105 2576 ﬁli
2181 2525 2338 2579 nobis
2372 2525 2593 2582 directis
2643 2529 2904 2599 apicibus,
2964 2541 3124 2603 atque
3183 2535 3433 2601 reiectis,

1852 2611 1975 2679 quia
2012 2627 2126 2676 vos,
2179 2613 2291 2668 Deo
2317 2615 2538 2684 gratias,
2571 2620 2799 2674 sanitate
2824 2605 3011 2691 vigere
3050 2626 3426 2693 cognovimus,

1851 2700 2108 2757 ineffabili
2140 2713 2197 2758 et
2227 2704 2361 2760 ultra
2402 2722 2566 2776 quam
2606 2709 2710 2765 dici
2740 2712 2907 2780 possit
2949 2712 3293 2783 jucunditate
3335 2734 3423 2773 re-

1849 2790 2002 2854 l’ecti,
2034 2792 2087 2847 in
2148 2792 2375 2849 Domino
2428 2797 2678 2865 gratulati
2730 2815 2916 2856 sumus
2944 2821 2957 2856 :
2992 2812 3046 2858 et
3074 2812 3131 2858 ιιι
3159 2806 3331 2875 magis
3361 2823 3436 2863 ae

1851 2883 2025 2952 magis
2064 2886 2217 2940 vobis
2269 2886 2527 2943 Dominus
2565 2888 2724 2967 .Deus
2785 2902 2969 2948 noster
3004 2897 3423 2965 prosperitatem

1850 2974 2072 3043 tribuat,
2127 2978 2456 3048 triumphum
2487 2979 2551 3035 de
2597 2981 3008 3041 adversantibus
3055 2986 3336 3050 concedat.
3367 2998 3425 3043 et

1846 3064 2020 3120 felicia
2054 3074 2292 3138 tempora
2325 3069 2390 3122 ad
2420 3084 2644 3138 regnum
2675 3072 2898 3143 paciﬁee
2924 3082 3086 3149 atque
3118 3074 3422 3145 iustissime

165 3169 357 3210 necem
385 3157 468 3212 sui
506 3160 673 3230 patris
702 3167 1056 3232 consenserit,
1085 3177 1275 3236 petens
1309 3186 1341 3225 a
1368 3171 1524 3227 nobis
1553 3188 1619 3229 ex
1642 3173 1745 3229 hoc
1772 3223 1815 3245 Π
1846 3155 2237 3226 disponendum
2290 3159 2626 3230 multiplicet,
2681 3163 2950 3219 continuis
3001 3167 3141 3221 votis
3170 3168 3441 3245 eumdem

166 3223 579 3306 convenientem
596 3248 886 3321 justitiam,
919 3266 976 3311 et
1006 3258 1205 3314 obnixe
1225 3260 1502 3329 postulans
1530 3262 1633 3319 hoc
1657 3262 1741 3317 itt-

1850 3223 2133 3302 Dominum
2187 3223 2560 3317 deprecamur.
2616 3223 2755 3321 quia
2798 3252 2931 3307 nihil
2959 3261 3042 3307 est
3071 3255 3310 3318 omnino,
3347 3256 3428 3313 au

164 3336 469 3397 discussum
499 3359 609 3399 non
635 3346 958 3419 derelinqui,
983 3365 1142 3419 quem
1169 3351 1760 3425 videlicett'szepissime,

166 3429 526 3491 Bononiensis
553 3436 839 3508 episcopus
873 3454 985 3495 suae
1013 3441 1272 3499 Ecclesiae
1312 3445 1570 3501 famulum
1600 3462 1750 3517 quae-

166 3532 296 3575 rere
342 3521 565 3593 studuit.
602 3524 775 3596 Hujus
828 3528 906 3583 rei
935 3531 1133 3599 gratia,
1181 3534 1526 3605 praecipimus
1567 3537 1751 3608 ipsum

164 3608 455 3668 diaconum
482 3622 656 3673 tecum
686 3618 842 3676 nobis
861 3621 1186 3679 omnimodis
1212 3625 1475 3693 exhiberi,
1506 3637 1566 3683 ut
1591 3629 1753 3700 quid.

165 3700 299 3769 quid
349 3704 577 3761 rationis
626 3708 761 3764 ordo
806 3712 1147 3780 poposcerit,
1178 3714 1468 3784 adjuvante
1494 3715 1748 3784 Domino,

162 3795 424 3850 canonice
451 3799 774 3856 ventilemus
796 3810 853 3857 et
882 3805 1139 3874 synodice
1166 3814 1487 3863 statuamus.
1518 3807 1654 3867 Data
1682 3824 1749 3869 ιιι

162 3882 433 3957 Kalendas
465 3887 737 3959 Octobris,
767 3893 1060 3953 indictione
1083 3895 1289 3951 decima
1315 3906 1527 3968 quarta.

592 4111 659 4151 AD
690 4113 982 4156 ωηινκιιεοέ
1010 4117 1305 4162 ιεριεοονοι.

767 4192 952 4263 (Anno
976 4197 1129 4269 880.)

408 4298 479 4357 Ut
534 4302 758 4360 Romam
798 4309 869 4363 ad
915 4313 1174 4383 synodum
1220 4313 1523 4373 adveniant.

232 4410 497 4472 Omnibus
524 4402 809 4491 episcopis
844 4438 942 4493 per
996 4426 1246 4483 ducatum
1301 4426 1650 4500 Spoletanum
1690 4437 1746 4486 et

159 4501 584 4577 Cameriensem,
613 4519 670 4567 et
695 4511 763 4567 ad
801 4530 993 4574 omnes
1041 4519 1320 4590 episcopos
1354 4536 1451 4592 per
1498 4521 1744 4580 diversas

160 4599 470 4667 provincias
497 4602 836 4661 constitutos.

233 4688 494 4747 Nolumus
520 4694 771 4766 ignorare
800 4708 1037 4755 vestram
1066 4699 1460 4758 fraternitatem
1489 4705 1617 4774 quia
1645 4720 1749 4775 pro.

161 4780 548 4852 multiplicibus
576 4798 777 4845 sancta:
808 4790 903 4861 Dei
936 4791 1191 4850 Ecclesiae
1218 4795 1653 4864 necessitatibus,
1687 4811 1749 4851 vt

158 4876 289 4935 ldus
318 4876 653 4955 Novembris
696 4882 857 4939 istius
901 4895 1108 4954 quarta:
1161 4887 1383 4943 decima:
1430 4887 1745 4945 indictionis

157 4976 479 5047 synodalem
506 4987 857 5045 conventum,
904 4979 1132 5035 Domino
1157 4979 1469 5051 adiuvante,
1494 4979 1739 5036 celebra-

158 5067 273 5123 turi
293 5083 499 5135 sumus;
523 5079 723 5128 etcum
745 5070 994 5136 diversis,
1024 5071 1291 5142 praecipue
1319 5070 1741 5138 Saracenorum,

155 5157 565 5227 impedimentis
594 5161 854 5233 implicati
904 5176 1170 5228 essemus,
1226 5163 1570 5233 nequivimus
1613 5178 1743 5219 eum

156 5263 266 5304 suo
304 5258 543 5319 tempore
587 5267 941 5324 congregare,
991 5252 1211 5324 dignum
1266 5254 1517 5311 duximus
1546 5255 1615 5310 ad
1643 5271 1741 5310 att-

152 5343 516 5411 gmentandas
544 5353 706 5414 atque
738 5345 1096 5415 perﬁciendae
1121 5344 1513 5402 ecclesiasticas
1540 5347 1742 5402 utilita-

156 5442 269 5491 tes.
305 5432 389 5487 vel
417 5434 641 5504 putato
696 5443 937 5506 tempore
982 5451 1088 5491 non
1126 5436 1491 5506 prtetermitti,
1525 5437 1737 5507 quomi-

152 5535 267 5578 nus
302 5534 449 5578 tanta
481 5527 777 5582 necessitas
806 5527 925 5582 sine
971 5527 1218 5585 consultu
1248 5528 1475 5585 aliorum
1528 5528 1741 5585 confra-

154 5624 305 5668 trum
331 5624 637 5671 nostrorum
664 5618 963 5674 indiscussa
992 5634 1097 5674 non
1127 5629 1525 5687 remaneret,ut
1543 5619 1739 5677 vestris

153 5706 474 5765 salubribus
503 5710 745 5765 consiliis
776 5709 914 5783 l‘ulti,
948 5711 1210 5781 quidquid
1235 5714 1304 5768 ad
1333 5712 1594 5771 honorem
1638 5713 1735 5768 Dei

150 5815 213 5862 et
242 5820 582 5863 communem
614 5805 896 5861 utilitatem
922 5787 1199 5875 pertinet,
1234 5808 1589 5862 communiter
1614 5822 1738 5879 per-

1848 3338 2196 3404 charissime,
2223 3339 2380 3394 nobis
2407 3339 2616 3397 dulcius
2659 3341 2900 3412 nihilque
2925 3343 3229 3409 amabilius,
3260 3362 3433 3414 quam

1849 3436 1909 3484 ut
1957 3444 2055 3484 vos
2115 3445 2329 3507 semper
2393 3431 2460 3490 ad
2512 3430 2879 3488 defensionem
2932 3443 2988 3488 et
3038 3436 3431 3491 exaltationem

1846 3533 2061 3582 sanctae.
2079 3523 2266 3578 matris
2291 3533 2483 3579 vestra:
2535 3522 2793 3580 Romanae
2841 3525 3096 3581 Ecclesiae
3123 3543 3424 3599 cognosca-

1847 3632 1969 3672 mus
1993 3631 2113 3672 esse
2141 3616 2590 3689 promptissimos.
2634 3625 2689 3672 et
2725 3625 2779 3673 et
2807 3617 2888 3673 eis
2921 3617 3014 3689 qui
3048 3634 3168 3675 eam
3198 3618 3426 3675 diversis

1847 3706 2021 3762 modis
2047 3706 2385 3776 impugnant,
2423 3706 2593 3762 libera
2629 3708 2985 3763 correctionis
3015 3723 3081 3764 ac
3124 3708 3439 3783 disciplinae.

1846 3799 2112 3854 sententia
2154 3799 2448 3855 contraire.
2500 3797 2609 3854 Nos
2657 3806 2859 3865 autem,
2890 3797 3017 3855 licet
3045 3798 3101 3853 in
3126 3798 3451 3857 innumeris,

1747 3932 1753 3939 .
1845 3887 2251 3945 inﬁrmitatibus
2285 3899 2449 3962 atque
2477 3891 2742 3962 angustiis
2795 3890 3098 3953 constituti,
3161 3892 3271 3946 Deo
3297 3907 3449 3960 gra‘,»

1846 3979 1968 4044 tias,
2027 3988 2299 4051 utcunque
2356 3980 2630 4048 valemus;
2690 3981 2785 4037 sed
2832 3991 2961 4038 tunc
3005 3981 3184 4052 potius
3237 3989 3434 4035 nostra

1848 4072 2055 4128 sanitas
2077 4070 2200 4138 erit,
2239 4071 2285 4127 si
2323 4087 2420 4128 vos
2468 4072 2616 4128 omni
2666 4072 3045 4144 prosperitate,
3078 4080 3134 4125 ut
3162 4071 3422 4136 diximus,

1846 4163 2052 4236 pollere
2108 4164 2542 4234 cognoverimus,
2602 4174 2661 4221 et
2705 4166 2773 4219 ad
2828 4162 2986 4219 nobis
3034 4160 3429 4219 conferendum

1846 4253 2099 4310 solatium
2145 4253 2468 4308 festinanter
2519 4268 2829 4319 occurrere,
2860 4262 2920 4308 ut
2966 4251 3175 4308 alterna
3216 4250 3427 4306 visione

1846 4318 2153 4415 loquamur,
2185 4360 2292 4400 non
2323 4345 2434 4415 pati
2486 4359 2668 4398 moras
2723 4343 3075 4399 advertimus.
3131 4340 3441 4409 Cancrum,»

1845 4440 1987 4510 quod
2012 4438 2193 4493 dicitis
2216 4446 2277 4491 ut
2320 4436 2687 4491 Liutwardum
2718 4435 3082 4490 venerabilem
3108 4433 3446 4505 episcopum,-

1846 4542 2186 4585 eommunem
2246 4525 2457 4582 ﬁdelem
2510 4534 2757 4581 nostrum
2811 4524 2879 4579 ad
2910 4539 3009 4580 nos
3058 4521 3435 4594 praemittalisg.

1773 4588 1819 4648 θ
1848 4619 2001 4675 valde
2035 4617 2090 4673 in
2121 4617 2349 4672 Domino
2383 4614 2749 4688 gratulamur;
2777 4627 2831 4670 et
2857 4629 3136 4674 eumeum
3156 4627 3256 4682 pro
3280 4626 3432 4678 com:

1847 4711 1996 4766 muni
2026 4710 2256 4765 utilitate
2281 4722 2492 4780 semper
2528 4709 2794 4763 desudare
2832 4706 3262 4776 cognoverimus.
3308 4720 3425 4767 mag

1844 4813 2012 4870 gnum
2040 4796 2191 4851 nobis
2220 4796 2472 4867 gaudium
2516 4796 2569 4850 in
2607 4794 2839 4855 adventu
2870 4794 3012 4855 illius
3059 4802 3332 4856 nascetur,
3355 4808 3423 4853 eo

1845 4890 1990 4959 quod
2017 4886 2070 4941 in
2096 4885 2266 4957 ipsius
2291 4887 2577 4956 prmseutia
2607 4894 2844 4941 vestram
2889 4883 3425 4945 intuebimurexcel-

1844 4978 2087 5039 lentiam.
2119 4977 2436 5043 Postremo,
2454 4977 2526 5032 lili
2540 4978 2885 5044 charissima,
2898 4977 3042 5047 quod
3068 4974 3432 5033 sciscitamini

1846 5073 1913 5131 de
1940 5070 2185 5136 Griecis,
2235 5083 2398 5145 atque
2447 5071 2751 5137 lsmaelitis,
2782 5080 2839 5127 et
2882 5072 3095 5129 caeteris
3120 5068 3422 5139 quibusque

1844 5163 2049 5218 exteris
2078 5161 2515 5228 nationibus,,vel
2543 5162 2878 5225 concivibus,
2913 5159 3147 5235 qualiter
3175 5173 3264 5212 res
3290 5172 3422 5228 agat:

1844 5261 1954 5321 tur,
1983 5252 2302 5310 brevissime
2332 5254 2740 5327 respondemus.
2768 5252 2877 5308 Sed
2913 5261 2971 5306 ut
2998 5251 3113 5307 haec
3142 5249 3322 5307 omnia
3351 5263 3427 5309 ex

1843 5345 2036 5405 intimo
2070 5344 2235 5400 corde
2258 5351 2423 5414 atque
2447 5344 2691 5401 dolenter
2738 5342 3055 5405 advertatis,
3084 5340 3233 5397 omni
3261 5353 3419 5395 men-

1846 5438 1918 5499 tis
1947 5436 2251 5492 conamine-
2286 5436 2642 5495 exhortamur
2674 5454 2689 5495 :
2722 5444 2902 5491 tamen
2952 5434 3066 5490 Deo
3104 5433 3213 5489 sint
3238 5438 3424 5502 grates

1845 5537 1901 5587 et
1925 5529 2115 5587 laudes
2136 5530 2265 5600 quia
2290 5529 2601 5586 Graecorum
2640 5529 2851 5600 navigia
2883 5529 2937 5583 in
2969 5526 3106 5582 mari
3155 5524 3417 5584 Israelita.

1846 5638 1965 5679 rum
2018 5621 2466 5691 victoriosissime
2512 5630 2827 5677 straverunt
2876 5618 3191 5691 phalanges,
3220 5625 3275 5668 et
3303 5629 3417 5674 eos.

1845 5692 2006 5787 prout
2031 5715 2287 5771 Dominus
2310 5714 2497 5779 voluit,
2515 5712 2765 5770 debellati
2790 5720 2939 5797 sunt.
2975 5711 3081 5768 Sed
3112 5725 3210 5765 nos
3238 5718 3415 5771 tamen

1845 5818 1955 5866 tam
1990 5808 2086 5880 ipsi
2114 5808 2228 5881 jam
2270 5808 2400 5864 dicti
2428 5805 2709 5863 lsmaelitaa
2736 5821 2901 5878 quam
2928 5804 3015 5863 alii
3046 5803 3295 5859 concich
3328 5814 3431 5855 nee-
