4042 6302
593 361 696 436 915

1847 356 2126 415 JOANNIS
2164 355 2363 412 ΡΑΡᾸΞ
2408 357 2516 412 \‘lll

3755 367 3850 420 916

594 478 690 532 stri
734 480 1044 548 impugnant
1095 493 1158 532 ac
1205 487 1617 548 persequuntur,
1660 485 1718 530 ut
1778 491 1931 532 exrra
1983 488 2167 529 muros
2195 472 2239 530 A
2272 471 2534 526 nefarium
2569 469 2901 526 commisisse
2943 473 3196 542 negavit:
3242 474 3334 527 sed
3368 487 3559 528 coram
3594 474 3847 528 omnibus

594 567 758 624 Urbis
785 568 1083 622 nullatenus
1132 567 1215 621 vel
1251 567 1342 637 qui
1397 567 1582 623 labore
1632 582 1888 620 manuum
1940 581 2160 621 suarum

593 661 776 715 vivere
809 658 1045 722 valeant,
1079 659 1161 712 vel
1189 659 1300 729 qui,
1332 667 1389 713 ut
1417 660 1488 712 ita
1529 659 1779 724 dixerim,
1840 657 2163 714 Christiani-

593 760 757 805 tatem
790 765 963 810 suam,
1002 750 1144 804 sicut
1179 751 1354 814 decet,
1407 733 1720 813 observent,
1774 749 1957 819 egredi
1992 748 2162 804 libere

590 838 796 907 possint
823 856 837 892 :
866 854 930 892 ac
957 853 1053 908 per
1079 840 1200 903 hoc,
1243 839 1351 892 imo
1377 855 1474 908 pro
1525 839 1612 892 his
1639 839 1909 901 omnibus,
1939 839 1982 893 si
2013 837 2163 892 citis-

590 931 725 984 sime
753 938 830 994 et,
867 931 1117 984 omnibus
1140 931 1514 984 occasionibus
1553 931 1909 1000 omnibusque
1936 945 2163 983 excusa-

593 1019 830 1075 tionihus
878 1019 1192 1089 pos1positis
1219 1029 1271 1074 et
1320 1019 1662 1089 contemptis,
1701 1021 1769 1073 ad
1797 1007 1963 1074 omne
2008 1018 2166 1073 nobis

588 1117 644 1165 et
675 1111 803 1164 huic
829 1109 1032 1180 regioni
1071 1110 1230 1165 valde
1252 1108 1467 1163 al'llictte
1491 1109 1878 1164 conferendum
1911 1108 2160 1164 solatium

589 1214 696 1254 non
726 1200 1003 1263 veneritis,
1041 1200 1226 1269 procul
1277 1201 1439 1255 dubio
1489 1201 1630 1255 scire
1669 1201 1897 1271 potestis
1943 1200 2065 1268 quia
2096 1199 2162 1253 ad

591 1297 871 1357 peceatum
919 1299 1159 1344 vestrum
1192 1298 1244 1343 et
1284 1291 1537 1343 damnum
1570 1290 1808 1344 omnium
1863 1289 1976 1344 base
2017 1294 2162 1343 terra

589 1378 804 1447 peribit.
860 1377 1014 1434 Unde
1041 1395 1141 1449 pro
1193 1381 1299 1434 Deo
1327 1379 1644 1433 festinanter
1671 1381 1773 1434 iter
1817 1379 1884 1432 ad
1939 1395 2038 1434 nos
2066 1395 2164 1433 ve-

591 1467 771 1520 niendi
790 1468 1067 1532 assumite,
1085 1477 1140 1522 et
1165 1477 1223 1521 ut
1254 1468 1387 1523 bella
1417 1468 1626 1522 Domini
1652 1469 1769 1522 vice
1791 1468 1934 1520 illius
1950 1466 2164 1537 praelic-

589 1557 743 1622 mini,
775 1559 842 1613 ad
870 1560 1150 1613 beatorum
1193 1558 1558 1627 apostolorum
1611 1557 1820 1620 limina,
1874 1555 1988 1610 Deo
2020 1571 2162 1625 pra:-

589 1646 744 1710 duce,
768 1662 866 1716 pro
897 1647 1325 1702 Christianorum
1351 1649 1591 1703 omnium
1623 1647 1823 1701 auxilio
1854 1656 2161 1717 properate.

587 1734 720 1791 Data
752 1753 813 1792 nt
847 1737 1114 1793 Kalendas
1151 1737 1487 1803 Novembris,
1512 1737 1803 1792 indictione
1835 1751 1927 1791 xrv

1279 1850 1470 1906 CCC".

1124 1958 1212 1996 AD
1264 1956 1622 1998 EUHDEM.

1180 2029 1375 2102 (Anno
1404 2008 1574 2102 δέο.)

588 2113 876 2190 Deusdedit
905 2120 1259 2176 Ravennatem
1298 2123 1492 2190 injuste
1523 2123 2027 2177 excommunicatum
2066 2125 2160 2178 ab-

606 2250 614 2258 _
654 2188 848 2264 solvit;
888 2191 1162 2264 conﬁrmat
1203 2188 1502 2264 illiusicum
1541 2191 1718 2246 Maria
1761 2210 1924 2249 uxore
1972 2195 2159 2264 conju-

656 2257 802 2328 gium
830 2277 848 2314 :
869 2257 1019 2330 jubet
1049 2279 1165 2315 eum
1192 2262 1424 2331 defendi.

657 2365 1141 2425 Reverendissimo-
1170 2378 1226 2426 et
1258 2371 1604 2427 sanctissimo
1634 2371 1860 2430 Romae
1894 2374 2159 2444 archiepi-

587 2473 752 2530 scopo
781 2459 1081 2515 Ravennati
1105 2476 1204 2530 pro
1229 2478 1391 2518 causa
1419 2462 1709 2519 Deusdedit
1740 2465 2161 2532 Ravennatis,et

592 2546 760 2602 Leoni
825 2549 1133 2605 venerabili
1181 2552 1432 2622 epismpo
1497 2556 1662 2610 misso
1708 2564 1764 2610 et
1811 2558 2160 2625 apocrisiario

535 2643 537 2646 ‘
589 2653 814 2692 summa:
836 2639 979 2694 sedis
1019 2650 1217 2695 nostra:
1255 2643 1596 2711 apostolicae,
1637 2659 1844 2699 necnon
1881 2647 2162 2715 quibusvis

593 2727 776 2782 missis
810 2729 1151 2799 imperatoris
1185 2740 1239 2785 et
1264 2733 1514 2789 omnibus
1553 2735 1846 2804 judicihus,
1869 2746 1924 2790 et
1950 2737 2162 2806 populis

589 2814 817 2870 Romani
855 2819 1111 2873 territorii
1161 2822 1498 2886 constitutis,
1547 2825 1866 2892 cunctisque
1914 2826 2164 2881 ﬁdelibus

585 2915 787 2960 sanctae
817 2907 1096 2973 Ecclesiae,
1128 2911 1485 2986 praesentibus
1511 2913 1718 2968 scilicet
1747 2924 1907 2983 atque
1941 2914 2154 2970 futuris.

655 2995 904 3051 Omnium
929 3001 1290 3054 reverentiam
1313 3002 1660 3072 omniumque
1686 3006 1996 3060 industriam
2019 3007 2160 3061 scire

584 3087 868 3140 hortamur
892 3087 1034 3156 quod
1062 3089 1350 3146 Ravennas
1379 3092 1660 3146 Romanus
1687 3096 2158 3165 archiepiscopus,

582 3186 637 3231 et
665 3193 779 3242 ore,
808 3193 931 3232 cum
961 3179 1229 3234 Ravennae
1259 3180 1559 3245 fueramus,
1595 3183 1825 3248 dixerit,
1857 3196 1909 3238 et
1939 3187 2155 3256 scriptis

585 3270 988 3334 transmiserit,
1009 3272 1150 3341 quod
1178 3274 1431 3327 nonnulla
1462 3275 1663 3330 incesta
1699 3276 1943 3347 coniugia
1976 3279 2028 3332 in
2057 3295 2154 3334 sua

580 3359 839 3427 parocbia
879 3359 1140 3426 fuissent,
1183 3371 1238 3415 et
1277 3364 1518 3432 quotidie
1556 3366 1764 3419 ﬁerent.
1813 3367 2015 3422 Deinde
2054 3387 2154 3440 per

583 3463 737 3502 suum
775 3449 1045 3519 legatum,
1078 3452 1414 3507 Dominicum
1459 3455 1710 3510 videlicet
1751 3459 2154 3528 presbyterum,

581 3546 642 3592 ut
673 3538 772 3606 ipsi
805 3539 1028 3608 triginta
1066 3549 1120 3593 et
1159 3541 1263 3595 duo
1292 3553 1507 3607 essent,
1539 3543 1770 3599 dicendo
1796 3546 2153 3616 signiﬁcavit,

536 3651 541 3656 ο
583 3643 886 3698 suggerens
916 3637 977 3683 ut
1007 3639 1188 3685 nostra
1226 3633 1549 3688 auctoritate
1591 3635 1691 3703 ipsi
1729 3650 1824 3689 eos
1854 3635 2042 3691 liceret
2068 3653 2158 3692 ca-

583 3719 779 3773 nonice
805 3735 993 3775 omnes
1015 3719 1279 3789 judicare.
1311 3721 1412 3789 Qui
1444 3725 1695 3779 omnibus
1722 3725 1992 3792 dimissis,
2022 3743 2158 3798 quos

582 3809 746 3864 etiam
777 3812 1099 3867 nominatim
1130 3813 1371 3879 dixerat,
1404 3825 1459 3870 et
1489 3815 1599 3870 sola
1629 3816 1879 3872 inductus
1911 3817 2110 3875 invidia
2139 3861 2160 3887 ,

582 3908 643 3952 ut
672 3917 874 3967 remur,
904 3913 958 3958 et
988 3913 1172 3974 postea
1201 3905 1254 3958 in
1283 3914 1468 3961 sancta
1497 3907 1666 3977 patuit
1698 3908 1904 3980 synodo
1923 3950 1938 3976 ,
1988 3910 2156 3966 Deus-

585 3990 733 4045 dedit
760 3992 970 4047 ﬁdelem
1000 4005 1246 4050 nostrum
1282 3997 1300 4066 (
1326 3997 1446 4064 qui,
1477 3998 1602 4050 dum
1632 3997 1905 4053 Ravennae
1931 3997 2156 4066 fuimus,

584 4076 702 4147 ipse
728 4094 894 4147 penes
924 4097 1022 4134 nos
1049 4082 1286 4151 quotidie
1314 4083 1452 4146 fuit,
1478 4093 1534 4137 et
1561 4099 1742 4137 coram
1783 4101 1870 4141 me
1890 4126 1905 4150 ,
1946 4096 2002 4141 et
2040 4088 2156 4158 ipso

586 4168 992 4238 archiepiscopo
1020 4187 1234 4236 causas,
1262 4179 1324 4224 ut
1354 4171 1640 4235 debuerat,
1670 4173 1981 4244 judicavit),
2008 4184 2160 4246 post-

585 4269 750 4324 quam
813 4256 996 4310 sedem
1051 4259 1398 4326 apostolicam
1457 4261 1778 4330 appellavit,
1837 4277 2154 4318 excommu-

584 4346 769 4402 nicare
798 4362 905 4402 non
937 4347 1268 4403 formidavit.
1299 4349 1416 4419 Ipse
1443 4351 1738 4406 Deusdedit
1761 4367 1892 4407 vero
1918 4353 2022 4407 dux
2055 4368 2156 4423 pro

2265 575 2323 616 se
2354 561 2691 613 innocentem
2724 560 2990 621 ostendit,
3020 569 3074 614 et
3104 561 3270 614 divini
3300 563 3686 632 mundaniqne
3717 562 3846 632 juris

2241 650 2583 708 .auctoritate
2611 666 2668 704 se
2699 651 3041 721 conjugalum
3070 653 3335 721 probavit.
3362 655 3726 724 Quapropter
3755 672 3848 720 una

2265 755 2386 813 cum
2415 749 2600 794 sancta
2631 741 2836 811 synodo
2865 741 3009 795 illum
3043 741 3395 804 absolvimus.
3437 751 3494 798 et.
3533 757 3672 796 eum
3711 759 3845 797 com-

2262 832 2503 886 munioni
2544 841 2741 888 nostra:
2781 833 3121 901 recepimus,
3171 843 3225 888 et
3271 834 3498 888 Mariam
3552 836 3844 906 coniugem

2263 911 2417 979 suam
2458 923 2532 977 illi
2575 938 2796 977 uxorem
2840 938 2960 978 esse
3002 923 3295 993 legitimam
3336 926 3694 980 ﬁrmavimus
3735 941 3846 981 wrn

2262 1014 2634 1070 benedictione
2662 1014 2754 1068 Dei
2786 1015 3170 1083 omnipotentis
3193 1023 3251 1068 et
3274 1026 3454 1071 nostra
3479 1033 3500 1082 ;
3529 1025 3591 1070 et
3635 1018 3682 1071 si
3716 1033 3846 1087 pra:-

2263 1105 2406 1160 fatus
2449 1106 2920 1174 archiepiscopus,
2962 1115 3054 1159 aut
3101 1106 3331 1160 ministri
3379 1105 3532 1173 ejus,
3577 1109 3636 1161 in
3682 1110 3839 1162 rebus

2262 1200 2377 1254 suis
2420 1213 2751 1266 suorumque
2800 1198 3077 1252 hominum
3127 1199 3456 1253 invasionem
3515 1207 3576 1253 et
3632 1197 3846 1254 fortiain

2263 1289 2444 1344 facere
2479 1289 2747 1352 voluerit,
2789 1303 2886 1344 vos
2921 1288 3264 1344 Ravennates
3300 1304 3398 1357 pro
3441 1290 3566 1359 ipso
3608 1289 3762 1344 illum
3793 1291 3850 1344 iu

2261 1379 2376 1434 suis
2421 1379 2710 1435 defendite.
2759 1380 2895 1435 Data
2929 1389 3003 1433 ω
3043 1396 3239 1450 supra,
3294 1381 3604 1438 indictione
3646 1383 3850 1438 decima

2264 1477 2479 1537 quarta.

2943 1559 3160 1615 CCClﬂ.

2331 1663 2402 1704 AD
2451 1663 2768 1705 “SPERTUI
2807 1663 3254 1704 ARCHIEPISCOPUII
3303 1664 3782 1705 IEDI'OLmNSEI.

2869 1739 3045 1809 (Anno
3082 1739 3232 1805 880.)
3302 1725 3306 1728 ’

2269 1845 2649 1918 ιηοιιεᾱὲεηιὶπεί
2686 1865 2807 1918 eum
2855 1849 3050 1917 arguit,
3104 1847 3446 1918 praecipimus
3473 1857 3535 1900 ut
3580 1847 3851 1904 Rhodos!-

2331 1918 2457 1970 dnm
2486 1928 2532 1970 et
2585 1917 2895 1972 Warlemtm
2921 1918 3227 1982 monachos,
3256 1917 3391 1987 auos
3419 1918 3615 1986 injuste
3640 1920 3696 1972 in
3721 1936 3840 1971 car-

2331 2003 2495 2039 cerem
2531 1988 2843 2056 conjecerat,
2875 1987 2949 2041 ad
2973 2003 3154 2042 eorum
3209 1988 3590 2042 monasterium
3630 1988 3838 2042 honori-

2330 2055 2426 2124 ﬁce
2465 2055 2712 2110 remittat.

2331 2167 2612 2221 Ansreu'ro
2652 2166 3054 2236 archiepiscopo
3091 2167 3505 2224 Medioianensi.

2331 2258 2596 2314 Decuerat
2625 2269 2696 2324 te,
2738 2258 2904 2312 frater
2932 2259 3267 2325 charissime,
3299 2275 3435 2329 pura
3469 2261 3648 2315 animi
3679 2261 3836 2317 since-

2260 2348 2421 2404 ritate
2468 2365 2586 2404 eam
2637 2349 2994 2405 reverentiam
3040 2365 3270 2421 eumque
3312 2353 3591 2408 honorem
3646 2364 3832 2409 sancta

2261 2438 2372 2493 sedi
2401 2438 2727 2508 apostolicus,
2764 2441 2848 2494 cui
2885 2442 2994 2495 Deo
3019 2453 3236 2497 auctore
3281 2445 3675 2512 prtesidemus,
3729 2462 3839 2515 quo-

2261 2531 2393 2585 tidie
2424 2531 2748 2600 impendere,
2781 2547 2902 2601 quae
2935 2549 3105 2602 usque
3147 2533 3213 2587 ad
3257 2543 3346 2588 tua
3376 2543 3634 2605 tempora
3669 2552 3842 2591 omnes

2262 2620 2338 2674 tui
2385 2623 2812 2689 przedecessores
2863 2622 3205 2678 laudabiliter
3259 2625 3540 2690 viventes,
3578 2628 3710 2681 huic
3759 2628 3838 2682 Ec-

2260 2710 2438 2767 clesiae
2462 2711 2768 2766 obtulerunt
2797 2727 2964 2782 prona
3011 2714 3205 2769 mentis
3234 2715 3551 2769 devotione.
3600 2715 3712 2770 Pro
3747 2733 3836 2786 qua

2260 2799 2448 2868 rcejus
2472 2802 2676 2870 gremio
2698 2803 2956 2871 suscepti,
2973 2804 3190 2874 quidam
3214 2821 3324 2874 pra:
3351 2807 3641 2860 nonnullis
3664 2823 3846 2862 amore

2260 2889 2440 2944 dilecti
2467 2899 2612 2957 sunt;
2646 2892 2740 2947 sed
2771 2907 2916 2957 ecce,
2947 2893 3087 2963 quod
3115 2895 3232 2950 sine
3261 2895 3448 2950 dolore
3471 2897 3578 2950 diei
3615 2914 3724 2950 non
3750 2914 3834 2967 po-

2260 2979 2386 3044 test,
2418 2982 2599 3036 nescio
2635 2997 2740 3051 qua
2790 2983 2996 3053 antiqui
3046 2984 3218 3038 hostis
3254 2984 3464 3050 fraude,
3508 3001 3538 3039 a
3574 2987 3668 3040 die
3698 2989 3840 3041 orali-

2258 3071 2492 3125 nationis
2518 3079 2638 3134 ure,
2671 3080 2726 3125 et
2749 3080 2988 3140 tempore
3013 3075 3328 3139 senectutis,
3365 3087 3544 3131 contra
3583 3088 3840 3131 sanctam

2182 3133 2227 3194 C
2259 3162 2558 3217 Romanam
2607 3164 2903 3219 Ecclesiam
2956 3176 3182 3221 matrem
3241 3176 3390 3222 lnam
3444 3185 3546 3222 non
3573 3169 3840 3223 destitisti

2259 3267 2404 3306 nunc
2430 3251 2767 3318 inobedieus,
2799 3269 2942 3310 nunc
2991 3255 3208 3312 dolosus
3237 3265 3287 3312 te
3338 3259 3651 3329 patefacere
3681 3275 3698 3313 :
3734 3276 3841 3329 qua

2258 3347 2580 3402 necessitate
2608 3347 2886 3418 compulsi,
2921 3357 2980 3403 te
2997 3350 3278 3420 corripere
3293 3352 3601 3419 apostolico
3628 3350 3839 3422 ﬂagello

2257 3449 2435 3504 opera:
2459 3435 2690 3506 pretium
2729 3437 3012 3501 duximus;
3040 3439 3132 3492 sed
3181 3438 3378 3492 iterum
3425 3449 3661 3508 paterna
3693 3441 3844 3494 ηιἰῷ

2258 3528 2470 3584 ratione
2497 3537 2548 3582 te
2568 3530 2635 3583 ad
2670 3544 2770 3582 nos
2794 3530 3050 3584 reducere
3081 3545 3187 3584 non
3213 3531 3691 3598 prietennisimus,
3716 3545 3836 3601 spe-

2259 3625 2440 3672 rantes
2465 3617 2517 3671 in
2547 3627 2596 3672 te
2629 3618 2696 3672 de
2739 3617 2948 3687 reliquo
2987 3617 3190 3671 nullum
3238 3618 3533 3688 vestigium
3562 3620 3711 3673 circa
3749 3635 3840 3673 nos

2259 3707 2428 3776 culpae
2455 3706 2634 3777 aliquo
2659 3707 2822 3761 modo
2868 3707 3126 3776 reperire,
3181 3706 3303 3776 quia
3331 3717 3388 3760 et
3436 3707 3709 3776 professio
3749 3718 3844 3762 tua

2259 3799 2362 3854 hoc
2387 3813 2570 3853 coram
2601 3798 2757 3852 nobis
2777 3797 3130 3869 jurejurando
3157 3799 3542 3868 spoponderat.
3569 3800 3678 3866 En,
3701 3801 3836 3856 bone

2258 3892 2367 3958 vir,
2424 3891 2628 3961 aliquid
2675 3890 2914 3946 deterius
2962 3891 3301 3946 committere
3354 3905 3468 3945 non
3517 3891 3849 3956 formidati,-

2257 4001 2381 4042 eum
2401 3984 2664 4056 quosdam
2695 3984 2989 4038 monachos
3039 3994 3255 4037 nostros
3297 3983 3519 4037 nomine
3559 3983 3832 4039 Rhodoal-

2257 4079 2408 4140 dum,
2438 4087 2493 4131 et
2533 4075 2870 4138 Warlenum,
2919 4073 3087 4128 Bonna
3119 4073 3186 4127 ad
3231 4089 3387 4128 suum
3447 4076 3834 4128 monasterium

2257 4167 2596 4222 Pultariense
2625 4166 2728 4219 iter
2773 4172 3082 4233 carpentes,
3136 4164 3556 4232 comprehensos
3607 4165 3835 4232 iusseris

2257 4258 2348 4312 diu
2391 4257 2492 4312 sub
2538 4255 2796 4310 custodite
2850 4253 3077 4308 vinculis
3114 4253 3402 4308 reservari.
3464 4252 3611 4319 Quod
3642 4255 3837 4321 quanti

2258 4348 2453 4419 piaculi
2487 4348 2556 4403 sit
2583 4361 2715 4401 sano
2743 4345 3013 4400 intellectu
3057 4343 3174 4413 ipse
3202 4342 3496 4414 perpende,
3539 4355 3842 4413 quantum-

580 4443 766 4491 nostra
817 4435 1074 4493 ﬁdelitate
1126 4438 1213 4493 his
1255 4438 1529 4503 obedivit,
1575 4449 1628 4496 et
1677 4442 1744 4496 ad
1802 4443 2152 4512 apostolicam
2181 4475 2232 4535 Ι)
2257 4455 2363 4510 que
2391 4439 2623 4494 dedecus
2649 4439 2791 4493 sedis
2831 4437 3164 4535 apostolicae,
3188 4451 3309 4505 quae
3336 4435 3553 4491 Christo
3590 4447 3837 4497 auctore.

579 4525 924 4592 praesentiam
955 4528 1141 4583 venire
1186 4529 1358 4583 modis
1397 4530 1648 4585 omnibus
1697 4530 1998 4587 festinavit.
2046 4532 2162 4589 Nos

583 4626 736 4666 suam
762 4629 980 4670 causam
1011 4617 1317 4679 audientes,
1361 4627 1415 4671 et
1449 4617 1541 4688 qui
1582 4633 1704 4672 eum
1744 4635 2004 4677 accusare
2047 4637 2153 4678 non

587 4701 915 4768 debuerant,
943 4719 1010 4758 ex
1041 4714 1192 4774 parte
1222 4706 1617 4776 archiepiscopi
1646 4723 1750 4762 non
1780 4708 2117 4767 invenientes
2136 4751 2152 4777 ,

586 4800 898 4859 poteramus
925 4794 1099 4863 ipsum
1127 4796 1439 4861 absolvere;
1468 4797 1562 4851 sed
1591 4797 1865 4854 noluimus
1887 4839 1902 4865 ,
1952 4815 2156 4870 usque-

583 4903 691 4957 quo
736 4888 1142 4959 archiepiscopo
1169 4890 1533 4956 misissemus,
1587 4891 1710 4945 imo-
1742 4892 1828 4946 cui
1878 4893 2150 4959 misimus,

585 4979 854 5032 dicentes:
884 4986 943 5030 ut
970 4978 1082 5046 ipse
1113 4979 1542 5050 archiepiscopus
1573 4995 1670 5050 pro
1695 4983 1915 5038 statutis
1941 4993 2159 5040 sancta-

585 5083 703 5122 rum
732 5069 824 5122 Dei
853 5067 1215 5123 Ecclesiarum
1237 5110 1250 5133 ,
1279 5085 1332 5123 vt
1363 5069 1486 5124 ldus
1517 5069 1839 5127 Novembris
1884 5074 1952 5129 ad
1995 5090 2158 5146 syno-

587 5160 711 5214 dum
741 5161 1116 5214 eelebrandam
1143 5161 1378 5226 veniret,
1419 5161 1668 5218 deferens
1710 5179 1890 5219 secum
1936 5181 2158 5222 accusa-

585 5259 734 5306 tores
763 5261 814 5305 et
843 5261 1025 5315 testes,
1053 5261 1322 5321 quatenus
1347 5251 1431 5307 his
1458 5253 1652 5309 delatis
1681 5257 1953 5326 negotium
1985 5257 2154 5314 Deus-

587 5341 735 5395 dedit
765 5341 903 5395 inter
933 5343 1034 5395 alia
1066 5342 1324 5396 canonice
1356 5340 1681 5397 ﬁnissemus.
1722 5345 1822 5411 Qui
1856 5361 1952 5414 pro
1983 5361 2041 5400 se
2071 5347 2152 5401 sui

585 5430 821 5486 cardinis
856 5431 1189 5487 Dominicum
1221 5433 1627 5504 presbyterum,
1660 5444 1714 5489 et
1744 5434 2008 5491 Joannem
2041 5438 2156 5492 dia-

586 5534 781 5574 conum
811 5523 975 5586 misit,
1007 5523 1377 5579 transmittens
1395 5539 1518 5580 cum
1547 5523 1655 5579 illis
1677 5525 1908 5594 scriptas
1933 5543 2154 5581 accusa-

586 5611 760 5666 tiones
786 5631 798 5666 :
833 5614 1028 5682 quibus
1053 5615 1270 5686 scriptis
1295 5630 1477 5671 coram
1508 5627 1696 5671 sancta
1729 5617 1934 5686 synodo
1966 5617 2150 5684 lectis,

594 5702 662 5754 ad
703 5718 763 5757 ca
793 5701 1078 5762 Deusdedit
1116 5708 1422 5776 respondit,
1474 5717 1526 5763 ct
1572 5723 1629 5763 se
1681 5708 1946 5762 incestum
1994 5717 2153 5778 atque

2261 4528 2498 4584 etiamin
2547 4527 2808 4582 barbaras
2847 4527 3092 4579 nationes
3129 4525 3299 4579 libera
3352 4541 3573 4596 semper
3611 4527 3730 4582 visa
3759 4539 3842 4582 est

2253 4620 2399 4688 fungi
2432 4617 2734 4688 legatione:
2763 4616 2904 4672 quod
2935 4614 3088 4670 nefas
3125 4615 3323 4669 malum
3360 4617 3462 4669 sub
3489 4616 3643 4670 omni
3687 4617 3838 4669 cete-

2256 4711 2416 4766 ritate
2445 4718 2496 4763 te
2519 4707 2805 4762 eruendam
2830 4707 3132 4770 hortamur,
3149 4715 3199 4760 et
3227 4705 3514 4776 praedictos
3538 4707 3643 4762 Dei
3667 4706 3841 4760 fama-

2257 4804 2337 4857 los
2353 4817 2476 4858 cum
2492 4799 2741 4855 omnibus
2763 4798 2875 4852 suis
2898 4798 3094 4852 illaasos
3118 4799 3268 4854 abire
3295 4799 3518 4870 patiaris
3546 4802 3618 4853 ad
3642 4799 3841 4863 locum,

2259 4897 2551 4951 miserante
2574 4892 2706 4955 Deo,
2733 4907 2844 4947 suze
2887 4891 3255 4946 habita-tionis.
3303 4892 3370 4946 Et
3412 4891 3557 4946 sicut
3589 4902 3678 4946 tuo
3705 4906 3843 4945 con-

2259 4991 2378 5046 silio
2400 5003 2497 5058 pro
2525 4995 2673 5042 certo
2701 4999 2796 5040 eos
2843 4985 3196 5054 cognovimus
3232 4999 3352 5038 esse
3389 4983 3716 5037 innocenter
3742 4998 3842 5037 cu-

2259 5081 2445 5137 stodia
2473 5079 2826 5148 mancipatos.
2854 5078 2949 5139 ita,
2981 5087 3033 5132 te
3060 5075 3310 5138 faciente,
3344 5075 3584 5128 sciamus
3619 5075 3843 5128 eosdem

2262 5171 2498 5226 funditus
2525 5177 2577 5224 et
2609 5184 2731 5223 eum
2761 5167 3085 5237 competenti
3139 5167 3344 5220 honore
3373 5165 3650 5220 dimissos.
3708 5165 3844 5219 Data

2263 5276 2448 5317 mense
2474 5258 2808 5323 Novembris,
2841 5259 3133 5313 indictione
3178 5273 3289 5313 χεν.

2273 5357 2280 5366 ·
2939 5347 3156 5403 CCCIV.

2471 5458 2538 5497 AD
2588 5455 2900 5497 SALOHONEII
2946 5455 3364 5496 PRf‘CUBATOREM
3397 5457 3590 5497 ΡΑΡΙΞ.

2864 5530 3042 5600 (Anno
3080 5531 3224 5603 880.)

2745 5621 2998 5690 Ejusdem
3033 5624 3346 5691 argumenti.

2329 5714 2600 5771 SALOMONI
2640 5711 2977 5782 procuratori
2996 5710 3196 5781 Papiae.
