3984 5430
144 296 249 362 917

1327 298 1684 358 EPISTULA:
1721 297 1809 352 ΕΤ
1848 297 2176 359 DECRETA.

3282 278 3385 359 918

214 416 519 489 Apostoli‘ca
569 417 660 473 tibi
712 417 1030 473 auctoritate
1084 417 1423 488 praecipimus
1480 426 1536 471 ut
1597 431 1708 469 mo-
1738 414 1783 472 A
1812 415 2148 486 praecipimus
2190 428 2249 472 ut
2294 431 2358 473 oe
2388 410 2637 487 praesenti
2675 418 2898 474 Romam
2929 419 2994 474 ad
3031 418 3217 475 limina
3260 436 3385 476 san-

149 512 346 568 nachos
396 518 630 574 nostros,
684 510 736 565 id
764 519 846 565 est
884 508 1252 563 Rhodoaldum
1280 516 1334 563 ct
1372 508 1708 572 Warlenum,

145 615 298 671 quos,
330 608 511 669 spreto
540 599 635 653 Dei
659 600 866 660 timore,
901 613 933 651 a
961 597 1234 652 liminibus
1252 606 1561 652 sanctorum
1585 611 1715 664 apo-

145 692 403 748 stolorum
426 690 493 745 ad
525 704 679 745 suum
703 688 1083 744 monasterium
1116 695 1470 750 revertentes,
1507 693 1561 741 et
1584 686 1714 741 sim-

145 783 357 852 pliciter
386 797 483 851 per
508 783 649 836 viam
694 779 1020 850 gradientes,
1052 777 1510 847 comprehendere
1552 791 1716 831 ausus

146 871 291 928 fuisti
320 881 374 926 et
396 872 448 925 in
477 871 718 926 custodia
766 870 1024 933 retinere,
1050 869 1167 922 sine
1194 868 1337 922 omni
1371 882 1518 921 mora
1546 875 1601 921 et
1636 866 1717 919 di-

147 963 345 1017 latione
379 963 619 1017 dimittas
644 976 766 1016 cum
809 960 1061 1014 omnibus
1089 960 1202 1013 suis
1234 960 1428 1013 reverti
1452 957 1518 1011 ad
1560 972 1715 1012 suum

154 1052 543 1109 monasterium
564 1067 725 1105 sanos
755 1059 916 1120 atque
938 1049 1150 1104 illaesos.
1167 1048 1299 1115 Quia
1319 1057 1522 1102 tantum
1544 1046 1720 1101 scelus

144 1152 200 1199 et
225 1142 474 1211 injuriam
510 1156 606 1213 pro
642 1142 739 1196 hac
785 1155 841 1195 re
879 1141 931 1194 in
968 1141 1150 1195 sedem
1194 1139 1542 1215 apostolicam
1574 1152 1721 1192 com-

147 1235 472 1304 misisti,pro
514 1234 708 1303 quibus
743 1233 888 1304 juste
934 1248 1121 1288 carere
1147 1231 1410 1287 debueras
1452 1229 1722 1284 consortio

144 1326 324 1381 omnis
346 1324 815 1380 Christianitatis:
855 1333 911 1380 et
943 1324 1197 1389 fatemur,
1234 1323 1278 1377 si
1321 1323 1425 1378 hoc
1465 1321 1722 1377 continuo

145 1429 250 1471 non
280 1415 674 1479 emendaveris,
715 1429 744 1468 a
774 1414 1120 1484 perceptione
1156 1412 1401 1481 corporis
1430 1419 1485 1465 et
1507 1410 1723 1481 sangui-

145 1503 231 1558 nis
276 1503 488 1557 Domini
534 1504 701 1569 nostri
754 1502 879 1558 Jesu
921 1502 1119 1558 Christi
1158 1511 1214 1556 et
1233 1501 1452 1556 introitu
1483 1500 1723 1555 ecclesiae

144 1602 198 1648 te
228 1591 654 1661 prohibebitnus.
702 1593 837 1648 Data
869 1606 1057 1649 mense
1084 1590 1393 1658 Novembri,
1428 1589 1723 1646 indictione

143 1683 353 1740 decima
384 1690 578 1755 quarta

833 1794 1031 1853 σοον.

516 1904 586 1943 ΑΒ
616 1902 964 1943 Αυειιιειιτωι
1017 1901 1380 1944 ΙΔΜΙΙΙΟΗΕΙ.

735 1978 935 2048 -(Anno
975 1978 1125 2046 880.)

142 2069 227 2123 Ab
258 2067 794 2121 excommumcatione
819 2083 936 2120 eum
966 2065 1207 2131 absolvit,
1236 2067 1447 2134 ejusque
1471 2064 1725 2134 Itqmines,

172 2160 182 2169 -·
216 2138 265 2190 si
293 2137 457 2206 spatio
485 2134 775 2206 quindecim
808 2135 1010 2189 dierum
1031 2135 1173 2188 intra
1211 2132 1436 2188 mensem
1479 2132 1727 2187 Martium

221 2204 481 2259 Ecclesia
500 2204 880 2273 ’satt'sfecerint.

219 2314 551 2370 Anennnn'ro
580 2313 902 2369 marcbioni.

223 2404 304 2459 Te
333 2419 459 2458 vero
488 2402 613 2474 quia
642 2419 958 2459 conversum
987 2413 1042 2460 et
1068 2404 1278 2462 ﬁdelem
1308 2406 1455 2462 circa
1484 2417 1729 2463 sanctam

147 2498 458 2551 Romanam
511 2495 806 2551 Ecclesiam
855 2506 911 2551 et
956 2512 1056 2553 nos
1114 2499 1482 2568 cognovimus,
1528 2499 1731 2569 absque

149 2603 349 2648 tenore
380 2593 447 2647 ab
473 2592 618 2647 omni
662 2591 1217 2649 exeommunicatione
1255 2594 1603 2660 absolvimus;
1637 2594 1733 2649 ho-

148 2684 394 2738 minibus
424 2682 530 2737 tuis
571 2682 672 2738 sub
700 2696 766 2737 eo
797 2690 986 2738 tenore
1032 2698 1241 2738 sacram
1290 2684 1562 2739 reddimus
1586 2700 1734 2741 com-

149 2777 495 2840 munionem,
545 2782 605 2829 ut
641 2787 858 2830 omnem
907 2775 1364 2839 emendationem,
1428 2776 1568 2831 sicut
1609 2791 1734 2847 pro-

150 2868 384 2923 missum
411 2874 516 2930 est,
546 2864 726 2920 facere
752 2863 819 2918 ad
848 2863 1156 2933 quindecim
1187 2864 1301 2919 dies
1330 2865 1468 2919 intra
1496 2880 1734 2921 mensem

150 2956 413 3009 Martium
442 2953 662 3009 omnino
693 2952 1017 3009 accelerent.
1052 2952 1205 3019 Quod
1232 2954 1278 3008 si
1310 2954 1411 3009 hoc
1439 2953 1618 3010 facere
1639 2971 1729 3011 ne-

150 3037 451 3119 glcxerittt,
523 3062 713 3103 omnes
774 3045 873 3100 sub
924 3045 1114 3100 eadem
1177 3046 1734 3102 cxcomtttunicatione

150 3145 538 3207 permaneant,
569 3137 740 3191 donec
766 3137 962 3189 iterum
990 3135 1054 3189 de
1080 3135 1407 3204 perpetratis
1436 3136 1592 3191 malis
1620 3137 1736 3207 ple-

149 3244 284 3283 nam
325 3226 530 3284 faciant
575 3226 1021 3301 satisfactionem.
1083 3224 1222 3281 Data
1276 3236 1333 3280 ut
1389 3242 1573 3296 supra,
1601 3226 1742 3283 indi-

148 3317 346 3374 ctione
387 3333 499 3374 stv.

850 3402 1068 3460 CCCVI.

382 3512 452 3553 ιι)
487 3511 781 3554 οτειιλιυι
827 3510 1156 3550 YIENNENSEI
1193 3508 1501 3551 EPISCOPUI.

789 3588 964 3661 (Anno
993 3587 1141 3659 880.)

148 3700 357 3773 Arguit
384 3702 522 3773 quod
550 3701 730 3773 faueat
741 3699 898 3756 sociis
912 3698 1175 3773 _Bosont's,
1200 3699 1355 3773 idque
1375 3717 1408 3753 a
1427 3717 1482 3755 se
1498 3701 1747 3773 imperari

231 3768 478 3834 asserat;
520 3768 754 3840 p'raacipit
801 3779 877 3840 ut,
903 3768 1124 3840 Romam
1169 3768 1381 3824 accedat
1419 3779 1476 3825 ut
1525 3768 1748 3826 crimina

229 3856 360 3909 qua:
381 3840 478 3909 ipsi
505 3838 822 3910 objiciuntur
844 3838 1033 3893 diluat.
1324 3866 1329 3868 τ

190 3932 193 3935 λ
230 3944 511 4002 Οτειῑλιιο
538 3957 564 3986 ι
592 3942 886 4003 Viennensi
915 3947 1188 4019 episcopo.

229 4032 391 4088 Inter
410 4031 642 4088 eximios
663 4050 805 4090 nunc
825 4050 996 4106 usque
1023 4036 1223 4092 Christi
1252 4035 1345 4092 Dei
1374 4037 1545 4093 nostri
1570 4052 1750 4095 sacer-

152 4125 331 4179 dotes
380 4132 432 4178 te
481 4123 682 4179 habere
726 4131 1020 4194 tenereque
1060 4124 1281 4182 omnino
1326 4125 1602 4193 volumus;
1654 4128 1749 4184 sed

1813 514 2017 561 ctorutn
2051 507 2414 578 apostolorum
2445 520 2794 581 nostramque
2836 512 3175 580 prmsentiam
3203 514 3391 569 venire

1814 611 2093 665 procures,
2125 607 2182 652 ιιι
2219 600 2285 655 de
2317 600 2509 657 talibus
2537 610 2588 656 te
2614 602 2933 657 criminibus
2956 604 3250 658 secundum
3295 619 3391 659 an-

1814 686 2120 741 ctoritatem
2173 699 2486 745 sanctorum
2528 690 2747 745 Patrum
2774 706 2957 746 coram
2994 692 3150 747 nobis
3176 702 3233 748 et
3265 694 3395 758 sede.

1816 779 2107 848 apostolica
2138 780 2522 837 satisfaciendo
2544 796 2775 852 purgare
2813 782 3014 848 valeas,
3050 790 3393 852 quatenus-Ie

1817 870 1956 924 inter
2002 869 2201 927 fratres
2248 880 2303 927 et
2344 873 2759 929 consacerdotes
2805 872 3040 928 retinere
3092 873 3388 928 valeamus.

1817 956 1976 1023 Nam,
2004 954 2145 1027 quOd
2177 975 2281 1013 non
2314 961 2607 1026 credimus,
2633 960 2677 1015 si
2710 959 2868 1014 aliter
2890 959 3102 1024 feceris,
3127 968 3182 1014 et
3207 960 3393 1014 venire

1818 1050 2125 1116 distuleris,
2173 1052 2343 1108 donec
2392 1053 2533 1108 hanc
2571 1061 2811 1109 nostram
2853 1053 3152 1124 iussionem
3207 1053 3394 1122 imples-

1819 1141 1984 1208 veris,
2013 1142 2155 1199 scias
2199 1151 2255 1198 te
2291 1144 2436 1199 omni
2482 1144 2771 1214 episeOpali
2798 1142 2973 1199 ofﬁcio
3008 1158 3132 1200 esse
3172 1143 3391 1214 privan-

1821 1232 1969 1288 dum.

2484 1322 2727 1381 CCCVH.

1964 1428 2034 1468 an
2065 1429 2407 1470 nanmuenntt
2443 1430 2714 1479 COIITEM,
2751 1428 3109 1480 attentions,
3127 1428 3251 1470 are.
3412 1439 3419 1473 l

2438 1505 2614 1578 (Anno
2639 1506 2790 1575 880.)

1826 1594 2065 1666 Osteuatt
2090 1595 2187 1651 sibi
2216 1596 2570 1664 gratissimam
2592 1596 2754 1666 fuisse
2774 1613 2951 1651 eorum
2973 1599 3028 1651 iu
3066 1595 3246 1650 sedem
3268 1610 3396 1664 apo-

1895 1663 2132 1736 stolicam
2156 1663 2567 1736 observantiam;
2590 1663 2831 1736 hortatur
2851 1666 2919 1720 ad
2940 1663 3397 1736 perseverantiam.

1753 1754 1804 1817 Β
1898 1733 2053 1817 ubet
2076 1734 2371 1816 legatos'ad
2394 1750 2448 1788 se
2477 1735 2843 1817 minima-ibus
2871 1733 3401 1817 retiertelnl‘ibushlega-

1899 1812 2009 1875 tum
2037 1790 2201 1875 suum
2224 1803 2505 1875 missurum
2532 1790 2824 1875 pollicetur,
2854 1806 2937 1858 cui
2975 1805 3071 1873 ipsi
3094 1790 3399 1871 ﬁdelitatem

1887 1873 2048 1942 juxta
2077 1871 2325 1928 Ecclesiae
2353 1874 2509 1928 ritum
2530 1871 2833 1944 promittant

1895 1984 2362 2041 Excellentissimo
2387 1984 2504 2041 virb
2527 1985 2842 2053 Bansmeao
2871 1984 3105 2055 glorioso
3129 1998 3233 2039 con
3255 1981 3316 2038 itl
3342 1988 3402 2038 et

1828 2075 2024 2132 dilecto
2053 2077 2162 2132 ﬁlio
2186 2086 2373 2132 nostro
2416 2086 2579 2144 atque
2619 2076 2870 2133 omnibus
2911 2074 3173 2146 religiosis
3212 2089 3397 2130 sacer-

1829 2164 2066 2229 dotibus,
2098 2171 2152 2219 et
2186 2162 2589 2218 honorabilibus
2627 2161 2929 2231 iudicibus,
2966 2170 3266 2230 cunctoque
3299 2176 3403 2230 po-

1827 2256 1955 2326 pulo
1983 2271 2089 2327 pax
2109 2264 2164 2311 et
2190 2255 2361 2326 gratia
2391 2270 2421 2309 a
2449 2256 2675 2311 Domino
2695 2253 2820 2309 Jesu
2841 2253 3076 2309 Christo.

1901 2346 2094 2402 Audita
2142 2361 2244 2416 per
2285 2345 2642 2401 Theodosium
2684 2343 3044 2399 venerabilem
3091 2343 3411 2414 episcopum

1830 2445 2071 2494 vestrum
2101 2437 2204 2492 ﬁde
2231 2443 2287 2491 et
2313 2435 2593 2491 devotione
2614 2474 2631 2499 ,
2676 2448 2836 2502 quam
2873 2433 3019 2489 circa
3048 2434 3231 2488 sedem
3259 2432 3411 2487 beati

1832 2530 1981 2587 Petri
2012 2526 2237 2599 apostoli
2267 2535 2320 2583 et
2347 2527 2512 2581 nostri
2543 2523 2800 2594 pontiﬁcii
2844 2538 2942 2578 vos
2982 2522 3182 2576 habere
3210 2535 3416 2591 cogno~

1835 2621 2058 2684 scimus,
2104 2619 2403 2673 immensas
2437 2616 2549 2673 Deo
2599 2615 2800 2687 gratias
2848 2613 3180 2678 referentes,
3212 2626 3415 2682 magno

1836 2708 2032 2782 gaudio
2059 2723 2245 2764 sumus
2273 2706 2494 2778 repleti;
2530 2706 2619 2775 qtti
2651 2720 2749 2760 vos
2772 2719 2919 2758 nunc
2939 2703 3007 2758 ad
3042 2711 3244 2757 tantam
3289 2717 3412 2771 gra-

1837 2800 1968 2854 tiam
2015 2800 2346 2869 perducere,
2385 2805 2440 2853 et
2481 2797 2624 2851 inter
2663 2810 2801 2850 oves
2840 2808 2968 2850 suas
3020 2807 3412 2848 connumerare

1837 2891 2089 2963 dignatus
2109 2897 2211 2954 est,
2241 2888 2532 2944 secundum
2557 2885 2701 2956 quod
2742 2885 3000 2940 Dominus
3040 2884 3142 2954 ipsi
3182 2882 3413 2952 principi

1839 2980 2203 3051 apostolorum
2234 2976 2522 3039 commisit,
2550 2975 2774 3031 dicens:
2807 2973 2869 3030 Si
2891 2972 3067 3043 diligis
3095 2989 3195 3038 me,
3228 2971 3416 3026 Simon

1842 3068 2032 3134 Petre,
2067 3084 2221 3137 pasce
2246 3082 2363 3120 oves
2406 3081 2552 3119 meas
2585 3063 2769 3135 (Ioau.
2807 3062 2947 3134 XXI).
2978 3063 3131 3119 Unde
3176 3070 3420 3117 vestram

1841 3159 2191 3220 ﬁdelitatem,
2236 3166 2291 3209 et
2335 3153 2850 3210 Christianissimam
2897 3154 3272 3216 devotionem,
3332 3151 3419 3205 Itis

1838 3244 2040 3302 nostris
2087 3242 2396 3313 apostolicis
2428 3240 2625 3295 litteris
2669 3241 3019 3295 admonemus
3056 3247 3112 3295 et
3157 3240 3417 3293 exhorta-

1839 3349 1985 3396 mur,
2025 3340 2084 3386 ut
2123 3332 2269 3386 sicut-
2310 3329 2490 3384 divitta
2534 3327 2885 3398 inspiratione
2932 3339 3093 3397 agere
3140 3325 3417 3396 coepistis,

1832 3464 1835 3467 -
1876 3437 2011 3494 sque
2038 3422 2106 3477 ad
2152 3421 2319 3476 ﬁnem
2354 3418 2616 3491 perﬁcere
2650 3426 2707 3473 et
2739 3418 3031 3473 observare
3056 3431 3165 3473 non
3197 3422 3422 3485 praeter-

1839 3511 2100 3579 mittatis,
2128 3519 2396 3582 quatenus
2422 3509 2519 3579 qui
2565 3508 2669 3564 sub
2709 3507 2796 3563 ala
2840 3514 2897 3563 et
2946 3507 3209 3577 regimine
3253 3513 3420 3576 atque

1843 3603 2153 3660 defensione
2177 3601 2320 3657 beati
2350 3599 2493 3655 Petri
2536 3598 2763 3669 apostoli
2797 3606 2856 3653 et
2897 3604 3084 3652 nostra
3112 3604 3226 3653 toto
3248 3609 3424 3652 cona-

1842 3696 1987 3752 mine
2012 3709 2111 3751 vos
2128 3693 2383 3758 subdere,
2411 3689 2647 3759 atquein
2672 3687 2790 3757 ejus
2809 3687 3031 3743 servitio
3047 3700 3420 3759 perseverare,

1843 3786 2003 3856 quasi
2028 3784 2207 3840 dilecti
2230 3782 2325 3836 ﬁlii
2352 3780 2704 3851 procurastis,
2730 3778 2968 3848 apertius
2993 3776 3100 3833 hoc
3122 3776 3422 3833 ostendatis

1844 3884 2011 3945 atque
2037 3872 2326 3946 impleatis,
2360 3881 2420 3926 ut
2444 3870 2703 3926 Dominus
2728 3868 2783 3923 in
2812 3867 3105 3937 Evangelia
3130 3866 3262 3922 dicit
3292 3865 3455 3931 {8‘67

1847 3964 2016 4019 luceat
2046 3964 2141 4018 tua:
2182 3970 2354 4016 vestra
2395 3975 2574 4015 coram
2619 3958 2936 4023 hominibus,
2961 3966 3018 4010 ut
3043 3956 3252 4012 uideant
3285 3955 3425 4011 bona
3452 3986 3455 3989 -

1849 4049 2007 4127 opera
2052 4065 2253 4117 vestra,
2283 4062 2334 4107 et
2377 4051 2667 4122 gloriﬁcent
2709 4047 2923 4104 Patrem
2966 4058 3212 4104 oestrum
3233 4046 3323 4118 qui
3371 4046 3437 4102 iis

1850 4143 1989 4200 aclis
2018 4153 2095 4199 est
2117 4141 2332 4216 (Matth.
2358 4139 2434 4211 ν).
2469 4139 2538 4193 Et
2569 4148 2631 4194 ut
2656 4139 2730 4194 ita
2758 4138 2863 4194 hoc
2900 4153 3001 4208 per
3040 4138 3228 4192 orbem
3254 4145 3441 4191 terra-u

150 4213 293 4284 quia
337 4211 720 4268 ecclesiasticae
752 4212 873 4283 paci
915 4221 971 4269 et
1013 4212 1233 4267 utilitati
1280 4215 1557 4270 contraria
1591 4230 1753 4285 agere
1852 4250 1972 4290 mm
2000 4211 2197 4291 νθειέω
2228 4229 2536 4301 sponsionis
2559 4228 2886 4295 mmmam,
2916 4235 2979 4282 ιιι
3006 4226 3300 4282 auxiliante
3328 4224 3434 4281 9ο-

154 4303 445 4367 audimus,
488 4301 645 4357 valde
682 4301 988 4390 miramur,
1040 4302 1392 4360 nihilominus
1435 4312 1493 4360 et
1553 4305 1753 4361 turbati
1853 4325 2031 4390 mino,
2071 4330 2127 4379 ει
2153 4328 2464 4377 sanctorum
2489 4315 2855 4386 aposwlomm
2882 4312 3298 4384 sum-383mb“;
3326 4326 3439 4367 me.

154 4394 482 4488 existimas,
510 4408 576 4488 eo
619 4386 761 4488 quod
778 4433 806 4479 ,_
825 4393 968 4448 sicut
1003 4393 1238 4448 ﬁdelium
1276 4394 1449 4450 relatu
1479 4395 1748 4488 comperi-
1781 4428 1829 4488 Β
1853 4386 2111 4479 τίιίε,⁷θα
2153 4425 2273 4481 qua,
2320 4406 2481 4464 salua
2540 4414 2597 4459 ει
2644 4404 2862 4459 “unum
2907 4404 3149 4459 omnium
3191 4407 3457 4456 νθειτιιιιι,

156 4500 313 4579 mus,
346 4482 431 4538 his
457 4482 547 4552 qui
571 4480 927 4579 eum-bosone
952 4493 1338 4562 pmsllmpwm
1361 4491 1417 4537 εί
1451 4482 1601 4553 "igni
1631 4480 1820 4551 Per":
1857 4506 2096 4579 proﬁcua
2121 4480 2270 4567 sunt,
2296 4499 2564 4571 possimus
2590 4496 2659 4550 ad
2689 4495 2946 4549 honorem
2968 4499 3027 4546 et
3050 4489 3459 4546 exaltationetn.

156 4574 454 4629 tnrbatore
501 4571 839 4642 tyrannidem
888 4584 1141 4625 exercere
1190 4586 1297 4625 non
1336 4580 1588 4638 cessant,
1616 4587 1753 4629 ausu

157 4663 465 4722 temerario
495 4662 674 4716 favere
699 4674 994 4729 eorumque
1033 4660 1190 4716 malis
1221 4663 1473 4730 operibus
1510 4678 1753 4719 commit-

157 4757 363 4812 uicare
410 4768 730 4825 praesumas,
769 4761 821 4806 et
867 4751 918 4806 iu
960 4753 1268 4822 superbiant
1315 4769 1502 4809 eorum
1548 4769 1756 4822 sequax

156 4848 439 4912 existens,
473 4844 603 4899 falsa
631 4844 882 4914 Opinione
907 4851 1152 4898 sanctam
1186 4850 1423 4897 nostram
1454 4842 1758 4903 Romanam

108 4942 117 4951 ‘
160 4936 477 4994 Ecelesiam
510 4932 773 4988 infamare
803 4948 908 4988 non
952 4931 1185 4997 dubitas,
1207 4932 1351 5001 quod
1378 4932 1447 4986 ad
1481 4931 1763 5002 taliaper-

158 5028 444 5100 agendum
490 5024 658 5095 ipsius
706 5025 1082 5080 auctoritatem
1125 5024 1322 5079 habere
1365 5032 1417 5078 te
1454 5023 1761 5100 certiﬁces;

158 5118 316 5190 quod
368 5129 531 5185 quam
578 5114 853 5169 evidenter
900 5114 1185 5171 ostendere
1235 5129 1339 5170 non
1370 5113 1608 5189 poteris,
1648 5130 1770 5185 pro

1859 4605 2061 4653 sach
2085 4591 2231 4648 sedis
2254 4587 2563 4660 apostolicae
2584 4586 2959 4643 incunctanter
2985 4579 3269 4649 perﬁcere,
3297 4579 3469 4639 sicut;

1861 4683 2079 4741 nomine
2107 4686 2289 4735 vestro
2312 4677 2516 4745 scripta
2541 4672 2712 4729 nobis.
2735 4669 3067 4735 mandastis,
3092 4669 3167 4723 ita
3211 4668 3265 4723 iu
3297 4668 3444 4724 libro
3462 4704 3477 4722 .

1864 4773 2070 4831 caelesti
2109 4769 2313 4840 scripta
2339 4773 2710 4841 permaneant.
2739 4764 3077 4837 Quapropter
3126 4759 3467 4815 mandamus.-

1866 4875 1930 4920 ut
1956 4868 2258 4918 revertente
2281 4860 2349 4916 ad
2378 4872 2477 4913 vos
2499 4855 2696 4911 dilecto
2712 4857 2967 4927 episeopo
2989 4857 3190 4913 vestro,
3220 4848 3467 4903 idoneos-

1867 4956 2073 5025 legatos
2108 4950 2329 5007 vestros
2354 4945 2764 5022 praesentialiter
2807 4946 2874 5002 ad
2922 4954 3025 4997 nos
3064 4937 3297 5003 dirigere
3341 4950 3463 4990 non.

1870 5039 2317 5120 praetermittatis,
2342 5038 2435 5111 qui
2464 5050 2562 5107 pro
2607 5047 2765 5104 parte
2790 5033 3035 5120 omnium
3078 5035 3320 5081 vestrum
3355 5038 3481 5120 nos.

1873 5112 1930 5195 et
1955 5132 2133 5189 sedem
2164 5131 2520 5199 apostolicam
2551 5127 2845 5184 consulant
2871 5124 2938 5179 de
2968 5116 3054 5171 his
3080 5128 3200 5182 quae
3238 5112 3461 5168 manda-
