4026 6308
494 276 599 332 9l9

1770 281 2049 340 JOANNIS
2086 278 2286 335 PAPJE
2334 279 2440 334 VIII

3650 282 3776 338 920

493 389 691 456 neatis,
718 391 970 459 quoniam
999 391 1253 461 scriptum
1279 401 1361 446 est
1391 409 1404 446 :
1433 391 1624 448 Melius
1663 403 1734 448 est
1762 403 1934 447 votum
1961 409 2065 445 non
2095 397 2141 453 Α
2170 405 2268 446 nos
2300 392 2580 446 enimvero
2602 401 2862 460 quantum
2889 390 2943 447 iu
2989 391 3145 448 nobis
3189 401 3295 459 est,
3325 391 3444 448 zelo
3491 392 3594 448 Dei
3631 409 3774 449 suc-

493 496 694 544 covere,
721 497 874 551 quam
898 491 1008 550 post
1033 491 1205 534 totum
1232 481 1491 547 promissa
1513 500 1614 536 non
1633 483 1844 553 implere
1871 483 2060 552 (Eccli.

493 573 572 635 ν).
606 571 836 642 Spiritus
861 571 1101 638 Domini,
1144 573 1235 642 qui
1281 573 1470 628 orbem
1502 581 1658 628 terra:
1701 572 1944 642 replevit,
1974 588 2064 626 re-

492 662 639 731 pleat
667 671 904 715 vestrum
953 677 1050 716 eor
1090 661 1237 717 omni
1275 677 1408 732 pace
1435 670 1490 718 ct
1517 663 1711 734 gaudio
1753 665 1808 719 iu
1850 663 2065 719 Christo

488 750 617 806 Jesu
640 749 863 806 Domino
887 759 1091 806 nostro.

1150 841 1408 898 CCCVI".

759 945 825 984 AD
865 944 1166 985 MlCllAELEM
1203 946 1378 986 REGE)!
1428 946 1796 986 BULCAROBUM.

1106 1019 1281 1090 (Anno
1321 1019 1470 1090 880.)

491 1108 724 1163 Miratur
749 1111 891 1180 quod
910 1111 1104 1180 legatos
1131 1127 1233 1164 non
1254 1111 1471 1176 miserit,
1497 1110 1932 1180 quemadmodum
1947 1111 2066 1180 jam

523 1180 617 1232 diu
643 1180 984 1248 promiserat;
1013 1190 1184 1234 monet
1205 1191 1262 1234 ut
1296 1181 1352 1236 id
1372 1180 1813 1250 quamplurimum
1845 1181 2026 1249 faciat.

564 1269 768 1324 Dilecto
815 1285 878 1324 ac
923 1271 1148 1340 spiritali
1199 1271 1307 1324 lilio
1355 1271 1617 1325 MICHAELI
1670 1269 1902 1340 glorioso
1953 1270 2064 1341 regi

491 1357 876 1428 Bulgarorum;
923 1361 1095 1432 gratia
1130 1359 1306 1427 vobis,
1351 1371 1407 1417 et
1449 1377 1554 1431 pax
1595 1377 1626 1414 a
1671 1361 1782 1416 Deo
1811 1361 1970 1415 Patre
2011 1369 2068 1417 et

492 1447 722 1504 Domino
741 1448 886 1512 .Jesu
915 1451 1152 1504 Christo.
1189 1492 1192 1494 .

563 1540 822 1596 Miramur
842 1545 983 1612 quod
1007 1552 1155 1598 tanto
1173 1543 1283 1613 jam
1299 1553 1539 1613 tempore
1565 1552 1856 1608 transacto,
1873 1544 2067 1600 missos

492 1640 700 1687 vestros
740 1633 806 1688 ad
855 1642 1098 1688 sanctam
1146 1634 1442 1688 Romanam
1489 1634 1782 1689 Ecclesiam
1834 1643 2063 1690 matrem

2165 481 2312 536 censi
2350 497 2413 537 ea
2444 497 2565 551 qua:
2594 481 2661 536 ad
2690 483 2951 536 honorem
2980 493 3180 538 sanetre
3207 484 3465 539 “uruanas
3488 485 3772 540 Ecclesiae

2166 571 2434 640 pertinent
2472 586 2801 642 exaggerare
2847 572 3061 642 penitus
3105 583 3447 645 satagemus:
3483 592 3514 628 a
3551 577 3774 646 quibus

2165 676 2266 715 nos
2289 661 2434 714 nulla
2465 661 2744 727 ferocitas,
2774 663 2917 717 nulla
2964 665 3228 719 malorum
3279 667 3568 721 hominum
3595 684 3770 722 com-

2165 745 2424 815 minatio,
2460 751 2633 806 donec
2674 753 2895 820 spiritus
2925 762 3073 824 reget
3126 763 3294 817 artus,
3327 757 3530 823 poterit
3559 771 3769 824 seque-

2165 849 2360 895 strare.
2398 840 2550 907 Quod
2569 841 2864 910 iussionem
2893 843 3061 896 nostri
3094 840 3356 912 pontiﬁcii
3382 844 3598 914 ingenti
3623 860 3770 913 prm-

2165 930 2467 999 sumptioue
2493 933 2780 986 absurdam
2821 933 3080 1000 posuisti,
3108 935 3436 989 omnimodis
3485 937 3768 1004 temetip-

2163 1031 2283 1070 sum
2315 1019 2530 1088 proprio
2545 1018 2728 1088 jaculo
2754 1020 3132 1086 reverberasti,
3161 1031 3214 1076 et
3237 1022 3381 1076 velut
3404 1024 3562 1091 aspis
3582 1027 3765 1076 surda

2165 1110 2325 1165 saluti
2350 1119 2451 1165 tuo:
2473 1113 2889 1180 congruentibus
2941 1126 3124 1166 aurem
3154 1129 3257 1166 non
3294 1115 3766 1167 aceommodasti.

2168 1198 2272 1253 Sed
2332 1199 2460 1268 quid
2499 1200 2698 1270 plura?
2743 1203 2938 1255 lterum
2987 1211 3148 1272 atque
3197 1203 3390 1257 iterum
3451 1205 3765 1258 inhibendo

2166 1288 2457 1358 apostolica
2482 1290 2804 1344 auctoritate
2831 1291 3190 1360 prmcipimus,
3224 1293 3517 1345 terminum
3555 1291 3617 1346 S.
3650 1292 3761 1346 Pe-

2166 1378 2236 1432 tri
2269 1378 2336 1432 ad
2366 1379 2775 1450 ingrediendum
2813 1381 3053 1435 animum
3081 1392 3318 1436 vestrum
3348 1398 3456 1438 non
3485 1384 3760 1444 incitetis,

2165 1482 2443 1538 quousque
2473 1470 2714 1539 prazdieti
2754 1469 2914 1540 legati
2945 1473 3114 1525 nostri
3143 1471 3210 1525 ad
3239 1487 3337 1526 nos
3373 1482 3764 1537 revertantur,

2164 1561 2343 1615 omnia
2359 1563 2512 1617 nobis
2540 1563 2915 1627 renuntiaturi,
2945 1563 3182 1632 itemque
3201 1563 3340 1618 alios
3352 1565 3421 1617 ad
3442 1579 3547 1618 nos
3573 1574 3763 1618 transr-

2169 1652 2383 1707 mittere
2421 1669 2598 1710 cures.
2635 1653 2770 1710 Data
2797 1663 2990 1710 octavo
3023 1654 3293 1710 Kalendas
3331 1654 3639 1721 Februarii,
3665 1656 3758 1710 in-

491 1728 727 1775 vestram
765 1731 821 1776 et
863 1723 928 1777 ad
977 1738 1076 1778 nos
1120 1738 1226 1776 non
1282 1723 1674 1778 transmisistis.
1721 1723 1874 1779 Modo
1916 1740 2062 1790 vero,
2100 1733 2141 1794 Β
2170 1741 2405 1797 dictione
2431 1759 2545 1797 m,

493 1807 634 1862 sicut
661 1808 813 1863 nobis
845 1809 1027 1864 retulit
1052 1809 1385 1864 Theodosius
1412 1811 1733 1866 venerabilis
1759 1812 2064 1882 episcopus,

494 1897 690 1953 missos
719 1907 836 1953 tuos
863 1914 984 1954 eum
1005 1915 1070 1954 eo
1093 1901 1323 1969 dirigere
1348 1900 1693 1970 promiseras,
1723 1901 1813 1956 sed
1837 1918 1934 1972 pro
1961 1917 2065 1972 qua

494 2003 658 2042 causa
700 2004 792 2044 eos
819 1989 1050 2059 dirigere
1077 1992 1516 2060 praetermiseris,
1555 1991 1883 2062 ignoramus.
1913 1991 2066 2048 Unde

494 2093 591 2132 vos
619 2078 731 2146 jam
759 2094 1141 2148 recognoscere
1163 2081 1472 2149 oportebat,
1511 2083 1671 2135 etiam
1699 2083 1764 2137 ad
1797 2091 2063 2152 pastorem

493 2179 548 2238 et
578 2171 882 2240 pontificem
914 2173 1212 2226 animarum
1255 2182 1555 2226 vestrarum
1587 2174 1780 2227 reverti
1821 2182 1928 2227 tota
1973 2174 2065 2228 de-

494 2259 709 2314 votione
738 2261 1076 2324 debueratis;
1127 2261 1266 2316 unde
1295 2262 1380 2316 his
1406 2262 1607 2316 nostris
1641 2263 1950 2332 apostolicis
1978 2263 2068 2317 lit-

494 2350 624 2404 teris
668 2366 766 2404 vos
819 2337 970 2419 quasi
1019 2352 1362 2408 charissimos
1416 2354 1954 2408 liliosadmouemus
2009 2362 2066 2408 et

493 2441 866 2505 exhortamur,
899 2451 957 2495 ut
985 2443 1050 2496 de
1079 2445 1329 2512 praesenti
1375 2453 1583 2498 vestros
1623 2444 1844 2499 idoneos
1871 2445 2066 2499 missos

496 2529 649 2582 nobis
675 2531 1040 2606 transmittere
1064 2547 1166 2584 non
1194 2532 1466 2596 dubitetis,
1491 2541 1755 2601 quatenus
1788 2533 1856 2586 ab
1882 2533 2064 2587 uberi-

495 2619 593 2674 bus
621 2621 808 2673 matris
830 2629 1022 2677 vestra:
1044 2631 1240 2676 sancta:
1262 2622 1505 2677 videlicet
1536 2622 1787 2676 Romana:
1815 2621 2066 2678 Ecclesia:

493 2709 760 2763 satiemini
800 2711 1050 2780 omnique
1078 2711 1214 2764 bono
1256 2712 1588 2780 repleamini.
1616 2712 1748 2777 Quia
1789 2727 1887 2766 nos
1916 2728 2065 2767 more

494 2809 718 2867 paterno
749 2801 890 2857 ulnis
919 2803 1156 2856 extensis
1197 2817 1292 2856 vos
1335 2803 1618 2872 amplecti,
1653 2813 1707 2857 et
1735 2804 1888 2871 quasi
1936 2819 2066 2858 oves

495 2891 695 2946 Christi
752 2891 906 2946 nobis
961 2893 1277 2946 commissas
1329 2893 1473 2946 alere
1527 2903 1580 2945 et
1631 2892 1840 2947 salvare
1893 2895 2063 2964 parati

495 2980 804 3043 existimus,
836 2982 1122 3035 secundum
1163 2983 1304 3049 quod
1338 2982 1590 3037 Dominus
1618 2983 1749 3038 dicit
1785 2985 1940 3039 beato
1965 2985 2067 3039 Pe-

2255 1916 2322 1955 ΔΙ)
2354 1916 2665 1959 ANSPERTUI
2701 1919 3142 1961 πεωοιληκεεκ
3179 1919 3639 1963 Αιειιιειιιξοοιιπι.

2779 2003 2956 2074 (Anno
2990 2002 3148 2074 88L)

2167 2109 2454 2186 Conﬁrmat
2507 2113 2719 2185 Iosephi
2772 2116 3282 2186 episcopiiAstensis
3333 2116 3747 2186 ordinationem,

2233 2183 2324 2250 qui
2352 2181 2484 2264 alias
2512 2181 2691 2237 contra
2718 2181 2953 2267 capones
2988 2185 3324 2243 Vercelieusis
3361 2185 3619 2242 Ecclesia:
3631 2187 3751 2254 [ue-

2235 2260 2317 2303 rat
2341 2260 2607 2321 episcopus
2636 2260 2967 2309 constitutus.
3037 2325 3042 2330 '

2233 2360 2516 2417 Ausrsn'ro
2545 2362 2926 2421 Mediolanensi
2953 2366 3378 2438 archiepiscopo.

2234 2452 2653 2510 Consultatiouis
2683 2465 2787 2511 tua:
2815 2473 2919 2528 qua
2966 2473 3064 2513 nos
3095 2474 3253 2527 super
3302 2457 3529 2528 Ioseph,
3574 2472 3754 2527 nuper

2167 2542 2218 2597 in
2242 2542 2566 2598 Vercellensi
2595 2540 2827 2600 Ecclesia
2857 2547 3111 2612 ordinati,
3140 2563 3276 2602 nova
3307 2561 3453 2601 nunc
3479 2545 3755 2601 electione

2166 2633 2250 2687 vel
2280 2634 2616 2690 ordinatione
2649 2636 2699 2690 in
2742 2635 2978 2692 Ecclesia
3029 2637 3269 2701 Astensi,
3320 2637 3611 2692 consulere
3641 2652 3752 2690 vo-

2170 2723 2336 2785 luisti,
2368 2725 2668 2796 perspectis
2717 2727 3165 2803 suggestiouibus,
3207 2726 3403 2796 quibus
3434 2742 3600 2795 super
3638 2726 3749 2780 hoc

2169 2823 2367 2870 nostra:
2395 2816 2726 2871 auctoritatis
2766 2817 3069 2871 consultum
3122 2815 3372 2884 requiris,
3404 2815 3744 2870 canonicum

2162 2901 2541 2971 judicavimus,
2570 2913 2624 2959 et
2662 2905 2865 2960 nostris
2919 2905 3013 2958 tibi
3055 2904 3287 2959 decretis
3335 2905 3754 2965 convenienter,

2169 2995 2396 3065 prepitia
2453 2996 2762 3059 Divinitate,
2796 2995 3184 3065 respondimus.
3217 2995 3416 3049 Fuerat
3453 3003 3632 3047 autem
3672 2995 3752 3046 de

497 3080 581 3124 tro
610 3059 824 3152 :rPa'sre
867 3087 982 3124 oves
1029 3088 1169 3125 meas
1184 3089 1202 3136 ;
1232 3071 1487 3141 quidquid
1525 3073 1668 3126 enim
1697 3075 1849 3129 vobis
1884 3075 2065 3144 dirigi-
2095 3107 2140 3170 C
2169 3059 2544 3154 illo-primum,
2584 3094 2644 3137 ut
2673 3083 2786 3152 ipse
2816 3059 3027 3136 mecum
3071 3083 3326 3144 advertis,
3367 3080 3620 3152 quoddam
3651 3082 3750 3133 ir-

496 3149 876 3240 tuus,crcdere
900 3162 1118 3218 omnino
1141 3165 1386 3232 potestis,
1410 3165 1530 3234 quia
1566 3180 1664 3234 pro
1691 3165 1862 3220 salute
1887 3173 2067 3221 vestra

496 3267 714 3322 semper
765 3269 922 3323 agere
964 3269 1026 3308 ac
1072 3255 1329 3324 perlicere
1382 3256 1755 3310 incunctanter
1800 3258 2066 3325 cupimus.

442 3355 450 3360 '
496 3343 757 3414 Optamus
778 3360 874 3399 vos
905 3345 955 3398 in
984 3344 1199 3400 Christo
1230 3361 1370 3399 nunc
1397 3355 1451 3399 et
1471 3359 1681 3415 semper
1705 3347 1842 3402 bene
1870 3347 2064 3402 valere.

1182 3456 1398 3512 CCCIX.

670 3564 738 3602 Αι)
765 3563 1014 3612 ουειωιυι
1040 3564 1102 3618 υ.
1133 3564 1375 3601 mentun
1405 3563 1642 3603 cusssuu
1671 3549 1890 3622 πεπυ).

1081 3638 1256 3708 (Auno
1303 3637 1453 3709 ssi.)

469 3759 479 3780 ι
517 3781 521 3788 _
600 3729 777 3783 Monet
809 3738 864 3782 ut
907 3729 1138 3798 perﬁciat
1176 3746 1292 3799 qua:
1332 3746 1422 3798 per
1446 3729 1641 3799 legatos
1667 3731 1954 3785 mandarit.

567 3819 844 3890 Susceptis
875 3820 1069 3874 litteris
1101 3819 1282 3888 gloriae
1309 3828 1522 3884 vestrae,
1561 3821 1757 3889 quibus
1782 3835 1878 3874 vos
1905 3820 2063 3890 plena

493 3909 792 3964 iuteutiOue
821 3908 1136 3963 monstratis
1161 3909 1226 3962 ad
1247 3909 1430 3963 limina
1458 3909 1820 3978 apostolorum
1851 3909 2062 3976 festiue,

493 4001 605 4054 imo
634 4002 814 4068 potius
839 4000 1100 4069 praecipiti
1122 4014 1309 4068 gressu
1333 4009 1389 4054 et
1411 4001 1546 4054 velle
1582 3999 1904 4065 convolare;
1933 4014 2065 4069 qua-

489 4096 716 4158 propter
743 4088 976 4152 attoniti,
1007 4088 1090 4142 vel
1134 4089 1307 4157 magis
1353 4089 1637 4157 stupefacti
1683 4090 1948 4143 miramur
1971 4090 2064 4144 de-

491 4177 728 4233 centiam
762 4187 998 4230 vestram
1031 4178 1290 4232 terminos
1319 4178 1536 4232 Patrum
1568 4181 1969 4246 trausceudere,
2005 4188 2062 4236 et

490 4269 690 4323 lineam
725 4267 938 4338 generis
967 4268 1129 4322 vestri
1157 4270 1389 4338 superbo
1416 4268 1610 4338 spiritu
1640 4269 1980 4334 eoneulcare,
2007 4279 2062 4324 et

491 4364 546 4416 in
581 4362 844 4425 deterius,
891 4376 995 4415 non
1035 4361 1089 4416 in
1141 4360 1332 4415 melius
1379 4376 1600 4432 prorsus
1651 4362 1959 4417 convenire.
1992 4362 2060 4416 Et

2172 3175 2494 3242 regulariter
2521 3174 2853 3239 institutum;
2889 3172 2981 3227 sed
3006 3187 3104 3226 nos
3121 3173 3260 3240 apud
3289 3171 3348 3226 Β.
3372 3172 3584 3225 Petrum
3602 3186 3748 3238 apo-

2169 3267 2364 3324 stolum
2401 3282 2521 3320 cum
2553 3274 2736 3320 sancta
2769 3264 2971 3336 synodo
3002 3266 3322 3328 residentes,
3354 3263 3559 3318 salubri
3582 3264 3748 3332 potiti

2169 3365 2416 3428 consilio,
2448 3372 2503 3418 et
2529 3363 2923 3418 animositatem
2970 3361 3110 3416 illius
3133 3361 3468 3416 correximus
3488 3369 3542 3411 et
3577 3359 3749 3412 mise-

2169 3442 2417 3512 ricordia:
2452 3453 2708 3514 fomenta,
2738 3452 2909 3522 gratia
2941 3450 3125 3505 Sancti
3173 3450 3408 3521 Spiritus
3438 3448 3746 3509 revelante,

2166 3547 2411 3617 protinus
2467 3545 2824 3607 adhibuimus,
2875 3543 3080 3596 scilicet
3128 3551 3206 3606 ut,
3246 3557 3312 3596 eo
3352 3543 3403 3596 iu
3451 3541 3750 3612 pristinum

2167 3637 2405 3692 ordinem
2438 3636 2678 3698 reducto,
2711 3633 2756 3688 si
2779 3633 2940 3686 alium
2971 3633 3336 3703 episcOpatum
3363 3631 3411 3684 ei
3434 3631 3748 3684 concedere

2167 3725 2448 3790 voluisses,
2472 3733 2529 3779 et
2553 3724 2683 3779 cleri
2709 3722 2788 3777 vel
2813 3722 2991 3792 populi
3018 3733 3142 3778 vota
3167 3723 3429 3792 hunejsibi
3455 3723 3752 3776 concordi-

2164 3830 2248 3876 ter
2274 3822 2326 3876 iu
2355 3821 2664 3890 episcopum
2688 3826 3022 3888 expeterent,
3060 3827 3116 3872 et
3144 3817 3448 3887 eligeretur,
3477 3823 3535 3868 et
3587 3814 3744 3868 sicut

2163 3912 2254 3981 qui
2285 3911 2419 3965 nihil
2447 3910 2512 3963 ab
2537 3908 2848 3968 ordinatore
2896 3896 3047 3976 prius
3088 3906 3378 3975 acceperit,
3413 3905 3465 3958 in
3520 3903 3748 3973 episco-

2161 4016 2289 4071 pum
2315 4006 2609 4054 crearetur.
2640 3997 2846 4051 lnterea
2878 3996 3073 4050 accidit
3104 4004 3183 4059 ut,
3212 3993 3450 4048 Astcnsis
3476 3992 3747 4045 Ecclesia:

2163 4099 2372 4145 rectore
2421 4087 2638 4157 proprio
2691 4085 2942 4146 obeunte,
2984 4085 3245 4154 permissu
3287 4083 3462 4137 Caroli
3507 4081 3738 4151 gloriosi

2161 4181 2304 4252 regis
2331 4180 2468 4235 idem
2498 4176 2714 4247 Ioseph,
2746 4184 2871 4246 post
2921 4175 3237 4229 electionem
3265 4172 3394 4227 cleri
3429 4180 3478 4224 et
3524 4171 3746 4238 expeti-

2164 4269 2364 4325 tiouem
2403 4266 2585 4338 populi
2632 4265 2684 4320 in
2733 4266 2920 4320 eadem
2967 4262 3198 4318 ecclesia
3245 4262 3461 4315 deberet
3485 4257 3736 4310 ordinari

2160 4359 2465 4428 episcopus,
2497 4365 2586 4410 tua
2637 4354 2971 4418 fraternitas,
3021 4364 3129 4405 tam
3171 4361 3358 4405 nostra
3398 4346 3746 4402 absolutione

485 4467 613 4508 ecce
644 4439 900 4506 ‘dolenter
927 4467 1048 4506 cum
1101 4451 1360 4521 Apostolo
1401 4453 1692 4522 compellor
1735 4453 1914 4507 dicere
1946 4471 1958 4507 :
1991 4452 2060 4506 In
2089 4449 2137 4507 D
2163 4439 2322 4520 quam
2353 4449 2514 4504 etiam
2569 4447 2737 4517 ipsius
2792 4446 2934 4516 regis
2982 4445 3265 4499 exhortata
3327 4440 3745 4502 monitionibus,

485 4541 784 4597 novissimis
808 4541 1122 4611 temporibus
1161 4542 1428 4596 instabunt
1473 4551 1706 4611 tempora
1741 4542 2056 4612 periculosa,

487 4635 540 4689 in
571 4637 755 4704 quibus
781 4645 933 4689 erant
960 4633 1192 4687 homines
1230 4633 1527 4701 semetipsos
1555 4643 1810 4697 amantes,
1841 4643 1888 4686 et
1911 4650 2055 4703 qua:-

486 4733 656 4776 rentes
683 4739 906 4793 quwsua
935 4732 1074 4784 sunt,
1104 4738 1335 4792 nonquia
1360 4722 1487 4776 Jesu
1515 4722 1774 4792 Christi(l
1797 4723 2052 4793 Tim.m).

485 4813 592 4868 Sed
623 4829 722 4868 nos
750 4821 818 4875 te,
854 4813 924 4865 ﬁli
967 4813 1302 4877 charissima,
1336 4812 1386 4865 in
1414 4812 1621 4867 viscere
1661 4813 1858 4866 Christi
1891 4812 2057 4882 pluri-

483 4923 630 4962 mum
661 4906 966 4974 diligentes,
1000 4905 1064 4958 ad
1100 4919 1163 4957 ea
1204 4913 1255 4957 te
1301 4918 1594 4972 provocem
1644 4903 1902 4973 gestimus
1935 4917 2055 4972 «iure

448 4999 679 5052 cauimze
707 5006 902 5050 vestra:
949 4994 1229 5063 proﬁciant
1260 4994 1327 5047 ad
1373 4994 1619 5048 salutem.
1671 4994 1898 5063 Legatos
1925 5010 2056 5050 sane

484 5101 516 5139 e
542 5087 708 5140 latere
738 5092 925 5138 nostro
953 5082 1110 5154 plene
1162 5081 1454 5136 instructos
1497 5069 1812 5147 direximus,
1857 5083 2053 5150 quibus

485 5177 664 5231 omnia
692 5177 756 5230 ad
786 5173 978 5244 purum
1006 5173 1227 5228 credere
1257 5186 1362 5225 uou
1411 5171 1698 5240 ambigatis
1739 5171 1791 5224 in
1818 5172 1902 5225 his
1931 5188 2052 5241 quze

485 5270 804 5322 verlioteuur
855 5273 909 5319 et
929 5264 1146 5333 scriptis
1165 5262 1538 5334 eapitulariter
1563 5263 1806 5316 dedimus
1830 5262 1880 5316 in
1909 5279 2058 5316 tuan-

485 5357 640 5411 tlalis.
675 5357 794 5420 Qua
821 5356 887 5410 de
909 5369 966 5409 re
989 5364 1215 5423 paterno
1246 5352 1441 5407 affectu
1480 5367 1760 5406 mouemus
1788 5361 1845 5406 ut
1874 5353 2055 5407 omnia

485 5447 614 5503 sicut
657 5446 805 5502 vobis
832 5445 1126 5502 direximus
1146 5459 1244 5514 per
1265 5444 1478 5499 eosdem
1506 5438 1730 5512 legatos,
1762 5441 2055 5512 adimplere

484 5537 698 5590 omnino
724 5535 945 5590 curetis.
1006 5534 1236 5603 Ideoque
1274 5533 1466 5588 scitote
1515 5532 1766 5602 quoniam
1807 5532 1854 5586 si
1899 5531 2079 5602 pleno.

473 5619 595 5692 iure
619 5639 806 5683 cuncta
839 5643 958 5698 qua:
1015 5627 1400 5682 destinavimus
1452 5641 1558 5683 non
1613 5624 2053 5696 adimpleveritis,
2101 5665 2109 5676 .

2163 4540 2265 4594 hoc
2295 4537 2520 4592 libenter
2550 4535 2766 4589 admisit
2792 4544 2846 4588 et
2876 4533 3139 4588 canonice
3171 4531 3324 4601 iussa
3353 4529 3620 4599 complere
3643 4545 3750 4583 co-

2163 4638 2288 4682 nata
2313 4637 2417 4683 est.
2461 4625 2612 4693 Quod
2639 4625 2763 4694 quia
2820 4639 2963 4678 nunc
3019 4622 3344 4677 sententiam
3392 4630 3629 4674 nostram
3687 4631 3750 4672 ιιι

2161 4733 2374 4787 quoque
2419 4725 2655 4780 secutus,
2701 4723 2755 4768 et
2791 4714 3025 4784 regalem
3071 4713 3480 4783 permissionem
3520 4711 3748 4771 devote,

2164 4812 2304 4865 sicut
2358 4809 2631 4869 condecet,
2691 4821 2750 4861 es
2798 4808 3156 4875 amplexatus,
3214 4803 3490 4875 praefatum
3536 4801 3747 4870 Ioseph

2161 4901 2534 4971 presbyterum
2582 4908 2782 4953 sanctae
2845 4898 3094 4952 Ecclesiae
3151 4897 3367 4952 Asteusi
3423 4896 3747 4964 episcopum

2161 4990 2470 5061 prml’ecisli,
2503 4997 2557 5043 et
2603 4988 2996 5044 ordinationem
3051 4986 3192 5041 illius
3220 4995 3390 5040 ratam
3419 4985 3602 5038 haberi
3643 4986 3750 5035 de-

2159 5079 2451 5140 cernimus,
2483 5087 2538 5133 et
2565 5077 2805 5131 omnium
2834 5092 2929 5131 ora
2965 5086 3154 5129 contra
3187 5075 3286 5129 hoc
3314 5088 3529 5146 quoquo
3576 5074 3754 5126 modo

2160 5159 2501 5223 mussitantia
2531 5167 2827 5235 apostolica
2863 5167 3188 5220 auctoritate
3212 5164 3542 5220 obstruimus
3569 5181 3582 5215 :
3607 5164 3750 5230 quia

2160 5259 2301 5314 sicut
2331 5260 2396 5314 de
2427 5259 2796 5330 irrcgulariter
2825 5257 3153 5328 quibuslibet
3177 5256 3376 5311 habitis
3400 5271 3496 5309 nos
3524 5255 3590 5307 ad
3618 5255 3751 5309 ilzl‘c

2157 5349 2473 5416 corrigenda
2507 5347 2888 5416 zelusjustitiae
2912 5346 3136 5410 excitat,
3170 5347 3241 5400 ita
3269 5348 3335 5400 de
3361 5347 3621 5401 bonorum
3653 5350 3749 5400 vi-

2157 5454 2341 5494 rerum
2387 5440 2749 5495 laudabilibus
2805 5438 2967 5493 factis
3025 5437 3199 5508 gratia
3245 5437 3420 5492 divina
3472 5435 3748 5491 hetilicat.

2159 5531 2291 5586 Nam
2323 5541 2377 5586 et
2403 5532 2557 5587 sedes
2599 5529 2914 5600 apostolica,
2955 5526 3110 5596 juxta
3152 5527 3294 5597 quod
3343 5526 3400 5581 S.
3445 5525 3558 5580 Leo
3598 5541 3753 5595 papa

2159 5621 2366 5689 scribit,
2407 5622 2546 5678 haue
2595 5619 3005 5690 temperantiam
3056 5626 3255 5683 servat,
3299 5623 3358 5670 ut
3389 5624 3443 5672 ct
3488 5615 3754 5671 severius
