4026 6308
238 278 339 334 921

235 480 408 535 rectis
439 498 452 534 :
481 489 537 536 et
559 481 679 537 ideo
701 483 785 539 his
811 486 1047 553 omissis,
1077 489 1143 544 de
1169 493 1433 560 praelibati
1473 496 1671 568 Joseph
1702 501 1807 554 ite-

233 576 357 623 rata
388 571 945 634 creationesanetitas
979 585 1068 632 tua
1091 579 1142 634 in
1160 582 1305 638 nullo
1326 585 1540 654 penitus
1570 589 1805 656 haesitat,

231 655 362 725 quia
411 658 553 713 hanc
613 671 668 714 et
706 677 802 716 nos
853 668 1232 735 approbatamv
1267 672 1604 731 admittimus
1641 688 1697 732 et
1737 655 1806 733 ab

229 745 485 801 omnibus
513 749 900 807 admittendam
939 769 1059 811 esse
1103 760 1461 830 mandamus:
1493 765 1618 833 quia
1661 767 1805 835 quod

227 847 340 914 non
370 837 670 917 ostenditur
704 838 904 900 factum
940 860 1038 913 per
1082 846 1476 917 impositionem
1512 869 1704 910 manus
1739 855 1805 909 il-

199 911 355 986 ‘lius,
382 908 468 976 cui
519 935 762 996 tempore
803 946 912 989 sua:
941 908 1266 1003 degationis,
1306 941 1448 1009 quod
1485 942 1617 997 dare
1654 944 1801 1000 visus

225 1022 336 1076 est,
367 1022 424 1067 ut
450 1016 519 1068 ita
559 1018 812 1087 dixerim,
856 1040 961 1080 non
1011 1026 1221 1092 habuit,
1262 1031 1398 1086 ratio
1438 1048 1544 1087 non
1586 1035 1715 1088 sinit
1739 1042 1799 1089 ut

221 1101 476 1158 videatur
527 1107 802 1166 iteratum.
849 1113 982 1168 Data
1022 1130 1091 1170 xv
1149 1116 1418 1176 Kalendas
1458 1120 1655 1190 Martii,
1709 1124 1796 1178 in-

221 1191 461 1251 dictione
509 1213 622 1252 xxv.

897 1292 1118 1351 CCCXI.

815 1396 884 1434 Δι)
923 1397 1222 1442 ΑΤΤΟΝΙΙΙἎΙ.

839 1470 1018 1542 (Αιιιιο
1055 1475 1204 1547 881.)

192 1571 654 1650 ,Επουηηιιηὶσᾳι
674 1597 812 1644 cum,
847 1585 948 1637 nisi
971 1585 1218 1642 Ecclesia:
1247 1588 1628 1647 Hedialaucnsi
1653 1595 1786 1650 bona

284 1647 737 1719 qum'abstulcrat
798 1653 1055 1718 restituat,
1096 1667 1142 1709 et
1185 1659 1254 1712 ad
1299 1647 1665 1718 obedientiam,

283 1717 655 1787 archiepiscopi
688 1737 806 1774 cum
835 1725 988 1777 sociis
1017 1726 1213 1781 redeat;

282 1821 530 1876 Ar'rosto
566 1828 1055 1884 excommunicato.

195 1913 202 1920 '
282 1909 444 1964 Missa
495 1913 804 1980 praesulatui
850 1926 1034 1973 nostro
1059 1918 1128 1994 ab
1152 1920 1419 1992 Ansperto
1448 1936 1649 1984 sanctae
1678 1929 1786 1986 Me-
1875 1969 1884 1975 .

207 1999 540 2056 diolanensis
586 2003 840 2060 Ecclesiae
887 2009 1289 2081 archiepiscopo
1339 2016 1599 2072 relatione
1621 2029 1784 2090 atque

204 2090 571 2164 suggestione,
602 2094 888 2150 didicimus
915 2106 964 2152 te
988 2101 1153 2155 multa
1181 2118 1277 2171 per
1302 2105 1586 2166 horrendae
1614 2119 1782 2166 teme-

203 2179 385 2234 ritatis
409 2185 798 2252 impudentiam
826 2189 937 2244 sive
963 2190 1238 2246 audaciam
1267 2196 1439 2265 egisse
1479 2199 1686 2264 illicita,
1723 2206 1776 2255 et

203 2268 264 2324 in
298 2278 660 2354 contemptum
682 2274 822 2330 beati
845 2277 1111 2334 Ambrosii
1145 2291 1305 2351 atque
1333 2284 1497 2354 ipsius
1522 2290 1779 2346 antistitis

202 2352 662 2426 contrarietatem,
689 2365 741 2418 in
791 2366 923 2422 locis
969 2379 1023 2424 et
1080 2373 1239 2428 rebus
1289 2352 1778 2445 ei'pertinentibus

199 2450 345 2504 mala
399 2461 452 2505 et
501 2469 834 2524 quarcunque
889 2470 1103 2528 poteras
1161 2468 1455 2522 enormiter
1500 2487 1603 2525 una
1652 2488 1774 2528 cum

202 2541 333 2601 filiis
361 2545 463 2603 tuis
482 2535 819 2608 commisisse
846 2553 1090 2613 adversa.
1115 2555 1406 2631 Aquarum
1427 2561 1632 2621 scilicet
1656 2580 1776 2640 per-

197 2642 505 2710 petratione
537 2648 763 2702 assidua.
786 2659 834 2702 te
873 2653 1024 2720 quasi
1081 2670 1234 2708 ovem
1284 2663 1458 2729 gregis
1486 2663 1768 2732 Dominiei,

199 2730 390 2784 multis
433 2731 544 2798 jant
575 2736 782 2793 vicibus
806 2745 1099 2810 arguendo,
1146 2748 1479 2807 obsecrando
1512 2763 1567 2806 et
1603 2756 1772 2812 incre-

193 2821 378 2890 pando
400 2828 686 2882 convenire
713 2842 876 2899 atque
911 2848 1188 2891 removere
1213 2841 1440 2906 curavit,
1473 2859 1539 2899 ne
1563 2847 1768 2916 antiqui

196 2911 372 2967 hostis
395 2914 584 2969 callida
608 2923 954 2985 persuasione
979 2927 1140 2981 semel
1163 2929 1442 2999 deceptum
1469 2934 1522 2988 in
1550 2936 1769 3004 profun-

194 2999 325 3053 dum
355 3005 542 3059 mortis
571 3007 880 3063 barathrum
907 3012 1308 3085 lapsumjacere
1338 2999 1631 3080 omitteret.
1658 3027 1763 3082 Sed

1429 292 1787 352 Eptsroua
1822 296 1912 353 ET
1947 295 2282 364 asceam;

234 402 364 464 agat
392 407 514 448 cum
542 393 819 452 obduratis
846 405 900 453 et
923 414 1138 456 veniam
1179 405 1362 474 cupiat
1401 421 1660 478 praestare
1682 428 1811 468 cor-

3375 328 3484 384 9'22

1833 421 1886 480 Ἀ
1915 424 2222 487 pontiﬁcem
2255 439 2402 483 tuum
2445 431 2621 488 redire
2647 435 3028 495 satisfaciendo
3071 446 3478 513 contempseris,

1909 527 1976 566 ex
2006 518 2327 574 auctoritate
2359 521 2449 576 Dei
2475 522 2669 585 Patris,
2703 536 2756 579 et
2784 527 2923 592 Filii,
2957 544 3020 585 ac
3048 530 3281 599 Spiritus
3307 535 3478 588 sancti

1869 603 2127 669 virtute,
2173 607 2558 680 beatorumque'
2599 617 2961 684 apostolorum
3007 619 3150 674 Petri
3193 637 3256 676 ac
3302 623 3477 689 Pauli,

1905 706 1962 750 et
1986 701 2224 754 omnitnn
2251 714 2569 760 sanctorum
2591 708 2832 772 Patrum,
2863 721 3156 781 nostraque
3182 713 3476 782 apostolica

1904 791 2207 855 sanctione,
2235 797 2526 850 secundum
2553 798 2664 867 jam
2695 801 2822 854 dicti
2849 802 3024 855 dilecti
3064 802 3352 858 eonfratris
3379 819 3479 858 no-

1902 883 1999 937 stri
2050 885 2435 956 archiepiscopi
2459 900 2512 943 et
2559 891 2931 959 episcoporum
2981 895 3303 949 sententiam
3361 894 3474 961 jam

1899 974 2027 1028 olim
2052 975 2103 1027 in
2143 985 2192 1029 te
2215 977 2500 1045 prolatam,
2523 978 2776 1044 jubemus
2803 992 2852 1037 te
2882 1000 3002 1038 cum
3033 986 3154 1040 ﬁliis
3175 995 3229 1040 et
3254 989 3478 1058 eompli-a

1898 1063 2173 1119 cibustuis
2187 1067 2332 1121 omni
2351 1069 2714 1124 ecclesiastica
2741 1086 2861 1127 esse
2891 1078 3266 1131 communione
3295 1079 3476 1148 priva-

1893 1158 2102 1218 ‘tum,et
2125 1172 2154 1209 a
2185 1167 2326 1210 ctetu
2345 1169 2505 1228 atque
2532 1162 2788 1218 societate
2813 1167 3050 1220 omnium
3077 1167 3472 1236 Christianissi-

1895 1259 2126 1308 morum,
2152 1256 2334 1317 utpote
2361 1258 2629 1305 tantorum
2670 1255 2928 1310 malorum
2957 1266 3354 1328 perpetratores
3387 1259 3469 1313 in-

1895 1337 2291 1404 convertibiles,
2307 1341 2605 1398 seclusoset
2617 1346 2896 1400 damnatos
2910 1347 3142 1400 existere
3159 1363 3172 1410 ;
3189 1362 3470 1416 quousque

1893 1428 2096 1491 omnia,
2127 1447 2244 1500 qua:
2275 1448 2555 1502 perperam
2595 1437 2854 1503 gessistis,
2903 1437 3257 1504 emendando,
3299 1454 3465 1494 cauo-

1890 1519 2115 1588 nieeque
2142 1523 2542 1590 satisfaciendo,
2580 1530 2790 1582 veniam
2825 1532 3141 1598 condignam
3186 1532 3464 1602 percipere

1873 1608 2223 1667 'mereamini.
2292 1616 2422 1670 Data
2479 1632 2548 1671 xv
2594 1617 2863 1674 Kalendas
2921 1619 3117 1686 Martii,
3172 1621 3462 1678 indictione

1886 1715 1998 1755 XIV.

1812 1751 1859 1810 Β
1888 1751 1940 1755 ᾧ
1961 1751 1997 1754 κ’
2056 1780 2062 1787 ’
2559 1795 2796 1855 scex".

1990 1899 2058 1939 AD
2097 1902 2378 1944 ΑΝεεωιωί
2433 1905 2868 1948 IEDIOLANENSEI
2902 1907 3350 1948 ARCHIDIACONUM.

2475 1980 2652 2048 (Anno
2684 1980 2832 2050 881.)
3326 2002 3327 2005 ‘

1883 2086 2121 2142 Minatur
2172 2089 2249 2140 illi
2278 2092 2839 2160 excommunicationi:
2878 2110 3080 2160 poenam
3147 2093 3248 2149 nisi
3275 2093 3344 2147 ad
3373 2095 3457 2147 sui

1878 2165 1882 2168 ’
2174 2159 2544 2227 archiepiscopi
2579 2159 2922 2213 obedientiam
2951 2163 3041 2213 red

1877 2345 1882 2348 .
1949 2291 2202 2347 ANSEUIO
2239 2291 2614 2346 archidiacono
2637 2289 3036 2345 Mediolanensi.

1871 2428 1876 2432 .
1947 2381 2107 2437 Missa
2157 2382 2462 2451 prtesulatui
2525 2391 2711 2436 nostro
2757 2384 3120 2451 suggestione,
3150 2383 3451 2453 Anspertus

1877 2483 2076 2528 sanctae
2135 2472 2548 2530 Mediolancnsis
2631 2475 2884 2531 Ecclesiae
2969 2476 3451 2531 reverendissimus

1873 2563 2336 2637 archiepiscopus,
2373 2564 2525 2636 cujus
2569 2566 2818 2623 miniSIer
2849 2579 2979 2639 esse
3006 2565 3240 2628 “videris.
3286 2581 3450 2635 super

1876 2667 1928 2712 te
1955 2670 2178 2726 questus
2203 2667 2285 2711 est
2305 2657 2444 2726 quod
2473 2658 2612 2711 inter
2637 2667 2860 2711 crateras
2885 2654 3305 2724 perturbationis
3328 2668 3448 2710 mo-

1872 2753 2056 2809 lestias
2084 2770 2113 2808 a
2147 2762 2200 2807 te
2226 2754 2326 2808 sibi
2350 2762 2550 2807 temere
2575 2751 2768 2814 illatas,
2788 2760 2844 2805 et
2867 2758 2988 2818 post
3017 2764 3194 2803 rerum
3223 2761 3444 2802 suarum

1873 2846 2066 2900 damna
2096 2859 2200 2898 non
2241 2842 2465 2905 modica,
2499 2856 2604 2895 non
2640 2840 2851 2909 prepria
2885 2838 3136 2893 derelicta
3180 2835 3443 2898 Ecclesia,

1871 2936 1939 2990 ab
1962 2935 2076 3005 ejus
2123 2942 2174 2988 te
2213 2931 2472 3000 obsequio
2513 2939 2569 2985 et
2611 2929 2884 2985 consortio
2911 2942 3182 2996 separare,
3214 2935 3268 2980 et
3295 2925 3445 2978 velut

1870 3025 2248 3080 schismaticus
2298 3037 2396 3093 per
2453 3020 2654 3075 alienas
2704 3019 2988 3090 parochias
3030 3026 3214 3072 contra
3273 3031 3441 3070 cano-

193 3091 321 3158 qnia
346 3102 396 3146 te
423 3104 622 3149 sancta:
638 3099 1014 3157 admonitionis
1038 3106 1216 3162 veabis
1241 3111 1546 3170 salubribus
1571 3118 1760 3172 humili
1790 3092 1836 3154 Ο
1866 3117 1988 3171 nica
2037 3122 2237 3169 statuta
2275 3111 2596 3168 commorari
2663 3109 3088 3180 praesumpseris,
3127 3122 3333 3164 necnon
3385 3115 3442 3160 et

191 3195 415 3249 prorsus
439 3185 718 3242 devotione
739 3207 844 3245 non
873 3194 1115 3254 obedire.
1143 3215 1317 3270 neque
1341 3218 1528 3259 aurem
1557 3208 1758 3272 cordis,

190 3273 342 3327 velut
396 3278 634 3345 aspidem
686 3284 926 3348 surdam,
987 3287 1248 3345 inclinare
1283 3293 1368 3347 vel
1414 3297 1760 3364 acquiescere

189 3363 334 3418 nolle
353 3367 639 3434 aspiciens,
659 3379 782 3438 post
808 3382 883 3427 tot
903 3379 1268 3446 correptiones
1297 3398 1401 3438 una
1439 3363 1562 3441 cum
1592 3402 1758 3443 vene-

191 3455 440 3509 rabilium
468 3460 906 3531 coepiscoporum
931 3477 1074 3521 cmtu
1102 3487 1129 3523 τι
1157 3477 1485 3532 sacrosancti
1513 3481 1758 3551 corporis

186 3555 243 3597 et
264 3548 539 3616 sanguinis
560 3551 790 3615 Domini,
813 3559 1107 3612 secundum
1133 3561 1484 3622 institutionis
1519 3548 1757 3639 paterna:

188 3650 494 3703 censuram,
530 3644 909 3707 communione
963 3653 1236 3717 separavit
1282 3664 1337 3709 et
1383 3658 1453 3712 ab
1498 3660 1754 3718 Ecclesiae

187 3724 282 3784 Dei
311 3729 566 3796 societate
609 3736 801 3790 merito
839 3740 1098 3806 removit;
1157 3752 1211 3796 ct
1255 3747 1429 3801 adlmc
1472 3749 1524 3802 in
1561 3752 1750 3807 eadem

185 3817 345 3896 sorde
391 3819 694 3890 iniquitatis
747 3825 968 3881 fetidum
1015 3841 1064 3885 et
1111 3833 1446 3890 vulneratum
1498 3847 1549 3893 te
1609 3842 1754 3898 dolet

175 3907 382 3975 jacere,
448 3915 714 3983 eordeque
749 3918 1104 3987 itnpmnilenti
1151 3924 1291 3978 nolle
1335 3928 1400 3980 ad
1454 3937 1504 3983 te
1555 3945 1749 3998 percu-

182 4001 401 4068 tientcm
457 4009 655 4062 reverti
706 4012 995 4078 aspiciens,
1050 4015 1249 4070 clamat
1293 4027 1351 4072 ut
1398 4034 1496 4087 per
1561 4023 1749 4080 salutis

179 4093 568 4152 medicamenta
614 4101 776 4155 animi
811 4103 883 4156 tui
911 4105 1086 4159 valeat
1137 4108 1354 4162 vulnera
1379 4111 1517 4166 male
1546 4113 1746 4172 inflicta

178 4199 393 4239 sanare.
425 4186 575 4242 Unde
626 4199 678 4245 et
728 4208 826 4247 nos
859 4198 1114 4262 pastorali
1170 4200 1551 4268 sollicitudine,
1582 4215 1744 4276 atque

175 4278 466 4334 confratris
516 4284 684 4343 nostri
741 4287 1127 4360 archiepiscopi
1177 4291 1276 4346 hoc
1331 4298 1578 4363 praesenti
1617 4300 1746 4352 dile—

174 4367 354 4420 ctione
371 4371 654 4437 commoti,
679 4376 1014 4430 auctoritatis
1043 4388 1240 4434 nostra:
1266 4390 1468 4437 statuto
1490 4383 1742 4451 jubemns

175 4465 250 4516 ut,
277 4465 426 4512 tanta
473 4463 826 4538 perversitate
870 4473 924 4520 et
961 4469 1140 4522 cordis
1185 4470 1382 4525 duritia
1414 4473 1526 4539 jam
1554 4477 1739 4543 procul
1770 4451 1816 4510 ί)

168 4543 406 4612 ahjecta,
437 4551 688 4618 quoniam
730 4554 1009 4619 hactenus,
1058 4556 1152 4611 Dei
1187 4558 1378 4615 timore
1423 4567 1739 4634 postposito,

169 4636 370 4690 multos
405 4649 508 4694 tute
537 4640 840 4710 iniquitatis
865 4644 1014 4714 lepra
1042 4647 1430 4716 coinquinasti,
1470 4662 1524 4706 et
1565 4662 1743 4709 tanto-

167 4744 290 4782 rum
315 4728 574 4788 malorum
603 4743 792 4790 auctor
817 4750 936 4791 esse
963 4753 1068 4792 non
1092 4739 1369 4806 dubitasti,
1398 4744 1740 4813 praecipimus

166 4826 220 4870 te
267 4833 391 4872 eum
442 4822 587 4876 omni
636 4824 913 4900 celeritate
965 4830 1160 4884 reverti
1200 4831 1267 4884 ad
1315 4848 1497 4887 veram
1528 4838 1734 4904 praefati

165 4910 438 4976 pontificis
477 4913 549 4964 tui
578 4915 1002 4972 satisfactionem
1035 4935 1155 4974 cum
1194 4921 1317 4977 [iliis
1345 4931 1399 4978 et
1429 4925 1534 4979 tuis
1563 4927 1734 4981 omni-

159 4999 266 5056 bus
319 5001 685 5070 complicibus,
719 5021 945 5074 quorum
977 5009 1224 5066 incentor
1257 5013 1434 5070 adhuc
1466 5017 1730 5074 malorum

158 5098 286 5157 post
339 5099 514 5147 tantas
537 5096 915 5158 ,eorrectiones
945 5113 1066 5153 esse
1099 5117 1204 5155 non
1236 5102 1485 5171 timuisti,
1512 5115 1567 5161 et
1615 5110 1732 5178 ejus

157 5179 469 5236 salubribus
511 5184 733 5238 monitis
778 5178 1024 5240 subditus
1061 5197 1116 5243 et
1171 5191 1445 5260 subjectus
1505 5195 1726 5260 existas,

155 5271 413 5326 omnibus
455 5281 633 5328 tamen
683 5275 935 5333 Ecclesiae
972 5280 1454 5350 depraadationibus
1493 5287 1544 5340 in
1587 5288 1724 5342 inte-

155 5375 314 5430 grum
345 5363 630 5429 restitutis,
671 5373 726 5422 et
749 5368 1041 5423 secundum
1071 5371 1236 5439 ipsius
1265 5373 1519 5430 Ecclesiae
1557 5378 1728 5445 privi-

153 5450 354 5520 legium
397 5455 701 5509 emendatis
725 5464 886 5524 atque
913 5458 1128 5514 solutis.
1157 5460 1307 5527 Quod
1337 5463 1382 5517 si
1409 5473 1530 5532 post
1565 5465 1726 5534 hujus

152 5549 356 5596 nostra:
375 5545 750 5614 prmeeptionis
777 5547 1028 5604 relectam
1049 5550 1329 5620 epistolam
1358 5553 1410 5608 in
1436 5562 1521 5608 tua
1543 5555 1722 5626 iniqua

151 5631 517 5690 obstinatione
544 5635 862 5703 perdurans,
891 5647 946 5692 ut
986 5639 1182 5696 dictum
1217 5651 1318 5708 est,
1350 5643 1414 5699 ad
1442 5645 1720 5711 puefatum

1864 3205 2001 3274 apud
2072 3202 2420 3271 principalem
2473 3200 2768 3270 potentiam
2830 3198 3183 3268 properando,
3243 3195 3438 3250 noxias

1863 3293 1936 3347 illi
2003 3306 2309 3361 praeparare
2373 3290 2595 3344 insidias
2660 3287 2850 3342 callida
2919 3287 3266 3354 persuasione
3337 3284 3436 3338 de-

1858 3393 2054 3438 cretas.
2097 3381 2248 3438 Unde
2297 3379 2382 3436 bis
2442 3377 2640 3432 nostris
2685 3375 2993 3445 apostolicis
3045 3373 3239 3427 litteris
3302 3373 3436 3426 dile-

1857 3474 2088 3529 ctionem
2147 3481 2292 3526 tuam
2369 3479 2594 3539 paterno
2666 3465 2856 3519 alfectu
2933 3465 3303 3524 convenimus,
3345 3463 3432 3515 ni-

1857 3564 2146 3619 hilominus
2190 3571 2244 3616 et
2298 3575 2418 3615 cum
2464 3557 2611 3611 omni
2659 3556 2912 3623 jnbemus
2960 3555 3208 3623 imperio,
3265 3561 3322 3606 ut
3364 3552 3432 3606 de

1854 3653 2105 3725 prmsenti
2144 3653 2210 3707 ad
2257 3651 2432 3706 sinum
2456 3657 2509 3703 et
2536 3647 2798 3717 gremium
2826 3654 3026 3700 sanctae
3067 3642 3432 3698 Mediolanen—

1853 3747 1928 3800 sis
1979 3744 2235 3799 Ecclesize
2274 3741 2464 3796 matris
2525 3748 2650 3803 tua),
2694 3753 2855 3808 quam
2908 3735 3193 3790 furibundo
3246 3733 3430 3788 animo

1852 3835 2138 3904 reliquisti,
2167 3831 2323 3885 valde
2369 3831 2593 3884 devotus
2616 3829 2791 3882 redire
2835 3827 3073 3884 festines,
3127 3833 3292 3894 atque
3327 3822 3428 3924 sub

1848 3925 2054 3995 proprii
2101 3921 2335 3994 pastoris
2365 3919 2628 3989 regimine
2674 3918 2755 3972 vel
2783 3916 3069 4014 praesentia
3113 3929 3234 3968 esse
3277 3916 3426 4014 omni

1848 4016 2047 4072 mentis
2092 4013 2375 4069 alacritate
2397 4011 2664 4073 decertes,
2696 4017 2772 4070 et,
2814 4018 2996 4076 utpote
3021 4006 3242 4059 idoneus
3268 4006 3403 4057 mini

1846 4117 1978 4172 ster,
2006 4105 2191 4161 humili
2220 4119 2443 4175 prorsus
2463 4103 2749 4157 devotione
2773 4099 3031 4160 debitum,
3047 4097 3199 4166 juxta
3215 4093 3422 4147 ordinis

1846 4200 1920 4254 tui
1947 4201 2147 4261 locum,
2172 4203 2485 4250 reverenter
2521 4191 2799 4260 impendas
2843 4187 3161 4256 obsequium
3200 4193 3254 4238 et
3295 4183 3422 4235 ohe-

1844 4291 2059 4346 dientia:
2111 4287 2451 4347 famulatum,
2483 4291 2767 4352 quatenus,
2796 4279 2911 4344 ejus
2971 4278 3142 4346 gratia
3193 4275 3419 4346 potitus,

1843 4377 2192 4448 omnipotenti
2223 4376 2448 4429 Domino
2479 4373 2543 4425 de
2569 4369 2727 4424 ofﬁcii
2761 4370 2834 4422 tui
2865 4367 3178 4421 assiduitate
3208 4377 3419 4430 semper

1844 4469 2058 4541 placere
2089 4467 2285 4520 valcas.
2321 4464 2472 4529 Quod
2519 4461 2562 4514 si
2605 4461 2758 4513 aliter
2813 4466 3002 4511 contra
3039 4455 3334 4522 praecipuas
3365 4461 3415 4505 et

1847 4576 1952 4616 non
1975 4558 2250 4613 violandas
2279 4564 2586 4610 sattcto‘rsm
2607 4551 2830 4621 Patrum
2847 4546 3233 4603 institutiones,
3253 4553 3416 4610 atque

1845 4658 2032 4705 contra
2057 4649 2195 4702 hanc
2221 4656 2458 4702 noti-am
2496 4641 2903 4700 saluberrimam
2934 4637 3223 4700 iussionem
3256 4649 3415 4703 agere

1843 4738 2271 4810 pnesnmpscris,
2299 4745 2349 4789 et
2379 4736 2442 4788 ad
2473 4745 2613 4788 tuam
2639 4729 2929 4788 Ecclesiam
2959 4740 3218 4794 timuique
3236 4735 3390 4794 pasto

1841 4845 1975 4894 rem,
2001 4830 2140 4884 sicut
2169 4826 2350 4896 regula
2377 4825 2739 4883 ecclesiastica
2766 4824 2944 4885 docet,
2967 4823 3140 4876 redire
3168 4823 3412 4915 (stat-tetu:

1837 4922 2030 4993 pseris,
2058 4919 2200 4974 scias
2228 4927 2277 4972 te
2307 4917 2400 4971 Dei
2428 4915 2774 4986 omipotentis
2795 4915 2994 4968 virtute
3017 4923 3070 4968 et
3091 4913 3230 4966 beati
3261 4906 3406 4962 l’en'i

1836 5012 2202 5086 apostolorum
2236 5009 2496 5080 principis
2536 5019 2826 5076 nostraque
2847 5006 3200 5101 auctoritate,
3217 5091 3228 5101 .
3246 5009 3407 5101 atque

1835 5103 2094 5159 canonico
2142 5100 2364 5154 Patrum
2408 5098 2636 5168 judicio,
2690 5096 2804 5151 fore
2846 5095 2990 5150 omni
3038 5091 3404 5146 ecclesiastica

1832 5192 2208 5248 communione
2239 5189 2530 5258 privatum,
2559 5202 2862 5256 quousque,
2883 5193 2942 5239 ut
2961 5183 3270 5254 praedictum
3298 5191 3400 5241 est,

1832 5264 1899 5340 ad
1929 5295 2077 5338 tuam
2126 5282 2416 5337 Ecclesiam
2443 5281 2618 5334 redire
2642 5290 2838 5348 tuoque
2867 5275 3067 5345 pastori
3085 5272 3403 5328 lnn‘nilitatis

1833 5375 1968 5431 colla
2001 5373 2230 5442 subdere
2258 5373 2476 5428 omnino
2499 5371 2786 5429 studueris,
2816 5367 3069 5438 quoniam
3109 5366 3254 5418 ferro
3309 5379 3401 5416 ne-

1829 5483 1982 5524 cesse
2008 5476 2089 5522 est
2119 5475 2177 5520 ut
2203 5465 2587 5534 altscindantur
2612 5461 2834 5516 vulnera
2870 5474 2989 5529 qua:
3039 5468 3096 5512 ut
3141 5457 3245 5510 illis
3291 5470 3374 5508 ma

1830 5573 1958 5612 num
1987 5535 2296 5626 adhibueris
2328 5558 2686 5611 lomentorum
2715 5568 2820 5608 non
2860 5549 3131 5606 senserint
3177 5544 3394 5601 medici-
3417 5615 3434 5620 ν

1832 5663 1976 5706 nam.
