4026 6308
549 321 656 376 9'23

1205 430 1472 485 CCCXIII.

913 541 976 578 AD
1012 537 1267 583 JOASNEI,
1306 536 1628 585 EGILUI.FUI,
1657 533 1776 572 E‘I'C.

1168 612 1346 680 (Anno
1380 609 1532 680 881.)

561 726 786 780 Causam
817 724 950 776 inter
994 720 1368 774 Tridentanum
1411 729 1460 774 et
1498 717 1836 774 Vcronensem
1879 719 2142 785 episcopos

631 803 914 848 versantem
941 793 1014 844 eis
1035 792 1336 851 committit;
1376 799 1549 844 monet
1600 798 1655 841 ut
1696 804 1807 841 eam
1849 791 1971 858 jure
2017 789 2147 855 deﬁ-

636 864 799 924 niant,
833 870 880 913 et
913 861 980 913 ad
1013 877 1067 914 se
1090 863 1398 913 sententiam
1426 861 1656 924 mittant,
1702 867 1753 910 ut
1792 877 1905 912 eam
1954 863 2148 928 conﬁr-

634 948 776 984 mare
803 931 984 1000 possit.

635 1041 822 1096 10mm
847 1039 1191 1103 Bononiensi,
1217 1040 1483 1095 EGILULro
1500 1039 1804 1102 Mantuano,
1833 1045 1888 1093 et
1911 1037 2148 1092 EICARDO

553 1135 874 1203 _\'icentino,
904 1143 957 1186 et
994 1132 1223 1186 thont
1255 1130 1587 1184 Ferrariensi
1613 1130 1899 1200 episcopis.

635 1213 986 1278 sanctitatem
1033 1230 1269 1275 vestram
1319 1220 1569 1274 nolumus
1597 1220 1848 1289 ignorare
1875 1219 2147 1290 quoddam

568 1315 694 1368 olim
725 1314 864 1367 inter
902 1320 1141 1368 sanctam
1184 1309 1546 1364 Veronensem
1588 1309 1882 1365 Ecclesiam
1925 1320 1982 1364 et
2032 1308 2153 1364 Tri-

569 1406 858 1458 dentanam
894 1402 960 1456 de
1003 1401 1322 1470 quibusdam
1366 1400 1528 1453 rebus
1563 1399 1778 1453 Asiana:
1816 1397 1954 1452 villa:
1996 1413 2150 1452 exor-

570 1503 682 1548 tum
708 1491 871 1548 fuisse
897 1492 1146 1562 litigium,
1175 1505 1311 1559 quas
1353 1489 1651 1543 Veronensi
1692 1487 1949 1543 Ecclesia:
1990 1490 2152 1556 perti-

569 1585 750 1640 nuisse
780 1582 1140 1652 probavimus,
1172 1581 1310 1634 sicut
1339 1595 1370 1632 a
1397 1579 1589 1648 legatis
1617 1579 1836 1643 nostris,
1879 1578 1970 1647 qui
2020 1587 2153 1632 tent-

567 1665 700 1742 pore
730 1673 819 1727 illo
851 1674 902 1725 in
942 1671 1106 1725 Italia:
1133 1670 1374 1740 partibus
1400 1669 1679 1739 legationis
1724 1679 1922 1724 nostrae
1963 1668 2149 1738 funge-

1908 313 2193 368 Joanms
2232 307 2431 366 mea:
2469 294 2587 368 vut'

2164 421 2468 480 A-aliorum
2516 423 2801 481 certiﬂcari
2846 442 3007 497 super
3050 427 3153 484 hoc
3199 431 3664 488 attestationibus.
3724 433 3826 491 Sed

3726 321 3826 377 924

2241 517 2367 586 quia
2411 517 2513 571 hoc
2539 531 2645 571 non
2672 531 2792 571 esse
2818 526 3172 586 opportunum
3204 522 3579 590 prtcvidimus,
3628 522 3827 580 Joanni

2224 603 2585 670 Bononiensi,
2627 603 2856 674 Egilulfo
2891 604 3200 670 Mantuano,
3235 608 3464 663 Eicardo
3511 608 3833 678 Vicentino,

2242 703 2299 750 et
2347 695 2552 750 Viatori
2599 695 2934 750 Ferraricnsi
2986 697 3381 754 venerabilibus
3417 701 3726 770 episc0pis,
3767 708 3828 756 ad

2245 788 2348 842 hoc
2377 787 2666 842 secundant
2698 787 2864 841 Deum
2887 786 3297 856 providendum,
3333 798 3391 844 et
3438 802 3717 860 quantum
3765 796 3828 848 ad

2247 883 2609 944 contemptum
2656 875 3073 932 inobedientium
3120 881 3373 950 pertinet,
3425 897 3660 937 rursum
3706 885 3831 939 ditii-

2248 968 2527 1027 niendum,
2577 967 2745 1020 vicem
2795 976 3033 1022 nostram
3084 984 3247 1040 super
3281 971 3421 1026 banc
3469 975 3828 1042 quaestione

2230 1054 2636 1117 commisimus,
2692 1065 2752 1110 ut
2785 1057 2836 1110 in
2867 1058 2916 1112 id
2942 1059 3110 1127 ipsum
3137 1063 3546 1125 convenientes,
3589 1065 3700 1119 hoc
3735 1065 3830 1119 liti-

2250 1145 2393 1214 gium
2418 1162 2538 1200 cum
2566 1148 2850 1201 sanctitate
2880 1159 2968 1202 tua
2996 1150 3370 1213 determinent,
3401 1163 3463 1208 et
3489 1153 3834 1224 irreprebca-

2250 1233 2500 1298 sibiliter,
2531 1234 2638 1289 Deo
2665 1251 2772 1304 pra:
2806 1237 2974 1291 oculis
3007 1237 3208 1303 habito,
3234 1238 3466 1295 difﬁnire
3513 1255 3830 1311 procurent.

2251 1325 2592 1397 Quapropter
2635 1326 2872 1384 fraterno
2913 1338 2964 1384 te
3002 1344 3186 1384 amore
3220 1347 3509 1388 monemus
3547 1343 3612 1388 ut
3649 1335 3705 1388 in
3742 1337 3834 1393 hoc

2254 1418 2326 1473 ita
2353 1434 2576 1489 peragas
2602 1430 2866 1489 quatenus
2891 1435 2920 1473 a
2951 1421 3104 1475 nobis
3142 1425 3333 1477 merito
3375 1425 3711 1494 reprehendi
3738 1443 3832 1481 non

2254 1507 2434 1576 possis
2483 1514 2538 1560 et
2582 1509 2896 1562 canonicam
2927 1509 3246 1562 sententiam
3275 1526 3380 1562 non
3415 1512 3673 1582 excipias
3706 1532 3719 1566 :
3749 1529 3834 1569 ve-

2253 1604 2554 1650 rumtamen
2586 1596 2652 1649 ad
2679 1596 2852 1651 locum
2879 1612 3036 1665 quem
3077 1598 3314 1666 praedicti
3343 1601 3694 1655 venerabiles
3736 1605 3836 1671 epi-

2255 1686 2400 1756 scopi
2431 1686 2522 1740 tibi
2553 1685 2996 1754 signiﬁcaverint,
3033 1701 3317 1742 occurrere
3343 1703 3453 1743 non
3481 1690 3732 1745 omittas.
3775 1692 3835 1745 Et

570 1763 766 1817 bantur
788 1761 982 1823 ollicio,
1007 1761 1182 1814 veraci
1208 1759 1470 1814 relatione
1491 1759 1850 1828 comperimus
1879 1777 1892 1813 ε
1917 1774 2142 1829 quorum
2173 1750 2222 1812 Β
2251 1782 2317 1836 de
2342 1750 2545 1835 éisd'em
2570 1750 2733 1834 ι-ᾇιηιε
2761 1750 3134 1834 Αείίιῃεεένίιιίε
3165 1781 3514 1849 respondens,
3545 1793 3606 1836 ut
3639 1799 3712 1837 ex
3739 1783 3835 1838 hoc

571 1861 626 1906 et
649 1851 832 1919 iudicii
879 1850 1245 1906 dillinitionem
1283 1850 1546 1913 vidimus,
1589 1858 1645 1903 et
1683 1864 1869 1904 eorum
1919 1849 2152 1905 subscri-

2243 1869 2354 1937 jam
2393 1868 2536 1923 nulla
2560 1869 2785 1938 quazstio
2808 1873 3031 1940 prorsus
3071 1883 3350 1927 remaneat
3372 1872 3450 1928 vel
3483 1883 3837 1930 renascatur.

570 1941 780 2008 ptiones
815 1955 1065 1993 manuum
1095 1940 1323 1994 lectione
1357 1939 1740 2009 percurrimus,
1780 1954 1887 2008 quo
1929 1938 2152 1993 manife-
2249 1959 2384 2015 Data
2415 1969 2469 2014 ιιι
2499 1977 2680 2030 mpm.

571 2032 708 2085 stius
736 2030 1042 2085 declaratur
1061 2030 1277 2084 easdem
1310 2045 1398 2084 res
1419 2030 1486 2083 ad
1514 2038 1754 2084 sanctam
1779 2029 2144 2084 Veronensem

571 2119 865 2173 Ecclesiam
911 2118 1056 2186 juste
1112 2119 1454 2187 pertinuisse,
1504 2128 1559 2174 et
1599 2135 1691 2174 eas
1736 2120 1789 2173 in
1835 2128 2148 2190 perpetuum

571 2211 920 2277 possidendas
947 2208 1226 2262 diﬂinitum
1250 2208 1436 2264 fuisse.
1478 2209 1581 2264 Sed
1605 2212 1726 2280 quia
1755 2226 1895 2280 smpe
1926 2219 2151 2266 conten-

574 2299 648 2352 tio
688 2299 826 2352 solet
861 2311 1120 2367 generare
1161 2297 1504 2362 discordiam,
1549 2314 1710 2364 nunc,
1761 2299 1894 2354 sicut
1936 2301 2150 2365 dicitur,

573 2391 913 2446 Adelchisius
940 2390 1264 2446 venerabilis
1298 2389 1657 2446 Tridentanus
1677 2394 1979 2463 episcopus,
2031 2409 2154 2449 con-

574 2491 658 2537 tra
685 2481 1050 2537 dillinitionem
1081 2481 1249 2552 ipsam
1280 2496 1564 2552 peragens,
1591 2492 1752 2552 atque
1786 2493 1972 2539 contra
2029 2499 2152 2554 pro-

575 2573 904 2638 fessionem,
951 2588 1249 2643 manusque
1287 2589 1397 2628 sua:
1441 2575 1890 2644 subscriptionem
1937 2589 2154 2630 movere

577 2665 953 2734 praesumpsit,
996 2665 1310 2718 reverentiae
1357 2675 1549 2720 vestrae
1597 2681 1758 2735 super
1804 2667 1906 2722 hoc
1940 2669 2156 2737 negotio

577 2755 750 2808 vicem
781 2763 1015 2808 nostram
1046 2754 1452 2809 committimus.
1479 2764 1538 2808 ut
1558 2756 1622 2807 ad
1647 2755 1764 2809 illas
1793 2764 1972 2825 partes
1999 2771 2154 2810 acce-

578 2846 788 2910 dentes,
823 2860 943 2898 cum
972 2845 1262 2907 Adelardo,
1286 2855 1341 2897 et
1366 2845 1554 2898 eodem
1586 2845 1909 2910 Adelcltisio,
1937 2860 2130 2900 venera

579 2933 775 2986 bilibus
821 2934 1104 3002 episcopis,
1139 2935 1241 2988 hoc
1270 2935 1493 3004 litigium
1544 2935 1689 3005 (licet
1714 2937 1836 3001 hoc,
1875 2938 2001 3006 quia
2029 2952 2138 2992 cun

582 3023 770 3092 legatis
799 3024 997 3078 nostris
1040 3024 1388 3079 deliberatum
1431 3035 1531 3090 est,
1580 3029 1904 3096 superfluum
1949 3029 2153 3096 judice-

584 3087 724 3182 mus)
770 3130 979 3168 rursum
1009 3114 1287 3170 audientes
1316 3087 1724 3181 deliberatis,'et
1750 3120 1816 3172 ad
1858 3087 2150 3186 Ιυςῖιίηιιιιιι
2179 3087 2229 3157 c

583 3205 742 3258 ﬁnem
772 3207 1063 3274 perducere
1094 3207 1265 3268 modis
1291 3208 1538 3262 onmibus
1564 3209 1821 3276 satagatis
1853 3227 1866 3264 :
1906 3227 2014 3281 quo
2058 3214 2159 3267 rite

583 3305 637 3346 et
663 3297 956 3349 secundum
987 3297 1183 3350 seriem
1226 3297 1609 3366 scripturarum
1653 3315 1869 3354 suarum
1917 3313 2155 3370 peracto,

585 3383 844 3452 quidquid
895 3384 1022 3438 illml
1077 3384 1281 3450 fuerit,
1341 3396 1527 3443 nostro
1578 3392 1895 3459 apostolatui
1945 3395 2160 3463 scriptis

587 3474 783 3526 vestris
836 3473 1082 3528 volumus
1126 3476 1397 3542 intimari,
1429 3487 1488 3532 ut
1518 3495 1616 3534 nos
1662 3493 1716 3535 et
1756 3482 1985 3538 libenter
2022 3487 2164 3540 acci-s

587 3563 822 3632 piamus,
869 3573 924 3618 et
965 3575 1143 3620 nostra
1194 3570 1514 3625 auctoritate
1572 3573 1811 3626 stabilire
1857 3591 1964 3628 non
2003 3577 2165 3629 omit-

591 3667 789 3711 tamus.
845 3658 979 3724 Quia
1027 3667 1081 3713 et
1123 3659 1355 3728 primum
1401 3677 1580 3716 coram
1626 3663 1935 3731 apostolicis
1980 3665 2164 3720 missis

585 3746 811 3816 aliisque
859 3751 1319 3807 reverendissimis
1362 3754 1622 3821 episcopis
1670 3754 1722 3806 in
1767 3755 1971 3824 synodo
2024 3756 2168 3810 Tici-

587 3839 764 3900 nensi,
797 3847 852 3893 et
902 3848 1023 3909 post
1067 3840 1118 3894 in
1159 3841 1472 3896 Tridentina
1518 3843 1766 3907 ecclesia,
1819 3845 2168 3900 nihilominus

588 3943 771 3982 coram
799 3931 997 3984 nostris
1020 3929 1206 3999 legatis
1243 3942 1296 3986 et
1333 3932 1453 3987 aliis
1503 3933 1868 4002 imperialibus
1895 3935 2166 4005 judicibns

592 4015 658 4067 de
689 4015 787 4069 hoc
808 4017 1103 4084 judicatum
1129 4019 1229 4072 fuit
1253 4029 1308 4074 et
1335 4021 1576 4091 legaliter
1602 4021 1904 4079 dilIiuitum.
1952 4024 2086 4080 Data
2112 4041 2165 4080 tv

591 4103 769 4161 Nonas
803 4107 996 4173 Martii,
1028 4110 1319 4167 indictione
1345 4125 1454 4166 xxv.

1255 4219 1519 4274 CCCXIV.

765 4316 833 4354 ΔΙ)
873 4317 1226 4359 Αυειειιιειωι
1265 4322 1551 4365 EPISCOPUM
1593 4326 1997 4370 TRIDENTANUI.

1195 4395 1371 4468 (A'nno
1418 4400 1567 4470 881.)

592 4501 776 4581 Arguit
797 4521 912 4557 enm
943 4505 1081 4576 quod
1114 4507 1270 4581 liena
1296 4505 1601 4581 Veronensis
1627 4513 1854 4581 episcopi
1889 4515 2171 4580 invaserit;

663 4575 788 4649 ejus
809 4575 1023 4628 causam
1049 4576 1358 4645 quibusdam
1391 4580 1639 4649 episcopis
1655 4575 1724 4633 'se
1749 4575 2065 4637 commisisse
2106 4575 2174 4637 si-

662 4643 873 4709 gniﬁcat
897 4657 917 4695 :
941 4643 1191 4699 monet—ut
1220 4662 1401 4700 eorum
1419 4643 1715 4717 'acquiescat
1741 4655 2026 4707 sententiae.

670 4753 991 4827 Aoencmsto
1027 4758 1279 4828 episcOpo
1319 4757 1668 4815 Tridentano.

665 4842 997 4912 Suggerente
1026 4848 1344 4918 coepiscopo
1376 4859 1561 4905 nostro
1586 4850 1854 4907 Adelardo
1877 4851 2170 4909 Veronensi

593 4936 866 5006 episc0po,
896 4935 1179 4992 didicimus
1219 4939 1562 4994 sanctitatem
1611 4950 1755 4995 tuam
1793 4942 1952 4996 aliter
1996 4944 2180 5011 egisse

594 5043 754 5097 quam
793 5043 852 5083 se
897 5031 1178 5095 canonica,
1220 5032 1329 5086 imo
1379 5032 1682 5087 Christiana
1711 5035 2048 5089 observantia
2074 5037 2171 5092 ha-

595 5130 723 5174 here
758 5119 989 5174 videtur.
1039 5120 1174 5190 Quia
1226 5121 1469 5187 scilicet,
1513 5133 1820 5194 contempto
1867 5127 2172 5194 prasceden-

598 5209 728 5262 tium
757 5209 976 5266 Patrum
994 5213 1216 5282 judicio,
1241 5215 1327 5270 cui
1356 5215 1467 5285 ipse
1491 5217 1795 5273 interfuisse
1818 5219 2172 5289 dignosceris,

599 5315 685 5354 res
741 5303 1000 5370 quasdam
1053 5305 1118 5359 ad
1175 5314 1417 5362 sanctam
1460 5305 1821 5364 Veronensem
1876 5311 2172 5366 Ecclesiam

599 5390 925 5458 pertinentes
959 5394 1219 5449 invasisse
1253 5396 1477 5461 diceris,
1515 5406 1569 5452 et
1613 5408 1799 5452 contra
1845 5415 2038 5454 manus
2073 5410 2174 5455 tua:

599 5481 1044 5552 subscriptionem
1095 5492 1147 5538 te
1181 5485 1356 5554 egisse
1403 5487 1798 5555 quodammodo
1842 5490 2171 5559 suspicaris:

602 5571 652 5623 'm
697 5589 924 5642 quarum
983 5592 1162 5630 rerum
1206 5576 1541 5643 diIIinitioue,
1591 5581 1633 5634 si
1682 5581 1824 5635 sedis
1872 5582 2176 5650 apostolica:

606 5657 761 5726 legali
805 5679 908 5718 non
953 5663 1296 5732 interessent,
1325 5683 1664 5738 sperarcutus
1691 5669 1865 5725 adhuc
1891 5686 2050 5740 posse
2081 5687 2176 5726 nos

2913 2051 3158 2110 CCCXV.

2456 2155 2524 2195 AD
2561 2155 2861 2197 ιυοογιουκ
2900 2159 2970 2197 ΕΤ
3008 2159 3399 2200 CABLOIIANNUI
3439 2158 3634 2202 Βεθεε.

2860 2232 3039 2306 (Anno
3080 2233 3228 2304 88L)

2252 2344 2419 2414 Rogat
2444 2355 2498 2400 ut
2529 2362 2646 2400 cum
2678 2345 2867 2399 Carolo
2894 2347 3202 2412 imperatore
3229 2349 3562 2404 consentiant
3602 2351 3674 2402 de
3699 2367 3829 2405 rno-

2325 2417 2493 2487 canda
2523 2415 2842 2470 et..Romam
2894 2417 3144 2487 mittenda
3187 2416 3538 2487 Angelberga.
3590 2422 3682 2473 ubi
3727 2439 3828 2474 eam

2326 2484 2401 2538 ita
2441 2501 2495 2540 se
2540 2488 2917 2540 custoditnrnm
2989 2484 3282 2550 oollicetur,
3347 2499 3401 2540 ut
3444 2484 3662 2541 'contra
3704 2491 3828 2542 ἕσσω

2333 2557 2506 2611 moliri
2535 2556 2665 2610 nihil
2685 2557 2866 2624 possit.

2326 2671 2598 2726 Lunovtco
2661 2677 2715 2725 et
2773 2669 3132 2725 Cannousmo
3184 2669 3440 2739 regibus;
3507 2680 3564 2724 et
3639 2669 3830 2729 [lucem

2257 2764 2391 2818 abba
2403 2765 2458 2817 li.
3125 2803 3128 2808 -

2329 2853 2498 2908 Nosse
2542 2852 2788 2906 volumus
2824 2860 3058 2905 vestram
3102 2850 3448 2906 dilectionem
3492 2854 3586 2921 qui
3675 2854 3832 2922 spiri-

2257 2943 2417 2998 talem
2446 2942 2611 2997 Iilium
2639 2949 2880 2997 nostrum
2915 2939 3161 2994 Carolum
3217 2940 3630 2998 serenissimnm
3675 2942 3833 3008 impe—

2259 3043 2492 3088 ratorem
2541 3032 2725 3084 Romae
2754 3030 3030 3084 nobiscum
3084 3029 3366 3100 degentem
3417 3030 3730 3100 rogavimus
3779 3041 3834 3082 ut

2262 3121 2556 3190 spiritalem
2582 3120 2744 3174 ﬁliam
2761 3129 2996 3174 nostram
3014 3119 3405 3189 Angelhergam
3427 3120 3538 3172 Deo
3558 3120 3830 3178 devotam.

2261 3228 2381 3282 quae
2441 3226 2500 3266 se
2537 3221 2721 3265 sancto
2753 3211 2914 3264 Petro
2962 3210 3200 3279 aposzolo
3254 3219 3309 3263 et
3361 3209 3520 3264 nobis
3557 3226 3682 3262 eum
3720 3210 3835 3263 suis

2261 3304 2510 3359 omnibus
2537 3303 3023 3364 commendaverat,
3069 3315 3230 3369 quam
3270 3300 3435 3353 etiam
3466 3298 3668 3365 coniux
3701 3298 3832 3352 illius

2262 3395 2399 3450 diva:
2452 3395 2724 3449 memoria:
2773 3392 3071 3448 Ludovicus
3126 3391 3400 3461 Augustus
3448 3388 3634 3442 adhuc
3657 3387 3831 3440 vivens

2262 3493 2463 3540 nostra:
2508 3484 2717 3538 tuitioni
2764 3482 3068 3551 specialiter
3115 3480 3462 3542 submiserat,
3496 3478 3566 3531 ab
3594 3471 3830 3530 exsulant

2263 3573 2565 3633 reduceret,
2599 3578 2653 3623 et.
2688 3572 2825 3639 apud
2850 3585 2946 3625 nos
2969 3584 3088 3624 eam
3117 3568 3365 3634 Romam,
3400 3570 3495 3624 ubi
3543 3568 3697 3622 nulla
3729 3565 3831 3634 jam

2265 3661 2330 3716 de
2360 3661 2447 3714 illa
2495 3661 2712 3714 sinistra
2735 3662 2970 3729 suspicio
2997 3660 3127 3716 oriri
3165 3670 3362 3729 posset.
3385 3675 3488 3729 pro
3518 3675 3710 3714 amore
3739 3655 3832 3713 Dei

2264 3762 2319 3806 et
2343 3750 2560 3814 Christi,
2582 3752 2834 3822 clavigeri
2860 3752 3026 3821 ipsius
3053 3753 3194 3806 beati
3223 3751 3368 3805 Petri
3395 3751 3636 3819 apostoli
3661 3751 3834 3806 simul-

2264 3861 2370 3914 que
2416 3855 2602 3899 nostro
2622 3845 2894 3913 dirigeret.
2920 3843 3073 3910 Quod
3101 3843 3186 3897 ille
3215 3843 3450 3897 libenter
3485 3857 3546 3897 se
3574 3842 3831 3898 facturum

2265 3936 2601 4005 promittens,
2647 3943 2905 4004 quantum
2965 3935 3345 4003 comperimus,
3388 3939 3635 3987 vestrum
3685 3947 3836 4002 super

2265 4028 2369 4082 hoc
2398 4026 2734 4096 praestolatur
2778 4039 3076 4079 assensum.
3109 4024 3174 4077 Et
3197 4023 3413 4090 quidem
3459 4037 3559 4077 nos
3587 4024 3656 4077 de
3696 4036 3834 4076 con-

2268 4119 2416 4174 muni
2453 4117 2734 4171 dilectione
2754 4123 2808 4170 et
2833 4129 2965 4186 pace
2990 4114 3102 4169 sive
3127 4112 3411 4167 concordia
3439 4121 3622 4166 vestra
3643 4112 3835 4180 gaude-

2267 4225 2408 4274 mus,
2451 4217 2506 4261 et
2537 4208 2643 4261 Deo
2684 4222 2782 4276 pro
2813 4207 2917 4261 ltoc
2957 4206 3267 4260 innumeras
3296 4210 3479 4271 grates
3527 4200 3829 4255 referimus.

2269 4296 2379 4352 Sed
2423 4306 2629 4351 tantum
2667 4297 2733 4351 de
2779 4295 2949 4365 ipsius
2984 4294 3245 4363 spiritalis
3281 4293 3405 4346 lilia:
3449 4300 3642 4345 nostra:
3679 4303 3837 4343 recu-

2196 4419 2245 4477 D
2270 4389 2550 4458 peratione
2596 4395 2652 4441 et
2698 4387 2872 4441 reditu
2910 4400 3007 4440 vos
3053 4386 3429 4452 deprecamur,
3472 4391 3753 4452 quantum,
3792 4379 3836 4433 si

2273 4479 2386 4547 ipsa
2417 4478 2485 4531 ad
2533 4493 2634 4532 nos
2661 4477 2879 4531 reducta
2911 4474 3094 4539 fuerit,
3120 4483 3178 4527 ut
3205 4473 3340 4528 nihil
3378 4475 3595 4543 penitus
3617 4472 3728 4541 jam
3759 4470 3838 4524 vel

2272 4576 2458 4622 contra
2488 4567 2736 4622 eumdem
2785 4568 3189 4635 imperatorem,
3220 4567 3302 4619 vel
3333 4573 3524 4619 contra
3557 4579 3658 4618 vos
3688 4577 3842 4632 agere

2274 4657 2459 4726 possit,
2493 4656 2694 4711 nostris
2722 4671 2818 4711 vos
2849 4656 3288 4711 attestationibus
3307 4655 3647 4708 certissimos
3673 4652 3842 4706 reddi-

2277 4764 2413 4802 mus.
2468 4747 2672 4802 Idcirco
2714 4746 2904 4815 juncta
2963 4757 3144 4802 vestra
3189 4746 3401 4801 devotio
3451 4759 3575 4798 cum
3608 4741 3842 4810 ejusdem

2273 4837 2497 4908 Augusti
2535 4838 2863 4902 obedientia,
2917 4839 3121 4907 absque
3157 4837 3304 4891 omni
3330 4833 3712 4906 protelatione,
3734 4831 3842 4901 jam

2273 4929 2471 4984 dictam
2504 4927 2616 4982 Deo
2645 4928 2892 4982 devotam
2921 4926 3199 4989 feminam,
3226 4941 3385 4996 quam
3412 4925 3479 4977 ad
3503 4923 3690 4977 limina
3719 4937 3846 4990 apo-

2271 5021 2551 5083 stolorum,
2604 5035 2633 5073 a
2689 5034 2916 5088 quorum
2965 5017 3303 5075 confessione
3355 5015 3612 5070 altarium
3665 5023 3846 5068 nostm

2275 5128 2488 5184 semper
2532 5113 2783 5167 tuendam
2837 5111 3090 5182 praesidio
3135 5110 3489 5179 suscepimus,
3526 5121 3631 5176 pro
3665 5119 3846 5159 amore

2277 5205 2368 5260 Dei
2392 5213 2447 5259 et
2479 5213 2663 5260 nostro
2691 5205 2988 5268 remittere,
3031 5211 3288 5272 quantum
3327 5202 3378 5255 in
3411 5200 3566 5254 vobis
3618 5207 3704 5252 est
3744 5213 3846 5250 non

2276 5299 2555 5354 omittatis.
2597 5296 2732 5363 Quia
2767 5296 2812 5352 si
2845 5297 2932 5350 hic
2960 5295 3100 5364 apud
3131 5308 3228 5349 nos
3254 5293 3463 5348 rediens
3502 5290 3847 5347 habitaverit.

2280 5399 2428 5444 tanta
2455 5389 2700 5444 custodia
2729 5387 3142 5457 circumSpecta,
3187 5381 3341 5439 nobis
3383 5381 3612 5444 credite,
3640 5380 3770 5441 erit,
3793 5391 3849 5432 ut

2281 5497 2384 5538 nec
2414 5480 2632 5545 Bosoni,
2657 5494 2756 5534 nec
2777 5479 2884 5533 alio
2915 5477 3142 5541 homini,
3165 5476 3230 5530 ad
3259 5473 3725 5545 perturbationem
3754 5472 3846 5525 im-

2283 5575 2418 5644 perii
2453 5574 2566 5629 sive
2609 5571 2780 5640 regni,
2823 5569 3100 5639 quodlibet
3127 5566 3449 5636 adjutorium
3475 5562 3846 5619 vel‘auxilium

2283 5667 2464 5723 verbis
2493 5676 2586 5723 aut
2609 5665 2825 5734 scriptis
2850 5663 3092 5732 pra-bere
3118 5656 3490 5730 quoquomodo
3520 5655 3722 5712 valeat.
3750 5655 3850 5709 Ve-
