4026 6308
230 336 333 393 935

1470 325 1829 384 EI’ISTOME
1864 331 1954 386 ET
1991 334 2331 391 DECRETA.

3364 343 3482 399 026

216 440 534 506 ‘rumtamcn
573 460 739 500 unum
778 452 862 499 est
890 443 1031 512 quod
1070 444 1223 498 vobis
1248 432 1519 498 veraciter
1554 424 1610 498 et
1665 443 1806 498 unde
1836 447 1880 505 A
1912 461 1978 498 ne
2005 432 2221 515 aliquod
2252 446 2533 511 solatium,
2578 446 2662 504 vel
2695 449 2978 504 consilium
3009 449 3168 519 dare,
3200 450 3485 524 fact-reque

228 540 571 598 occasionem
598 551 696 591 vos
738 537 805 589 ad
834 550 931 589 nos
952 535 1398 589 contemnendum
1438 550 1544 588 non
1591 534 1809 602 possitis

228 644 531 691 assumere,
561 628 661 682 hoc
692 641 821 680 ccce
850 626 1220 696 propouimus,
1238 626 1467 689 scilicet,
1485 626 1528 679 si
1555 625 1801 679 eamdem

231 721 627 795 Angelbergam
654 718 737 773 vel
768 718 821 772 in
862 718 1072 772 modico
1106 728 1293 773 contra
1339 714 1672 786 imperialem
1715 721 1809 768 aut

218 819 474 867 nostram
517 809 848 864 voluntatem
894 808 1105 863 adversi
1159 807 1435 878 quippiam
1478 806 1653 862 moliri
1716 815 1809 860 aut

226 903 373 958 uelle
399 900 700 957 manifestis
713 900 1371 970 cognoverimusindiciis,
1394 896 1811 969 praesentialiter

230 993 381 1048 illam
424 990 650 1046 reddere
672 1004 737 1045 ac
764 989 1041 1044 remittere
1086 989 1452 1059 imperialibus
1500 996 1808 1057 satagemus

230 1081 533 1146 obtutibus,
559 1088 823 1150 quatenus
855 1095 974 1149 qua:
1002 1080 1341 1150 disciplinam
1372 1078 1510 1134 forte
1541 1068 1805 1148 reciperet,

231 1170 377 1239 quod
391 1185 490 1225 nec
508 1176 780 1238 optamus,
797 1167 1085 1233 distulerit,
1110 1185 1216 1223 non
1234 1169 1403 1223 solum
1420 1168 1686 1223 mundana
1712 1159 1809 1220 ve-

231 1257 554 1349 strajudicia
568 1271 674 1311 non
685 1257 1088 1321 evadat,verum
1102 1257 1265 1312 etiam
1282 1271 1381 1312 nec
1394 1265 1633 1311 nostram
1648 1254 1807 1310 mise-

233 1346 524 1413 rationem,
551 1363 673 1419 quae
694 1347 1129 1417 delinquentibus
1159 1364 1384 1419 parcere
1409 1346 1705 1411 consuevit,
1727 1346 1810 1400 in-

234 1438 435 1494 veniat.
467 1438 718 1508 Ideoque,
749 1438 1051 1493 cbarissimi
1083 1439 1202 1504 lilii,
1230 1448 1402 1495 estote
1430 1439 1483 1492 in
1507 1440 1610 1492 hoc
1638 1435 1808 1491 nostri

233 1539 615 1600 cooperatores
635 1536 690 1585 et
713 1528 1007 1598 adjutores,
1033 1538 1087 1585 et
1108 1531 1291 1585 audiat
1315 1545 1415 1584 nos
1437 1527 1693 1583 continuo
1712 1541 1808 1580 ex-

235 1619 485 1675 cellentia
514 1619 898 1691 magnitudinis
935 1629 1148 1686 vestrm,
1198 1627 1260 1675 ut
1301 1628 1358 1675 et
1396 1635 1494 1675 vos
1520 1635 1549 1674 a
1581 1617 1810 1673 Domino

235 1710 476 1764 exaudiri
531 1710 867 1789 mereamini,
921 1719 978 1766 et
1019 1726 1119 1781 per
1166 1710 1339 1766 felicia
1370 1719 1613 1781 tempora
1658 1705 1807 1780 regni

1911 535 2081 603 possit
2110 534 2336 602 Bosoni,
2368 535 2441 590 ita
2486 547 2541 592 et
2571 552 2668 593 nos
2695 554 2813 593 eam
2855 539 2910 595 in
2945 541 3036 597 tali
3081 541 3198 599 loco
3241 544 3483 602 habitare

1911 622 2172 681 faciemus
2193 667 2207 690 ,
2241 640 2349 696 quo
2376 627 2509 682 nihil
2552 629 2763 709 adversi
2797 630 3008 697 moliri,
3037 632 3277 703 nihilque
3308 635 3480 690 valeat

1910 715 2212 771 machinari
2243 719 2577 773 contrarium
2625 720 2691 774 ad
2736 719 2895 789 hujus
2942 723 3121 792 regni,
3173 733 3229 779 et
3274 724 3481 793 imperii

1908 808 2392 875 perturbationem.
2419 811 2485 864 Et
2507 811 2552 866 si
2576 820 2765 866 contra
2788 810 2905 882 ejus
2936 829 2999 868 ac
3025 823 3266 870 nostram
3292 816 3471 871 volun-

1909 905 2073 951 tatem
2121 900 2461 969 aliquatenus
2505 918 2625 957 eam
2669 918 2858 974 agere,
2895 915 2987 961 aut
3011 906 3144 961 velle
3174 907 3474 977 cognoveri-

1908 1001 2062 1051 mus,
2097 986 2238 1043 illico
2280 991 2347 1045 ad
2375 990 2705 1062 imperialem
2740 995 3075 1057 remittemus
3105 998 3448 1067 praesentiam
3469 1039 3484 1061 ,

1908 1092 2021 1131 nee
2037 1087 2224 1133 nostro
2251 1081 2356 1134 erit
2385 1082 2618 1151 amplius
2648 1083 2830 1153 adjuta
2861 1085 3103 1140 consilio.
3136 1086 3291 1153 Quod
3322 1087 3485 1142 nimi-

1908 1180 2026 1218 rum
2046 1206 2060 1229 ,
2091 1174 2150 1219 ut
2171 1168 2324 1223 nobis
2343 1170 2460 1225 sine
2482 1171 2630 1225 omni
2657 1171 2989 1230 dubitatione
3015 1175 3290 1241 credatur,
3320 1191 3486 1230 unum

1908 1269 1974 1309 ex
2006 1255 2090 1311 his
2117 1257 2307 1326 legatis
2345 1262 2550 1317 nostris
2577 1263 2980 1319 venerabilibus
3022 1266 3323 1337 episcopis,
3352 1280 3480 1337 quos

1906 1359 2006 1414 pro
2041 1360 2105 1400 ea
2156 1347 2466 1417 imperatori
2511 1351 2811 1409 direximus
2849 1354 3267 1420 satisfaciendo,
3303 1371 3464 1427 repro

1909 1435 2124 1490 mittere
2144 1435 2405 1505 jussimus
2434 1439 2507 1493 ita
2538 1456 2637 1496 nos
2667 1456 2787 1497 esse
2817 1441 3195 1499 incunctanter
3222 1442 3465 1499 facturos

1909 1522 2096 1593 Neque
2140 1526 2318 1593 enim,
2360 1528 2500 1582 sicut
2530 1543 2651 1584 cum
2696 1531 3056 1603 coepiscopis,
3087 1541 3142 1588 et
3168 1532 3489 1602 primatibus

1909 1613 2027 1685 ejus
2055 1618 2378 1685 promissum
2416 1627 2529 1685 est,
2571 1620 2776 1676 nullum
2816 1621 3111 1693 temporale
3157 1620 3485 1692 adjutorium

1910 1714 1967 1762 et
1994 1708 2277 1764 consilium
2297 1708 2409 1777 jam
2456 1709 2567 1766 fato
2613 1726 2672 1768 se
2718 1711 2833 1766 fore
2862 1712 3212 1782 praebiturum
3252 1710 3484 1772 Bosoni;

235 1799 594 1866 gubernacula
620 1799 981 1865 ωοάθηηιθδν
1003 1815 1129 1855 Cum
1153 1801 1376 1856 Christo
1396 1797 1805 1870 regnum,quod
1836 1800 1885 1860 Β
1910 1810 1965 1857 et
1992 1804 2133 1871 quod
2151 1843 2167 1871 ,
2195 1803 2332 1858 sicut
2356 1805 2722 1875 przediximus,
2748 1804 3157 1876 diligentissime
3185 1803 3448 1859 custodita
3466 1841 3485 1867 ,

236 1886 363 1943 ﬁnis
389 1888 566 1943 nullus
584 1897 854 1960 angustat,
898 1890 1353 1946 intercedentibus
1380 1891 1554 1945 beatis
1600 1900 1812 1959 aposto-

234 1974 329 2041 lis,
377 1993 663 2049 capeseere
684 1980 929 2038 valeatis.
966 1981 1101 2037 Data
1139 1997 1196 2037 tv
1240 1980 1363 2037 Idus
1405 1980 1644 2045 Martias,
1676 1976 1813 2032 indi-

234 2066 418 2124 ctione
459 2085 570 2126 ιιν.

908 2183 1179 2241 CCCXVI.

238 2310 308 2348 AD
361 2307 534 2350 οιιιιεε
589 2308 1027 2352 Αιιοιιιειιιεοοιιοε
1047 2336 1063 2358 ι,
1118 2309 1403 2353 EPISCOPOS
1456 2311 1528 2352 ET
1584 2308 1814 2353 (ιοιιιτιε

927 2382 1144 2421 ITALIE.

847 2477 1027 2548 (Anno
1050 2478 1199 2550 88f.)

237 2585 502 2661 Hortatur
520 2588 642 2644 dent
669 2606 880 2659 operam
900 2601 957 2645 ut
980 2591 1202 2646 Carolus
1226 2593 1511 2661 imperator
1532 2594 1817 2660 Angclber-

308 2673 430 2726 gum
460 2657 687 2731 Romqu
703 2657 872 2714 uenire
892 2662 1144 2731 patiatur,
1166 2657 1325 2731 quam
1348 2680 1403 2716 se
1427 2665 1500 2731 ila
1527 2657 1819 2719 custoditu-

312 2742 430 2801 [um
460 2728 745 2801 promittit,
767 2738 825 2782 ut
850 2729 980 2801 nihil
1010 2728 1195 2784 contra
1228 2734 1399 2801 ipsum
1425 2730 1672 2788 Curolum
1700 2752 1816 2789 cum

309 2795 514 2871 Boreae
535 2799 711 2871 moliri
748 2800 944 2871 possit;
963 2810 1010 2853 et
1033 2802 1079 2853 si
1107 2802 1232 2871 quid
1249 2795 1537 2857 'tentaverit
1556 2845 1571 2865 ,
1598 2821 1654 2859 se
1681 2802 1818 2860 enui-

308 2867 429 2920 ἄστη
450 2867 787 2922 remissurum
812 2867 1104 2939 pollicetur.

311 2977 576 3036 Omnibus
632 2981 1098 3038 reverendissimis
1144 2992 1201 3039 et
1246 2985 1605 3041 sanctissimis
1643 2987 1819 3041 archi~

236 3068 508 3139 episcopis
531 3077 588 3124 et
610 3069 875 3141 episcopis
906 3072 1065 3143 hujus
1086 3074 1253 3129 Italici
1286 3077 1456 3147 regni,
1488 3084 1540 3131 et
1565 3079 1815 3132 omnibus

238 3158 488 3228 gloriosis
513 3160 799 3216 comitibus
829 3160 923 3216 lilii
956 3163 1127 3218 nostri
1158 3163 1517 3233 imperatoris.

314 3249 371 3306 Si
401 3266 467 3306 ea
490 3266 611 3321 quae
631 3252 790 3308 saluti
810 3259 865 3307 et
882 3252 1098 3308 utilitati
1114 3254 1482 3323 proximorum
1510 3253 1814 3309 necessaria

239 3349 370 3398 sunt
389 3382 403 3406 ,
432 3341 727 3396 secundum
754 3340 1168 3397 sollicitudinem
1193 3350 1245 3397 et
1273 3357 1459 3398 curam
1489 3342 1666 3412 gregis
1707 3340 1814 3395 Do—

241 3429 426 3485 minici
458 3430 611 3485 nobis
652 3430 720 3484 ad
766 3430 903 3485 bene
936 3430 1229 3501 regendum
1270 3430 1582 3496 commissi,
1624 3431 1818 3486 dit-inm

240 3511 461 3591 pic'tatis
508 3508 779 3576 memores
824 3535 987 3593 agere
1034 3522 1345 3588 studemus,
1393 3522 1815 3591 omnipotentem

239 3612 419 3666 Deum
462 3612 515 3665 in
565 3612 651 3667 his
677 3613 872 3681 quibus
915 3619 969 3668 et
996 3612 1095 3681 ipsi
1130 3627 1197 3668 ex
1228 3613 1461 3667 humana
1502 3612 1819 3666 inﬁrmitate

238 3704 486 3775 quotidie
517 3704 848 3775 indigemus,
872 3703 1194 3759 habebimus
1236 3705 1456 3762 omnino
1488 3703 1815 3775 propitium,

240 3802 301 3850 ot
324 3794 378 3849 in
408 3795 564 3849 bonis
591 3795 845 3850 omnibus
866 3796 1055 3866 procul
1080 3795 1244 3850 dubio
1282 3795 1625 3863 adiutorium.
1651 3793 1820 3864 Igitur

243 3887 590 3943 sanctitatem
629 3897 864 3944 vestram
903 3904 1064 3945 nosse
1085 3890 1331 3944 volumus
1353 3889 1609 3960 quoniam
1640 3887 1819 3943 missis

243 3983 302 4030 et
329 3976 663 4046 apostolatus
687 3980 858 4033 nostri
890 3978 1105 4043 litteris,
1133 3978 1311 4033 dilecti
1338 3993 1401 4032 ac
1431 3976 1690 4048 spiritalis
1725 3976 1819 4031 ﬁlii

242 4065 417 4119 nostri
459 4064 638 4121 Caroli
685 4066 1057 4136 gloriosissimi
1104 4068 1449 4137 imperatoris
1477 4066 1819 4121 clementiam

243 4153 445 4208 obnixe
478 4169 727 4225 rogamus
767 4163 828 4209 ut
873 4155 1273 4226 Angelhergam
1322 4154 1486 4210 tiliam
1535 4164 1777 4210 nostram
1803 4195 1819 4221 ,

243 4257 409 4313 quam
455 4244 590 4298 divae
620 4245 895 4301 memoria:
922 4244 1228 4301 Ludovicus
1271 4260 1367 4301 rex
1398 4255 1552 4317 pater
1595 4246 1827 4316 impera-

246 4331 412 4396 toris,
439 4343 495 4386 et
519 4332 822 4390 Ludovicus
863 4334 1162 4404 imperator
1187 4336 1275 4390 vir
1302 4335 1420 4406 ejus
1463 4336 1618 4391 nobis
1648 4336 1821 4391 Vero-

246 4437 331 4479 nae
352 4426 895 4490 commendaverunt,
939 4441 1004 4481 ac
1036 4429 1376 4498 postmodum
1408 4429 1520 4497 ipsa
1547 4443 1605 4483 se
1633 4436 1822 4482 sancto

246 4509 412 4566 Petro
440 4513 687 4575 tradidit,
719 4522 775 4570 et
801 4516 868 4570 de
897 4516 1065 4585 ipsius
1088 4516 1276 4571 altaris
1301 4516 1642 4574 confessione
1669 4527 1821 4573 tuen-

245 4602 371 4658 dam
415 4604 750 4674 recepimus,
781 4606 849 4661 de
873 4606 991 4663 loco
1019 4606 1074 4660 in
1099 4622 1206 4677 quo
1232 4623 1375 4663 nunc
1423 4621 1544 4664 esse
1572 4617 1818 4673 constat,

244 4707 347 4762 pro
375 4708 560 4749 amore
589 4694 718 4750 Iesu
746 4696 947 4752 Christi
980 4696 1190 4751 Domini
1237 4698 1441 4762 nostri,
1474 4706 1529 4751 et
1562 4713 1662 4767 pro
1691 4713 1819 4753 san-

247 4794 460 4841 ctorum
490 4787 858 4857 apostolorum
894 4789 1038 4845 Petri
1078 4805 1141 4845 ac
1169 4789 1318 4844 Pauli
1350 4790 1652 4845 reverentia
1675 4831 1690 4855 ,
1719 4805 1821 4846 no-

248 4885 470 4947 stt-aque
497 4888 720 4949 paterna
761 4881 1049 4938 dilectione
1079 4883 1490 4952 praesentialiter
1518 4882 1736 4949 reduci,
1766 4892 1821 4938 et

247 4969 317 5023 ad
338 4984 439 5025 nos
459 4985 577 5025 eam
601 4971 1061 5041 dirigere'jubeat.
1088 4973 1239 5030 Unde
1259 4990 1354 5030 vos
1377 4976 1572 5031 fratres
1592 4984 1647 5030 et
1668 4992 1819 5032 com-

248 5061 537 5117 ministros
565 5073 781 5120 nostros
802 5067 893 5135 pio
920 5068 1117 5122 mentis
1135 5068 1483 5123 convenimus
1512 5077 1674 5138 atque
1697 5060 1829 5125 hor-7

248 5162 430 5207 tamur
459 5153 650 5210 affectu
672 5197 686 5221 ,
709 5168 979 5226 quatenus
1008 5158 1060 5212 in
1085 5159 1244 5229 hujus
1270 5158 1484 5213 feminae
1514 5159 1823 5215 reversione

246 5242 335 5298 vel
365 5244 538 5300 salute
580 5245 859 5302 nobiscum
884 5247 1162 5316 cooperari
1204 5248 1517 5318 pariterque
1559 5249 1823 5304 desudare

250 5335 544 5400 stndeatis,
580 5345 639 5390 ut
667 5347 848 5392 vestro
873 5338 1099 5394 consilio
1131 5349 1417 5409 vestroque
1444 5339 1663 5394 instanti
1699 5341 1826 5395 hor-

248 5431 364 5479 tatu
382 5463 398 5487 ,
429 5425 545 5493 ipse
568 5425 844 5497 Augustus
868 5436 1067 5482 nostrae
1094 5428 1368 5497 petitionis
1396 5427 1649 5483 allectum
1677 5443 1826 5483 more

245 5526 531 5587 [mrentum
573 5532 796 5573 suorum
845 5518 1033 5574 libenti
1076 5518 1323 5589 perlieiat
1365 5519 1658 5575 voluntate.
1691 5516 1825 5573 Nam

247 5608 392 5664 sicut
433 5610 561 5665 illud
612 5625 870 5682 regnum,
914 5612 966 5666 in
996 5628 1104 5682 quo
1133 5628 1278 5667 nunc
1319 5611 1403 5666 illa
1441 5610 1544 5667 sub
1582 5611 1825 5666 custodia

249 5709 462 5765 manet,
497 5702 613 5769 cius
641 5710 756 5767 est,
786 5703 858 5760 ita
884 5710 938 5758 ct
964 5702 1138 5769 istud;
1165 5712 1219 5759 ct
1243 5704 1381 5758 sicut
1406 5701 1479 5758 ibi
1502 5702 1822 5768 custoditur,
1860 5726 1865 5731 ο

1002 5912 1061 5923 α.-

1914 1909 2020 1949 non
2046 1896 2244 1964 poterit
2268 1897 2334 1952 de
2360 1897 2445 1952 his
2470 1897 2721 1952 omnibus
2748 1896 3039 1968 quidquam
3072 1911 3252 1968 agere.
3281 1894 3493 1950 Idcirco

1911 2000 2009 2055 per
2037 1987 2321 2041 Dominum
2352 2001 2449 2042 vos
2486 1986 2833 2057 adjuramus,
2858 1994 2917 2041 ut
2961 1995 3075 2041 toto
3106 1984 3388 2041 conamine
3434 1983 3487 2039 in

1912 2077 2017 2133 hoc
2050 2093 2212 2148 opere
2239 2079 2518 2134 nobiscum
2547 2094 2644 2149 pro
2670 2093 2855 2133 amore
2883 2078 2977 2133 Dei
3006 2077 3302 2141 desudare,
3333 2074 3491 2144 eique

1913 2184 2132 2223 manum
2162 2170 2437 2241 porrigere
2480 2169 2816 2240 procuretis,
2863 2177 2921 2222 ut
2962 2176 3017 2222 et
3048 2183 3146 2223 nos
3188 2167 3242 2221 in
3289 2164 3489 2219 vestris

1914 2259 2168 2330 proﬁcuis
2197 2259 2519 2314 utilitatibus
2563 2244 2619 2313 et
2666 2256 3081 2312 necessitatibus
3110 2269 3227 2309 esse
3253 2252 3488 2323 prompti

1914 2350 2224 2420 possimus;
2266 2358 2320 2405 et
2345 2350 2431 2405 cui
2466 2364 2682 2404 manum
2713 2346 2988 2418 porrigere
3031 2343 3312 2398 vobiscum
3366 2354 3489 2392 om-

1914 2438 2147 2493 nimodis
2175 2439 2540 2510 porrigamus,
2572 2437 2866 2508 dignasque
2905 2440 3087 2487 vestro
3123 2430 3237 2485 Deo
3285 2428 3492 2515 dilecta}

1916 2529 2189 2583 sanctitati
2216 2544 2313 2599 pro
2338 2538 2517 2584 vestro
2538 2527 2741 2594 labore,
2780 2538 2941 2597 atque
2971 2521 3254 2580 devotione
3280 2521 3485 2591 gratias

1915 2619 2115 2676 habere
2142 2620 2434 2676 valeamus.

2555 2731 2732 2788 CCCX
2739 2730 2822 2787 VII
2833 2769 2848 2784 .

2296 2840 2365 2880 AD
2401 2838 2613 2883 οιειιωί
2654 2833 3112 2877 ιευιοιλιηειιδειι.

2523 2917 2699 2988 (Anno
2731 2916 2828 2972 88I
2842 2915 2883 2985 .)

1920 3009 2118 3079 Πεεὶρῆ
2173 3008 2491 3063 "aderit-mn
2532 3007 2626 3061 sub
2670 3007 2832 3079 tutela
2883 3005 3020 3079 sedis
3074 3000 3495 3079 aposto_lica',_cl

1988 3069 2395 3134 eat'communical
2421 3095 2596 3132 omnes
2619 3077 2707 3147 qui
2733 3075 2812 3130 illi
2833 3076 2907 3132 vel
2930 3075 3043 3146 ejus
3065 3069 3292 3128 ecclesiis
3327 3069 3492 3126 mole-

1987 3149 2140 3203 stiam
2166 3148 2455 3202 intulerint.

1988 3268 2250 3325 Omnibus
2270 3266 2733 3322 reverendissimis
2756 3263 3024 3336 episcopis
3047 3271 3102 3317 et
3122 3261 3493 3319 sacerdotibus

1919 3372 2012 3413 seu
2051 3355 2217 3420 clero,
2256 3369 2320 3410 ac
2358 3350 2555 3425 populo
2596 3359 2801 3407 sanctae
2848 3349 3264 3405 Mediolanensis
3307 3347 3496 3405 Eccle-

1919 3447 2031 3503 size.

1988 3535 2121 3591 Boni
2153 3533 2573 3606 patrisfamilias,
2603 3547 2773 3603 quem
2804 3530 2947 3586 bene
2981 3537 3037 3584 et
3067 3526 3295 3582 ﬁdeliter
3348 3523 3500 3613 laba-.-

1920 3635 2103 3681 rautes
2126 3637 2496 3678 remunerasse
2514 3614 2912 3694 cognoscimus,
2935 3615 3209 3672 informati
3231 3613 3498 3683 exemplo,

1919 3724 1976 3771 et
1997 3713 2302 3785 apostolica:
2322 3712 2659 3767 auctoritatis
2685 3719 2740 3765 et
2769 3706 3136 3763 miserationis
3165 3702 3503 3774 magisterio,

1926 3819 2020 3859 seu
2048 3786 2442 3865 benevolentia,
2475 3798 2748 3863 omnibus,
2795 3810 2930 3867 quos
2963 3810 3059 3865 pro
3103 3791 3360 3848 Ecclesiae
3403 3791 3499 3845 Dei

1921 3893 2243 3948 utilitatibus
2295 3889 2528 3945 ﬁdeliter
2582 3888 2848 3945 desudare
2887 3884 3273 3956 conspicimus,
3311 3882 3499 3938 subve-

1920 3985 2042 4039 nire
2066 3983 2342 4047 debentes,
2373 3988 2734 4052 opportunum
2752 3994 2817 4035 ac
2838 3976 3203 4033 necessarium
3223 3988 3323 4029 nos
3341 3986 3498 4043 opor-

1922 4082 2000 4129 tet
2051 4073 2293 4144 praebere
2335 4071 2616 4127 auxilium.
2666 4069 2836 4141 Igitur
2883 4067 3010 4138 quia
3060 4074 3115 4120 te
3171 4064 3497 4120 Hodericum

1923 4163 2282 4219 venerabilem
2354 4161 2731 4234 presbyterum
2785 4167 2842 4214 et
2905 4156 3159 4213 abbatem
3221 4166 3499 4209 sacrorum

1922 4255 2373 4310 monasteriorum
2403 4254 2709 4317 beatorum,
2753 4249 2959 4306 scilicet
3004 4244 3248 4304 Gervasii
3283 4254 3337 4299 et
3362 4243 3470 4319 Pro

1924 4347 2070 4410 tasii,
2109 4354 2271 4414 atque
2296 4342 2654 4413 Simpliciani,
2686 4356 2786 4396 nec
2813 4357 2920 4396 non
2948 4355 3015 4393 ex
3040 4335 3356 4392 xenodochii
3378 4333 3474 4402 (ali

1923 4439 2050 4508 quid
2071 4438 2231 4507 deest)
2255 4443 2568 4491 sanctorum
2607 4432 2817 4488 Cosma:
2844 4442 2898 4487 et
2928 4428 3195 4492 Damiani,
3220 4423 3362 4496 quod
3392 4422 3495 4477 Ro-

1928 4544 2207 4584 manorum
2234 4528 2450 4592 dicitur,
2479 4533 2533 4581 et
2578 4524 2684 4579 alia
2712 4533 2802 4577 tua
2833 4519 3094 4576 beneﬁcia
3124 4517 3207 4572 vel
3244 4514 3487 4586 patrima

1927 4619 2014 4673 nia
2046 4618 2185 4673 intra
2215 4617 2298 4672 vel
2324 4626 2477 4672 extra
2501 4614 2780 4671 civitatem
2826 4608 3274 4666 Mediolanensem
3304 4605 3483 4662 consti

1927 4715 2040 4764 tuta
2077 4707 2218 4762 lideli
2255 4706 2561 4769 devotione,
2590 4712 2811 4774 totoque
2837 4700 3036 4757 mentis
3078 4697 3357 4753 conamine
3403 4713 3501 4767 pre

1925 4795 2154 4866 pristino
2214 4801 2354 4850 statu
2382 4803 2438 4849 et
2476 4794 2660 4862 vigore
2709 4801 2872 4862 atque
2912 4787 3256 4845 restitutione
3304 4795 3501 4842 sancta‘

1927 4885 2338 4943 Mediolanensis
2384 4884 2639 4940 Ecclesiae
2682 4890 2764 4938 ter
2797 4892 3095 4952 quaterque
3137 4878 3191 4934 in
3244 4875 3499 4943 obsequio

1922 4976 2175 5046 Ansperti
2252 4974 2686 5031 reverendissimi
2735 4970 3127 5042 archiepiscopi
3193 4967 3270 5022 tui
3340 4975 3498 5034 atque

1924 5067 2213 5123 conlratris
2237 5068 2407 5123 nostri
2439 5066 2689 5121 devotum
2720 5074 2882 5135 atque
2903 5063 2956 5119 in
2984 5061 3234 5117 omnibus
3256 5057 3505 5113 ﬁdelissi-

1926 5173 2071 5213 mum
2095 5172 2414 5228 permanere
2440 5166 2602 5227 atque
2629 5157 2907 5212 decertare
2927 5152 3145 5209 omnino
3158 5159 3210 5205 et
3225 5148 3507 5204 evidenter

1925 5249 2308 5320 comperimus,
2352 5258 2407 5304 et
2454 5249 2775 5320 legationem
2833 5244 3206 5300 Ambrosiana:
3249 5239 3506 5296 Ecclesize

1928 5340 2193 5397 catholica
2231 5340 2334 5394 ﬁde
2361 5348 2439 5405 te,
2484 5348 2539 5395 et
2571 5345 2731 5410 prout
2773 5337 2920 5390 vires
2960 5332 3363 5404 suppleverunt,
3415 5346 3502 5383 ar-

1929 5432 2246 5487 dentissimo
2273 5431 2468 5487 ardore
2487 5429 2728 5500 eXplere,
2774 5427 2965 5482 crebro
3016 5424 3381 5496 cognovimus.
3436 5422 3503 5477 Et

1928 5522 1997 5577 ob
2030 5523 2131 5576 hoc
2170 5522 2378 5591 aliquos
2418 5519 2771 5575 contumaciae
2798 5517 2967 5572 livore
3016 5516 3300 5572 adversum
3353 5524 3501 5567 tuam

1930 5622 2230 5666 commotos
2256 5626 2375 5665 esse
2403 5609 2764 5675 dilectionem,
2796 5607 2882 5662 Vel
2910 5608 2977 5662 ob
3008 5607 3143 5662 alias
3180 5621 3374 5661 causas
3420 5603 3499 5656 in-

1931 5702 2105 5767 vidia',
2134 5701 2224 5773 qui
2257 5709 2308 5758 ct
2332 5699 2469 5757 mod:
2539 5699 2692 5760 labiis
2732 5697 2931 5756 dolosis
2960 5699 3057 5755 τι,ιί
3086 5707 3272 5755 contra
3303 5706 3354 5752 te
3374 5711 3502 5750 con-
