4026 6308
531 361 632 416 927

1835 370 2115 428 JOANNIS
2154 373 2353 430 P.\l~’.-E
2398 377 2506 432 V'lll

3689 394 3792 452 9:28

532 479 707 544 citati,
736 486 792 534 et
828 483 1165 549 postmodum
1216 485 1426 542 callidis
1465 477 1806 559 argumentis
1852 491 2098 546 nocivam
2128 501 2176 553 Α
2207 493 2431 546 vinitute
2459 495 2710 562 propitia,
2739 511 2947 552 careas.
2981 497 3264 565 Memento,
3297 517 3505 572 quaso,
3533 505 3669 574 quid
3695 523 3785 574 es;

533 571 629 624 tibi
667 571 977 636 moliuntur,
1003 583 1187 628 nostro
1207 587 1410 634 statuto
1443 579 1802 647 decernimus,
1821 592 1982 652 atque
2004 585 2098 638 Dei

533 659 914 728 omnipotentis
943 663 1262 718 auctoritate
1286 668 1536 737 beatique
1564 670 1706 725 Petri
1737 672 2100 740 apostolormn

531 747 786 815 principis
801 758 851 802 et
868 759 1049 805 nostra
1077 755 1354 811 sanctione
1378 759 1685 824 statuimus,
1708 761 1835 815 nulli
1862 777 2097 831 unquam

533 836 1079 908 archiepiscoporum,
1126 844 1209 898 vel
1258 848 1625 914 sacerdotum,
1665 858 1756 903 aut
1819 849 2102 926 cujuslibet

531 925 737 980 ordinis
793 927 1108 986 clericorum
1152 935 1389 1003 ejusdem
1443 948 1642 1007 sancta:
1688 925 2100 1016 Mediolanensis

530 1015 804 1083 Ecclesia},
857 1035 955 1076 nec
1003 1022 1228 1077 aliarum
1276 1026 1656 1101 Ecclesiarnm,
1714 1047 1890 1098 neque
1940 1030 2100 1085 alicui

531 1122 738 1178 magnae
789 1126 1069 1182 parvmque
1131 1132 1393 1185 personae,
1448 1119 1815 1190 cujuscunque
1879 1122 2102 1176 honoris

530 1197 765 1265 praeditas
793 1201 1053 1270 dignitate
1093 1220 1213 1259 esse
1243 1206 1470 1271 licitum.
1516 1225 1612 1278 pro
1671 1219 1772 1263 tuae
1822 1209 2103 1264 laudabilis

532 1284 829 1344 devotionis
858 1291 1054 1348 ali'eetu,
1079 1303 1132 1348 et
1171 1312 1266 1364 pro
1295 1307 1398 1352 tua:
1431 1299 1549 1352 ﬁdei
1582 1299 1894 1355 sinceritate
1940 1309 2102 1370 atque

533 1376 812 1436 charitatis
834 1386 1150 1452 certamine,
1177 1390 1318 1457 quod
1349 1406 1446 1458 pro
1494 1391 1661 1459 ipsius
1702 1393 1954 1448 Ecclesia:
2001 1395 2104 1447 uti-

533 1466 681 1523 litate
710 1473 908 1528 nostris
962 1486 1014 1529 te
1052 1477 1243 1533 diebus
1287 1469 1537 1535 habuisse
1590 1485 1961 1551 cognovimus,
2000 1485 2101 1539 ali-

516 1559 692 1626 ‘quam
725 1561 822 1616 tibi
849 1579 1168 1635 quocunque
1197 1570 1354 1624 modo
1385 1571 1466 1625 vel
1491 1573 1590 1627 sub
1608 1574 2100 1651 ecclesiasticarum

532 1664 712 1703 rerum
741 1653 986 1719 obtentu,
1012 1657 1212 1713 inl‘erre
1241 1659 1566 1715 calumniam
1619 1673 1714 1717 aut
1735 1665 1818 1718 his
1841 1665 2101 1734 prmfatis,

532 1751 652 1804 qua:
677 1756 776 1810 pro
819 1744 896 1796 tui‘
929 1744 1072 1815 digni
1103 1747 1304 1803 laboris
1351 1751 1547 1805 merito
1583 1754 1782 1808 retines
1827 1754 2102 1811 beneﬁciis

2202 592 2472 637 memento
2501 584 2649 652 quid,
2674 585 2718 639 si
2746 602 2849 640 non
2880 587 3186 657 resipueris,
3213 592 3352 658 eris;
3377 601 3431 648 et
3445 594 3786 664 judiciorum

2201 672 2418 725 Domini
2461 687 2669 726 memor
2716 681 2854 736 esto,
2884 691 2953 730 ne
3006 693 3102 746 pro
3160 680 3322 734 tantis
3359 682 3470 736 Deo
3510 683 3786 739 rationem

2202 761 2426 832 reddere
2457 763 2686 830 cogaris,
2717 765 2904 834 quanti
2932 781 3030 835 per
3051 776 3194 823 tuam
3231 769 3495 825 desidiam
3525 773 3789 828 interem-

2200 852 2279 923 pti
2309 861 2456 917 sunt,
2476 862 2531 907 et
2556 855 2754 924 captivi
2781 857 2926 911 ducti
2948 858 3178 914 diversis
3198 861 3459 917 mortibus
3477 865 3781 932 perierunt.

2202 939 2278 995 De
2304 957 2531 1010 quorum
2561 945 2879 1001 crudelitate
2917 948 3046 1016 quid
3075 948 3253 1010 dicere
3285 953 3616 1019 possumus?
3649 955 3784 1010 Cum

2202 1036 2352 1082 tanta
2383 1029 2510 1083 binc
2531 1029 2704 1086 ﬂenda
2727 1035 2835 1087 sint
2863 1043 2918 1089 et
2941 1034 3189 1104 lugenda,
3213 1046 3273 1091 ut
3293 1038 3339 1092 si
3373 1041 3624 1096 scribere
3654 1042 3785 1099 veli-

2203 1135 2345 1185 mus,
2397 1129 2452 1175 et
2496 1121 2856 1193 lacrymarum
2911 1125 3066 1180 rivuli
3109 1137 3379 1195 crescent,
3435 1139 3496 1186 et
3543 1133 3782 1202 primum

2202 1205 2389 1262 charta
2414 1223 2574 1276 quam
2599 1211 2761 1265 verba
2809 1213 3076 1268 deﬁcient.
3099 1216 3339 1285 Denique
3366 1219 3511 1288 apud
3539 1219 3779 1289 Cajetam

2201 1295 2326 1348 olim
2347 1298 2499 1351 nobis
2530 1302 2835 1356 necessario
2863 1303 3188 1368 constitutis,
3213 1305 3374 1375 legati
3407 1308 3486 1360 tui
3517 1312 3780 1377 promise

2201 1394 2321 1438 rant
2351 1395 2407 1440 ut
2437 1387 2576 1441 intra
2601 1391 2830 1458 spatium
2859 1393 3044 1462 viginti
3078 1394 3284 1449 dierum
3310 1413 3419 1452 non
3448 1399 3774 1458 solumcun

2199 1473 2462 1542 Agarenis
2489 1478 2728 1534 habitum
2759 1490 2970 1550 pactum
2998 1485 3338 1552 dissolveres,
3379 1505 3576 1546 verum
3619 1493 3777 1548 etiam

2203 1562 2502 1619 Saracenos
2528 1583 2772 1637 caperes,
2803 1580 2858 1624 et
2881 1571 3037 1627 nobis
3077 1589 3174 1629 eos
3219 1579 3662 1644 transmitteres;
3689 1585 3777 1638 sed

2202 1668 2352 1718 ecce,
2387 1655 2526 1723 quod
2556 1657 2878 1725 promissum
2915 1653 3019 1725 eSt,
3048 1663 3151 1716 ﬁde
3191 1664 3456 1722 hactenus
3493 1674 3700 1735 caruit,
3731 1680 3782 1726 et

2201 1745 2439 1800 omnium
2471 1750 2818 1817 sponsionum
2853 1761 3064 1807 tuarum
3089 1755 3231 1810 dicta
3262 1767 3481 1813 cassata
3515 1773 3666 1826 sunt,
3705 1773 3774 1828 et,

532 1836 587 1880 et
635 1832 991 1900 patrimoniis,
1023 1839 1102 1891 vel
1141 1854 1173 1891 a
1200 1841 1400 1908 quibus
1430 1845 1662 1914 propriis
1693 1848 1852 1901 rebus
1898 1849 2095 1904 mobili-

2206 1845 2262 1888 ut
2289 1847 2531 1906 apparet,
2555 1839 2828 1897 frustrata.
2883 1843 3051 1908 Unde,
3103 1848 3258 1905 sicut
3291 1848 3552 1912 diximus,
3599 1827 3772 1909 cesset

533 1918 634 1973 bus
663 1923 915 1990 privare:
947 1929 1042 1982 sed
1073 1929 1259 1986 diebus
1288 1935 1411 1989 vitae
1443 1944 1562 2002 tute,
1595 1939 1888 1992 secundum
1919 1950 2105 1994 aucto-

536 2009 710 2065 ritatis
759 2025 957 2071 nosth
987 2019 1284 2085 decretum,
1315 2039 1412 2093 pro
1433 2041 1616 2082 amore
1645 2028 1736 2082 Dei
1767 2039 1822 2082 et
1859 2031 2105 2085 mercede

534 2099 727 2154 anima:
759 2113 955 2159 nostra:
984 2117 1178 2179 tuaque
1204 2111 1476 2181 ﬁdelitate,
1510 2133 1668 2185 quam
1719 2128 1819 2173 tute
1865 2130 1916 2175 te
1952 2122 2106 2176 novi-

536 2205 656 2244 mus
696 2192 894 2250 habere
950 2198 1222 2267 Ecclesia},
1285 2204 1444 2260 liceat
1503 2209 1597 2262 tibi
1650 2211 1749 2264 sub
1800 2213 2106 2278 apostolica:

534 2281 680 2335 sedis
733 2298 1216 2361 successorumqne
1270 2306 1582 2353 nostrorum
1648 2304 1927 2366 tu'tamine,
1981 2319 2103 2358 cum

536 2373 771 2439 propriis
798 2375 1097 2445 beneﬁciis,
1138 2393 1336 2439 etcum
1363 2389 1614 2444 omnibus
1659 2391 1761 2444 tuis
1796 2392 2104 2448 hominibus

536 2463 814 2534 utriusque
839 2470 1063 2536 ordinis,
1106 2489 1324 2531 manere
1354 2478 1591 2546 quietum
1634 2490 1794 2550 atque
1829 2496 2100 2536 securum.

533 2549 703 2608 Porro
756 2557 1064 2630 quicunque
1101 2577 1286 2620 contra
1325 2568 1426 2624 hoc
1455 2549 1984 2626 nostrumstatutum
2032 2583 2108 2629 te-

535 2645 770 2701 merario
819 2663 950 2704 ausu
996 2668 1154 2723 agere
1196 2665 1353 2724 teque
1405 2673 1503 2727 pro
1548 2660 1854 2727 hujusmodi
1891 2665 2105 2732 negotio

533 2731 863 2789 calumniare
879 2744 1445 2810 praesumpseritpmni
1461 2761 1581 2800 eum
1597 2731 2107 2818 ecclesiasticajudi-

531 2835 720 2876 eamus
744 2831 1118 2884 communione
1143 2847 1350 2898 carere,
1381 2852 1662 2907 quousque
1691 2857 1786 2908 per
1809 2858 2100 2913 cengruam

531 2911 951 2968 satisfactionem
991 2917 1042 2970 in
1073 2930 1253 2973 nostra
1276 2938 1760 2998 successorumqne
1795 2911 2100 2987 nostrorum

530 3005 840 3069 praesentia,
869 3009 1010 3074 quod
1040 3024 1322 3078 perperam
1348 3013 1580 3082 iazserat,
1613 3023 1901 3078 emendare
1945 3040 2101 3079 cura-

533 3092 688 3144 verit.
749 3095 815 3147 Et
857 3096 976 3150 ideo
1007 3109 1190 3154 nostra
1237 3103 1398 3158 etiam
1451 3110 1741 3175 apostolica
1779 3115 2097 3170 auctoritate

529 3185 876 3274 praecipimus
900 3196 950 3243 te
996 3205 1259 3261 nusquam
1305 3171 1588 3268 cujuslibet
1628 3204 1862 3274 episcopi
1895 3205 1976 3258 vel
2007 3222 2096 3262 sa-
2125 3171 2168 3231 C

529 3275 764 3330 eerdotis
806 3263 1083 3350 sﬁijacere
1106 3281 1332 3349 judicio,
1360 3304 1639 3360 quousque
1666 3293 1718 3346 in
1749 3304 1987 3349 nOstram
2016 3296 2100 3350 vel

528 3377 901 3422 successorum
959 3382 1287 3438 nostrorum,
1330 3377 1498 3434 libere
1545 3399 1610 3437 ac
1653 3385 1932 3448 securiter,
1983 3387 2100 3442 sine

527 3454 757 3542 alicujus
780 3460 1058 3516 obstaculo
1088 3465 1170 3518 vel
1209 3466 1592 3544 impedimento
1623 3476 1968 3544 praesentiam
2009 3493 2100 3534 ve-

523 3551 663 3610 nias.
700 3538 831 3614 Data
872 3565 926 3609 ut
958 3573 1119 3610 suum
1234 3539 1260 3553 ﬂ

1160 3665 1341 3729 CCCX
1351 3673 1460 3730 Vill

682 3773 750 3812 ΑΒ
787 3775 1129 3818 ATHARASIUI
1165 3781 1458 3836 EPISCOPUI
1495 3780 1922 3824 NEAPOLITANUI.

1148 3877 1324 3948 (Anno
1350 3877 1497 3945 881.)

520 3982 708 4054 Arguit
736 4003 866 4060 eum
907 4002 1042 4057 quoa
1079 4006 1179 4043 non
1208 3989 1415 4060 fregerit
1443 3991 1608 4058 foedus
1637 3991 1775 4059 quod
1824 4009 1941 4047 cum
1991 3992 2088 4048 Sa~

594 4058 793 4131 recerti!
839 4058 1052 4131 fecerat,
1119 4058 1579 4131 c_um_promiserit
1618 4058 1750 4131 illud
1806 4079 2041 4131 rumpere
2069 4081 2090 4118 .'

532 4167 536 4172 ,
593 4125 813 4197 ostendit
840 4126 1186 4197 multamala
1214 4125 1328 4197 ejus
1359 4145 1516 4181 causa
1560 4146 1592 4180 a
1636 4125 2098 4186 Saracenis'Cltri-

591 4193 774 4264 agimus
825 4194 994 4264 fuisse
1023 4193 1250 4264 inﬂicta}
1303 4198 1535 4250 minatur
1557 4197 1634 4252 illi
1667 4203 2087 4255 excommunica-

595 4259 802 4323 tionem,
826 4259 935 4315 nisi
970 4259 1138 4332 fwdus
1162 4264 1296 4318 illud
1320 4277 1526 4336 rumpat

587 4371 898 4450 ATIIANASlO
924 4374 1175 4444 episcopo
1196 4374 1562 4447 Neapolitano.

535 4449 538 4452 4
585 4458 702 4515 Jam
727 4449 1262 4532 quiartelactantium
1301 4477 1356 4522 et
1384 4469 1452 4523 ab
1475 4468 1606 4539 ipsis
1632 4470 1910 4527 cunabulis
1953 4473 2084 4526 edn-

515 4551 749 4604 cautium
777 4563 977 4608 sancta:
1007 4556 1195 4610 matris
1224 4564 1326 4609 tum
1353 4555 1609 4612 Romana:
1654 4558 1908 4614 Ecclesiae
1938 4561 2080 4616 obli-

515 4646 603 4692 tus
626 4655 685 4694 es
714 4641 958 4707 uberum,
992 4644 1075 4697 vel
1123 4654 1318 4698 nostrae
1342 4645 1726 4701 benevolentiae
1751 4664 1855 4702 non
1883 4647 2081 4704 debue-

513 4744 605 4784 ras
634 4730 896 4796 oblivisci,
937 4749 1096 4801 quam
1145 4734 1240 4788 tibi
1268 4737 1614 4804 paternaliter
1649 4737 1985 4803 exhibentes,
2029 4750 2084 4793 et

512 4821 703 4877 salutis
726 4833 826 4876 tuae
857 4826 1098 4879 consulta
1122 4825 1487 4895 praevidimus,
1529 4829 1662 4883 etin
1695 4831 2081 4899 temporalibus

511 4915 808 4991 commodis
867 4916 1017 4985 juxta
1087 4918 1397 4988 qualitatem
1467 4921 1764 4989 temporis,
1829 4924 2077 4992 praesidia

509 4988 734 5072 quaeque
760 5003 1116 5072 contulimus;
1149 5023 1179 5061 e
1237 5007 1490 5076 quoniam
1539 5019 1942 5078 cooperatorem
1985 5028 2081 5066 no-

508 5107 678 5171 strum
725 5098 778 5151 in
827 5099 910 5153 his
965 5115 1084 5168 quae
1136 5098 1229 5152 Dei
1268 5108 1411 5164 sunt,
1467 5109 1518 5153 te
1559 5102 1757 5156 habere
1812 5103 2078 5171 volumus,

510 5167 779 5255 nimisque
821 5198 962 5241 tuam
991 5187 1404 5242 sanctimoniam
1457 5188 1746 5259 diligimus,
1800 5207 2079 5250 monemus

506 5285 565 5332 ut
593 5279 674 5332 vel
705 5296 845 5333 nunc
889 5280 954 5333 ad
1002 5296 1096 5334 cor
1125 5279 1331 5345 redeas,
1377 5287 1436 5334 ut
1474 5295 1636 5348 prava
1679 5282 2077 5352 quaequejuxta

508 5359 656 5423 tuum
685 5371 1041 5424 ministerium
1070 5371 1263 5438 diluas,
1292 5381 1344 5426 ct
1374 5371 1714 5428 inimicorum
1743 5374 2074 5430 Christiano-

509 5476 622 5516 rum
654 5463 886 5516 nominis
908 5463 1080 5518 ftedus
1108 5466 1437 5534 exsecraudo
1464 5466 1688 5532 devites,
1733 5477 1997 5537 quatenus
2024 5477 2076 5521 et

505 5552 708 5606 animm.
751 5563 853 5606 tua:
901 5551 1105 5607 lucrum
1162 5555 1432 5624 acquiras,
1469 5565 1523 5610 et
1574 5557 1773 5612 nostris
1818 5560 1989 5626 magis
2013 5576 2076 5614 ac

507 5631 676 5710 magis
722 5642 1000 5700 aliectibus
1051 5645 1253 5714 perfrui
1304 5646 1506 5711 valeas,
1552 5647 1976 5718 etblasplmnniis
2011 5667 2074 5705 ac

508 5733 975 5791 tualcdictionibus
1033 5735 1374 5806 reliquiarum
1417 5739 1591 5807 populi
1631 5738 1950 5806 Christiani,
1991 5740 2073 5794 Di-

2194 1924 2340 1993 jam,
2379 1939 2552 1984 cesset
2592 1931 2709 1986 haec
2748 1933 3135 1989 immanissima
3187 1939 3378 2007 pestis,
3430 1948 3496 1992 ut
3533 1943 3769 2010 reliquis

2202 2015 2522 2072 Christiana:
2553 2021 2791 2077 funditus
2817 2040 2922 2079 non
2957 2025 3268 2094 depereant,
3290 2039 3347 2082 et
3369 2039 3422 2082 tu
3447 2032 3650 2090 anima:
3672 2043 3773 2088 tum

2202 2103 2480 2173 dispendia
2508 2124 2612 2162 non
2641 2110 2907 2174 incurras,
2934 2114 3057 2182 quia
3082 2113 3126 2168 si
3170 2116 3370 2186 populo
3399 2118 3495 2172 Dei
3534 2134 3774 2189 compas-

2203 2208 2296 2248 sus
2323 2193 2505 2260 fueris,
2535 2207 2590 2252 et
2617 2199 2780 2253 Deum
2808 2201 2902 2256 tibi
2928 2203 3214 2272 propitium
3241 2203 3429 2269 facies,
3455 2217 3515 2262 et
3541 2220 3776 2268 nostram

2201 2286 2577 2354 paternitatem
2610 2289 2766 2345 solito
2816 2307 2967 2348 more
3004 2295 3289 2364 percipies,
3319 2307 3373 2350 et
3404 2300 3770 2355 ministerium

2205 2387 2354 2430 tuum
2382 2379 2692 2434 custodics:
2723 2381 2956 2452 alioquin
2990 2400 3093 2437 non
3119 2385 3293 2439 solum
3331 2396 3520 2442 nostra
3551 2391 3647 2443 tibi
3680 2406 3780 2444 non

2203 2472 2556 2540 dimittemus,
2585 2477 2676 2530 sed
2704 2478 2866 2532 etiam
2915 2481 3226 2534 canonicam
3258 2483 3310 2536 in
3354 2492 3406 2538 te
3456 2489 3776 2542 sententiam

2199 2564 2350 2634 juxta
2383 2577 2623 2622 nostrum
2651 2569 3006 2624 ministerium
3028 2570 3310 2638 jaciemus.
3347 2574 3456 2629 Sed
3481 2587 3536 2630 et
3562 2579 3665 2632 hoc
3690 2596 3777 2633 uo-

2202 2656 2301 2708 stri
2325 2657 2654 2725 apostolatus
2679 2660 2999 2714 auctoritate
3017 2676 3313 2727 monemus,
3334 2673 3388 2718 et
3408 2670 3778 2722 excommuni-

2203 2747 2377 2799 oando
2391 2747 2562 2802 modis
2575 2747 2822 2802 omnibus
2847 2751 3235 2818 interdicimus,
3261 2765 3317 2807 ut
3351 2757 3478 2823 quia
3510 2774 3630 2810 ecce
3653 2770 3776 2811 tein-

2203 2852 2299 2904 pus
2321 2838 2632 2904 acceptabile
2652 2848 2748 2904 est,
2769 2855 2882 2892 ecce
2905 2856 3039 2893 nunc
3064 2842 3174 2894 dies
3194 2843 3380 2897 saliuis
3405 2844 3494 2915 (11
3524 2847 3647 2900 Cor.
3681 2849 3772 2912 τι),

2204 2923 2402 2978 nullam
2450 2925 2770 2980 seditionem
2800 2968 2814 2991 ,
2879 2927 3079 2982 nullam
3127 2933 3574 2998 commotionem,
3631 2937 3771 2989 nulla

2203 3015 2509 3069 discrimina
2560 3017 2641 3069 vel
2672 3017 2940 3073 luasionem
2985 3035 3107 3074 cum
3151 3023 3236 3075 his
3283 3025 3375 3093 qui
3408 3025 3464 3077 in
3507 3025 3776 3081 Berolassi

2205 3115 2607 3160 commorantur
2647 3118 2738 3161 aut
2799 3107 2964 3164 facias
3031 3119 3124 3164 aut
3177 3111 3505 3170 facientibus
3551 3119 3772 3171 Otlittilto

2200 3200 2525 3260 consentias,
2579 3211 2847 3267 quatenus
2891 3215 3078 3268 pacem
3126 3205 3431 3267 sec-tando,
3505 3207 3576 3260 ab
3623 3209 3771 3261 omni

2200 3289 2436 3356 nequitia
2467 3299 2745 3358 purgatus,
2774 3305 2971 3344 munus
2999 3290 3106 3345 Deo
3129 3293 3535 3348 itmnacnlatnm
3555 3296 3771 3359 oﬁ'eras,

2197 3386 2253 3432 et
2281 3379 2598 3433 charitatem
2647 3380 2740 3434 Dei
2766 3381 2817 3435 in
2868 3389 2960 3436 tuo
2998 3397 3125 3436 vase
3168 3383 3412 3438 dill'usam
3459 3389 3774 3443 cohabitare

2198 3469 2478 3538 permittas
2509 3487 2521 3522 :
2562 3471 2686 3539 quia
2728 3486 2845 3536 nos,
2879 3472 3076 3542 quibus
3106 3474 3454 3540 de‘omnibus
3483 3492 3619 3531 cura
3673 3481 3774 3543 est,

2198 3555 2306 3610 Deo
2337 3557 2580 3627 juvante,
2630 3547 2992 3630 congruenter
3051 3563 3178 3618 illuc
3226 3567 3666 3634 properabimus,
3722 3579 3776 3622 et

2195 3644 2336 3699 inter
2382 3662 2500 3715 vos,
2553 3657 2605 3704 te
2652 3651 2992 3719 potissimum
3057 3662 3399 3721 cooperante,
3478 3671 3673 3723 pacem
3720 3667 3780 3711 et

2193 3736 2485 3791 amicitiam
2534 3739 2973 3797 rel'ormabimus.
3003 3741 3133 3796 Data
3173 3744 3344 3812 pridie
3389 3745 3521 3802 ldus
3569 3747 3781 3814 lanii,

2194 3828 2484 3887 indictione
2513 3849 2620 3888 xw.
2659 3899 2665 3905 η

2837 3947 3112 4004 CCCXIX.

2512 4052 2578 4092 AD
2617 4053 2930 4096 IETHODIUI
2980 4057 3448 4099 ABCHIEPISCOPUI.

2790 4131 2969 4201 (Anno
3005 4131 3154 4203 881.)

2189 4218 2504 4297 Gratulatur
2537 4220 2603 4272 de
2648 4221 2949 4297 orthodoxa:
2987 4223 3110 4291 ﬁdei
3135 4223 3299 4286 cultu,
3317 4296 3320 4297 ν
3337 4235 3386 4278 et
3414 4229 3480 4278 de
3502 4227 3614 4296 ejus
3635 4246 3766 4297 erga

2259 4291 2557 4363 religionem
2580 4291 2750 4343 studio
2770 4301 2817 4363 et
2843 4309 3003 4356 cura;
3025 4303 3269 4360 precatur
3305 4296 3363 4348 in
3382 4297 3487 4349 dies
3506 4291 3764 4363 spiritui:-

2255 4358 2354 4412 lem
2380 4359 2667 4428 profectum
2690 4361 2959 4428 majorem,
2985 4358 3201 4433 eumque
3231 4358 3541 4419 consolatur.

2255 4469 2537 4524 Maruomo
2563 4469 2986 4539 archiepiscopo,
3018 4485 3116 4540 pro
3143 4470 3266 4526 ﬁde.

2257 4559 2548 4614 Pastoralis
2576 4559 3081 4616 sollicitmlinis-tute
3111 4576 3332 4628 curam,
3377 4579 3540 4632 quam
3585 4565 3641 4619 in
3689 4565 3772 4620 lu-

2183 4652 2399 4705 crandis
2425 4651 2709 4706 animabus
2736 4651 2968 4706 ﬁdelium
3001 4652 3228 4709 Domino
3256 4655 3366 4710 Deo
3399 4666 3591 4711 nostro
3615 4660 3776 4713 exhi—

2184 4741 2302 4804 bes,
2343 4743 2719 4811 approbautes,
2769 4751 2822 4797 et
2867 4745 3182 4801 orthodoxa:
3229 4746 3352 4802 ﬁdei
3395 4756 3450 4803 te
3495 4750 3768 4805 cultorem

2184 4840 2459 4886 strenuum
2487 4834 2720 4887 existere
2765 4835 3208 4904 contemplantes,
3253 4838 3412 4892 nimis
3460 4839 3517 4893 in
3571 4842 3770 4895 eodem

2185 4919 2409 4974 Domino
2425 4919 2809 4988 jucundamur,
2835 4933 2891 4976 et
2919 4927 2964 4977 ei
3000 4925 3290 4981 immensas
3316 4927 3525 4993 laudes,
3552 4940 3610 4986 et
3636 4948 3768 5001 gra—

2189 5011 2288 5065 tias
2317 5027 2476 5081 agere
2498 5028 2602 5066 non
2625 5029 2918 5078 ceSsamus,
2957 5017 3081 5086 quia
3113 5027 3168 5074 te
3194 5018 3363 5087 magis
3403 5033 3471 5074 ac
3506 5021 3682 5090 magis
3707 5023 3762 5075 in

2183 5103 2297 5157 suis
2332 5105 2597 5158 mandatis
2639 5107 2918 5171 accendat,
2944 5119 2999 5160 et
3023 5109 3090 5161 ad
3119 5120 3318 5162 sancta:
3344 5125 3457 5163 sua:
3506 5111 3766 5166 Ecclesia:

2183 5193 2480 5263 profectum
2507 5196 2575 5250 ab
2597 5197 2847 5251 omnibus
2875 5197 3286 5252 adversitatibus
3311 5200 3613 5256 clementer
3646 5203 3762 5257 eri-

2181 5287 2310 5356 piat.
2370 5285 2566 5340 V'erum
2598 5287 2795 5340 auditis
2837 5301 2931 5355 per
2955 5297 3072 5341 tuas
3095 5288 3302 5343 litteras
3331 5293 3498 5344 vanis
3543 5291 3764 5345 casibus

2179 5377 2260 5432 vel
2287 5377 2566 5432 eventibus
2597 5378 2721 5438 tuis,
2753 5386 2949 5446 quanta
3000 5381 3372 5448 compassione
3412 5381 3508 5434 tibi
3556 5383 3758 5436 condo-

2179 5469 2456 5531 luerimus,
2485 5484 2550 5522 ex
2588 5469 2686 5522 hac
2713 5469 2994 5523 advertere
3024 5472 3245 5538 poteris,
3278 5471 3330 5525 in
3360 5486 3467 5539 quo
3495 5483 3546 5526 te
3570 5489 3764 5527 coram

2177 5559 2331 5613 nobis
2358 5560 2610 5628 positum,
2644 5569 2844 5614 sancta:
2873 5559 3128 5614 Romanae
3156 5560 3410 5614 Ecclesiae
3429 5562 3754 5624 doctrinam,

2167 5647 2321 5716 juxta
2371 5657 2679 5703 sanctorum
2721 5648 2941 5701 Patrum
2993 5648 3322 5719 probabilem
3367 5649 3713 5706 traditionem
3739 5690 3765 5712 ,

2175 5739 2323 5809 sequi
2377 5739 2570 5794 debere
2622 5739 2942 5803 monuimus,
2990 5748 3043 5794 ct
3097 5749 3202 5792 tam
3250 5737 3550 5807 symbolum
3592 5755 3757 5808 quam
