4026 6308
207 381 316 439 929

1407 372 1590 429 EPlS'l
1607 371 1775 429 OLJE‘
1801 370 1891 427 ET
1918 371 2268 430 DECBETA.

3306 333 3472 437 sse

198 460 412 552 ructant
441 488 601 546 ﬁdem
634 502 664 544 a
694 495 749 544 te
773 485 1068 545 docendam
1091 495 1145 543 et
1164 486 1556 557 prtedicandam
1596 484 1751 540 subdi
1771 511 1783 523 -
1812 489 1864 545 Α
1890 486 2047 541 nobis
2070 487 2602 557 quantulumcunque
2628 488 2695 543 de
2740 489 2872 559 ipsis
2898 489 3123 561 paganis
3167 492 3470 561 tranquilli-

204 587 417 642 dimus:
450 579 758 650 nostrisque
780 577 1088 648 apostolicis
1124 577 1321 632 litteris
1360 576 1596 648 glorioso
1634 574 1785 643 prin-

207 678 313 746 ripi
350 672 715 743 Sfentopulco,
743 687 877 740 quas
900 670 980 726 eis
1003 670 1204 726 asseris
1234 669 1401 723 fuisse
1433 667 1657 728 delatas,
1685 665 1790 723 hoc

204 768 385 836 ipsum
432 761 874 832 significavimus,
902 769 958 815 et
982 773 1156 829 neque
1195 758 1313 812 alia:
1358 757 1551 812 litterae
1590 763 1790 810 nostrae

207 854 279 909 ad
307 868 428 908 eum
452 853 671 907 directa:
697 858 840 913 sunt,
870 863 1045 920 neque
1082 849 1335 918 episcopo
1363 847 1438 901 illi
1478 845 1656 916 palam
1704 841 1790 898 vel

202 952 422 999 secreto
473 939 615 994 aliud
669 937 968 993 faciendum
1013 937 1372 1006 injunximus,
1411 945 1467 990 et
1507 934 1649 989 aliud
1680 950 1710 988 a
1742 942 1792 988 te

204 1030 577 1105 peragendum
608 1027 963 1093 decrevimus,
1005 1036 1205 1095 quanto
1247 1027 1424 1081 minus
1467 1025 1792 1081 crezlendutn

207 1131 376 1178 estut
404 1114 798 1176 sacramentum
838 1117 909 1172 ab
935 1117 1121 1173 eodem
1160 1118 1410 1188 episcopo
1433 1116 1792 1186 exegerimus,

208 1229 375 1284 quem
415 1211 604 1267 saltem
643 1209 748 1265 levi
785 1225 1034 1265 sermone
1077 1224 1241 1279 super
1269 1209 1371 1263 hoc
1403 1207 1618 1276 negotio
1657 1206 1794 1261 allo-

213 1304 327 1359 cuti
352 1317 458 1358 non
500 1302 720 1357 fuimus.
769 1301 1001 1369 ideoque
1029 1309 1207 1356 cesset
1252 1300 1355 1354 ista
1403 1299 1668 1363 dubietas,
1717 1304 1793 1362 et,

1885 587 2056 636 tatem
2085 580 2262 632 valeat
2289 580 2450 634 ferre.
2499 579 2605 634 Sed
2630 590 2685 633 ct
2705 596 2736 635 c
2759 580 2925 635 latere
2945 591 3145 645 vestro,
3172 584 3262 652 qui
3290 583 3469 639 eidem

1884 669 2151 724 exercitui
2180 683 2414 736 pra‘esse
2434 671 2625 737 possit,
2666 679 2773 724 tam
2795 680 3075 726 strenuum
3115 683 3329 742 tamque
3352 674 3467 729 ido-

1888 775 2051 816 neum
2079 761 2302 816 missum
2336 763 2509 818 modis
2536 763 2790 817 omnibus
2827 762 3094 827 tribuatis,
3141 766 3230 833 qui
3273 776 3329 819 et
3375 766 3476 821 du-

1893 857 2012 902 ctor
2035 851 2308 903 exercitus
2332 850 2500 917 vestri
2538 851 2758 911 existat,
2808 858 2862 906 et
2897 867 3059 920 quam
3104 852 3471 925 defensionem

1886 936 1978 992 .vcl
2038 936 2360 1002 adjutorium
2416 940 2570 994 nobis
2622 938 2843 1005 faciant,
2897 941 3009 1010 ipse
3055 942 3365 1011 praevideat,
3421 953 3476 998 et

1893 1027 2152 1097 quidquid
2197 1038 2373 1084 vestra
2431 1030 2544 1085 vice
2581 1039 2678 1086 est
2732 1033 3093 1101 peragendum
3138 1042 3477 1103 potestateve

1894 1118 2157 1189 perficiat.
2208 1119 2458 1188 Alioquin
2489 1136 2593 1176 non
2630 1120 2802 1191 solum
2843 1137 2909 1176 ex
2949 1123 3051 1178 hoc
3097 1124 3329 1178 maxima
3376 1141 3474 1181 ne-

1885 1209 2146 1280 .gligentia
2186 1211 2311 1272 erit,
2357 1219 2412 1264 et
2445 1210 2623 1266 omnis
2644 1219 2822 1266 vestra
2852 1212 3056 1268 utilitas
3081 1213 3479 1282 deperiet,sed

1832 1331 1847 1344 ι
1888 1298 2059 1354 etiam
2104 1299 2394 1355 novissima
2429 1310 2615 1355 nostra
2654 1311 2812 1357 erunt
2848 1301 3029 1372 pejora
3075 1305 3381 1374 prioribus;
3422 1315 3479 1363 et

210 1395 328 1452 Deo
368 1403 713 1462 cooperante,
756 1394 898 1450 sicut
938 1393 1244 1464 evangelica
1288 1399 1345 1445 et
1395 1390 1688 1460 apostolica
1737 1401 1797 1442 se
1895 1404 2015 1453 vos,
2046 1400 2305 1460 quantum
2339 1404 2407 1445 ex
2447 1392 2549 1446 hoc
2588 1391 2834 1448 habeatis
2872 1404 3180 1463 peccatum,
3216 1394 3323 1450 dici
3369 1412 3478 1465 non

204 1488 384 1544 habet
430 1487 711 1551 doctrina,
762 1486 1077 1543 orthodoxae
1125 1484 1245 1538 tidei
1299 1482 1503 1538 cultum
1555 1480 1800 1543 ﬁdelibus
1894 1486 2095 1549 potest.
2150 1478 2379 1547 Ideoque
2437 1490 2657 1551 propter
2695 1482 2861 1535 Deum
2935 1483 3236 1538 succurrite
3291 1484 3475 1546 nobis,

198 1578 429 1634 cunctis
457 1577 688 1641 inculca,
720 1585 779 1630 ut
814 1576 880 1633 de
910 1575 1092 1630 labore
1126 1574 1201 1629 tui
1231 1571 1544 1627 certaminis
1571 1570 1798 1624 Domino
1897 1571 2219 1634 succurrite,
2251 1579 2311 1625 ut
2345 1586 2450 1626 non
2482 1572 2664 1627 dicant
2707 1573 2759 1626 in
2804 1573 3031 1638 circuitu
3061 1558 3309 1630 nationes
3336 1592 3351 1628 :
3376 1573 3481 1631 Ubi

210 1666 591 1723 JCSIPChI‘iSIO
624 1665 860 1733 fructum
896 1663 1091 1719 ali‘eras
1115 1663 1501 1725 abundantem,
1529 1669 1585 1716 et
1624 1657 1796 1728 gratia
1897 1670 1991 1717 est'
2013 1661 2307 1730 imperator
2340 1664 2574 1717 eorum?
2608 1662 2875 1719 Praeterea
2921 1665 3346 1721 honoriﬁcentia
3389 1679 3484 1720 ve-

215 1757 337 1827 ejus
357 1767 750 1820 remuneratus,
774 1755 1076 1811 mercedem
1118 1752 1347 1821 recipias
1381 1758 1796 1820 competentem.
1826 1824 1859 1827 *
1894 1759 2030 1804 stra:
2052 1763 2174 1804 cum
2200 1749 2573 1817 benedictione
2596 1751 2890 1820 apostolica
2916 1752 3168 1821 palmam,
3195 1766 3298 1822 per
3318 1766 3483 1821 quam

215 1824 485 1902 Caeterum
524 1846 589 1900 de
632 1845 753 1899 aliis
801 1841 1186 1899 tentationibus
1223 1856 1357 1911 quas
1397 1841 1610 1893 diverso
1637 1836 1798 1891 modo
1825 1824 1872 1885 Β
1896 1839 2112 1909 signum
2153 1838 2313 1895 datur
2367 1840 2624 1904 victoriae,
2666 1855 2799 1897 ecce
2838 1855 2911 1896 ex
2959 1857 3113 1898 more
3160 1842 3486 1909 direximus,

215 1952 507 2010 perpessus
530 1928 746 1999 es,'noli
774 1934 998 1999 tristari,
1042 1934 1169 2003 quin
1222 1933 1398 2004 potius
1434 1931 1556 1993 hoc,
1603 1944 1795 1985 secun—
1892 1938 2237 1998 exoptantes,
2259 1930 2794 2001 omnipotentemque
2823 1931 2991 1985 Deum
3026 1933 3484 2001 deprecantes,ut

220 2028 348 2085 dum
384 2027 719 2097 Apostolum,
760 2041 920 2099 omne
960 2025 1213 2096 gaudium
1262 2039 1485 2092 prorsus
1528 2021 1798 2084 existima,
1882 2020 2041 2075 hanc
2067 2034 2190 2074 cum
2220 2019 2409 2074 lietitia
2440 2036 2533 2075 vos
2560 2021 2623 2081 ,in
2663 2020 2752 2075 die
2793 2028 2954 2076 tantae
2988 2020 3351 2079 solenmitatis
3392 2033 3487 2091 ge-

220 2117 349 2189 qnia
376 2115 422 2171 si
455 2115 596 2169 Deus
625 2130 721 2185 pro
760 2124 833 2179 te,
881 2129 1039 2169 nemo
1086 2128 1204 2168 esse
1244 2111 1442 2182 poterit
1486 2118 1675 2166 contra
1726 2117 1800 2161 te.
1896 2117 2045 2164 stare
2073 2108 2240 2163 faciat
2265 2119 2430 2177 atque
2446 2110 2744 2177 permittat.
2776 2110 2846 2163 Et
2874 2110 2944 2164 ad
2974 2111 3216 2165 omnium
3242 2118 3485 2164 nostrum

221 2205 427 2260 Tamen
479 2220 601 2259 cum
659 2204 770 2258 Deo
808 2203 945 2258 duce
1002 2217 1254 2257 reversus
1301 2200 1488 2266 fueris,
1540 2198 1800 2270 quidquid
1899 2201 2188 2257 utilitatem
2218 2210 2274 2257 et
2300 2200 2601 2269 profectum
2638 2216 2802 2257 aures
2827 2201 3253 2270 praecordiorum
3279 2209 3487 2254 vestro-

222 2293 517 2348 enormiter
563 2292 847 2346 adversum
898 2300 951 2345 te
1000 2298 1087 2345 est
1133 2290 1503 2354 commissum,
1533 2286 1804 2357 quidquid

215 2381 333 2451 jam
362 2381 538 2437 dictus
564 2381 846 2451 episcopus
874 2388 1061 2434 contra
1093 2394 1252 2434 suum
1293 2377 1649 2433 ministerium
1675 2376 1728 2430 in
1753 2382 1805 2429 te

224 2471 489 2536 exercuit,
520 2479 803 2539 utramque
836 2470 1177 2526 audientiam
1206 2484 1388 2524 coram
1416 2468 1571 2523 nobis
1597 2467 1806 2522 discus-

224 2575 364 2623 sam,
395 2560 683 2629 adjuvante
712 2560 962 2624 Domino,
1002 2558 1242 2630 legitimo
1286 2557 1381 2612 lini
1434 2557 1723 2619 trademus,
1751 2548 1811 2612 et

229 2648 375 2705 illius
409 2650 762 2718 pertinaciam
786 2647 987 2716 ‘judicii
1026 2649 1196 2705 nostri
1228 2647 1495 2703 sententia
1530 2648 1806 2716 corripere

226 2753 334 2793 non
360 2738 688 2793 omittemus.
738 2738 873 2793 Data
899 2738 1110 2794 decimo
1141 2736 1408 2793 Kalendas
1450 2734 1671 2806 Aprilis,
1723 2734 1809 2791 iu-

228 2828 465 2886 dictione
491 2829 701 2886 decima
722 2838 936 2900 quarta.

302 2942 315 2949 -
580 2994 583 2997 _
893 2918 1146 2975 cccxx.

618 3024 687 3065 AD
721 3025 967 3066 CAROLUI
1015 3025 1415 3065 IIPEBATOREI.

833 3100 1011 3171 (Anno
1058 3101 1209 3170 881.)

231 3193 457 3250 Nuntiat
502 3192 805 3263 imperatori
833 3208 887 3245 se
919 3192 984 3244 iis
1023 3189 1176 3263 malis
1209 3207 1239 3243 a
1264 3187 1546 3263 Saracenis
1566 3189 1721 3258 a/ﬁci,
1746 3199 1808 3263 ut

302 3263 526 3334 amplius
553 3259 807 3319 sustinere
831 3277 934 3315 non
960 3261 1154 3329 possit;
1190 3268 1335 3334 rogat
1364 3259 1599 3334 eumdem
1625 3268 1679 3334 ut
1713 3259 1811 3312 sibi

302 3328 537 3388 subsidio
585 3333 867 3387 exercitum
915 3328 1119 3384 mature
1162 3330 1351 3394 mittat,
1396 3328 1544 3397 eique
1580 3328 1812 3400 palmam

303 3419 421 3457 cum
443 3403 789 3457 benedictione
806 3400 986 3454 mittit.

302 3492 519 3547 Canopo
549 3508 568 3529 -
601 3489 933 3562 imperatori.

302 3585 591 3639 Multarum
616 3582 1017 3655 oppressionum
1041 3589 1369 3644 nostrarum,
1383 3579 1453 3637 fili
1471 3580 1809 3647 charissime,

229 3674 389 3728 vobis
428 3672 670 3728 oblivisci
700 3687 804 3727 non
832 3671 1102 3736 convenit,
1128 3680 1183 3726 et
1205 3671 1571 3727 calamitatum
1604 3681 1817 3729 nostra-

234 3780 381 3829 rum,
423 3778 558 3833 quas
597 3771 783 3819 sancta
831 3770 1005 3824 mater
1051 3768 1231 3816 vestra
1280 3761 1523 3817 Romana
1548 3761 1814 3840 Ecclesia

227 3855 458 3926 patitur,
497 3861 708 3924 oportet
740 3867 836 3909 vos
871 3852 1166 3918 reminisci,
1197 3860 1252 3908 et
1297 3861 1426 3908 tunc
1467 3853 1690 3908 demum
1746 3854 1816 3909 ad

232 3945 471 4013 aliquam
503 3943 924 3999 consolationem
951 3951 1190 3998 nostram
1230 3957 1450 3997 manum
1480 3952 1675 4000 vestrae
1699 3944 1817 4014 pie-

234 4037 364 4091 tatis
390 4035 666 4105 porrigere
694 4044 747 4087 et
772 4032 1031 4089 auxilium
1054 4032 1208 4088 nobis
1232 4032 1474 4102 praebere
1494 4034 1816 4110 quantocius

230 4120 464 4183 debetis.
522 4127 683 4183 Scitis
709 4140 941 4195 namque
964 4140 1102 4195 quae,
1138 4132 1339 4194 quanta
1366 4132 1422 4180 et
1448 4124 1653 4195 qualia,
1685 4139 1819 4196 prte-

234 4219 395 4289 cipue
424 4234 455 4273 a
501 4218 745 4289 paganis,
791 4215 932 4271 mala
979 4225 1320 4287 quantasque
1360 4216 1523 4273 etiam
1572 4216 1818 4273 miserias

234 4309 506 4378 patimur;
538 4317 591 4360 et
622 4307 676 4363 in
709 4305 864 4362 nobis
901 4306 1229 4374 commissis,
1274 4316 1536 4376 quantum
1577 4306 1820 4377 quotidie

233 4395 554 4467 afﬂigantur,
577 4405 634 4450 et
657 4409 753 4449 vos
782 4394 911 4449 estis
941 4395 1169 4465 experti,
1200 4403 1375 4451 etnos
1400 4394 1596 4464 partim
1625 4405 1819 4451 vestra:

1904 2306 2024 2347 rum
2063 2290 2320 2364 divinitus
2364 2289 2624 2347 inclinare
2666 2289 2937 2357 dignetur.
2965 2288 3098 2343 Data
3125 2304 3180 2344 iv
3208 2286 3487 2343 Kalendas

1901 2379 2121 2451 Aprilis,
2165 2380 2454 2437 indictione
2499 2394 2610 2435 m.
2901 2448 2907 2451 _
2976 2406 2979 2409 .
3016 2410 3020 2415 .

2510 2504 2515 2513 -
2546 2482 2832 2546 “cccxxt.
2900 2448 2908 2457 ’

2346 2615 2412 2656 ΑΙ)
2459 2615 2711 2655 υιγειιεος
2748 2614 3047 2671 εριςοοβοε.

2513 2700 2689 2772 (Anno
2739 2699 2888 2773 881.)

1888 2810 2254 2883 Athanasium
2283 2808 2691 2881 Neapolitanum
2716 2814 3036 2883 episcopum,
3060 2814 3163 2883 qui
3208 2828 3343 2881 stupe
3380 2826 3493 2883 1130-

1978 2882 2141 2943 nitus,
2174 2878 2458 2952 nunquam,
2506 2882 2638 2934 sicut
2670 2878 3002 2952 promiserat,
3040 2878 3205 2952 {tellus
3244 2878 3361 2952 cunt
3391 2878 3495 2952 Sa-g

1979 2953 2183 3005 raeenis
2209 2950 2365 3021 ictum
2398 2967 2634 3021 rumpere
2655 2950 2834 3012 voluit,
2871 2968 2902 3003 η
2933 2969 2988 3004 se
3017 2964 3133 3004 eum
3156 2950 3401 3004 omnibus
3446 2950 3495 3003 ei

1976 3020 2413 3075 consentientibus
2436 3020 2939 3074 exeommunicatunt
2961 3021 3243 3091 signiﬁcat.

1836 3164 1881 3226 ρ
1981 3131 2245 3187 Omnibus
2281 3132 2547 3202 episcopis
2589 3132 2849 3201 Caietam,
2902 3132 3203 3202 Neapolim,
3256 3134 3496 3204 Capuam

1916 3224 2236 3279 Berolassim
2287 3234 2342 3278 et
2384 3224 2654 3287 Amalfim,
2700 3223 3065 3278 Beneventum
3109 3232 3162 3277 et
3215 3222 3497 3279 Salernum

1915 3313 2307 3378 incolentibus,
2367 3328 2394 3366 a
2450 3314 2688 3383 paribus.

1898 3428 1905 3433 ι
1986 3406 2115 3475 Qum
2136 3414 2191 3460 et
2220 3412 2417 3475 quanta
2448 3405 2515 3459 ab
2545 3404 2841 3460 Athanasio
2862 3402 3215 3473 Neapolitano
3247 3403 3500 3472 episcopo

1895 3486 2115 3555 :Christi
2156 3496 2390 3551 Ecclesia
2432 3496 2670 3566 patiatur
2710 3496 2959 3558 adversa,
2998 3501 3308 3562 optaremus
3340 3491 3500 3546 vobis

1908 3604 2021 3645 non
2051 3605 2171 3644 esse
2200 3589 2468 3646 dicturos.
2496 3586 2599 3640 nisi
2626 3592 2809 3639 essent
2843 3598 3003 3652 supra
3053 3582 3266 3636 modum
3294 3582 3499 3652 gravia.

1900 3682 2055 3738 Ecce
2090 3681 2259 3744 enim,
2287 3688 2346 3733 ut
2372 3678 2468 3747 ipsi
2493 3676 2606 3747 jam
2633 3691 2701 3731 ex
2733 3675 2967 3730 maxima
3010 3682 3163 3743 parte
3212 3688 3314 3727 non
3352 3674 3503 3741 igno-

1917 3776 2074 3838 ratis,
2110 3773 2178 3827 ad
2214 3771 2566 3841 perditionem
2595 3768 2762 3822 totius
2783 3760 3230 3827 Christianitatis,
3258 3778 3288 3817 a
3319 3763 3503 3819 multis

1918 3874 2066 3921 retro
2100 3862 2429 3932 temporibus
2463 3875 2584 3916 cum
2617 3858 2742 3913 filiis
2773 3856 2967 3912 ismael
3022 3864 3076 3910 et
3130 3857 3240 3910 Deo
3295 3854 3505 3910 scilicet

1916 3956 2202 4021 odibil‘ibus
2236 3951 2522 4009 Saracenis
2558 3957 2770 4020 pactum
2807 3947 3032 4011 faciens,
3084 3961 3301 4020 omnem
3341 3944 3504 4001 istam

1917 4056 2117 4102 terram
2147 4045 2219 4098 ita
2247 4043 2314 4096 ad
2346 4041 2570 4096 nihilum
2596 4039 2827 4110 redegit,
2875 4046 2935 4091 ut
2973 4036 3086 4104 jam
3138 4052 3244 4090 non
3293 4036 3365 4091 sit
3411 4034 3505 4104 qui

1917 4151 2038 4194 eam
2086 4148 2311 4204 prorsus
2356 4130 2647 4201 inhabitet.
2698 4126 2871 4196 Super
2897 4141 3005 4196 quo
3027 4124 3230 4201 scelere
3258 4139 3379 4178 eum
3407 4139 3508 4178 sae-

1912 4226 2141 4299 pissime
2168 4222 2616 4284 comnionuimus,
2642 4226 2697 4274 et
2732 4216 2944 4288 corpori
2979 4225 3166 4271 nostro
3196 4204 3508 4271 omnimodo

1919 4335 2028 4377 non
2051 4326 2356 4390 parcentes.
2388 4329 2556 4382 usque
2591 4311 2866 4382 Neapolim
2899 4311 3331 4382 properavimus,
3362 4310 3506 4364 mul-

1912 4421 2143 4480 tumque
2169 4404 2377 4477 argenti
2408 4403 2455 4455 ei
2485 4401 2836 4464 contulimus,
2882 4408 2938 4454 et
2989 4400 3297 4468 rogavimus
3335 4407 3394 4451 nt
3439 4398 3509 4452 ab

233 4484 537 4541 clementia:
570 4483 729 4555 paulo
757 4492 884 4538 ante
925 4482 1361 4552 signiﬁcavimus.
1420 4483 1486 4535 Et
1527 4497 1648 4536 cum
1691 4497 1810 4552 quo

1922 4514 2108 4560 eorum
2153 4515 2212 4553 se
2255 4496 2511 4553 societate
2554 4492 2850 4555 divideret,
2878 4484 3186 4544 ut’tandem
3219 4487 3509 4557 aliquando

237 4577 369 4632 tidie
410 4577 527 4630 hazc
562 4575 748 4629 eadem
780 4572 918 4627 mala
950 4587 1057 4627 non
1082 4572 1247 4626 minui
1277 4571 1373 4626 sed
1399 4571 1571 4639 magis
1600 4587 1664 4627 ac
1694 4587 1814 4626 nia-

234 4670 321 4740 gis
350 4680 598 4723 crescere
628 4680 694 4721 ac
732 4664 943 4719 dilatari
972 4677 1278 4728 cernamus,
1311 4661 1461 4716 dolor
1481 4670 1538 4716 et
1562 4662 1817 4731 gemitus,

235 4775 302 4815 ac
328 4758 445 4812 sine
466 4755 581 4811 line
609 4754 826 4809 tristitia
855 4751 1119 4818 imminet,
1150 4766 1215 4805 ac
1234 4766 1331 4819 per
1360 4751 1462 4805 hoc
1489 4750 1620 4805 libet
1648 4750 1820 4819 magis

236 4845 599 4914 mori,quam,
620 4843 758 4913 proh
778 4841 966 4898 dolor!
991 4839 1105 4911 jam
1129 4839 1258 4896 talia
1283 4840 1533 4895 tolerare.
1564 4840 1818 4905 Proinde,

238 4935 498 5007 spiritalis
534 4933 610 4988 fili
645 4947 965 5002 semperque
1006 4931 1263 5002 Auguste,
1307 4930 1533 5000 gloriam
1584 4939 1820 4986 vestram

237 5039 585 5096 summopere
619 5025 976 5096 deprecamur
1008 5030 1067 5076 ut
1101 5037 1201 5092 pro
1245 5036 1430 5076 amore
1455 5021 1547 5075 Dei
1582 5020 1826 5090 omnipo-

239 5117 408 5173 tentis
432 5126 487 5171 et
514 5115 815 5171 reverentia
847 5112 1150 5184 principum
1176 5110 1539 5181 apostolorum
1577 5110 1724 5167 Petri
1761 5125 1827 5166 ac

240 5206 396 5265 Pauli
439 5205 687 5262 hostilem
727 5205 798 5278 [Ῑ.
851 5201 1115 5274 vestrum]
1146 5202 1462 5266 exercitum,
1501 5218 1661 5272 quem
1692 5202 1827 5257 istas

242 5300 302 5357 in
326 5306 510 5370 partes
540 5305 824 5353 venturum
849 5309 969 5351 esse
997 5292 1227 5356 dixistis,
1253 5308 1458 5348 moram
1481 5292 1691 5363 perpeti
1716 5306 1823 5347 nou

240 5390 462 5455 sinatis,
508 5387 601 5444 sed
646 5402 770 5443 cum
810 5386 957 5442 omni
1007 5383 1288 5438 velocitate
1332 5383 1400 5437 ad
1447 5383 1708 5437 auxilium
1737 5396 1828 5436 no-

241 5489 443 5545 strum,
475 5492 805 5550 quiesumus,
831 5475 1101 5547 dirigatis,
1144 5483 1225 5541 ut,
1260 5474 1489 5530 Domino
1516 5474 1826 5544 adiuvante.

244 5568 320 5625 ad
360 5568 773 5638 respirationem
824 5573 1068 5620 nostram
1122 5563 1400 5635 Agarenos
1449 5570 1742 5633 expugnet,
1774 5570 1830 5621 et

325 5729 361 5781 ιν
382 5717 512 5792 Ejus
542 5718 774 5777 nominis
805 5717 984 5787 tertio,
1013 5715 1331 5790 cognomine
1361 5715 1575 5772 Crasso.
1636 5744 1639 5747 -

1922 4590 2271 4660 resipiscens,
2298 4595 2500 4640 tantam
2516 4591 2721 4653 pestem
2750 4580 2971 4636 deleret.
3012 4579 3142 4648 Qui,
3171 4588 3230 4634 ut
3253 4580 3325 4633 ita
3352 4580 3508 4635 dixe-

1924 4684 2045 4739 rim.
2076 4677 2537 4749 importunitatem
2571 4681 2835 4735 nostram,
2863 4670 2991 4726 licet
3026 4671 3170 4735 ficte,
3217 4685 3324 4725 non
3377 4670 3512 4725 tole-

1926 4787 2073 4836 rans,
2105 4767 2352 4840 promisit
2379 4765 2535 4823 scita
2563 4777 2683 4817 esse
2713 4760 3007 4823 facturum,
3036 4768 3092 4815 et
3115 4769 3339 4830 pactum
3386 4773 3511 4814 cum

1927 4861 2215 4919 Saracenis
2237 4857 2478 4912 habitum
2509 4853 2832 4917 soluturum,
2869 4852 2969 4908 sub
2988 4865 3055 4906 ea
3084 4851 3351 4906 duntaxat
3379 4864 3512 4911 con-

1919 4954 2131 5009 .ditione
2169 4957 2228 5004 ut
2268 4947 2314 5003 si
2348 4945 2601 5014 deinceps
2618 4944 2724 4999 hoc
2748 4942 2890 4998 malo
2918 4955 2977 4997 se
3003 4953 3325 5012 quocunque
3352 4938 3512 4992 modo

1928 5043 2206 5102 misceret,
2237 5044 2293 5093 et
2317 5033 2621 5091 sacerdotio
2653 5040 2797 5088 esset
2833 5034 3074 5101 privatus
3100 5037 3156 5083 et
3180 5027 3513 5082 anathemati

1928 5129 2251 5198 subiaceret.
2303 5126 2431 5193 Sed,
2481 5125 2626 5181 heu!
2674 5138 2772 5193 pro
2819 5122 3005 5192 turpis
3036 5116 3173 5173 lucri
3204 5116 3511 5179 commodo,

1920 5221 2072 5291 .quod
2101 5220 2171 5275 ab
2196 5217 2326 5287 ipsis
2351 5213 2656 5279 Saracenis,
2695 5213 2761 5267 de
2786 5210 2962 5281 praeda
2992 5222 3182 5264 eorum
3220 5213 3402 5277 partes
3433 5219 3517 5259 re-

1926 5312 2198 5382 cipiendo,
2239 5308 2399 5378 hujus
2442 5305 2818 5377 promissionis
2858 5303 3077 5367 oblitus,
3127 5298 3297 5355 noluit
3345 5297 3488 5361 adio;

1930 5403 2097 5476 plere,
2131 5400 2274 5473 quod
2313 5398 2495 5455 multis
2529 5410 2713 5457 coram
2757 5393 2946 5464 positis
2983 5390 3198 5461 scriptis
3238 5398 3294 5443 et
3333 5387 3517 5441 verbis

1924 5494 2201 5567 promisit.
2244 5490 2476 5547 Rursum
2509 5487 2686 5551 nobis,
2730 5500 2835 5541 non
2861 5481 3076 5541 .modici
3121 5478 3328 5552 argenti
3358 5478 3518 5567 adauo

1924 5565 2038 5641 etis
2085 5581 2432 5654 ponderibus,
2482 5585 2546 5633 et
2587 5575 2727 5648 apud
2770 5572 3010 5643 Cajetam
3056 5565 3512 5642 perrenientibus,
