  <div class='ocr_page' id='page_1' title='image "/cluster/home/n/w/nwhite01/storage/ocr_20150623/126/hvd.32044015471675/471.png"; bbox 0 0 4026 6308; ppageno 0'>
   <div class='ocr_carea' id='block_1_1' title="bbox 523 384 632 452">
    <p class='ocr_par' dir='ltr' id='par_1_1' title="bbox 523 384 632 452">
     <span class='ocr_line' id='line_1_1' title="bbox 523 384 632 452; baseline -0.028 0"><span class='ocrx_word' id='word_1_1' title='bbox 523 384 632 452; x_wconf 64' lang='lat' dir='ltr'><strong>est</strong></span> 
     </span>
    </p>
   </div>
   <div class='ocr_carea' id='block_1_2' title="bbox 1805 361 2473 430">
    <p class='ocr_par' dir='ltr' id='par_1_2' title="bbox 1805 361 2473 430">
     <span class='ocr_line' id='line_1_2' title="bbox 1805 361 2473 430; baseline -0.018 0"><span class='ocrx_word' id='word_1_2' title='bbox 1805 367 2083 430; x_wconf 72' lang='lat' dir='ltr'><strong>IOANNIS</strong></span> <span class='ocrx_word' id='word_1_3' title='bbox 2117 361 2319 421; x_wconf 73' lang='grc' dir='ltr'>ΡᾹΡιΕ</span> <span class='ocrx_word' id='word_1_4' title='bbox 2359 362 2473 419; x_wconf 80' lang='lat' dir='ltr'><strong>Vill</strong></span> 
     </span>
    </p>
   </div>
   <div class='ocr_carea' id='block_1_3' title="bbox 3683 321 3790 416">
    <p class='ocr_par' dir='ltr' id='par_1_3' title="bbox 3683 321 3790 416">
     <span class='ocr_line' id='line_1_3' title="bbox 3683 321 3790 416; baseline -0.037 0"><span class='ocrx_word' id='word_1_5' title='bbox 3683 321 3790 416; x_wconf 62' lang='grc' dir='ltr'><strong>’πε</strong></span> 
     </span>
    </p>
   </div>
   <div class='ocr_carea' id='block_1_4' title="bbox 533 473 3791 580">
    <p class='ocr_par' dir='ltr' id='par_1_4' title="bbox 533 473 3791 580">
     <span class='ocr_line' id='line_1_4' title="bbox 533 473 3791 580; baseline -0.015 -17"><span class='ocrx_word' id='word_1_6' title='bbox 533 524 633 580; x_wconf 88' lang='lat' dir='ltr'><strong>per</strong></span> <span class='ocrx_word' id='word_1_7' title='bbox 656 519 786 560; x_wconf 90' lang='lat' dir='ltr'><strong>suos</strong></span> <span class='ocrx_word' id='word_1_8' title='bbox 811 502 1019 574; x_wconf 79' lang='lat' dir='ltr'><strong>legatos</strong></span> <span class='ocrx_word' id='word_1_9' title='bbox 1049 498 1096 552; x_wconf 88' lang='lat' dir='ltr'><strong>ei</strong></span> <span class='ocrx_word' id='word_1_10' title='bbox 1129 493 1500 551; x_wconf 80' lang='lat' dir='ltr'><strong>mandavimus</strong></span> <span class='ocrx_word' id='word_1_11' title='bbox 1531 498 1589 542; x_wconf 92' lang='lat' dir='ltr'><strong>nt</strong></span> <span class='ocrx_word' id='word_1_12' title='bbox 1633 489 1677 540; x_wconf 89' lang='lat' dir='ltr'><strong>si</strong></span> <span class='ocrx_word' id='word_1_13' title='bbox 1725 487 1861 540; x_wconf 88' lang='lat' dir='ltr'><strong>intra</strong></span> <span class='ocrx_word' id='word_1_14' title='bbox 1889 481 2105 551; x_wconf 78' lang='lat' dir='ltr'><strong>triginta</strong></span> <span class='ocrx_word' id='word_1_15' title='bbox 2138 480 2182 538; x_wconf 85' lang='lat' dir='ltr'><strong>A</strong></span> <span class='ocrx_word' id='word_1_16' title='bbox 2213 479 2478 551; x_wconf 78' lang='lat' dir='ltr'><strong>imperiali</strong></span> <span class='ocrx_word' id='word_1_17' title='bbox 2521 476 2833 532; x_wconf 81' lang='lat' dir='ltr'><strong>Ravennam</strong></span> <span class='ocrx_word' id='word_1_18' title='bbox 2877 476 3164 546; x_wconf 86' lang='lat' dir='ltr'><strong>asciscere,</strong></span> <span class='ocrx_word' id='word_1_19' title='bbox 3183 483 3240 530; x_wconf 88' lang='lat' dir='ltr'><strong>et</strong></span> <span class='ocrx_word' id='word_1_20' title='bbox 3274 473 3484 528; x_wconf 75' lang='lat' dir='ltr'><strong>nobiles</strong></span> <span class='ocrx_word' id='word_1_21' title='bbox 3519 473 3676 527; x_wconf 68' lang='lat' dir='ltr'><strong>cives</strong></span> <span class='ocrx_word' id='word_1_22' title='bbox 3711 474 3791 540; x_wconf 65' lang='lat' dir='ltr'><strong>ip-</strong></span> 
     </span>
    </p>
   </div>
   <div class='ocr_carea' id='block_1_5' title="bbox 535 574 2112 664">
    <p class='ocr_par' dir='ltr' id='par_1_5' title="bbox 535 574 2112 664">
     <span class='ocr_line' id='line_1_5' title="bbox 535 574 2112 664; baseline -0.021 -9"><span class='ocrx_word' id='word_1_23' title='bbox 535 574 744 654; x_wconf 79' lang='lat' dir='ltr'><strong>dierum</strong></span> <span class='ocrx_word' id='word_1_24' title='bbox 775 593 944 664; x_wconf 90' lang='lat' dir='ltr'><strong>spatia</strong></span> <span class='ocrx_word' id='word_1_25' title='bbox 993 603 1114 643; x_wconf 92' lang='lat' dir='ltr'><strong>cum</strong></span> <span class='ocrx_word' id='word_1_26' title='bbox 1161 583 1448 640; x_wconf 88' lang='lat' dir='ltr'><strong>Saracenis</strong></span> <span class='ocrx_word' id='word_1_27' title='bbox 1500 579 1739 633; x_wconf 88' lang='lat' dir='ltr'><strong>habitum</strong></span> <span class='ocrx_word' id='word_1_28' title='bbox 1785 574 1959 628; x_wconf 75' lang='lat' dir='ltr'><strong>fmdns</strong></span> <span class='ocrx_word' id='word_1_29' title='bbox 2005 585 2112 624; x_wconf 91' lang='lat' dir='ltr'><strong>non</strong></span> 
     </span>
    </p>
   </div>
   <div class='ocr_carea' id='block_1_6' title="bbox 535 661 2114 757">
    <p class='ocr_par' dir='ltr' id='par_1_6' title="bbox 535 661 2114 757">
     <span class='ocr_line' id='line_1_6' title="bbox 535 661 2114 757; baseline -0.021 -13"><span class='ocrx_word' id='word_1_30' title='bbox 535 661 828 757; x_wconf 69' lang='lat' dir='ltr'><strong>rumperet,</strong></span> <span class='ocrx_word' id='word_1_31' title='bbox 879 689 971 734; x_wconf 86' lang='lat' dir='ltr'><strong>aut</strong></span> <span class='ocrx_word' id='word_1_32' title='bbox 1007 693 1074 734; x_wconf 80' lang='lat' dir='ltr'><strong>ea</strong></span> <span class='ocrx_word' id='word_1_33' title='bbox 1115 691 1234 745; x_wconf 73' lang='lat' dir='ltr'><strong>qua:</strong></span> <span class='ocrx_word' id='word_1_34' title='bbox 1262 673 1419 728; x_wconf 90' lang='lat' dir='ltr'><strong>nobis</strong></span> <span class='ocrx_word' id='word_1_35' title='bbox 1452 666 1856 739; x_wconf 80' lang='lat' dir='ltr'><strong>tergiversando</strong></span> <span class='ocrx_word' id='word_1_36' title='bbox 1887 661 2114 716; x_wconf 89' lang='lat' dir='ltr'><strong>abstule-</strong></span> 
     </span>
    </p>
   </div>
   <div class='ocr_carea' id='block_1_7' title="bbox 528 758 2116 841">
    <p class='ocr_par' dir='ltr' id='par_1_7' title="bbox 528 758 2116 841">
     <span class='ocr_line' id='line_1_7' title="bbox 528 758 2116 841; baseline -0.02 -6"><span class='ocrx_word' id='word_1_37' title='bbox 528 790 642 841; x_wconf 82' lang='lat' dir='ltr'><strong>rat,</strong></span> <span class='ocrx_word' id='word_1_38' title='bbox 681 793 784 831; x_wconf 92' lang='lat' dir='ltr'><strong>non</strong></span> <span class='ocrx_word' id='word_1_39' title='bbox 827 771 1296 830; x_wconf 84' lang='lat' dir='ltr'><strong>retransmitterct,</strong></span> <span class='ocrx_word' id='word_1_40' title='bbox 1330 774 1516 818; x_wconf 89' lang='lat' dir='ltr'><strong>nostro</strong></span> <span class='ocrx_word' id='word_1_41' title='bbox 1541 760 1743 830; x_wconf 89' lang='lat' dir='ltr'><strong>judicio</strong></span> <span class='ocrx_word' id='word_1_42' title='bbox 1778 758 1973 810; x_wconf 80' lang='lat' dir='ltr'><strong>iterum</strong></span> <span class='ocrx_word' id='word_1_43' title='bbox 2000 765 2116 806; x_wconf 61' lang='lat' dir='ltr'><strong>seno</strong></span> 
     </span>
    </p>
   </div>
   <div class='ocr_carea' id='block_1_8' title="bbox 537 845 2111 934">
    <p class='ocr_par' dir='ltr' id='par_1_8' title="bbox 537 845 2111 934">
     <span class='ocr_line' id='line_1_8' title="bbox 537 845 2111 934; baseline -0.02 -10"><span class='ocrx_word' id='word_1_44' title='bbox 537 869 779 930; x_wconf 88' lang='lat' dir='ltr'><strong>tentiam,</strong></span> <span class='ocrx_word' id='word_1_45' title='bbox 809 878 970 934; x_wconf 86' lang='lat' dir='ltr'><strong>quam</strong></span> <span class='ocrx_word' id='word_1_46' title='bbox 994 863 1106 930; x_wconf 87' lang='lat' dir='ltr'><strong>ipse</strong></span> <span class='ocrx_word' id='word_1_47' title='bbox 1131 859 1182 912; x_wconf 92' lang='lat' dir='ltr'><strong>in</strong></span> <span class='ocrx_word' id='word_1_48' title='bbox 1208 872 1266 912; x_wconf 89' lang='lat' dir='ltr'><strong>se</strong></span> <span class='ocrx_word' id='word_1_49' title='bbox 1291 854 1532 924; x_wconf 88' lang='lat' dir='ltr'><strong>pertulit,</strong></span> <span class='ocrx_word' id='word_1_50' title='bbox 1556 863 1777 919; x_wconf 86' lang='lat' dir='ltr'><strong>prorsus</strong></span> <span class='ocrx_word' id='word_1_51' title='bbox 1803 845 2111 912; x_wconf 79' lang='lat' dir='ltr'><strong>exciperet;</strong></span> 
     </span>
    </p>
   </div>
   <div class='ocr_carea' id='block_1_9' title="bbox 531 932 2116 1021">
    <p class='ocr_par' dir='ltr' id='par_1_9' title="bbox 531 932 2116 1021">
     <span class='ocr_line' id='line_1_9' title="bbox 531 932 2116 1021; baseline -0.02 -8"><span class='ocrx_word' id='word_1_52' title='bbox 531 961 630 1012; x_wconf 79' lang='lat' dir='ltr'><strong>sed</strong></span> <span class='ocrx_word' id='word_1_53' title='bbox 661 965 768 1010; x_wconf 90' lang='lat' dir='ltr'><strong>tam</strong></span> <span class='ocrx_word' id='word_1_54' title='bbox 798 932 944 1006; x_wconf 77' lang='lat' dir='ltr'><strong>varia</strong></span> <span class='ocrx_word' id='word_1_55' title='bbox 967 952 1271 1021; x_wconf 87' lang='lat' dir='ltr'><strong>juramenta</strong></span> <span class='ocrx_word' id='word_1_56' title='bbox 1309 959 1470 1014; x_wconf 86' lang='lat' dir='ltr'><strong>quam</strong></span> <span class='ocrx_word' id='word_1_57' title='bbox 1501 939 1772 995; x_wconf 87' lang='lat' dir='ltr'><strong>absolutas</strong></span> <span class='ocrx_word' id='word_1_58' title='bbox 1801 932 2116 1005; x_wconf 86' lang='lat' dir='ltr'><strong>promissio-</strong></span> 
     </span>
    </p>
   </div>
   <div class='ocr_carea' id='block_1_10' title="bbox 533 1022 2115 1116">
    <p class='ocr_par' dir='ltr' id='par_1_10' title="bbox 533 1022 2115 1116">
     <span class='ocr_line' id='line_1_10' title="bbox 533 1022 2115 1116; baseline -0.019 -13"><span class='ocrx_word' id='word_1_59' title='bbox 533 1063 635 1103; x_wconf 85' lang='lat' dir='ltr'><strong>nes</strong></span> <span class='ocrx_word' id='word_1_60' title='bbox 681 1053 1027 1116; x_wconf 90' lang='lat' dir='ltr'><strong>postponens,</strong></span> <span class='ocrx_word' id='word_1_61' title='bbox 1059 1053 1156 1094; x_wconf 90' lang='lat' dir='ltr'><strong>nos</strong></span> <span class='ocrx_word' id='word_1_62' title='bbox 1185 1039 1251 1092; x_wconf 91' lang='lat' dir='ltr'><strong>de</strong></span> <span class='ocrx_word' id='word_1_63' title='bbox 1285 1036 1371 1089; x_wconf 85' lang='lat' dir='ltr'><strong>die</strong></span> <span class='ocrx_word' id='word_1_64' title='bbox 1410 1035 1463 1087; x_wconf 92' lang='lat' dir='ltr'><strong>iu</strong></span> <span class='ocrx_word' id='word_1_65' title='bbox 1493 1033 1632 1087; x_wconf 90' lang='lat' dir='ltr'><strong>diem</strong></span> <span class='ocrx_word' id='word_1_66' title='bbox 1658 1027 1873 1089; x_wconf 89' lang='lat' dir='ltr'><strong>delusit,</strong></span> <span class='ocrx_word' id='word_1_67' title='bbox 1902 1033 1953 1078; x_wconf 90' lang='lat' dir='ltr'><strong>et</strong></span> <span class='ocrx_word' id='word_1_68' title='bbox 1983 1022 2115 1074; x_wconf 78' lang='lat' dir='ltr'><strong>foris</strong></span> 
     </span>
    </p>
   </div>
   <div class='ocr_carea' id='block_1_11' title="bbox 531 1113 2121 1202">
    <p class='ocr_par' dir='ltr' id='par_1_11' title="bbox 531 1113 2121 1202">
     <span class='ocr_line' id='line_1_11' title="bbox 531 1113 2121 1202; baseline -0.019 -8"><span class='ocrx_word' id='word_1_69' title='bbox 531 1113 788 1194; x_wconf 74' lang='lat' dir='ltr'><strong>omnibus</strong></span> <span class='ocrx_word' id='word_1_70' title='bbox 816 1131 1106 1202; x_wconf 87' lang='lat' dir='ltr'><strong>dissipatis,</strong></span> <span class='ocrx_word' id='word_1_71' title='bbox 1149 1129 1294 1182; x_wconf 72' lang='lat' dir='ltr'><strong>intus</strong></span> <span class='ocrx_word' id='word_1_72' title='bbox 1340 1139 1469 1179; x_wconf 86' lang='lat' dir='ltr'><strong>vero</strong></span> <span class='ocrx_word' id='word_1_73' title='bbox 1514 1136 1609 1191; x_wconf 91' lang='lat' dir='ltr'><strong>per</strong></span> <span class='ocrx_word' id='word_1_74' title='bbox 1659 1132 1810 1173; x_wconf 89' lang='lat' dir='ltr'><strong>suam</strong></span> <span class='ocrx_word' id='word_1_75' title='bbox 1859 1113 2121 1169; x_wconf 87' lang='lat' dir='ltr'><strong>callidita-</strong></span> 
     </span>
    </p>
   </div>
   <div class='ocr_carea' id='block_1_12' title="bbox 539 1203 2120 1285">
    <p class='ocr_par' dir='ltr' id='par_1_12' title="bbox 539 1203 2120 1285">
     <span class='ocr_line' id='line_1_12' title="bbox 539 1203 2120 1285; baseline -0.02 -1"><span class='ocrx_word' id='word_1_76' title='bbox 539 1239 650 1285; x_wconf 90' lang='lat' dir='ltr'><strong>tem</strong></span> <span class='ocrx_word' id='word_1_77' title='bbox 690 1225 872 1280; x_wconf 89' lang='lat' dir='ltr'><strong>multis</strong></span> <span class='ocrx_word' id='word_1_78' title='bbox 909 1221 1110 1276; x_wconf 91' lang='lat' dir='ltr'><strong>nostris</strong></span> <span class='ocrx_word' id='word_1_79' title='bbox 1147 1217 1360 1278; x_wconf 87' lang='lat' dir='ltr'><strong>ablatis,</strong></span> <span class='ocrx_word' id='word_1_80' title='bbox 1395 1215 1652 1268; x_wconf 84' lang='lat' dir='ltr'><strong>hactenus</strong></span> <span class='ocrx_word' id='word_1_81' title='bbox 1682 1222 1780 1262; x_wconf 92' lang='lat' dir='ltr'><strong>nec</strong></span> <span class='ocrx_word' id='word_1_82' title='bbox 1806 1220 1930 1258; x_wconf 89' lang='lat' dir='ltr'><strong>cum</strong></span> <span class='ocrx_word' id='word_1_83' title='bbox 1957 1203 2120 1256; x_wconf 87' lang='lat' dir='ltr'><strong>Sara-</strong></span> 
     </span>
    </p>
   </div>
   <div class='ocr_carea' id='block_1_13' title="bbox 537 1295 2118 1381">
    <p class='ocr_par' dir='ltr' id='par_1_13' title="bbox 537 1295 2118 1381">
     <span class='ocr_line' id='line_1_13' title="bbox 537 1295 2118 1381; baseline -0.018 -7"><span class='ocrx_word' id='word_1_84' title='bbox 537 1318 692 1374; x_wconf 85' lang='lat' dir='ltr'><strong>cenis</strong></span> <span class='ocrx_word' id='word_1_85' title='bbox 711 1315 951 1370; x_wconf 85' lang='lat' dir='ltr'><strong>habitnm</strong></span> <span class='ocrx_word' id='word_1_86' title='bbox 981 1320 1199 1381; x_wconf 84' lang='lat' dir='ltr'><strong>pactum</strong></span> <span class='ocrx_word' id='word_1_87' title='bbox 1224 1304 1490 1367; x_wconf 76' lang='lat' dir='ltr'><strong>dissolvit,</strong></span> <span class='ocrx_word' id='word_1_88' title='bbox 1525 1315 1624 1355; x_wconf 88' lang='lat' dir='ltr'><strong>nec</strong></span> <span class='ocrx_word' id='word_1_89' title='bbox 1650 1298 1890 1367; x_wconf 73' lang='lat' dir='ltr'><strong>reliquiae</strong></span> <span class='ocrx_word' id='word_1_90' title='bbox 1911 1295 2003 1349; x_wconf 93' lang='lat' dir='ltr'><strong>Dei</strong></span> <span class='ocrx_word' id='word_1_91' title='bbox 2022 1309 2118 1361; x_wconf 88' lang='lat' dir='ltr'><strong>po-</strong></span> 
     </span>
    </p>
   </div>
   <div class='ocr_carea' id='block_1_14' title="bbox 536 1389 2121 1482">
    <p class='ocr_par' dir='ltr' id='par_1_14' title="bbox 536 1389 2121 1482">
     <span class='ocr_line' id='line_1_14' title="bbox 536 1389 2121 1482; baseline -0.018 -18"><span class='ocrx_word' id='word_1_92' title='bbox 536 1409 650 1482; x_wconf 88' lang='lat' dir='ltr'><strong>puli</strong></span> <span class='ocrx_word' id='word_1_93' title='bbox 679 1406 846 1461; x_wconf 82' lang='lat' dir='ltr'><strong>volnit</strong></span> <span class='ocrx_word' id='word_1_94' title='bbox 874 1401 1136 1458; x_wconf 86' lang='lat' dir='ltr'><strong>misereri.</strong></span> <span class='ocrx_word' id='word_1_95' title='bbox 1197 1398 1338 1470; x_wconf 81' lang='lat' dir='ltr'><strong>Quin</strong></span> <span class='ocrx_word' id='word_1_96' title='bbox 1365 1395 1542 1466; x_wconf 83' lang='lat' dir='ltr'><strong>potius</strong></span> <span class='ocrx_word' id='word_1_97' title='bbox 1570 1407 1690 1446; x_wconf 90' lang='lat' dir='ltr'><strong>cum</strong></span> <span class='ocrx_word' id='word_1_98' title='bbox 1724 1389 1855 1458; x_wconf 89' lang='lat' dir='ltr'><strong>ipsis</strong></span> <span class='ocrx_word' id='word_1_99' title='bbox 1895 1399 2121 1441; x_wconf 85' lang='lat' dir='ltr'><strong>conver-</strong></span> 
     </span>
    </p>
   </div>
   <div class='ocr_carea' id='block_1_15' title="bbox 535 1474 2158 1564">
    <p class='ocr_par' dir='ltr' id='par_1_15' title="bbox 535 1474 2158 1564">
     <span class='ocr_line' id='line_1_15' title="bbox 535 1474 2158 1564; baseline -0.022 -5"><span class='ocrx_word' id='word_1_100' title='bbox 535 1474 690 1563; x_wconf 68' lang='lat' dir='ltr'><strong>saris,</strong></span> <span class='ocrx_word' id='word_1_101' title='bbox 727 1498 792 1552; x_wconf 90' lang='lat' dir='ltr'><strong>de</strong></span> <span class='ocrx_word' id='word_1_102' title='bbox 833 1495 962 1564; x_wconf 87' lang='lat' dir='ltr'><strong>ipsis</strong></span> <span class='ocrx_word' id='word_1_103' title='bbox 989 1491 1143 1547; x_wconf 90' lang='lat' dir='ltr'><strong>malis</strong></span> <span class='ocrx_word' id='word_1_104' title='bbox 1170 1490 1221 1543; x_wconf 91' lang='lat' dir='ltr'><strong>in</strong></span> <span class='ocrx_word' id='word_1_105' title='bbox 1253 1485 1404 1557; x_wconf 85' lang='lat' dir='ltr'><strong>pejus</strong></span> <span class='ocrx_word' id='word_1_106' title='bbox 1428 1483 1598 1540; x_wconf 90' lang='lat' dir='ltr'><strong>crevit</strong></span> <span class='ocrx_word' id='word_1_107' title='bbox 1622 1523 1637 1544; x_wconf 93' lang='lat'><strong>,</strong></span> <span class='ocrx_word' id='word_1_108' title='bbox 1663 1488 1719 1534; x_wconf 92' lang='lat' dir='ltr'><strong>et</strong></span> <span class='ocrx_word' id='word_1_109' title='bbox 1745 1478 1836 1532; x_wconf 85' lang='lat' dir='ltr'><strong>Dei</strong></span> <span class='ocrx_word' id='word_1_110' title='bbox 1867 1474 2121 1531; x_wconf 89' lang='lat' dir='ltr'><strong>mandata</strong></span> <span class='ocrx_word' id='word_1_111' title='bbox 2156 1492 2158 1495; x_wconf 93' lang='grc'>·</span> 
     </span>
    </p>
   </div>
   <div class='ocr_carea' id='block_1_16' title="bbox 541 1566 2122 1650">
    <p class='ocr_par' dir='ltr' id='par_1_16' title="bbox 541 1566 2122 1650">
     <span class='ocr_line' id='line_1_16' title="bbox 541 1566 2122 1650; baseline -0.02 -2"><span class='ocrx_word' id='word_1_112' title='bbox 541 1599 912 1650; x_wconf 87' lang='lat' dir='ltr'><strong>contemnens,</strong></span> <span class='ocrx_word' id='word_1_113' title='bbox 942 1581 1227 1640; x_wconf 82' lang='lat' dir='ltr'><strong>sacerdotii</strong></span> <span class='ocrx_word' id='word_1_114' title='bbox 1254 1579 1417 1634; x_wconf 88' lang='lat' dir='ltr'><strong>etiam</strong></span> <span class='ocrx_word' id='word_1_115' title='bbox 1443 1577 1526 1631; x_wconf 88' lang='lat' dir='ltr'><strong>sui</strong></span> <span class='ocrx_word' id='word_1_116' title='bbox 1555 1573 1775 1635; x_wconf 91' lang='lat' dir='ltr'><strong>oblitus,</strong></span> <span class='ocrx_word' id='word_1_117' title='bbox 1803 1585 1908 1624; x_wconf 92' lang='lat' dir='ltr'><strong>non</strong></span> <span class='ocrx_word' id='word_1_118' title='bbox 1949 1566 2122 1621; x_wconf 89' lang='lat' dir='ltr'><strong>solum</strong></span> 
     </span>
    </p>
   </div>
   <div class='ocr_carea' id='block_1_17' title="bbox 535 1656 2120 1736">
    <p class='ocr_par' dir='ltr' id='par_1_17' title="bbox 535 1656 2120 1736">
     <span class='ocr_line' id='line_1_17' title="bbox 535 1656 2120 1736; baseline -0.019 0"><span class='ocrx_word' id='word_1_119' title='bbox 535 1679 732 1736; x_wconf 85' lang='lat' dir='ltr'><strong>similis</strong></span> <span class='ocrx_word' id='word_1_120' title='bbox 762 1677 866 1732; x_wconf 91' lang='lat' dir='ltr'><strong>illis</strong></span> <span class='ocrx_word' id='word_1_121' title='bbox 893 1673 1116 1730; x_wconf 73' lang='lat' dir='ltr'><strong>eﬂ‘ectus</strong></span> <span class='ocrx_word' id='word_1_122' title='bbox 1139 1679 1244 1732; x_wconf 91' lang='lat' dir='ltr'><strong>est,</strong></span> <span class='ocrx_word' id='word_1_123' title='bbox 1275 1667 1369 1724; x_wconf 85' lang='lat' dir='ltr'><strong>sed</strong></span> <span class='ocrx_word' id='word_1_124' title='bbox 1399 1667 1560 1720; x_wconf 89' lang='lat' dir='ltr'><strong>etiam</strong></span> <span class='ocrx_word' id='word_1_125' title='bbox 1582 1664 1640 1717; x_wconf 93' lang='lat' dir='ltr'><strong>in</strong></span> <span class='ocrx_word' id='word_1_126' title='bbox 1661 1659 1843 1716; x_wconf 84' lang='lat' dir='ltr'><strong>multis</strong></span> <span class='ocrx_word' id='word_1_127' title='bbox 1863 1656 2120 1712; x_wconf 83' lang='lat' dir='ltr'><strong>deterior.</strong></span> 
     </span>
    </p>
   </div>
   <div class='ocr_carea' id='block_1_18' title="bbox 540 1748 2120 1840">
    <p class='ocr_par' dir='ltr' id='par_1_18' title="bbox 540 1748 2120 1840">
     <span class='ocr_line' id='line_1_18' title="bbox 540 1748 2120 1840; baseline -0.018 -14"><span class='ocrx_word' id='word_1_128' title='bbox 540 1771 713 1840; x_wconf 81' lang='lat' dir='ltr'><strong>Hujus</strong></span> <span class='ocrx_word' id='word_1_129' title='bbox 741 1768 818 1822; x_wconf 79' lang='lat' dir='ltr'><strong>rei</strong></span> <span class='ocrx_word' id='word_1_130' title='bbox 840 1765 1009 1838; x_wconf 73' lang='lat' dir='ltr'><strong>gratia</strong></span> <span class='ocrx_word' id='word_1_131' title='bbox 1041 1762 1180 1832; x_wconf 89' lang='lat' dir='ltr'><strong>apud</strong></span> <span class='ocrx_word' id='word_1_132' title='bbox 1202 1761 1418 1815; x_wconf 87' lang='lat' dir='ltr'><strong>beatum</strong></span> <span class='ocrx_word' id='word_1_133' title='bbox 1449 1754 1668 1808; x_wconf 87' lang='lat' dir='ltr'><strong>Petrum</strong></span> <span class='ocrx_word' id='word_1_134' title='bbox 1704 1748 2002 1819; x_wconf 83' lang='lat' dir='ltr'><strong>apostolum</strong></span> <span class='ocrx_word' id='word_1_135' title='bbox 2030 1759 2120 1815; x_wconf 85' lang='lat' dir='ltr'><strong>sy-</strong></span> 
     </span>
    </p>
   </div>
   <div class='ocr_carea' id='block_1_19' title="bbox 542 1842 2119 1915">
    <p class='ocr_par' dir='ltr' id='par_1_19' title="bbox 542 1842 2119 1915">
     <span class='ocr_line' id='line_1_19' title="bbox 542 1842 2119 1915; baseline -0.016 -3"><span class='ocrx_word' id='word_1_136' title='bbox 542 1857 737 1912; x_wconf 89' lang='lat' dir='ltr'><strong>nodice</strong></span> <span class='ocrx_word' id='word_1_137' title='bbox 764 1856 817 1908; x_wconf 90' lang='lat' dir='ltr'><strong>in</strong></span> <span class='ocrx_word' id='word_1_138' title='bbox 841 1868 965 1908; x_wconf 89' lang='lat' dir='ltr'><strong>eum</strong></span> <span class='ocrx_word' id='word_1_139' title='bbox 995 1848 1317 1905; x_wconf 82' lang='lat' dir='ltr'><strong>sententiam</strong></span> <span class='ocrx_word' id='word_1_140' title='bbox 1346 1842 1687 1915; x_wconf 88' lang='lat' dir='ltr'><strong>protulimus,</strong></span> <span class='ocrx_word' id='word_1_141' title='bbox 1737 1847 1792 1892; x_wconf 90' lang='lat' dir='ltr'><strong>et</strong></span> <span class='ocrx_word' id='word_1_142' title='bbox 1841 1850 1962 1890; x_wconf 90' lang='lat' dir='ltr'><strong>cum</strong></span> <span class='ocrx_word' id='word_1_143' title='bbox 2003 1848 2119 1888; x_wconf 84' lang='lat' dir='ltr'><strong>om-</strong></span> 
     </span>
    </p>
   </div>
   <div class='ocr_carea' id='block_1_20' title="bbox 542 1924 2123 2001">
    <p class='ocr_par' dir='ltr' id='par_1_20' title="bbox 542 1924 2123 2001">
     <span class='ocr_line' id='line_1_20' title="bbox 542 1924 2123 2001; baseline -0.016 -1"><span class='ocrx_word' id='word_1_144' title='bbox 542 1945 705 2001; x_wconf 85' lang='lat' dir='ltr'><strong>nibus</strong></span> <span class='ocrx_word' id='word_1_145' title='bbox 743 1941 846 1997; x_wconf 86' lang='lat' dir='ltr'><strong>sibi</strong></span> <span class='ocrx_word' id='word_1_146' title='bbox 876 1936 1336 1996; x_wconf 82' lang='lat' dir='ltr'><strong>consentientibus</strong></span> <span class='ocrx_word' id='word_1_147' title='bbox 1372 1933 1485 1988; x_wconf 90' lang='lat' dir='ltr'><strong>sive</strong></span> <span class='ocrx_word' id='word_1_148' title='bbox 1525 1929 1831 1983; x_wconf 77' lang='lat' dir='ltr'><strong>faventibus</strong></span> <span class='ocrx_word' id='word_1_149' title='bbox 1858 1924 2006 1980; x_wconf 90' lang='lat' dir='ltr'><strong>omni</strong></span> <span class='ocrx_word' id='word_1_150' title='bbox 2033 1937 2123 1976; x_wconf 56' lang='lat' dir='ltr'><strong>ec.</strong></span> 
     </span>
    </p>
   </div>
   <div class='ocr_carea' id='block_1_21' title="bbox 539 2012 2132 2090">
    <p class='ocr_par' dir='ltr' id='par_1_21' title="bbox 539 2012 2132 2090">
     <span class='ocr_line' id='line_1_21' title="bbox 539 2012 2132 2090; baseline -0.014 -1"><span class='ocrx_word' id='word_1_151' title='bbox 539 2032 847 2090; x_wconf 81' lang='lat' dir='ltr'><strong>clesiastica</strong></span> <span class='ocrx_word' id='word_1_152' title='bbox 877 2027 1253 2085; x_wconf 86' lang='lat' dir='ltr'><strong>communione</strong></span> <span class='ocrx_word' id='word_1_153' title='bbox 1299 2023 1399 2078; x_wconf 88' lang='lat' dir='ltr'><strong>sub</strong></span> <span class='ocrx_word' id='word_1_154' title='bbox 1443 2016 1804 2078; x_wconf 79' lang='lat' dir='ltr'><strong>anathematis</strong></span> <span class='ocrx_word' id='word_1_155' title='bbox 1847 2012 2132 2081; x_wconf 89' lang='lat' dir='ltr'><strong>interposi-</strong></span> 
     </span>
    </p>
   </div>
   <div class='ocr_carea' id='block_1_22' title="bbox 543 2102 2132 2191">
    <p class='ocr_par' dir='ltr' id='par_1_22' title="bbox 543 2102 2132 2191">
     <span class='ocr_line' id='line_1_22' title="bbox 543 2102 2132 2191; baseline -0.014 -14"><span class='ocrx_word' id='word_1_156' title='bbox 543 2123 692 2177; x_wconf 82' lang='lat' dir='ltr'><strong>tione</strong></span> <span class='ocrx_word' id='word_1_157' title='bbox 719 2119 1068 2191; x_wconf 83' lang='lat' dir='ltr'><strong>privavimus.</strong></span> <span class='ocrx_word' id='word_1_158' title='bbox 1113 2115 1299 2172; x_wconf 80' lang='lat' dir='ltr'><strong>Modus</strong></span> <span class='ocrx_word' id='word_1_159' title='bbox 1333 2120 1513 2170; x_wconf 84' lang='lat' dir='ltr'><strong>autem</strong></span> <span class='ocrx_word' id='word_1_160' title='bbox 1558 2102 2132 2163; x_wconf 79' lang='lat' dir='ltr'><strong>exeommunicationis</strong></span> 
     </span>
    </p>
   </div>
   <div class='ocr_carea' id='block_1_23' title="bbox 533 2195 2130 2270">
    <p class='ocr_par' dir='ltr' id='par_1_23' title="bbox 533 2195 2130 2270">
     <span class='ocr_line' id='line_1_23' title="bbox 533 2195 2130 2270; baseline -0.014 -3"><span class='ocrx_word' id='word_1_161' title='bbox 533 2213 640 2267; x_wconf 56' lang='lat' dir='ltr'><strong>&#39;hic</strong></span> <span class='ocrx_word' id='word_1_162' title='bbox 691 2218 776 2265; x_wconf 88' lang='lat' dir='ltr'><strong>est</strong></span> <span class='ocrx_word' id='word_1_163' title='bbox 825 2226 840 2263; x_wconf 94' lang='lat'><strong>:</strong></span> <span class='ocrx_word' id='word_1_164' title='bbox 907 2205 1260 2262; x_wconf 81' lang='lat' dir='ltr'><strong>Athanasittm</strong></span> <span class='ocrx_word' id='word_1_165' title='bbox 1343 2199 1752 2270; x_wconf 84' lang='lat' dir='ltr'><strong>Neapolitanum</strong></span> <span class='ocrx_word' id='word_1_166' title='bbox 1820 2195 2130 2264; x_wconf 85' lang='lat' dir='ltr'><strong>episcopum</strong></span> 
     </span>
    </p>
   </div>
   <div class='ocr_carea' id='block_1_24' title="bbox 529 2282 2134 2370">
    <p class='ocr_par' dir='ltr' id='par_1_24' title="bbox 529 2282 2134 2370">
     <span class='ocr_line' id='line_1_24' title="bbox 529 2282 2134 2370; baseline -0.014 -12"><span class='ocrx_word' id='word_1_167' title='bbox 529 2299 848 2370; x_wconf 55' lang='lat' dir='ltr'><strong>&#39;saapissime</strong></span> <span class='ocrx_word' id='word_1_168' title='bbox 876 2293 1355 2358; x_wconf 87' lang='lat' dir='ltr'><strong>admonitionibus,</strong></span> <span class='ocrx_word' id='word_1_169' title='bbox 1395 2298 1450 2345; x_wconf 89' lang='lat' dir='ltr'><strong>et</strong></span> <span class='ocrx_word' id='word_1_170' title='bbox 1483 2288 1667 2343; x_wconf 91' lang='lat' dir='ltr'><strong>multis</strong></span> <span class='ocrx_word' id='word_1_171' title='bbox 1695 2284 1903 2354; x_wconf 80' lang='lat' dir='ltr'><strong>argenti</strong></span> <span class='ocrx_word' id='word_1_172' title='bbox 1930 2282 2134 2351; x_wconf 82' lang='lat' dir='ltr'><strong>ponde-</strong></span> 
     </span>
    </p>
   </div>
   <div class='ocr_carea' id='block_1_25' title="bbox 547 2372 2134 2455">
    <p class='ocr_par' dir='ltr' id='par_1_25' title="bbox 547 2372 2134 2455">
     <span class='ocr_line' id='line_1_25' title="bbox 547 2372 2134 2455; baseline -0.014 -9"><span class='ocrx_word' id='word_1_173' title='bbox 547 2392 697 2447; x_wconf 87' lang='lat' dir='ltr'><strong>ribus</strong></span> <span class='ocrx_word' id='word_1_174' title='bbox 755 2389 937 2453; x_wconf 88' lang='lat' dir='ltr'><strong>datis,</strong></span> <span class='ocrx_word' id='word_1_175' title='bbox 991 2395 1052 2440; x_wconf 92' lang='lat' dir='ltr'><strong>ut</strong></span> <span class='ocrx_word' id='word_1_176' title='bbox 1103 2392 1319 2455; x_wconf 88' lang='lat' dir='ltr'><strong>pactum</strong></span> <span class='ocrx_word' id='word_1_177' title='bbox 1375 2395 1497 2437; x_wconf 88' lang='lat' dir='ltr'><strong>cum</strong></span> <span class='ocrx_word' id='word_1_178' title='bbox 1547 2376 1835 2434; x_wconf 78' lang='lat' dir='ltr'><strong>Saracenis</strong></span> <span class='ocrx_word' id='word_1_179' title='bbox 1891 2372 2134 2427; x_wconf 89' lang='lat' dir='ltr'><strong>habitum</strong></span> 
     </span>
    </p>
   </div>
   <div class='ocr_carea' id='block_1_26' title="bbox 543 2466 2135 2549">
    <p class='ocr_par' dir='ltr' id='par_1_26' title="bbox 543 2466 2135 2549">
     <span class='ocr_line' id='line_1_26' title="bbox 543 2466 2135 2549; baseline -0.014 -12"><span class='ocrx_word' id='word_1_180' title='bbox 543 2483 940 2549; x_wconf 89' lang='lat' dir='ltr'><strong>disrumperet,</strong></span> <span class='ocrx_word' id='word_1_181' title='bbox 981 2475 1378 2531; x_wconf 87' lang='lat' dir='ltr'><strong>admonuimus.</strong></span> <span class='ocrx_word' id='word_1_182' title='bbox 1417 2471 1512 2527; x_wconf 89' lang='lat' dir='ltr'><strong>llle</strong></span> <span class='ocrx_word' id='word_1_183' title='bbox 1543 2477 1723 2524; x_wconf 88' lang='lat' dir='ltr'><strong>autem</strong></span> <span class='ocrx_word' id='word_1_184' title='bbox 1753 2466 1893 2522; x_wconf 89' lang='lat' dir='ltr'><strong>idem</strong></span> <span class='ocrx_word' id='word_1_185' title='bbox 1917 2472 2135 2533; x_wconf 88' lang='lat' dir='ltr'><strong>pactum</strong></span> 
     </span>
    </p>
   </div>
   <div class='ocr_carea' id='block_1_27' title="bbox 546 2559 2137 2630">
    <p class='ocr_par' dir='ltr' id='par_1_27' title="bbox 546 2559 2137 2630">
     <span class='ocr_line' id='line_1_27' title="bbox 546 2559 2137 2630; baseline -0.014 0"><span class='ocrx_word' id='word_1_186' title='bbox 546 2571 935 2630; x_wconf 86' lang='lat' dir='ltr'><strong>seomnimodo</strong></span> <span class='ocrx_word' id='word_1_187' title='bbox 973 2567 1272 2623; x_wconf 84' lang='lat' dir='ltr'><strong>soluturum</strong></span> <span class='ocrx_word' id='word_1_188' title='bbox 1314 2573 1368 2618; x_wconf 90' lang='lat' dir='ltr'><strong>ct</strong></span> <span class='ocrx_word' id='word_1_189' title='bbox 1413 2563 1480 2618; x_wconf 90' lang='lat' dir='ltr'><strong>ab</strong></span> <span class='ocrx_word' id='word_1_190' title='bbox 1517 2576 1705 2616; x_wconf 92' lang='lat' dir='ltr'><strong>eorum</strong></span> <span class='ocrx_word' id='word_1_191' title='bbox 1745 2559 2006 2613; x_wconf 89' lang='lat' dir='ltr'><strong>societate</strong></span> <span class='ocrx_word' id='word_1_192' title='bbox 2050 2568 2137 2608; x_wconf 87' lang='lat' dir='ltr'><strong>se-</strong></span> 
     </span>
    </p>
   </div>
   <div class='ocr_carea' id='block_1_28' title="bbox 546 2641 2135 2733">
    <p class='ocr_par' dir='ltr' id='par_1_28' title="bbox 546 2641 2135 2733">
     <span class='ocr_line' id='line_1_28' title="bbox 546 2641 2135 2733; baseline -0.014 -17"><span class='ocrx_word' id='word_1_193' title='bbox 546 2669 861 2733; x_wconf 83' lang='lat' dir='ltr'><strong>paraturum</strong></span> <span class='ocrx_word' id='word_1_194' title='bbox 893 2672 1011 2713; x_wconf 89' lang='lat' dir='ltr'><strong>esse</strong></span> <span class='ocrx_word' id='word_1_195' title='bbox 1048 2655 1367 2726; x_wconf 88' lang='lat' dir='ltr'><strong>promittens</strong></span> <span class='ocrx_word' id='word_1_196' title='bbox 1407 2651 1508 2705; x_wconf 86' lang='lat' dir='ltr'><strong>sub</strong></span> <span class='ocrx_word' id='word_1_197' title='bbox 1534 2665 1597 2704; x_wconf 91' lang='lat' dir='ltr'><strong>ea</strong></span> <span class='ocrx_word' id='word_1_198' title='bbox 1627 2647 1955 2708; x_wconf 85' lang='lat' dir='ltr'><strong>conditione,</strong></span> <span class='ocrx_word' id='word_1_199' title='bbox 1995 2651 2054 2696; x_wconf 87' lang='lat' dir='ltr'><strong>ut</strong></span> <span class='ocrx_word' id='word_1_200' title='bbox 2089 2641 2135 2696; x_wconf 88' lang='lat' dir='ltr'><strong>si</strong></span> 
     </span>
    </p>
   </div>
   <div class='ocr_carea' id='block_1_29' title="bbox 547 2733 2134 2815">
    <p class='ocr_par' dir='ltr' id='par_1_29' title="bbox 547 2733 2134 2815">
     <span class='ocr_line' id='line_1_29' title="bbox 547 2733 2134 2815; baseline -0.014 -8"><span class='ocrx_word' id='word_1_201' title='bbox 547 2753 724 2807; x_wconf 89' lang='lat' dir='ltr'><strong>denuo</strong></span> <span class='ocrx_word' id='word_1_202' title='bbox 770 2763 896 2802; x_wconf 91' lang='lat' dir='ltr'><strong>cum</strong></span> <span class='ocrx_word' id='word_1_203' title='bbox 947 2747 1051 2801; x_wconf 89' lang='lat' dir='ltr'><strong>illis</strong></span> <span class='ocrx_word' id='word_1_204' title='bbox 1097 2743 1338 2815; x_wconf 88' lang='lat' dir='ltr'><strong>quolibet</strong></span> <span class='ocrx_word' id='word_1_205' title='bbox 1385 2741 1543 2795; x_wconf 89' lang='lat' dir='ltr'><strong>modo</strong></span> <span class='ocrx_word' id='word_1_206' title='bbox 1605 2737 1778 2791; x_wconf 84' lang='lat' dir='ltr'><strong>foedus</strong></span> <span class='ocrx_word' id='word_1_207' title='bbox 1831 2733 2134 2795; x_wconf 87' lang='lat' dir='ltr'><strong>habuisset,</strong></span> 
     </span>
    </p>
   </div>
   <div class='ocr_carea' id='block_1_30' title="bbox 532 2825 2139 2900">
    <p class='ocr_par' dir='ltr' id='par_1_30' title="bbox 532 2825 2139 2900">
     <span class='ocr_line' id='line_1_30' title="bbox 532 2825 2139 2900; baseline -0.011 -3"><span class='ocrx_word' id='word_1_208' title='bbox 532 2841 695 2897; x_wconf 79' lang='lat' dir='ltr'><strong>&#39;omni</strong></span> <span class='ocrx_word' id='word_1_209' title='bbox 731 2847 874 2894; x_wconf 86' lang='lat' dir='ltr'><strong>esset</strong></span> <span class='ocrx_word' id='word_1_210' title='bbox 907 2835 1230 2893; x_wconf 85' lang='lat' dir='ltr'><strong>sacerdotali</strong></span> <span class='ocrx_word' id='word_1_211' title='bbox 1274 2836 1484 2889; x_wconf 82' lang='lat' dir='ltr'><strong>honore</strong></span> <span class='ocrx_word' id='word_1_212' title='bbox 1531 2831 1773 2900; x_wconf 89' lang='lat' dir='ltr'><strong>privatus</strong></span> <span class='ocrx_word' id='word_1_213' title='bbox 1817 2836 1872 2882; x_wconf 91' lang='lat' dir='ltr'><strong>et</strong></span> <span class='ocrx_word' id='word_1_214' title='bbox 1913 2825 2139 2879; x_wconf 85' lang='lat' dir='ltr'><strong>anathe-</strong></span> 
     </span>
    </p>
   </div>
   <div class='ocr_carea' id='block_1_31' title="bbox 539 2912 2138 2992">
    <p class='ocr_par' dir='ltr' id='par_1_31' title="bbox 539 2912 2138 2992">
     <span class='ocr_line' id='line_1_31' title="bbox 539 2912 2138 2992; baseline -0.011 -8"><span class='ocrx_word' id='word_1_215' title='bbox 539 2915 873 2992; x_wconf 79' lang='lat' dir='ltr'><strong>matizatus;</strong></span> <span class='ocrx_word' id='word_1_216' title='bbox 910 2927 1003 2981; x_wconf 91' lang='lat' dir='ltr'><strong>sed</strong></span> <span class='ocrx_word' id='word_1_217' title='bbox 1051 2926 1166 2979; x_wconf 64' lang='lat' dir='ltr'><strong>haec</strong></span> <span class='ocrx_word' id='word_1_218' title='bbox 1206 2923 1384 2977; x_wconf 91' lang='lat' dir='ltr'><strong>omnia</strong></span> <span class='ocrx_word' id='word_1_219' title='bbox 1422 2917 1922 2990; x_wconf 82' lang='lat' dir='ltr'><strong>parvipcndcntem,</strong></span> <span class='ocrx_word' id='word_1_220' title='bbox 1975 2923 2032 2968; x_wconf 91' lang='lat' dir='ltr'><strong>et</strong></span> <span class='ocrx_word' id='word_1_221' title='bbox 2069 2912 2138 2967; x_wconf 88' lang='lat' dir='ltr'><strong>ad</strong></span> 
     </span>
    </p>
   </div>
   <div class='ocr_carea' id='block_1_32' title="bbox 548 3006 2136 3092">
    <p class='ocr_par' dir='ltr' id='par_1_32' title="bbox 548 3006 2136 3092">
     <span class='ocr_line' id='line_1_32' title="bbox 548 3006 2136 3092; baseline -0.011 -16"><span class='ocrx_word' id='word_1_222' title='bbox 548 3020 909 3092; x_wconf 82' lang='lat' dir='ltr'><strong>perditionem</strong></span> <span class='ocrx_word' id='word_1_223' title='bbox 935 3016 1364 3071; x_wconf 89' lang='lat' dir='ltr'><strong>Christianorum</strong></span> <span class='ocrx_word' id='word_1_224' title='bbox 1403 3027 1527 3065; x_wconf 89' lang='lat' dir='ltr'><strong>cum</strong></span> <span class='ocrx_word' id='word_1_225' title='bbox 1553 3011 1632 3065; x_wconf 91' lang='lat' dir='ltr'><strong>cis</strong></span> <span class='ocrx_word' id='word_1_226' title='bbox 1675 3016 1890 3076; x_wconf 89' lang='lat' dir='ltr'><strong>pactum</strong></span> <span class='ocrx_word' id='word_1_227' title='bbox 1931 3006 2136 3060; x_wconf 86' lang='lat' dir='ltr'><strong>haben-</strong></span> 
     </span>
    </p>
   </div>
   <div class='ocr_carea' id='block_1_33' title="bbox 556 3097 2130 3178">
    <p class='ocr_par' dir='ltr' id='par_1_33' title="bbox 556 3097 2130 3178">
     <span class='ocr_line' id='line_1_33' title="bbox 556 3097 2130 3178; baseline -0.011 -13"><span class='ocrx_word' id='word_1_228' title='bbox 556 3123 692 3178; x_wconf 90' lang='lat' dir='ltr'><strong>tem,</strong></span> <span class='ocrx_word' id='word_1_229' title='bbox 721 3121 775 3165; x_wconf 87' lang='lat' dir='ltr'><strong>et</strong></span> <span class='ocrx_word' id='word_1_230' title='bbox 807 3125 906 3165; x_wconf 91' lang='lat' dir='ltr'><strong>nos</strong></span> <span class='ocrx_word' id='word_1_231' title='bbox 929 3107 1225 3178; x_wconf 67' lang='lat' dir='ltr'><strong>saepissime</strong></span> <span class='ocrx_word' id='word_1_232' title='bbox 1261 3105 1620 3166; x_wconf 88' lang='lat' dir='ltr'><strong>deludentem,</strong></span> <span class='ocrx_word' id='word_1_233' title='bbox 1649 3110 1706 3157; x_wconf 92' lang='lat' dir='ltr'><strong>et</strong></span> <span class='ocrx_word' id='word_1_234' title='bbox 1733 3101 1798 3154; x_wconf 86' lang='lat' dir='ltr'><strong>de</strong></span> <span class='ocrx_word' id='word_1_235' title='bbox 1824 3097 2002 3173; x_wconf 76' lang='lat' dir='ltr'><strong>praeda</strong></span> <span class='ocrx_word' id='word_1_236' title='bbox 2033 3109 2130 3149; x_wconf 86' lang='lat' dir='ltr'><strong>co-</strong></span> 
     </span>
    </p>
   </div>
   <div class='ocr_carea' id='block_1_34' title="bbox 554 3183 2131 3269">
    <p class='ocr_par' dir='ltr' id='par_1_34' title="bbox 554 3183 2131 3269">
     <span class='ocr_line' id='line_1_34' title="bbox 554 3183 2131 3269; baseline -0.012 -15"><span class='ocrx_word' id='word_1_237' title='bbox 554 3218 676 3256; x_wconf 86' lang='lat' dir='ltr'><strong>rum</strong></span> <span class='ocrx_word' id='word_1_238' title='bbox 707 3209 917 3269; x_wconf 90' lang='lat' dir='ltr'><strong>partem</strong></span> <span class='ocrx_word' id='word_1_239' title='bbox 950 3198 1318 3267; x_wconf 87' lang='lat' dir='ltr'><strong>recipientem,</strong></span> <span class='ocrx_word' id='word_1_240' title='bbox 1358 3193 1560 3263; x_wconf 90' lang='lat' dir='ltr'><strong>judicio</strong></span> <span class='ocrx_word' id='word_1_241' title='bbox 1589 3200 1644 3248; x_wconf 91' lang='lat' dir='ltr'><strong>et</strong></span> <span class='ocrx_word' id='word_1_242' title='bbox 1684 3187 2006 3243; x_wconf 88' lang='lat' dir='ltr'><strong>auctoritate</strong></span> <span class='ocrx_word' id='word_1_243' title='bbox 2035 3183 2131 3237; x_wconf 87' lang='lat' dir='ltr'><strong>Dei</strong></span> 
     </span>
    </p>
   </div>
   <div class='ocr_carea' id='block_1_35' title="bbox 550 3277 2138 3362">
    <p class='ocr_par' dir='ltr' id='par_1_35' title="bbox 550 3277 2138 3362">
     <span class='ocr_line' id='line_1_35' title="bbox 550 3277 2138 3362; baseline -0.01 -16"><span class='ocrx_word' id='word_1_244' title='bbox 550 3291 937 3362; x_wconf 87' lang='lat' dir='ltr'><strong>omnipotentis</strong></span> <span class='ocrx_word' id='word_1_245' title='bbox 966 3331 982 3356; x_wconf 94' lang='lat'><strong>,</strong></span> <span class='ocrx_word' id='word_1_246' title='bbox 1028 3299 1084 3345; x_wconf 91' lang='lat' dir='ltr'><strong>et</strong></span> <span class='ocrx_word' id='word_1_247' title='bbox 1132 3290 1413 3344; x_wconf 88' lang='lat' dir='ltr'><strong>beatorum</strong></span> <span class='ocrx_word' id='word_1_248' title='bbox 1463 3283 1827 3355; x_wconf 89' lang='lat' dir='ltr'><strong>apostolorum</strong></span> <span class='ocrx_word' id='word_1_249' title='bbox 1878 3277 2023 3334; x_wconf 81' lang='lat' dir='ltr'><strong>Petri</strong></span> <span class='ocrx_word' id='word_1_250' title='bbox 2071 3291 2138 3332; x_wconf 85' lang='lat' dir='ltr'><strong>ac</strong></span> 
     </span>
    </p>
   </div>
   <div class='ocr_carea' id='block_1_36' title="bbox 531 3368 2135 3443">
    <p class='ocr_par' dir='ltr' id='par_1_36' title="bbox 531 3368 2135 3443">
     <span class='ocr_line' id='line_1_36' title="bbox 531 3368 2135 3443; baseline -0.009 -7"><span class='ocrx_word' id='word_1_251' title='bbox 531 3383 702 3438; x_wconf 89' lang='lat' dir='ltr'><strong>.Pauli</strong></span> <span class='ocrx_word' id='word_1_252' title='bbox 732 3382 890 3437; x_wconf 90' lang='lat' dir='ltr'><strong>simul</strong></span> <span class='ocrx_word' id='word_1_253' title='bbox 909 3390 964 3438; x_wconf 90' lang='lat' dir='ltr'><strong>ct</strong></span> <span class='ocrx_word' id='word_1_254' title='bbox 991 3389 1199 3443; x_wconf 88' lang='lat' dir='ltr'><strong>nostra,</strong></span> <span class='ocrx_word' id='word_1_255' title='bbox 1225 3394 1348 3434; x_wconf 91' lang='lat' dir='ltr'><strong>cum</strong></span> <span class='ocrx_word' id='word_1_256' title='bbox 1379 3376 1630 3432; x_wconf 89' lang='lat' dir='ltr'><strong>omnibus</strong></span> <span class='ocrx_word' id='word_1_257' title='bbox 1651 3371 1972 3441; x_wconf 68' lang='lat' dir='ltr'><strong>sequacibus</strong></span> <span class='ocrx_word' id='word_1_258' title='bbox 2001 3368 2135 3433; x_wconf 89' lang='lat' dir='ltr'><strong>suis,</strong></span> 
     </span>
    </p>
   </div>
   <div class='ocr_carea' id='block_1_37' title="bbox 551 3463 2142 3532">
    <p class='ocr_par' dir='ltr' id='par_1_37' title="bbox 551 3463 2142 3532">
     <span class='ocr_line' id='line_1_37' title="bbox 551 3463 2142 3532; baseline -0.011 -2"><span class='ocrx_word' id='word_1_259' title='bbox 551 3486 609 3530; x_wconf 91' lang='lat' dir='ltr'><strong>et</strong></span> <span class='ocrx_word' id='word_1_260' title='bbox 660 3474 809 3530; x_wconf 90' lang='lat' dir='ltr'><strong>omni</strong></span> <span class='ocrx_word' id='word_1_261' title='bbox 861 3472 1227 3530; x_wconf 87' lang='lat' dir='ltr'><strong>ecclesiastica</strong></span> <span class='ocrx_word' id='word_1_262' title='bbox 1274 3466 1652 3524; x_wconf 90' lang='lat' dir='ltr'><strong>communione</strong></span> <span class='ocrx_word' id='word_1_263' title='bbox 1701 3463 1977 3532; x_wconf 85' lang='lat' dir='ltr'><strong>privamus</strong></span> <span class='ocrx_word' id='word_1_264' title='bbox 2010 3499 2026 3522; x_wconf 92' lang='lat'><strong>,</strong></span> <span class='ocrx_word' id='word_1_265' title='bbox 2083 3466 2142 3514; x_wconf 89' lang='lat' dir='ltr'><strong>et</strong></span> 
     </span>
    </p>
   </div>
   <div class='ocr_carea' id='block_1_38' title="bbox 549 3552 2136 3636">
    <p class='ocr_par' dir='ltr' id='par_1_38' title="bbox 549 3552 2136 3636">
     <span class='ocr_line' id='line_1_38' title="bbox 549 3552 2136 3636; baseline -0.009 -18"><span class='ocrx_word' id='word_1_266' title='bbox 549 3581 831 3636; x_wconf 88' lang='lat' dir='ltr'><strong>quousque</strong></span> <span class='ocrx_word' id='word_1_267' title='bbox 858 3580 917 3620; x_wconf 85' lang='lat' dir='ltr'><strong>se</strong></span> <span class='ocrx_word' id='word_1_268' title='bbox 941 3565 1006 3632; x_wconf 89' lang='lat' dir='ltr'><strong>ab</strong></span> <span class='ocrx_word' id='word_1_269' title='bbox 1030 3563 1160 3634; x_wconf 89' lang='lat' dir='ltr'><strong>ipsis</strong></span> <span class='ocrx_word' id='word_1_270' title='bbox 1197 3559 1486 3617; x_wconf 86' lang='lat' dir='ltr'><strong>Saracenis</strong></span> <span class='ocrx_word' id='word_1_271' title='bbox 1530 3556 1742 3626; x_wconf 76' lang='lat' dir='ltr'><strong>penitus</strong></span> <span class='ocrx_word' id='word_1_272' title='bbox 1779 3552 2136 3624; x_wconf 87' lang='lat' dir='ltr'><strong>separaverit,</strong></span> 
     </span>
    </p>
   </div>
   <div class='ocr_carea' id='block_1_39' title="bbox 553 3640 2136 3710">
    <p class='ocr_par' dir='ltr' id='par_1_39' title="bbox 553 3640 2136 3710">
     <span class='ocr_line' id='line_1_39' title="bbox 553 3640 2136 3710; baseline -0.009 0"><span class='ocrx_word' id='word_1_273' title='bbox 553 3655 702 3710; x_wconf 84' lang='lat' dir='ltr'><strong>velut</strong></span> <span class='ocrx_word' id='word_1_274' title='bbox 728 3654 891 3709; x_wconf 81' lang='lat' dir='ltr'><strong>totius</strong></span> <span class='ocrx_word' id='word_1_275' title='bbox 919 3649 1348 3708; x_wconf 80' lang='lat' dir='ltr'><strong>Christianitatis</strong></span> <span class='ocrx_word' id='word_1_276' title='bbox 1383 3645 1664 3701; x_wconf 89' lang='lat' dir='ltr'><strong>inimicum</strong></span> <span class='ocrx_word' id='word_1_277' title='bbox 1707 3640 2136 3698; x_wconf 80' lang='lat' dir='ltr'><strong>anathematiza-</strong></span> 
     </span>
    </p>
   </div>
   <div class='ocr_carea' id='block_1_40' title="bbox 537 3739 1758 3813">
    <p class='ocr_par' dir='ltr' id='par_1_40' title="bbox 537 3739 1758 3813">
     <span class='ocr_line' id='line_1_40' title="bbox 537 3739 1758 3813; baseline -0.014 -8"><span class='ocrx_word' id='word_1_278' title='bbox 537 3761 697 3807; x_wconf 74' lang='lat' dir='ltr'><strong>mus.</strong></span> <span class='ocrx_word' id='word_1_279' title='bbox 743 3745 878 3801; x_wconf 79' lang='lat' dir='ltr'><strong>Data</strong></span> <span class='ocrx_word' id='word_1_280' title='bbox 903 3758 1090 3800; x_wconf 86' lang='lat' dir='ltr'><strong>mense</strong></span> <span class='ocrx_word' id='word_1_281' title='bbox 1115 3741 1304 3813; x_wconf 88' lang='lat' dir='ltr'><strong>Aprili,</strong></span> <span class='ocrx_word' id='word_1_282' title='bbox 1332 3739 1624 3794; x_wconf 87' lang='lat' dir='ltr'><strong>indictione</strong></span> <span class='ocrx_word' id='word_1_283' title='bbox 1646 3750 1758 3790; x_wconf 81' lang='lat' dir='ltr'><strong>xw.</strong></span> 
     </span>
    </p>
   </div>
   <div class='ocr_carea' id='block_1_41' title="bbox 553 3849 1505 3906">
    <p class='ocr_par' dir='ltr' id='par_1_41' title="bbox 553 3849 1505 3906">
     <span class='ocr_line' id='line_1_41' title="bbox 553 3849 1505 3906; baseline -0.012 7"><span class='ocrx_word' id='word_1_284' title='bbox 553 3854 562 3860; x_wconf 73' lang='grc'><em>’</em></span> <span class='ocrx_word' id='word_1_285' title='bbox 1210 3849 1505 3906; x_wconf 77' lang='lat' dir='ltr'><strong>CCCXXIL</strong></span> 
     </span>
    </p>
   </div>
   <div class='ocr_carea' id='block_1_42' title="bbox 733 3973 1960 4025">
    <p class='ocr_par' dir='ltr' id='par_1_42' title="bbox 733 3973 1960 4025">
     <span class='ocr_line' id='line_1_42' title="bbox 733 3973 1960 4025; baseline -0.011 0"><span class='ocrx_word' id='word_1_286' title='bbox 733 3985 800 4024; x_wconf 73' lang='grc' dir='ltr'><strong>ΑΙ)</strong></span> <span class='ocrx_word' id='word_1_287' title='bbox 825 3982 1082 4025; x_wconf 64' lang='grc' dir='ltr'><strong>ΚΟΙΑΝΙΙΙ</strong></span> <span class='ocrx_word' id='word_1_288' title='bbox 1110 3978 1558 4021; x_wconf 65' lang='grc' dir='ltr'><strong>ΑΒΟΠΙΕΡὶεῦθΡυΜ</strong></span> <span class='ocrx_word' id='word_1_289' title='bbox 1584 3973 1960 4015; x_wconf 61' lang='grc' dir='ltr'><strong>ΒΛΥΕΝΝᾹῘΈἈ.</strong></span> 
     </span>
    </p>
   </div>
   <div class='ocr_carea' id='block_1_43' title="bbox 1146 4073 1541 4146">
    <p class='ocr_par' dir='ltr' id='par_1_43' title="bbox 1146 4073 1541 4146">
     <span class='ocr_line' id='line_1_43' title="bbox 1146 4073 1541 4146; baseline -0.008 -16"><span class='ocrx_word' id='word_1_290' title='bbox 1146 4077 1339 4146; x_wconf 85' lang='lat' dir='ltr'><strong>(Anno</strong></span> <span class='ocrx_word' id='word_1_291' title='bbox 1367 4073 1541 4144; x_wconf 79' lang='lat'><strong>881.)</strong></span> 
     </span>
    </p>
   </div>
   <div class='ocr_carea' id='block_1_44' title="bbox 561 4177 2130 4261">
    <p class='ocr_par' dir='ltr' id='par_1_44' title="bbox 561 4177 2130 4261">
     <span class='ocr_line' id='line_1_44' title="bbox 561 4177 2130 4261; baseline -0.01 -16"><span class='ocrx_word' id='word_1_292' title='bbox 561 4191 748 4261; x_wconf 74' lang='lat' dir='ltr'><strong>Arguit</strong></span> <span class='ocrx_word' id='word_1_293' title='bbox 776 4188 913 4261; x_wconf 71' lang='lat' dir='ltr'><strong>quod</strong></span> <span class='ocrx_word' id='word_1_294' title='bbox 931 4185 1238 4261; x_wconf 47' lang='lat' dir='ltr'><strong>Albericum</strong></span> <span class='ocrx_word' id='word_1_295' title='bbox 1265 4183 1499 4261; x_wconf 68' lang='lat' dir='ltr'><strong>comitant</strong></span> <span class='ocrx_word' id='word_1_296' title='bbox 1532 4180 1832 4261; x_wconf 64' lang='lat' dir='ltr'><strong>Ravennam</strong></span> <span class='ocrx_word' id='word_1_297' title='bbox 1861 4177 2130 4261; x_wconf 59' lang='lat' dir='ltr'><strong>asciveril,</strong></span> 
     </span>
    </p>
   </div>
   <div class='ocr_carea' id='block_1_45' title="bbox 633 4207 2135 4319">
    <p class='ocr_par' dir='ltr' id='par_1_45' title="bbox 633 4207 2135 4319">
     <span class='ocr_line' id='line_1_45' title="bbox 633 4207 2130 4261; baseline -0.01 -16"><span class='ocrx_word' id='word_1_298' title='bbox 633 4207 748 4261; x_wconf 85' lang='lat' dir='ltr'><strong>&#39;guu</strong></span> <span class='ocrx_word' id='word_1_299' title='bbox 811 4207 912 4240; x_wconf 87' lang='lat' dir='ltr'><strong>uoa</strong></span> <span class='ocrx_word' id='word_1_300' title='bbox 942 4207 1238 4239; x_wconf 77' lang='lat' dir='ltr'><strong>Ataencum</strong></span> <span class='ocrx_word' id='word_1_301' title='bbox 1265 4207 1499 4235; x_wconf 78' lang='lat' dir='ltr'><strong>cunmem</strong></span> <span class='ocrx_word' id='word_1_302' title='bbox 1532 4207 1832 4234; x_wconf 79' lang='lat' dir='ltr'><strong>nuvcuuum</strong></span> <span class='ocrx_word' id='word_1_303' title='bbox 1861 4207 2094 4231; x_wconf 76' lang='lat' dir='ltr'><strong>usuvuu</strong></span> <span class='ocrx_word' id='word_1_304' title='bbox 2115 4217 2130 4240; x_wconf 88' lang='lat'><strong>,</strong></span> 
     </span>
     <span class='ocr_line' id='line_1_46' title="bbox 633 4207 2135 4319; baseline -0.009 -6"><span class='ocrx_word' id='word_1_305' title='bbox 633 4271 678 4314; x_wconf 82' lang='lat' dir='ltr'><strong>et</strong></span> <span class='ocrx_word' id='word_1_306' title='bbox 709 4207 902 4311; x_wconf 66' lang='lat' dir='ltr'><strong>noZiles</strong></span> <span class='ocrx_word' id='word_1_307' title='bbox 925 4254 1246 4308; x_wconf 78' lang='lat' dir='ltr'><strong>Ravennates</strong></span> <span class='ocrx_word' id='word_1_308' title='bbox 1269 4261 1447 4304; x_wconf 82' lang='lat' dir='ltr'><strong>contra</strong></span> <span class='ocrx_word' id='word_1_309' title='bbox 1471 4249 1844 4319; x_wconf 72' lang='lat' dir='ltr'><strong>jusjurandum</strong></span> <span class='ocrx_word' id='word_1_310' title='bbox 1871 4248 1971 4319; x_wconf 75' lang='lat' dir='ltr'><strong>sibi</strong></span> <span class='ocrx_word' id='word_1_311' title='bbox 1999 4263 2135 4319; x_wconf 70' lang='lat' dir='ltr'><strong>prm-</strong></span> 
     </span>
    </p>
   </div>
   <div class='ocr_carea' id='block_1_46' title="bbox 541 4317 2132 4389">
    <p class='ocr_par' dir='ltr' id='par_1_46' title="bbox 541 4317 2132 4389">
     <span class='ocr_line' id='line_1_47' title="bbox 541 4317 2132 4389; baseline -0.008 -6"><span class='ocrx_word' id='word_1_312' title='bbox 541 4343 550 4346; x_wconf 85' lang='grc'><strong>·</strong></span> <span class='ocrx_word' id='word_1_313' title='bbox 632 4330 811 4383; x_wconf 70' lang='lat' dir='ltr'><strong>stilum</strong></span> <span class='ocrx_word' id='word_1_314' title='bbox 837 4325 1032 4378; x_wconf 75' lang='lat' dir='ltr'><strong>vexarit</strong></span> <span class='ocrx_word' id='word_1_315' title='bbox 1057 4338 1075 4376; x_wconf 92' lang='lat'><strong><em>:</em></strong></span> <span class='ocrx_word' id='word_1_316' title='bbox 1103 4338 1218 4374; x_wconf 86' lang='lat' dir='ltr'><strong>cum</strong></span> <span class='ocrx_word' id='word_1_317' title='bbox 1247 4317 1479 4389; x_wconf 77' lang='lat' dir='ltr'><strong>Neapoli</strong></span> <span class='ocrx_word' id='word_1_318' title='bbox 1495 4317 1728 4374; x_wconf 72' lang='lat' dir='ltr'><strong>reuersus</strong></span> <span class='ocrx_word' id='word_1_319' title='bbox 1757 4317 1945 4389; x_wconf 72' lang='lat' dir='ltr'><strong>fuerit,</strong></span> <span class='ocrx_word' id='word_1_320' title='bbox 1974 4317 2050 4389; x_wconf 72' lang='lat' dir='ltr'><strong>ait</strong></span> <span class='ocrx_word' id='word_1_321' title='bbox 2079 4333 2132 4370; x_wconf 87' lang='lat' dir='ltr'><strong>se</strong></span> 
     </span>
    </p>
   </div>
   <div class='ocr_carea' id='block_1_47' title="bbox 632 4387 2133 4459">
    <p class='ocr_par' dir='ltr' id='par_1_47' title="bbox 632 4387 2133 4459">
     <span class='ocr_line' id='line_1_48' title="bbox 632 4387 2133 4459; baseline -0.008 -6"><span class='ocrx_word' id='word_1_322' title='bbox 632 4417 692 4453; x_wconf 81' lang='lat' dir='ltr'><strong>ea</strong></span> <span class='ocrx_word' id='word_1_323' title='bbox 721 4395 898 4452; x_wconf 82' lang='lat' dir='ltr'><strong>omnia</strong></span> <span class='ocrx_word' id='word_1_324' title='bbox 921 4402 1224 4448; x_wconf 86' lang='lat' dir='ltr'><strong>curaturum</strong></span> <span class='ocrx_word' id='word_1_325' title='bbox 1249 4404 1266 4440; x_wconf 92' lang='lat'><em>:</em></span> <span class='ocrx_word' id='word_1_326' title='bbox 1281 4387 1426 4459; x_wconf 75' lang='lat' dir='ltr'><strong>jubet</strong></span> <span class='ocrx_word' id='word_1_327' title='bbox 1453 4389 1778 4443; x_wconf 77' lang='lat' dir='ltr'><strong>Dominicum</strong></span> <span class='ocrx_word' id='word_1_328' title='bbox 1800 4387 2133 4459; x_wconf 70' lang='lat' dir='ltr'><strong>archidiaco-</strong></span> 
     </span>
    </p>
   </div>
   <div class='ocr_carea' id='block_1_48' title="bbox 633 4456 2024 4528">
    <p class='ocr_par' dir='ltr' id='par_1_48' title="bbox 633 4456 2024 4528">
     <span class='ocr_line' id='line_1_49' title="bbox 633 4456 2024 4528; baseline -0.009 -6"><span class='ocrx_word' id='word_1_329' title='bbox 633 4485 756 4523; x_wconf 84' lang='lat' dir='ltr'><strong>num</strong></span> <span class='ocrx_word' id='word_1_330' title='bbox 785 4464 1092 4519; x_wconf 70' lang='lat' dir='ltr'><strong>Faventino:</strong></span> <span class='ocrx_word' id='word_1_331' title='bbox 1120 4456 1367 4514; x_wconf 64' lang='lat' dir='ltr'><strong>Eccleiiw</strong></span> <span class='ocrx_word' id='word_1_332' title='bbox 1396 4459 1686 4528; x_wconf 75' lang='lat' dir='ltr'><strong>episcopum</strong></span> <span class='ocrx_word' id='word_1_333' title='bbox 1713 4456 2024 4512; x_wconf 84' lang='lat' dir='ltr'><strong>consecrari.</strong></span> 
     </span>
    </p>
   </div>
   <div class='ocr_carea' id='block_1_49' title="bbox 634 4587 1636 4662">
    <p class='ocr_par' dir='ltr' id='par_1_49' title="bbox 634 4587 1636 4662">
     <span class='ocr_line' id='line_1_50' title="bbox 634 4587 1636 4662; baseline -0.016 -7"><span class='ocrx_word' id='word_1_334' title='bbox 634 4598 858 4655; x_wconf 59' lang='lat' dir='ltr'><strong>Romano</strong></span> <span class='ocrx_word' id='word_1_335' title='bbox 889 4592 1291 4662; x_wconf 89' lang='lat' dir='ltr'><strong>archiepiscopo</strong></span> <span class='ocrx_word' id='word_1_336' title='bbox 1312 4587 1636 4643; x_wconf 78' lang='lat' dir='ltr'><strong>Ravennati.</strong></span> 
     </span>
    </p>
   </div>
   <div class='ocr_carea' id='block_1_50' title="bbox 637 4677 2128 4757">
    <p class='ocr_par' dir='ltr' id='par_1_50' title="bbox 637 4677 2128 4757">
     <span class='ocr_line' id='line_1_51' title="bbox 637 4677 2128 4757; baseline -0.011 -15"><span class='ocrx_word' id='word_1_337' title='bbox 637 4690 710 4742; x_wconf 81' lang='lat' dir='ltr'><strong>Ea</strong></span> <span class='ocrx_word' id='word_1_338' title='bbox 731 4703 849 4757; x_wconf 79' lang='lat' dir='ltr'><strong>qum</strong></span> <span class='ocrx_word' id='word_1_339' title='bbox 876 4689 1064 4740; x_wconf 87' lang='lat' dir='ltr'><strong>nostro</strong></span> <span class='ocrx_word' id='word_1_340' title='bbox 1086 4680 1394 4751; x_wconf 80' lang='lat' dir='ltr'><strong>praesulatui</strong></span> <span class='ocrx_word' id='word_1_341' title='bbox 1417 4693 1516 4747; x_wconf 86' lang='lat' dir='ltr'><strong>pro</strong></span> <span class='ocrx_word' id='word_1_342' title='bbox 1543 4677 1773 4731; x_wconf 87' lang='lat' dir='ltr'><strong>utilitate</strong></span> <span class='ocrx_word' id='word_1_343' title='bbox 1797 4682 1851 4729; x_wconf 90' lang='lat' dir='ltr'><strong>et</strong></span> <span class='ocrx_word' id='word_1_344' title='bbox 1876 4687 2128 4728; x_wconf 89' lang='lat' dir='ltr'><strong>necessa-</strong></span> 
     </span>
    </p>
   </div>
   <div class='ocr_carea' id='block_1_51' title="bbox 566 4761 2129 4834">
    <p class='ocr_par' dir='ltr' id='par_1_51' title="bbox 566 4761 2129 4834">
     <span class='ocr_line' id='line_1_52' title="bbox 566 4761 2129 4834; baseline -0.013 0"><span class='ocrx_word' id='word_1_345' title='bbox 566 4780 648 4834; x_wconf 84' lang='lat' dir='ltr'><strong>ria</strong></span> <span class='ocrx_word' id='word_1_346' title='bbox 692 4785 890 4830; x_wconf 66' lang='lat' dir='ltr'><strong>sanctae</strong></span> <span class='ocrx_word' id='word_1_347' title='bbox 927 4771 1261 4828; x_wconf 81' lang='lat' dir='ltr'><strong>Ravennatis</strong></span> <span class='ocrx_word' id='word_1_348' title='bbox 1294 4768 1549 4823; x_wconf 71' lang='lat' dir='ltr'><strong>Ecclesia:</strong></span> <span class='ocrx_word' id='word_1_349' title='bbox 1589 4765 1929 4821; x_wconf 87' lang='lat' dir='ltr'><strong>restitutione</strong></span> <span class='ocrx_word' id='word_1_350' title='bbox 1968 4761 2129 4832; x_wconf 83' lang='lat' dir='ltr'><strong>perﬁ-</strong></span> 
     </span>
    </p>
   </div>
   <div class='ocr_carea' id='block_1_52' title="bbox 570 4858 2131 4926">
    <p class='ocr_par' dir='ltr' id='par_1_52' title="bbox 570 4858 2131 4926">
     <span class='ocr_line' id='line_1_53' title="bbox 570 4858 2131 4926; baseline -0.012 -3"><span class='ocrx_word' id='word_1_351' title='bbox 570 4867 760 4924; x_wconf 87' lang='lat' dir='ltr'><strong>cienda</strong></span> <span class='ocrx_word' id='word_1_352' title='bbox 801 4862 1099 4926; x_wconf 83' lang='lat' dir='ltr'><strong>mandasti,</strong></span> <span class='ocrx_word' id='word_1_353' title='bbox 1131 4858 1360 4914; x_wconf 83' lang='lat' dir='ltr'><strong>lucilluis</strong></span> <span class='ocrx_word' id='word_1_354' title='bbox 1389 4866 1790 4912; x_wconf 83' lang='lat' dir='ltr'><strong>antecessorum</strong></span> <span class='ocrx_word' id='word_1_355' title='bbox 1828 4861 2131 4908; x_wconf 89' lang='lat' dir='ltr'><strong>nostrorum</strong></span> 
     </span>
    </p>
   </div>
   <div class='ocr_carea' id='block_1_53' title="bbox 565 4943 2128 5022">
    <p class='ocr_par' dir='ltr' id='par_1_53' title="bbox 565 4943 2128 5022">
     <span class='ocr_line' id='line_1_54' title="bbox 565 4943 2128 5022; baseline -0.013 -6"><span class='ocrx_word' id='word_1_356' title='bbox 565 4957 838 5018; x_wconf 80' lang='lat' dir='ltr'><strong>informati</strong></span> <span class='ocrx_word' id='word_1_357' title='bbox 862 4954 1141 5022; x_wconf 78' lang='lat' dir='ltr'><strong>exemplis,</strong></span> <span class='ocrx_word' id='word_1_358' title='bbox 1167 4966 1461 5021; x_wconf 73' lang='lat' dir='ltr'><strong>congruum</strong></span> <span class='ocrx_word' id='word_1_359' title='bbox 1487 4958 1542 5003; x_wconf 89' lang='lat' dir='ltr'><strong>ct</strong></span> <span class='ocrx_word' id='word_1_360' title='bbox 1569 4956 1926 5017; x_wconf 87' lang='lat' dir='ltr'><strong>opportunum</strong></span> <span class='ocrx_word' id='word_1_361' title='bbox 1956 4943 2128 4998; x_wconf 85' lang='lat' dir='ltr'><strong>eidem</strong></span> 
     </span>
    </p>
   </div>
   <div class='ocr_carea' id='block_1_54' title="bbox 564 5033 2132 5108">
    <p class='ocr_par' dir='ltr' id='par_1_54' title="bbox 564 5033 2132 5108">
     <span class='ocr_line' id='line_1_55' title="bbox 564 5033 2132 5108; baseline -0.013 0"><span class='ocrx_word' id='word_1_362' title='bbox 564 5049 822 5108; x_wconf 70' lang='lat' dir='ltr'><strong>Ecclesia:</strong></span> <span class='ocrx_word' id='word_1_363' title='bbox 863 5046 1093 5099; x_wconf 86' lang='lat' dir='ltr'><strong>libenter</strong></span> <span class='ocrx_word' id='word_1_364' title='bbox 1130 5043 1406 5103; x_wconf 90' lang='lat' dir='ltr'><strong>volumus,</strong></span> <span class='ocrx_word' id='word_1_365' title='bbox 1459 5039 1566 5091; x_wconf 86' lang='lat' dir='ltr'><strong>Deo</strong></span> <span class='ocrx_word' id='word_1_366' title='bbox 1611 5039 1852 5099; x_wconf 78' lang='lat' dir='ltr'><strong>favente,</strong></span> <span class='ocrx_word' id='word_1_367' title='bbox 1891 5033 2132 5104; x_wconf 77' lang='lat' dir='ltr'><strong>przcbere</strong></span> 
     </span>
    </p>
   </div>
   <div class='ocr_carea' id='block_1_55' title="bbox 564 5126 2130 5198">
    <p class='ocr_par' dir='ltr' id='par_1_55' title="bbox 564 5126 2130 5198">
     <span class='ocr_line' id='line_1_56' title="bbox 564 5126 2130 5198; baseline -0.014 -1"><span class='ocrx_word' id='word_1_368' title='bbox 564 5141 816 5198; x_wconf 87' lang='lat' dir='ltr'><strong>solatium</strong></span> <span class='ocrx_word' id='word_1_369' title='bbox 864 5144 919 5190; x_wconf 89' lang='lat' dir='ltr'><strong>et</strong></span> <span class='ocrx_word' id='word_1_370' title='bbox 961 5131 1291 5189; x_wconf 75' lang='lat' dir='ltr'><strong>defensionis</strong></span> <span class='ocrx_word' id='word_1_371' title='bbox 1337 5128 1637 5189; x_wconf 82' lang='lat' dir='ltr'><strong>auxilium,</strong></span> <span class='ocrx_word' id='word_1_372' title='bbox 1689 5126 1956 5196; x_wconf 66' lang='lat' dir='ltr'><strong>prmcipue</strong></span> <span class='ocrx_word' id='word_1_373' title='bbox 2008 5137 2130 5178; x_wconf 89' lang='lat' dir='ltr'><strong>cum</strong></span> 
     </span>
    </p>
   </div>
   <div class='ocr_carea' id='block_1_56' title="bbox 534 5213 2133 5303">
    <p class='ocr_par' dir='ltr' id='par_1_56' title="bbox 534 5213 2133 5303">
     <span class='ocr_line' id='line_1_57' title="bbox 534 5213 2133 5303; baseline -0.014 -15"><span class='ocrx_word' id='word_1_374' title='bbox 534 5240 539 5244; x_wconf 76' lang='grc'><strong><em>’</em></strong></span> <span class='ocrx_word' id='word_1_375' title='bbox 565 5232 737 5303; x_wconf 88' lang='lat' dir='ltr'><strong>ipsius</strong></span> <span class='ocrx_word' id='word_1_376' title='bbox 763 5243 862 5284; x_wconf 92' lang='lat' dir='ltr'><strong>nos</strong></span> <span class='ocrx_word' id='word_1_377' title='bbox 891 5225 984 5280; x_wconf 92' lang='lat' dir='ltr'><strong>tibi</strong></span> <span class='ocrx_word' id='word_1_378' title='bbox 1015 5223 1358 5280; x_wconf 84' lang='lat' dir='ltr'><strong>commissum</strong></span> <span class='ocrx_word' id='word_1_379' title='bbox 1405 5218 1696 5272; x_wconf 88' lang='lat' dir='ltr'><strong>habeamus</strong></span> <span class='ocrx_word' id='word_1_380' title='bbox 1730 5215 1989 5285; x_wconf 80' lang='lat' dir='ltr'><strong>regimen.</strong></span> <span class='ocrx_word' id='word_1_381' title='bbox 2027 5213 2133 5266; x_wconf 75' lang='lat' dir='ltr'><strong>Sed</strong></span> 
     </span>
    </p>
   </div>
   <div class='ocr_carea' id='block_1_57' title="bbox 567 5306 2134 5393">
    <p class='ocr_par' dir='ltr' id='par_1_57' title="bbox 567 5306 2134 5393">
     <span class='ocr_line' id='line_1_58' title="bbox 567 5306 2134 5393; baseline -0.012 -18"><span class='ocrx_word' id='word_1_382' title='bbox 567 5324 694 5393; x_wconf 89' lang='lat' dir='ltr'><strong>quia</strong></span> <span class='ocrx_word' id='word_1_383' title='bbox 724 5318 878 5374; x_wconf 91' lang='lat' dir='ltr'><strong>multi</strong></span> <span class='ocrx_word' id='word_1_384' title='bbox 915 5315 1173 5372; x_wconf 86' lang='lat' dir='ltr'><strong>nobilium</strong></span> <span class='ocrx_word' id='word_1_385' title='bbox 1211 5311 1605 5367; x_wconf 85' lang='lat' dir='ltr'><strong>Ravennatium</strong></span> <span class='ocrx_word' id='word_1_386' title='bbox 1636 5307 1842 5363; x_wconf 89' lang='lat' dir='ltr'><strong>crebris</strong></span> <span class='ocrx_word' id='word_1_387' title='bbox 1871 5306 2134 5359; x_wconf 78' lang='lat' dir='ltr'><strong>duntaxat</strong></span> 
     </span>
    </p>
   </div>
   <div class='ocr_carea' id='block_1_58' title="bbox 565 5394 2135 5481">
    <p class='ocr_par' dir='ltr' id='par_1_58' title="bbox 565 5394 2135 5481">
     <span class='ocr_line' id='line_1_59' title="bbox 565 5394 2135 5481; baseline -0.015 -15"><span class='ocrx_word' id='word_1_388' title='bbox 565 5407 921 5481; x_wconf 88' lang='lat' dir='ltr'><strong>querimoniis</strong></span> <span class='ocrx_word' id='word_1_389' title='bbox 966 5403 1294 5472; x_wconf 87' lang='lat' dir='ltr'><strong>apostolatus</strong></span> <span class='ocrx_word' id='word_1_390' title='bbox 1344 5398 1512 5454; x_wconf 89' lang='lat' dir='ltr'><strong>nostri</strong></span> <span class='ocrx_word' id='word_1_391' title='bbox 1566 5410 1726 5450; x_wconf 89' lang='lat' dir='ltr'><strong>aures</strong></span> <span class='ocrx_word' id='word_1_392' title='bbox 1766 5394 1981 5464; x_wconf 88' lang='lat' dir='ltr'><strong>pulsare</strong></span> <span class='ocrx_word' id='word_1_393' title='bbox 2028 5407 2135 5446; x_wconf 92' lang='lat' dir='ltr'><strong>non</strong></span> 
     </span>
    </p>
   </div>
   <div class='ocr_carea' id='block_1_59' title="bbox 539 5479 2134 5560">
    <p class='ocr_par' dir='ltr' id='par_1_59' title="bbox 539 5479 2134 5560">
     <span class='ocr_line' id='line_1_60' title="bbox 539 5479 2134 5560; baseline -0.014 -6"><span class='ocrx_word' id='word_1_394' title='bbox 539 5479 859 5560; x_wconf 80' lang='lat' dir='ltr'><strong>desinunt,</strong></span> <span class='ocrx_word' id='word_1_395' title='bbox 901 5492 1046 5547; x_wconf 86' lang='lat' dir='ltr'><strong>circa</strong></span> <span class='ocrx_word' id='word_1_396' title='bbox 1085 5499 1141 5544; x_wconf 94' lang='lat' dir='ltr'><strong>te</strong></span> <span class='ocrx_word' id='word_1_397' title='bbox 1182 5487 1480 5544; x_wconf 63' lang='lat' dir='ltr'><strong>clementiae</strong></span> <span class='ocrx_word' id='word_1_398' title='bbox 1521 5492 1721 5539; x_wconf 79' lang='lat' dir='ltr'><strong>nostra:</strong></span> <span class='ocrx_word' id='word_1_399' title='bbox 1761 5479 2134 5536; x_wconf 81' lang='lat' dir='ltr'><strong>benevolentia</strong></span> 
     </span>
    </p>
   </div>
   <div class='ocr_carea' id='block_1_60' title="bbox 544 5576 2136 5644">
    <p class='ocr_par' dir='ltr' id='par_1_60' title="bbox 544 5576 2136 5644">
     <span class='ocr_line' id='line_1_61' title="bbox 544 5576 2136 5644; baseline -0.014 1"><span class='ocrx_word' id='word_1_400' title='bbox 544 5597 837 5644; x_wconf 79' lang='lat' dir='ltr'><strong>commota</strong></span> <span class='ocrx_word' id='word_1_401' title='bbox 882 5600 989 5640; x_wconf 81' lang='lat' dir='ltr'><strong>non</strong></span> <span class='ocrx_word' id='word_1_402' title='bbox 1033 5581 1304 5637; x_wconf 87' lang='lat' dir='ltr'><strong>immerito</strong></span> <span class='ocrx_word' id='word_1_403' title='bbox 1346 5580 1592 5634; x_wconf 86' lang='lat' dir='ltr'><strong>habetur.</strong></span> <span class='ocrx_word' id='word_1_404' title='bbox 1630 5576 1794 5639; x_wconf 89' lang='lat' dir='ltr'><strong>Nam,</strong></span> <span class='ocrx_word' id='word_1_405' title='bbox 1847 5583 1906 5626; x_wconf 95' lang='lat' dir='ltr'><strong>ut</strong></span> <span class='ocrx_word' id='word_1_406' title='bbox 1939 5580 2136 5628; x_wconf 85' lang='lat' dir='ltr'><strong>caetera</strong></span> 
     </span>
    </p>
   </div>
   <div class='ocr_carea' id='block_1_61' title="bbox 569 5666 2134 5738">
    <p class='ocr_par' dir='ltr' id='par_1_61' title="bbox 569 5666 2134 5738">
     <span class='ocr_line' id='line_1_62' title="bbox 569 5666 2134 5738; baseline -0.01 -2"><span class='ocrx_word' id='word_1_407' title='bbox 569 5680 883 5736; x_wconf 86' lang='lat' dir='ltr'><strong>omittamus</strong></span> <span class='ocrx_word' id='word_1_408' title='bbox 904 5718 917 5738; x_wconf 90' lang='lat'><strong>.</strong></span> <span class='ocrx_word' id='word_1_409' title='bbox 943 5675 1066 5736; x_wconf 85' lang='lat' dir='ltr'><strong>auia</strong></span> <span class='ocrx_word' id='word_1_410' title='bbox 1091 5672 1398 5730; x_wconf 81' lang='lat' dir='ltr'><strong>Albericum</strong></span> <span class='ocrx_word' id='word_1_411' title='bbox 1423 5671 1676 5726; x_wconf 90' lang='lat' dir='ltr'><strong>comitem</strong></span> <span class='ocrx_word' id='word_1_412' title='bbox 1697 5666 1849 5737; x_wconf 90' lang='lat' dir='ltr'><strong>quasi</strong></span> <span class='ocrx_word' id='word_1_413' title='bbox 1883 5679 1950 5719; x_wconf 79' lang='lat' dir='ltr'><strong>cx</strong></span> <span class='ocrx_word' id='word_1_414' title='bbox 1980 5671 2134 5734; x_wconf 87' lang='lat' dir='ltr'><strong>parte</strong></span> 
     </span>
    </p>
   </div>
   <div class='ocr_carea' id='block_1_62' title="bbox 2215 563 3796 638">
    <p class='ocr_par' dir='ltr' id='par_1_62' title="bbox 2215 563 3796 638">
     <span class='ocr_line' id='line_1_63' title="bbox 2215 563 3796 638; baseline -0.006 -9"><span class='ocrx_word' id='word_1_415' title='bbox 2215 576 2348 638; x_wconf 87' lang='lat' dir='ltr'><strong>sius,</strong></span> <span class='ocrx_word' id='word_1_416' title='bbox 2377 573 2531 627; x_wconf 86' lang='lat' dir='ltr'><strong>nobis</strong></span> <span class='ocrx_word' id='word_1_417' title='bbox 2559 569 2901 633; x_wconf 90' lang='lat' dir='ltr'><strong>inconsultis,</strong></span> <span class='ocrx_word' id='word_1_418' title='bbox 2952 583 3084 622; x_wconf 88' lang='lat' dir='ltr'><strong>ausu</strong></span> <span class='ocrx_word' id='word_1_419' title='bbox 3131 567 3424 622; x_wconf 88' lang='lat' dir='ltr'><strong>temerario</strong></span> <span class='ocrx_word' id='word_1_420' title='bbox 3467 563 3796 634; x_wconf 64' lang='lat' dir='ltr'><strong>distringi-re</strong></span> 
     </span>
    </p>
   </div>
   <div class='ocr_carea' id='block_1_63' title="bbox 2212 651 3796 731">
    <p class='ocr_par' dir='ltr' id='par_1_63' title="bbox 2212 651 3796 731">
     <span class='ocr_line' id='line_1_64' title="bbox 2212 651 3796 731; baseline -0.007 -12"><span class='ocrx_word' id='word_1_421' title='bbox 2212 663 2510 720; x_wconf 88' lang='lat' dir='ltr'><strong>enormiter</strong></span> <span class='ocrx_word' id='word_1_422' title='bbox 2539 660 2761 731; x_wconf 83' lang='lat' dir='ltr'><strong>coegisti</strong></span> <span class='ocrx_word' id='word_1_423' title='bbox 2783 701 2798 722; x_wconf 90' lang='lat'><strong>,</strong></span> <span class='ocrx_word' id='word_1_424' title='bbox 2832 651 3116 722; x_wconf 85' lang='lat' dir='ltr'><strong>miramur,</strong></span> <span class='ocrx_word' id='word_1_425' title='bbox 3145 672 3211 712; x_wconf 91' lang='lat' dir='ltr'><strong>eo</strong></span> <span class='ocrx_word' id='word_1_426' title='bbox 3237 657 3380 726; x_wconf 88' lang='lat' dir='ltr'><strong>quod</strong></span> <span class='ocrx_word' id='word_1_427' title='bbox 3406 665 3466 710; x_wconf 86' lang='lat' dir='ltr'><strong>te</strong></span> <span class='ocrx_word' id='word_1_428' title='bbox 3508 656 3796 709; x_wconf 79' lang='lat' dir='ltr'><strong>adversum</strong></span> 
     </span>
    </p>
   </div>
   <div class='ocr_carea' id='block_1_64' title="bbox 2213 744 3798 820">
    <p class='ocr_par' dir='ltr' id='par_1_64' title="bbox 2213 744 3798 820">
     <span class='ocr_line' id='line_1_65' title="bbox 2213 744 3798 820; baseline -0.006 -13"><span class='ocrx_word' id='word_1_429' title='bbox 2213 761 2362 807; x_wconf 89' lang='lat' dir='ltr'><strong>tuam</strong></span> <span class='ocrx_word' id='word_1_430' title='bbox 2391 750 2807 820; x_wconf 77' lang='lat' dir='ltr'><strong>promissionem</strong></span> <span class='ocrx_word' id='word_1_431' title='bbox 2832 747 3182 817; x_wconf 82' lang='lat' dir='ltr'><strong>jurejurando</strong></span> <span class='ocrx_word' id='word_1_432' title='bbox 3203 760 3385 799; x_wconf 81' lang='lat' dir='ltr'><strong>coram</strong></span> <span class='ocrx_word' id='word_1_433' title='bbox 3417 744 3578 798; x_wconf 89' lang='lat' dir='ltr'><strong>nobis</strong></span> <span class='ocrx_word' id='word_1_434' title='bbox 3602 752 3660 797; x_wconf 87' lang='lat' dir='ltr'><strong>et</strong></span> <span class='ocrx_word' id='word_1_435' title='bbox 3679 745 3798 797; x_wconf 77' lang='lat' dir='ltr'><strong>sede</strong></span> 
     </span>
    </p>
   </div>
   <div class='ocr_carea' id='block_1_65' title="bbox 2224 835 3794 912">
    <p class='ocr_par' dir='ltr' id='par_1_65' title="bbox 2224 835 3794 912">
     <span class='ocr_line' id='line_1_66' title="bbox 2224 835 3794 912; baseline -0.006 -16"><span class='ocrx_word' id='word_1_436' title='bbox 2224 842 2516 912; x_wconf 86' lang='lat' dir='ltr'><strong>apostolica</strong></span> <span class='ocrx_word' id='word_1_437' title='bbox 2569 839 2868 910; x_wconf 87' lang='lat' dir='ltr'><strong>prolatam,</strong></span> <span class='ocrx_word' id='word_1_438' title='bbox 2916 838 3130 906; x_wconf 81' lang='lat' dir='ltr'><strong>penitus</strong></span> <span class='ocrx_word' id='word_1_439' title='bbox 3177 836 3352 906; x_wconf 80' lang='lat' dir='ltr'><strong>egisse</strong></span> <span class='ocrx_word' id='word_1_440' title='bbox 3395 835 3794 903; x_wconf 76' lang='lat' dir='ltr'><strong>cognoscimus.</strong></span> 
     </span>
    </p>
   </div>
   <div class='ocr_carea' id='block_1_66' title="bbox 2215 929 3800 1003">
    <p class='ocr_par' dir='ltr' id='par_1_66' title="bbox 2215 929 3800 1003">
     <span class='ocr_line' id='line_1_67' title="bbox 2215 929 3800 1003; baseline -0.008 -13"><span class='ocrx_word' id='word_1_441' title='bbox 2215 934 2324 990; x_wconf 84' lang='lat' dir='ltr'><strong>Pro</strong></span> <span class='ocrx_word' id='word_1_442' title='bbox 2357 949 2461 1003; x_wconf 88' lang='lat' dir='ltr'><strong>quo</strong></span> <span class='ocrx_word' id='word_1_443' title='bbox 2493 933 2745 987; x_wconf 90' lang='lat' dir='ltr'><strong>nimirum</strong></span> <span class='ocrx_word' id='word_1_444' title='bbox 2777 941 2829 985; x_wconf 89' lang='lat' dir='ltr'><strong>te</strong></span> <span class='ocrx_word' id='word_1_445' title='bbox 2857 929 3012 984; x_wconf 85' lang='lat' dir='ltr'><strong>valde</strong></span> <span class='ocrx_word' id='word_1_446' title='bbox 3059 943 3252 982; x_wconf 84' lang='lat' dir='ltr'><strong>cavere</strong></span> <span class='ocrx_word' id='word_1_447' title='bbox 3293 935 3546 994; x_wconf 85' lang='lat' dir='ltr'><strong>oportet,</strong></span> <span class='ocrx_word' id='word_1_448' title='bbox 3589 941 3668 978; x_wconf 85' lang='lat' dir='ltr'><strong>ne.</strong></span> <span class='ocrx_word' id='word_1_449' title='bbox 3709 939 3800 994; x_wconf 82' lang='lat' dir='ltr'><strong>pro</strong></span> 
     </span>
    </p>
   </div>
   <div class='ocr_carea' id='block_1_67' title="bbox 2222 1016 3799 1089">
    <p class='ocr_par' dir='ltr' id='par_1_67' title="bbox 2222 1016 3799 1089">
     <span class='ocr_line' id='line_1_68' title="bbox 2222 1016 3799 1089; baseline -0.008 -10"><span class='ocrx_word' id='word_1_450' title='bbox 2222 1025 2416 1079; x_wconf 90' lang='lat' dir='ltr'><strong>talibus</strong></span> <span class='ocrx_word' id='word_1_451' title='bbox 2439 1032 2525 1076; x_wconf 88' lang='lat' dir='ltr'><strong>tua</strong></span> <span class='ocrx_word' id='word_1_452' title='bbox 2550 1021 2815 1077; x_wconf 89' lang='lat' dir='ltr'><strong>sententia</strong></span> <span class='ocrx_word' id='word_1_453' title='bbox 2839 1019 2984 1074; x_wconf 85' lang='lat' dir='ltr'><strong>velut</strong></span> <span class='ocrx_word' id='word_1_454' title='bbox 3007 1027 3462 1089; x_wconf 81' lang='lat' dir='ltr'><strong>transgressorem</strong></span> <span class='ocrx_word' id='word_1_455' title='bbox 3483 1016 3799 1070; x_wconf 81' lang='lat' dir='ltr'><strong>ulciscatur.</strong></span> 
     </span>
    </p>
   </div>
   <div class='ocr_carea' id='block_1_68' title="bbox 2219 1109 3805 1181">
    <p class='ocr_par' dir='ltr' id='par_1_68' title="bbox 2219 1109 3805 1181">
     <span class='ocr_line' id='line_1_69' title="bbox 2219 1109 3805 1181; baseline -0.008 -12"><span class='ocrx_word' id='word_1_456' title='bbox 2219 1114 2329 1169; x_wconf 92' lang='lat' dir='ltr'><strong>Nos</strong></span> <span class='ocrx_word' id='word_1_457' title='bbox 2356 1115 2498 1168; x_wconf 91' lang='lat' dir='ltr'><strong>enim</strong></span> <span class='ocrx_word' id='word_1_458' title='bbox 2532 1122 2583 1165; x_wconf 90' lang='lat' dir='ltr'><strong>te</strong></span> <span class='ocrx_word' id='word_1_459' title='bbox 2624 1126 2837 1181; x_wconf 78' lang='lat' dir='ltr'><strong>gregem</strong></span> <span class='ocrx_word' id='word_1_460' title='bbox 2883 1109 3096 1164; x_wconf 92' lang='lat' dir='ltr'><strong>Domini</strong></span> <span class='ocrx_word' id='word_1_461' title='bbox 3141 1122 3398 1177; x_wconf 88' lang='lat' dir='ltr'><strong>pascere,</strong></span> <span class='ocrx_word' id='word_1_462' title='bbox 3441 1122 3552 1160; x_wconf 91' lang='lat' dir='ltr'><strong>non</strong></span> <span class='ocrx_word' id='word_1_463' title='bbox 3593 1113 3805 1171; x_wconf 83' lang='lat' dir='ltr'><strong>pertur-</strong></span> 
     </span>
    </p>
   </div>
   <div class='ocr_carea' id='block_1_69' title="bbox 2220 1195 3800 1269">
    <p class='ocr_par' dir='ltr' id='par_1_69' title="bbox 2220 1195 3800 1269">
     <span class='ocr_line' id='line_1_70' title="bbox 2220 1195 3800 1269; baseline -0.006 -11"><span class='ocrx_word' id='word_1_464' title='bbox 2220 1207 2389 1267; x_wconf 86' lang='lat' dir='ltr'><strong>bare;</strong></span> <span class='ocrx_word' id='word_1_465' title='bbox 2433 1202 2674 1263; x_wconf 85' lang='lat' dir='ltr'><strong>salvare,</strong></span> <span class='ocrx_word' id='word_1_466' title='bbox 2720 1209 2775 1255; x_wconf 91' lang='lat' dir='ltr'><strong>et</strong></span> <span class='ocrx_word' id='word_1_467' title='bbox 2816 1215 2922 1254; x_wconf 91' lang='lat' dir='ltr'><strong>non</strong></span> <span class='ocrx_word' id='word_1_468' title='bbox 2965 1199 3191 1269; x_wconf 88' lang='lat' dir='ltr'><strong>perdere</strong></span> <span class='ocrx_word' id='word_1_469' title='bbox 3235 1199 3544 1252; x_wconf 84' lang='lat' dir='ltr'><strong>statuimus.</strong></span> <span class='ocrx_word' id='word_1_470' title='bbox 3597 1195 3800 1250; x_wconf 80' lang='lat' dir='ltr'><strong>Tamen</strong></span> 
     </span>
    </p>
   </div>
   <div class='ocr_carea' id='block_1_70' title="bbox 2223 1285 3802 1356">
    <p class='ocr_par' dir='ltr' id='par_1_70' title="bbox 2223 1285 3802 1356">
     <span class='ocr_line' id='line_1_71' title="bbox 2223 1285 3802 1356; baseline -0.004 -10"><span class='ocrx_word' id='word_1_471' title='bbox 2223 1308 2345 1348; x_wconf 91' lang='lat' dir='ltr'><strong>cum</strong></span> <span class='ocrx_word' id='word_1_472' title='bbox 2373 1307 2494 1350; x_wconf 86' lang='lat' dir='ltr'><strong>nos.</strong></span> <span class='ocrx_word' id='word_1_473' title='bbox 2529 1291 2637 1343; x_wconf 89' lang='lat' dir='ltr'><strong>Dco</strong></span> <span class='ocrx_word' id='word_1_474' title='bbox 2664 1289 2898 1351; x_wconf 87' lang='lat' dir='ltr'><strong>volente,</strong></span> <span class='ocrx_word' id='word_1_475' title='bbox 2917 1287 3158 1356; x_wconf 83' lang='lat' dir='ltr'><strong>Neapoli,</strong></span> <span class='ocrx_word' id='word_1_476' title='bbox 3185 1303 3294 1356; x_wconf 86' lang='lat' dir='ltr'><strong>quo</strong></span> <span class='ocrx_word' id='word_1_477' title='bbox 3324 1301 3468 1340; x_wconf 87' lang='lat' dir='ltr'><strong>nunc</strong></span> <span class='ocrx_word' id='word_1_478' title='bbox 3498 1285 3802 1355; x_wconf 80' lang='lat' dir='ltr'><strong>proﬁcisci-</strong></span> 
     </span>
    </p>
   </div>
   <div class='ocr_carea' id='block_1_71' title="bbox 2219 1377 3806 1446">
    <p class='ocr_par' dir='ltr' id='par_1_71' title="bbox 2219 1377 3806 1446">
     <span class='ocr_line' id='line_1_72' title="bbox 2219 1377 3806 1446; baseline -0.005 -9"><span class='ocrx_word' id='word_1_479' title='bbox 2219 1398 2366 1446; x_wconf 88' lang='lat' dir='ltr'><strong>mur,</strong></span> <span class='ocrx_word' id='word_1_480' title='bbox 2401 1381 2662 1434; x_wconf 80' lang='lat' dir='ltr'><strong>fuerimus</strong></span> <span class='ocrx_word' id='word_1_481' title='bbox 2700 1379 2900 1433; x_wconf 85' lang='lat' dir='ltr'><strong>reversi</strong></span> <span class='ocrx_word' id='word_1_482' title='bbox 2930 1395 2945 1442; x_wconf 89' lang='lat'><strong>;</strong></span> <span class='ocrx_word' id='word_1_483' title='bbox 2984 1387 3041 1431; x_wconf 90' lang='lat' dir='ltr'><strong>et</strong></span> <span class='ocrx_word' id='word_1_484' title='bbox 3077 1386 3169 1431; x_wconf 88' lang='lat' dir='ltr'><strong>aut</strong></span> <span class='ocrx_word' id='word_1_485' title='bbox 3205 1388 3259 1431; x_wconf 92' lang='lat' dir='ltr'><strong>tu</strong></span> <span class='ocrx_word' id='word_1_486' title='bbox 3285 1417 3301 1441; x_wconf 90' lang='lat'><strong>,</strong></span> <span class='ocrx_word' id='word_1_487' title='bbox 3338 1377 3649 1431; x_wconf 77' lang='lat' dir='ltr'><strong>secundant</strong></span> <span class='ocrx_word' id='word_1_488' title='bbox 3712 1391 3806 1430; x_wconf 90' lang='lat' dir='ltr'><strong>no-</strong></span> 
     </span>
    </p>
   </div>
   <div class='ocr_carea' id='block_1_72' title="bbox 2234 1469 3810 1541">
    <p class='ocr_par' dir='ltr' id='par_1_72' title="bbox 2234 1469 3810 1541">
     <span class='ocr_line' id='line_1_73' title="bbox 2234 1469 3810 1541; baseline -0.004 -12"><span class='ocrx_word' id='word_1_489' title='bbox 2234 1482 2402 1529; x_wconf 86' lang='lat' dir='ltr'><strong>stram</strong></span> <span class='ocrx_word' id='word_1_490' title='bbox 2435 1473 2530 1527; x_wconf 87' lang='lat' dir='ltr'><strong>tibi</strong></span> <span class='ocrx_word' id='word_1_491' title='bbox 2560 1473 2854 1541; x_wconf 89' lang='lat' dir='ltr'><strong>jussionem</strong></span> <span class='ocrx_word' id='word_1_492' title='bbox 2884 1472 3165 1530; x_wconf 84' lang='lat' dir='ltr'><strong>directam,</strong></span> <span class='ocrx_word' id='word_1_493' title='bbox 3191 1469 3420 1523; x_wconf 89' lang='lat' dir='ltr'><strong>Romam</strong></span> <span class='ocrx_word' id='word_1_494' title='bbox 3453 1469 3810 1529; x_wconf 80' lang='lat' dir='ltr'><strong>veneris.aut</strong></span> 
     </span>
    </p>
   </div>
   <div class='ocr_carea' id='block_1_73' title="bbox 2225 1560 3806 1629">
    <p class='ocr_par' dir='ltr' id='par_1_73' title="bbox 2225 1560 3806 1629">
     <span class='ocr_line' id='line_1_74' title="bbox 2225 1560 3806 1629; baseline -0.003 -11"><span class='ocrx_word' id='word_1_495' title='bbox 2225 1580 2326 1621; x_wconf 89' lang='lat' dir='ltr'><strong>nos</strong></span> <span class='ocrx_word' id='word_1_496' title='bbox 2366 1564 2452 1618; x_wconf 87' lang='lat' dir='ltr'><strong>vel</strong></span> <span class='ocrx_word' id='word_1_497' title='bbox 2497 1564 2695 1617; x_wconf 88' lang='lat' dir='ltr'><strong>missus</strong></span> <span class='ocrx_word' id='word_1_498' title='bbox 2736 1570 2924 1616; x_wconf 87' lang='lat' dir='ltr'><strong>noster</strong></span> <span class='ocrx_word' id='word_1_499' title='bbox 2963 1563 3094 1616; x_wconf 90' lang='lat' dir='ltr'><strong>istas</strong></span> <span class='ocrx_word' id='word_1_500' title='bbox 3129 1561 3185 1614; x_wconf 90' lang='lat' dir='ltr'><strong>in</strong></span> <span class='ocrx_word' id='word_1_501' title='bbox 3225 1570 3411 1629; x_wconf 88' lang='lat' dir='ltr'><strong>partes</strong></span> <span class='ocrx_word' id='word_1_502' title='bbox 3453 1560 3806 1623; x_wconf 82' lang='lat' dir='ltr'><strong>venerimus,</strong></span> 
     </span>
    </p>
   </div>
   <div class='ocr_carea' id='block_1_74' title="bbox 2225 1651 3812 1728">
    <p class='ocr_par' dir='ltr' id='par_1_74' title="bbox 2225 1651 3812 1728">
     <span class='ocr_line' id='line_1_75' title="bbox 2225 1651 3812 1728; baseline -0.002 -19"><span class='ocrx_word' id='word_1_503' title='bbox 2225 1657 2526 1728; x_wconf 88' lang='lat' dir='ltr'><strong>plenariam</strong></span> <span class='ocrx_word' id='word_1_504' title='bbox 2557 1656 2624 1710; x_wconf 91' lang='lat' dir='ltr'><strong>de</strong></span> <span class='ocrx_word' id='word_1_505' title='bbox 2645 1655 2902 1709; x_wconf 88' lang='lat' dir='ltr'><strong>omnibus</strong></span> <span class='ocrx_word' id='word_1_506' title='bbox 2943 1669 3063 1722; x_wconf 79' lang='lat' dir='ltr'><strong>quzc</strong></span> <span class='ocrx_word' id='word_1_507' title='bbox 3104 1661 3212 1708; x_wconf 67' lang='lat' dir='ltr'><strong>tute</strong></span> <span class='ocrx_word' id='word_1_508' title='bbox 3247 1651 3511 1707; x_wconf 68' lang='lat' dir='ltr'><strong>Ecclesia:</strong></span> <span class='ocrx_word' id='word_1_509' title='bbox 3547 1666 3812 1722; x_wconf 81' lang='lat' dir='ltr'><strong>cognove-</strong></span> 
     </span>
    </p>
   </div>
   <div class='ocr_carea' id='block_1_75' title="bbox 2230 1744 3806 1815">
    <p class='ocr_par' dir='ltr' id='par_1_75' title="bbox 2230 1744 3806 1815">
     <span class='ocr_line' id='line_1_76' title="bbox 2230 1744 3806 1815; baseline -0.005 -9"><span class='ocrx_word' id='word_1_510' title='bbox 2230 1752 2401 1806; x_wconf 88' lang='lat' dir='ltr'><strong>rimus</strong></span> <span class='ocrx_word' id='word_1_511' title='bbox 2430 1765 2549 1805; x_wconf 87' lang='lat' dir='ltr'><strong>esse</strong></span> <span class='ocrx_word' id='word_1_512' title='bbox 2578 1749 2884 1804; x_wconf 89' lang='lat' dir='ltr'><strong>necessaria</strong></span> <span class='ocrx_word' id='word_1_513' title='bbox 2904 1747 3167 1815; x_wconf 87' lang='lat' dir='ltr'><strong>justitiam</strong></span> <span class='ocrx_word' id='word_1_514' title='bbox 3190 1747 3508 1800; x_wconf 91' lang='lat' dir='ltr'><strong>omnimodo</strong></span> <span class='ocrx_word' id='word_1_515' title='bbox 3531 1744 3806 1800; x_wconf 70' lang='lat' dir='ltr'><strong>faciunus.</strong></span> 
     </span>
    </p>
   </div>
   <div class='ocr_carea' id='block_1_76' title="bbox 2147 1811 3810 1911">
    <p class='ocr_par' dir='ltr' id='par_1_76' title="bbox 2147 1811 3810 1911">
     <span class='ocr_line' id='line_1_77' title="bbox 2147 1811 3810 1911; baseline -0.006 -13"><span class='ocrx_word' id='word_1_516' title='bbox 2147 1811 2198 1872; x_wconf 71' lang='grc' dir='ltr'><strong>Β</strong></span> <span class='ocrx_word' id='word_1_517' title='bbox 2231 1841 2494 1897; x_wconf 77' lang='lat' dir='ltr'><strong>Defuncto</strong></span> <span class='ocrx_word' id='word_1_518' title='bbox 2514 1850 2776 1911; x_wconf 67' lang='lat' dir='ltr'><strong>praeterea</strong></span> <span class='ocrx_word' id='word_1_519' title='bbox 2797 1811 3049 1893; x_wconf 84' lang='lat' dir='ltr'><strong>Ecclesiae</strong></span> <span class='ocrx_word' id='word_1_520' title='bbox 3064 1837 3374 1892; x_wconf 69' lang='lat' dir='ltr'><strong>Faventiam</strong></span> <span class='ocrx_word' id='word_1_521' title='bbox 3387 1835 3662 1905; x_wconf 77' lang='lat' dir='ltr'><strong>episcopo,</strong></span> <span class='ocrx_word' id='word_1_522' title='bbox 3677 1848 3810 1904; x_wconf 70' lang='lat' dir='ltr'><strong>prse-</strong></span> 
     </span>
    </p>
   </div>
   <div class='ocr_carea' id='block_1_77' title="bbox 2227 1921 3807 1989">
    <p class='ocr_par' dir='ltr' id='par_1_77' title="bbox 2227 1921 3807 1989">
     <span class='ocr_line' id='line_1_78' title="bbox 2227 1921 3807 1989; baseline -0.007 0"><span class='ocrx_word' id='word_1_523' title='bbox 2227 1935 2462 1989; x_wconf 87' lang='lat' dir='ltr'><strong>vidimns</strong></span> <span class='ocrx_word' id='word_1_524' title='bbox 2501 1935 2646 1988; x_wconf 91' lang='lat' dir='ltr'><strong>hunc</strong></span> <span class='ocrx_word' id='word_1_525' title='bbox 2690 1930 3026 1985; x_wconf 89' lang='lat' dir='ltr'><strong>Dominicum</strong></span> <span class='ocrx_word' id='word_1_526' title='bbox 3067 1927 3437 1982; x_wconf 88' lang='lat' dir='ltr'><strong>venerabilem</strong></span> <span class='ocrx_word' id='word_1_527' title='bbox 3479 1921 3807 1980; x_wconf 54' lang='lat' dir='ltr'><strong>archidiacoi</strong></span> 
     </span>
    </p>
   </div>
   <div class='ocr_carea' id='block_1_78' title="bbox 2229 2010 3806 2090">
    <p class='ocr_par' dir='ltr' id='par_1_78' title="bbox 2229 2010 3806 2090">
     <span class='ocr_line' id='line_1_79' title="bbox 2229 2010 3806 2090; baseline -0.009 -12"><span class='ocrx_word' id='word_1_528' title='bbox 2229 2039 2394 2088; x_wconf 89' lang='lat' dir='ltr'><strong>num,</strong></span> <span class='ocrx_word' id='word_1_529' title='bbox 2427 2022 2570 2076; x_wconf 89' lang='lat' dir='ltr'><strong>sedis</strong></span> <span class='ocrx_word' id='word_1_530' title='bbox 2615 2021 2785 2090; x_wconf 88' lang='lat' dir='ltr'><strong>ipsius</strong></span> <span class='ocrx_word' id='word_1_531' title='bbox 2820 2020 3026 2073; x_wconf 87' lang='lat' dir='ltr'><strong>honore</strong></span> <span class='ocrx_word' id='word_1_532' title='bbox 3067 2015 3360 2086; x_wconf 86' lang='lat' dir='ltr'><strong>episcopali</strong></span> <span class='ocrx_word' id='word_1_533' title='bbox 3403 2014 3630 2084; x_wconf 70' lang='lat' dir='ltr'><strong>dignun</strong></span> <span class='ocrx_word' id='word_1_534' title='bbox 3691 2010 3806 2066; x_wconf 73' lang='lat' dir='ltr'><strong>esi-</strong></span> 
     </span>
    </p>
   </div>
   <div class='ocr_carea' id='block_1_79' title="bbox 2233 2101 3809 2174">
    <p class='ocr_par' dir='ltr' id='par_1_79' title="bbox 2233 2101 3809 2174">
     <span class='ocr_line' id='line_1_80' title="bbox 2233 2101 3809 2174; baseline -0.008 -6"><span class='ocrx_word' id='word_1_535' title='bbox 2233 2123 2397 2168; x_wconf 86' lang='lat' dir='ltr'><strong>stere.</strong></span> <span class='ocrx_word' id='word_1_536' title='bbox 2425 2112 2536 2166; x_wconf 88' lang='lat' dir='ltr'><strong>Hoc</strong></span> <span class='ocrx_word' id='word_1_537' title='bbox 2575 2109 2913 2165; x_wconf 88' lang='lat' dir='ltr'><strong>auctoritatis</strong></span> <span class='ocrx_word' id='word_1_538' title='bbox 2936 2114 3134 2162; x_wconf 75' lang='lat' dir='ltr'><strong>nostra:</strong></span> <span class='ocrx_word' id='word_1_539' title='bbox 3159 2114 3368 2161; x_wconf 82' lang='lat' dir='ltr'><strong>statuto</strong></span> <span class='ocrx_word' id='word_1_540' title='bbox 3392 2102 3657 2174; x_wconf 65' lang='lat' dir='ltr'><strong>praesenti</strong></span> <span class='ocrx_word' id='word_1_541' title='bbox 3685 2101 3809 2156; x_wconf 80' lang='lat' dir='ltr'><strong>dile-</strong></span> 
     </span>
    </p>
   </div>
   <div class='ocr_carea' id='block_1_80' title="bbox 2233 2190 3807 2272">
    <p class='ocr_par' dir='ltr' id='par_1_80' title="bbox 2233 2190 3807 2272">
     <span class='ocr_line' id='line_1_81' title="bbox 2233 2190 3807 2272; baseline -0.01 -11"><span class='ocrx_word' id='word_1_542' title='bbox 2233 2204 2401 2261; x_wconf 90' lang='lat' dir='ltr'><strong>ctioni</strong></span> <span class='ocrx_word' id='word_1_543' title='bbox 2434 2211 2539 2258; x_wconf 71' lang='lat' dir='ltr'><strong>tunc</strong></span> <span class='ocrx_word' id='word_1_544' title='bbox 2574 2201 2918 2272; x_wconf 59' lang='lat' dir='ltr'><strong>praecipimus</strong></span> <span class='ocrx_word' id='word_1_545' title='bbox 2961 2206 3053 2256; x_wconf 89' lang='lat' dir='ltr'><strong>ut.</strong></span> <span class='ocrx_word' id='word_1_546' title='bbox 3095 2198 3297 2265; x_wconf 86' lang='lat' dir='ltr'><strong>absque</strong></span> <span class='ocrx_word' id='word_1_547' title='bbox 3340 2194 3492 2250; x_wconf 74' lang='lat' dir='ltr'><strong>omni</strong></span> <span class='ocrx_word' id='word_1_548' title='bbox 3533 2207 3695 2247; x_wconf 73' lang='lat' dir='ltr'><strong>mra</strong></span> <span class='ocrx_word' id='word_1_549' title='bbox 3731 2190 3807 2246; x_wconf 82' lang='lat' dir='ltr'><strong>vel</strong></span> 
     </span>
    </p>
   </div>
   <div class='ocr_carea' id='block_1_81' title="bbox 2232 2282 3809 2362">
    <p class='ocr_par' dir='ltr' id='par_1_81' title="bbox 2232 2282 3809 2362">
     <span class='ocr_line' id='line_1_82' title="bbox 2232 2282 3809 2362; baseline -0.01 -15"><span class='ocrx_word' id='word_1_550' title='bbox 2232 2291 2613 2362; x_wconf 86' lang='lat' dir='ltr'><strong>protelatione,</strong></span> <span class='ocrx_word' id='word_1_551' title='bbox 2641 2288 2888 2344; x_wconf 91' lang='lat' dir='ltr'><strong>eumdem</strong></span> <span class='ocrx_word' id='word_1_552' title='bbox 2914 2284 3350 2341; x_wconf 86' lang='lat' dir='ltr'><strong>archidiaconum</strong></span> <span class='ocrx_word' id='word_1_553' title='bbox 3373 2282 3604 2337; x_wconf 68' lang='lat' dir='ltr'><strong>studens</strong></span> <span class='ocrx_word' id='word_1_554' title='bbox 3625 2295 3809 2335; x_wconf 73' lang='lat' dir='ltr'><strong>Secun-</strong></span> 
     </span>
    </p>
   </div>
   <div class='ocr_carea' id='block_1_82' title="bbox 2235 2367 3811 2447">
    <p class='ocr_par' dir='ltr' id='par_1_82' title="bbox 2235 2367 3811 2447">
     <span class='ocr_line' id='line_1_83' title="bbox 2235 2367 3811 2447; baseline -0.009 -12"><span class='ocrx_word' id='word_1_555' title='bbox 2235 2381 2361 2435; x_wconf 92' lang='lat' dir='ltr'><strong>dum</strong></span> <span class='ocrx_word' id='word_1_556' title='bbox 2396 2394 2607 2434; x_wconf 86' lang='lat' dir='ltr'><strong>morem</strong></span> <span class='ocrx_word' id='word_1_557' title='bbox 2645 2377 2957 2447; x_wconf 85' lang='lat' dir='ltr'><strong>episcopum</strong></span> <span class='ocrx_word' id='word_1_558' title='bbox 2993 2387 3342 2428; x_wconf 88' lang='lat' dir='ltr'><strong>consecrare.</strong></span> <span class='ocrx_word' id='word_1_559' title='bbox 3379 2369 3520 2424; x_wconf 84' lang='lat' dir='ltr'><strong>Nam</strong></span> <span class='ocrx_word' id='word_1_560' title='bbox 3555 2368 3606 2423; x_wconf 87' lang='lat' dir='ltr'><strong>si</strong></span> <span class='ocrx_word' id='word_1_561' title='bbox 3643 2367 3811 2437; x_wconf 75' lang='lat' dir='ltr'><strong>aliqua</strong></span> 
     </span>
    </p>
   </div>
   <div class='ocr_carea' id='block_1_83' title="bbox 2236 2457 3813 2537">
    <p class='ocr_par' dir='ltr' id='par_1_83' title="bbox 2236 2457 3813 2537">
     <span class='ocr_line' id='line_1_84' title="bbox 2236 2457 3813 2537; baseline -0.008 -14"><span class='ocrx_word' id='word_1_562' title='bbox 2236 2470 2544 2525; x_wconf 90' lang='lat' dir='ltr'><strong>temeritate</strong></span> <span class='ocrx_word' id='word_1_563' title='bbox 2585 2468 2941 2537; x_wconf 87' lang='lat' dir='ltr'><strong>depravatus,</strong></span> <span class='ocrx_word' id='word_1_564' title='bbox 2987 2465 3091 2517; x_wconf 92' lang='lat' dir='ltr'><strong>hoc</strong></span> <span class='ocrx_word' id='word_1_565' title='bbox 3121 2469 3314 2517; x_wconf 83' lang='lat' dir='ltr'><strong>contra</strong></span> <span class='ocrx_word' id='word_1_566' title='bbox 3357 2469 3466 2514; x_wconf 63' lang='lat' dir='ltr'><strong>tua</strong></span> <span class='ocrx_word' id='word_1_567' title='bbox 3507 2457 3813 2528; x_wconf 74' lang='lat' dir='ltr'><strong>sponsionis</strong></span> 
     </span>
    </p>
   </div>
   <div class='ocr_carea' id='block_1_84' title="bbox 2230 2552 3810 2633">
    <p class='ocr_par' dir='ltr' id='par_1_84' title="bbox 2230 2552 3810 2633">
     <span class='ocr_line' id='line_1_85' title="bbox 2230 2552 3810 2633; baseline -0.01 -15"><span class='ocrx_word' id='word_1_568' title='bbox 2230 2563 2553 2633; x_wconf 87' lang='lat' dir='ltr'><strong>jnratoriam</strong></span> <span class='ocrx_word' id='word_1_569' title='bbox 2599 2560 2848 2630; x_wconf 81' lang='lat' dir='ltr'><strong>paginam</strong></span> <span class='ocrx_word' id='word_1_570' title='bbox 2896 2555 3312 2627; x_wconf 71' lang='lat' dir='ltr'><strong>praesentialiter</strong></span> <span class='ocrx_word' id='word_1_571' title='bbox 3353 2552 3810 2606; x_wconf 64' lang='lat' dir='ltr'><strong>faceret-Meta—</strong></span> 
     </span>
    </p>
   </div>
   <div class='ocr_carea' id='block_1_85' title="bbox 2236 2640 3812 2726">
    <p class='ocr_par' dir='ltr' id='par_1_85' title="bbox 2236 2640 3812 2726">
     <span class='ocr_line' id='line_1_86' title="bbox 2236 2640 3812 2726; baseline -0.012 -16"><span class='ocrx_word' id='word_1_572' title='bbox 2236 2655 2438 2726; x_wconf 85' lang='lat' dir='ltr'><strong>pseris,</strong></span> <span class='ocrx_word' id='word_1_573' title='bbox 2469 2668 2566 2722; x_wconf 87' lang='lat' dir='ltr'><strong>pro</strong></span> <span class='ocrx_word' id='word_1_574' title='bbox 2595 2660 2745 2705; x_wconf 90' lang='lat' dir='ltr'><strong>certo</strong></span> <span class='ocrx_word' id='word_1_575' title='bbox 2774 2650 2916 2703; x_wconf 90' lang='lat' dir='ltr'><strong>scias</strong></span> <span class='ocrx_word' id='word_1_576' title='bbox 2940 2647 3067 2715; x_wconf 87' lang='lat' dir='ltr'><strong>quia</strong></span> <span class='ocrx_word' id='word_1_577' title='bbox 3096 2660 3194 2699; x_wconf 90' lang='lat' dir='ltr'><strong>nos</strong></span> <span class='ocrx_word' id='word_1_578' title='bbox 3224 2643 3394 2713; x_wconf 88' lang='lat' dir='ltr'><strong>ipsius</strong></span> <span class='ocrx_word' id='word_1_579' title='bbox 3426 2640 3696 2696; x_wconf 66' lang='lat' dir='ltr'><strong>Ecclesia:</strong></span> <span class='ocrx_word' id='word_1_580' title='bbox 3719 2653 3812 2692; x_wconf 69' lang='lat' dir='ltr'><strong>cn-</strong></span> 
     </span>
    </p>
   </div>
   <div class='ocr_carea' id='block_1_86' title="bbox 2237 2729 3816 2814">
    <p class='ocr_par' dir='ltr' id='par_1_86' title="bbox 2237 2729 3816 2814">
     <span class='ocr_line' id='line_1_87' title="bbox 2237 2729 3816 2814; baseline -0.011 -13"><span class='ocrx_word' id='word_1_581' title='bbox 2237 2761 2354 2800; x_wconf 91' lang='lat' dir='ltr'><strong>ram</strong></span> <span class='ocrx_word' id='word_1_582' title='bbox 2389 2753 2444 2799; x_wconf 82' lang='lat' dir='ltr'><strong>et</strong></span> <span class='ocrx_word' id='word_1_583' title='bbox 2479 2741 2892 2799; x_wconf 82' lang='lat' dir='ltr'><strong>sollicitudinem</strong></span> <span class='ocrx_word' id='word_1_584' title='bbox 2928 2739 3226 2814; x_wconf 86' lang='lat' dir='ltr'><strong>habentes,</strong></span> <span class='ocrx_word' id='word_1_585' title='bbox 3267 2733 3380 2802; x_wconf 88' lang='lat' dir='ltr'><strong>jam</strong></span> <span class='ocrx_word' id='word_1_586' title='bbox 3413 2733 3593 2788; x_wconf 78' lang='lat' dir='ltr'><strong>fatum</strong></span> <span class='ocrx_word' id='word_1_587' title='bbox 3644 2729 3816 2787; x_wconf 78' lang='lat' dir='ltr'><strong>archi-</strong></span> 
     </span>
    </p>
   </div>
   <div class='ocr_carea' id='block_1_87' title="bbox 2237 2823 3816 2896">
    <p class='ocr_par' dir='ltr' id='par_1_87' title="bbox 2237 2823 3816 2896">
     <span class='ocr_line' id='line_1_88' title="bbox 2237 2823 3816 2896; baseline -0.008 -5"><span class='ocrx_word' id='word_1_588' title='bbox 2237 2837 2524 2891; x_wconf 91' lang='lat' dir='ltr'><strong>diaconnm</strong></span> <span class='ocrx_word' id='word_1_589' title='bbox 2549 2833 2615 2887; x_wconf 89' lang='lat' dir='ltr'><strong>ad</strong></span> <span class='ocrx_word' id='word_1_590' title='bbox 2643 2846 2741 2886; x_wconf 89' lang='lat' dir='ltr'><strong>nos</strong></span> <span class='ocrx_word' id='word_1_591' title='bbox 2769 2847 2835 2886; x_wconf 80' lang='lat' dir='ltr'><strong>ex</strong></span> <span class='ocrx_word' id='word_1_592' title='bbox 2863 2837 3048 2884; x_wconf 88' lang='lat' dir='ltr'><strong>nostra</strong></span> <span class='ocrx_word' id='word_1_593' title='bbox 3075 2825 3438 2896; x_wconf 71' lang='lat' dir='ltr'><strong>prteceptione</strong></span> <span class='ocrx_word' id='word_1_594' title='bbox 3465 2823 3612 2878; x_wconf 84' lang='lat' dir='ltr'><strong>illico</strong></span> <span class='ocrx_word' id='word_1_595' title='bbox 3639 2837 3816 2878; x_wconf 69' lang='lat' dir='ltr'><strong>rem-</strong></span> 
     </span>
    </p>
   </div>
   <div class='ocr_carea' id='block_1_88' title="bbox 2237 2916 3746 2993">
    <p class='ocr_par' dir='ltr' id='par_1_88' title="bbox 2237 2916 3746 2993">
     <span class='ocr_line' id='line_1_89' title="bbox 2237 2916 3746 2993; baseline -0.009 -13"><span class='ocrx_word' id='word_1_596' title='bbox 2237 2933 2440 2980; x_wconf 91' lang='lat' dir='ltr'><strong>tentcm</strong></span> <span class='ocrx_word' id='word_1_597' title='bbox 2471 2922 2782 2993; x_wconf 91' lang='lat' dir='ltr'><strong>episcopum</strong></span> <span class='ocrx_word' id='word_1_598' title='bbox 2819 2917 3278 2974; x_wconf 87' lang='lat' dir='ltr'><strong>consecrabimus.</strong></span> <span class='ocrx_word' id='word_1_599' title='bbox 3313 2916 3450 2969; x_wconf 83' lang='lat' dir='ltr'><strong>Data</strong></span> <span class='ocrx_word' id='word_1_600' title='bbox 3481 2925 3535 2968; x_wconf 76' lang='lat' dir='ltr'><strong>ut</strong></span> <span class='ocrx_word' id='word_1_601' title='bbox 3563 2930 3746 2983; x_wconf 73' lang='lat' dir='ltr'><strong>supra.</strong></span> 
     </span>
    </p>
   </div>
   <div class='ocr_carea' id='block_1_89' title="bbox 2869 3026 3190 3084">
    <p class='ocr_par' dir='ltr' id='par_1_89' title="bbox 2869 3026 3190 3084">
     <span class='ocr_line' id='line_1_90' title="bbox 2869 3026 3190 3084; baseline -0.012 0"><span class='ocrx_word' id='word_1_602' title='bbox 2869 3026 3190 3084; x_wconf 73' lang='lat' dir='ltr'><strong>CCCXXlll.</strong></span> 
     </span>
    </p>
   </div>
   <div class='ocr_carea' id='block_1_90' title="bbox 2399 3125 3650 3179">
    <p class='ocr_par' dir='ltr' id='par_1_90' title="bbox 2399 3125 3650 3179">
     <span class='ocr_line' id='line_1_91' title="bbox 2399 3125 3650 3179; baseline -0.008 0"><span class='ocrx_word' id='word_1_603' title='bbox 2399 3138 2466 3179; x_wconf 75' lang='grc' dir='ltr'><strong>Δῐ)</strong></span> <span class='ocrx_word' id='word_1_604' title='bbox 2502 3137 2757 3179; x_wconf 66' lang='lat' dir='ltr'><strong>ROIANUI</strong></span> <span class='ocrx_word' id='word_1_605' title='bbox 2787 3135 3236 3176; x_wconf 65' lang='lat' dir='ltr'><strong>ARCHIEPISCOPUM</strong></span> <span class='ocrx_word' id='word_1_606' title='bbox 3271 3125 3650 3174; x_wconf 65' lang='grc' dir='ltr'>ιυινεπιηι.</span> 
     </span>
    </p>
   </div>
   <div class='ocr_carea' id='block_1_91' title="bbox 2833 3212 3223 3284">
    <p class='ocr_par' dir='ltr' id='par_1_91' title="bbox 2833 3212 3223 3284">
     <span class='ocr_line' id='line_1_92' title="bbox 2833 3212 3223 3284; baseline -0.005 -17"><span class='ocrx_word' id='word_1_607' title='bbox 2833 3213 3028 3284; x_wconf 84' lang='lat' dir='ltr'><strong>(Anno</strong></span> <span class='ocrx_word' id='word_1_608' title='bbox 3057 3213 3180 3267; x_wconf 79' lang='lat'><strong>88.1.</strong></span> <span class='ocrx_word' id='word_1_609' title='bbox 3205 3212 3223 3282; x_wconf 93' lang='lat'><strong>)</strong></span> 
     </span>
    </p>
   </div>
   <div class='ocr_carea' id='block_1_92' title="bbox 2240 3302 3817 3380">
    <p class='ocr_par' dir='ltr' id='par_1_92' title="bbox 2240 3302 3817 3380">
     <span class='ocr_line' id='line_1_93' title="bbox 2240 3302 3817 3380; baseline -0.007 -17"><span class='ocrx_word' id='word_1_610' title='bbox 2240 3309 2426 3380; x_wconf 78' lang='lat' dir='ltr'><strong>Arguit</strong></span> <span class='ocrx_word' id='word_1_611' title='bbox 2461 3326 2578 3363; x_wconf 80' lang='lat' dir='ltr'><strong>eum</strong></span> <span class='ocrx_word' id='word_1_612' title='bbox 2612 3307 2769 3380; x_wconf 67' lang='lat' dir='ltr'><strong>quod</strong></span> <span class='ocrx_word' id='word_1_613' title='bbox 2793 3305 3015 3380; x_wconf 53' lang='lat' dir='ltr'><strong>alterius</strong></span> <span class='ocrx_word' id='word_1_614' title='bbox 3052 3304 3591 3380; x_wconf 47' lang='lat' dir='ltr'><strong>legitimgmsawrm</strong></span> <span class='ocrx_word' id='word_1_615' title='bbox 3623 3302 3817 3380; x_wconf 69' lang='lat' dir='ltr'><strong>raptori</strong></span> 
     </span>
    </p>
   </div>
   <div class='ocr_carea' id='block_1_93' title="bbox 2309 3372 3817 3438">
    <p class='ocr_par' dir='ltr' id='par_1_93' title="bbox 2309 3372 3817 3438">
     <span class='ocr_line' id='line_1_94' title="bbox 2309 3372 3817 3438; baseline -0.007 -6"><span class='ocrx_word' id='word_1_616' title='bbox 2309 3372 2449 3433; x_wconf 59' lang='lat' dir='ltr'><strong>tradi</strong></span> <span class='ocrx_word' id='word_1_617' title='bbox 2479 3372 2826 3438; x_wconf 71' lang='lat' dir='ltr'><strong>consenserit,</strong></span> <span class='ocrx_word' id='word_1_618' title='bbox 2859 3385 2907 3429; x_wconf 83' lang='lat' dir='ltr'><strong>et</strong></span> <span class='ocrx_word' id='word_1_619' title='bbox 2941 3372 3198 3428; x_wconf 64' lang='lat' dir='ltr'><strong>Romanis</strong></span> <span class='ocrx_word' id='word_1_620' title='bbox 3229 3372 3484 3426; x_wconf 80' lang='lat' dir='ltr'><strong>Ecclesia:</strong></span> <span class='ocrx_word' id='word_1_621' title='bbox 3515 3389 3684 3425; x_wconf 66' lang='lat' dir='ltr'><strong>ausus</strong></span> <span class='ocrx_word' id='word_1_622' title='bbox 3707 3372 3817 3436; x_wconf 69' lang='lat' dir='ltr'><strong>[nr-</strong></span> 
     </span>
    </p>
   </div>
   <div class='ocr_carea' id='block_1_94' title="bbox 2311 3441 3816 3508">
    <p class='ocr_par' dir='ltr' id='par_1_94' title="bbox 2311 3441 3816 3508">
     <span class='ocr_line' id='line_1_95' title="bbox 2311 3441 3816 3508; baseline -0.007 -6"><span class='ocrx_word' id='word_1_623' title='bbox 2311 3451 2378 3502; x_wconf 80' lang='lat' dir='ltr'><strong>rt&#39;t</strong></span> <span class='ocrx_word' id='word_1_624' title='bbox 2409 3448 2719 3505; x_wconf 81' lang='lat' dir='ltr'><strong>aduersari:</strong></span> <span class='ocrx_word' id='word_1_625' title='bbox 2750 3447 2844 3500; x_wconf 84' lang='lat' dir='ltr'><strong>has</strong></span> <span class='ocrx_word' id='word_1_626' title='bbox 2895 3445 2956 3498; x_wconf 90' lang='lat' dir='ltr'><strong>ob</strong></span> <span class='ocrx_word' id='word_1_627' title='bbox 3005 3459 3192 3496; x_wconf 84' lang='lat' dir='ltr'><strong>causas</strong></span> <span class='ocrx_word' id='word_1_628' title='bbox 3227 3442 3376 3495; x_wconf 83' lang='lat' dir='ltr'><strong>illum</strong></span> <span class='ocrx_word' id='word_1_629' title='bbox 3413 3459 3448 3493; x_wconf 78' lang='grc' dir='ltr'><em>α</em></span> <span class='ocrx_word' id='word_1_630' title='bbox 3487 3441 3816 3508; x_wconf 71' lang='lat' dir='ltr'><strong>conferendis</strong></span> 
     </span>
    </p>
   </div>
   <div class='ocr_carea' id='block_1_95' title="bbox 2307 3510 3816 3580">
    <p class='ocr_par' dir='ltr' id='par_1_95' title="bbox 2307 3510 3816 3580">
     <span class='ocr_line' id='line_1_96' title="bbox 2307 3510 3816 3580; baseline -0.007 -8"><span class='ocrx_word' id='word_1_631' title='bbox 2307 3521 2472 3572; x_wconf 82' lang='lat' dir='ltr'><strong>sacris</strong></span> <span class='ocrx_word' id='word_1_632' title='bbox 2519 3516 2788 3571; x_wconf 74' lang='lat' dir='ltr'><strong>ordinibus</strong></span> <span class='ocrx_word' id='word_1_633' title='bbox 2836 3514 3141 3578; x_wconf 81' lang='lat' dir='ltr'><strong>suspendit.</strong></span> <span class='ocrx_word' id='word_1_634' title='bbox 3184 3513 3346 3564; x_wconf 85' lang='lat' dir='ltr'><strong>donec</strong></span> <span class='ocrx_word' id='word_1_635' title='bbox 3386 3529 3417 3563; x_wconf 89' lang='lat' dir='ltr'><strong>a</strong></span> <span class='ocrx_word' id='word_1_636' title='bbox 3463 3510 3704 3580; x_wconf 74' lang='lat' dir='ltr'><strong>synodo,</strong></span> <span class='ocrx_word' id='word_1_637' title='bbox 3750 3510 3816 3560; x_wconf 75' lang='lat' dir='ltr'><strong>ad</strong></span> 
     </span>
    </p>
   </div>
   <div class='ocr_carea' id='block_1_96' title="bbox 2308 3582 3764 3658">
    <p class='ocr_par' dir='ltr' id='par_1_96' title="bbox 2308 3582 3764 3658">
     <span class='ocr_line' id='line_1_97' title="bbox 2308 3582 3764 3658; baseline -0.008 -15"><span class='ocrx_word' id='word_1_638' title='bbox 2308 3603 2464 3658; x_wconf 81' lang='lat' dir='ltr'><strong>quam</strong></span> <span class='ocrx_word' id='word_1_639' title='bbox 2495 3603 2612 3642; x_wconf 84' lang='lat' dir='ltr'><strong>eum</strong></span> <span class='ocrx_word' id='word_1_640' title='bbox 2645 3585 2786 3654; x_wconf 76' lang='lat' dir='ltr'><strong>iubet</strong></span> <span class='ocrx_word' id='word_1_641' title='bbox 2813 3584 2987 3638; x_wconf 82' lang='lat' dir='ltr'><strong>venire</strong></span> <span class='ocrx_word' id='word_1_642' title='bbox 3009 3622 3024 3645; x_wconf 91' lang='lat'><strong>,</strong></span> <span class='ocrx_word' id='word_1_643' title='bbox 3056 3582 3172 3651; x_wconf 80' lang='lat' dir='ltr'><strong>ejus</strong></span> <span class='ocrx_word' id='word_1_644' title='bbox 3202 3598 3363 3634; x_wconf 84' lang='lat' dir='ltr'><strong>causa</strong></span> <span class='ocrx_word' id='word_1_645' title='bbox 3392 3589 3764 3650; x_wconf 69' lang='lat' dir='ltr'><strong>cognoscatur.</strong></span> 
     </span>
    </p>
   </div>
   <div class='ocr_carea' id='block_1_97' title="bbox 2311 3655 3815 3744">
    <p class='ocr_par' dir='ltr' id='par_1_97' title="bbox 2311 3655 3815 3744">
     <span class='ocr_line' id='line_1_98' title="bbox 2311 3655 3815 3744; baseline -0.01 -10"><span class='ocrx_word' id='word_1_646' title='bbox 2311 3655 2542 3734; x_wconf 59' lang='lat' dir='ltr'><strong>Romano</strong></span> <span class='ocrx_word' id='word_1_647' title='bbox 2571 3674 2982 3744; x_wconf 87' lang='lat' dir='ltr'><strong>archiepiscopo</strong></span> <span class='ocrx_word' id='word_1_648' title='bbox 3014 3669 3310 3726; x_wconf 88' lang='lat' dir='ltr'><strong>Ravennati</strong></span> <span class='ocrx_word' id='word_1_649' title='bbox 3330 3710 3346 3734; x_wconf 95' lang='lat'><strong>,</strong></span> <span class='ocrx_word' id='word_1_650' title='bbox 3377 3670 3547 3724; x_wconf 86' lang='lat' dir='ltr'><strong>missa</strong></span> <span class='ocrx_word' id='word_1_651' title='bbox 3577 3684 3678 3739; x_wconf 81' lang='lat' dir='ltr'><strong>per</strong></span> <span class='ocrx_word' id='word_1_652' title='bbox 3700 3655 3815 3720; x_wconf 78' lang='lat' dir='ltr'><strong>Del-</strong></span> 
     </span>
    </p>
   </div>
   <div class='ocr_carea' id='block_1_98' title="bbox 2236 3763 3177 3834">
    <p class='ocr_par' dir='ltr' id='par_1_98' title="bbox 2236 3763 3177 3834">
     <span class='ocr_line' id='line_1_99' title="bbox 2236 3763 3177 3834; baseline -0.013 -8"><span class='ocrx_word' id='word_1_653' title='bbox 2236 3779 2420 3827; x_wconf 89' lang='lat' dir='ltr'><strong>tonem</strong></span> <span class='ocrx_word' id='word_1_654' title='bbox 2449 3764 2812 3822; x_wconf 81' lang='lat' dir='ltr'><strong>venerabilem</strong></span> <span class='ocrx_word' id='word_1_655' title='bbox 2844 3763 3177 3834; x_wconf 86' lang='lat' dir='ltr'><strong>episcopum.</strong></span> 
     </span>
    </p>
   </div>
   <div class='ocr_carea' id='block_1_99' title="bbox 2305 3851 3811 3925">
    <p class='ocr_par' dir='ltr' id='par_1_99' title="bbox 2305 3851 3811 3925">
     <span class='ocr_line' id='line_1_100' title="bbox 2305 3851 3811 3925; baseline -0.005 -10"><span class='ocrx_word' id='word_1_656' title='bbox 2305 3861 2450 3915; x_wconf 85' lang='lat' dir='ltr'><strong>Inter</strong></span> <span class='ocrx_word' id='word_1_657' title='bbox 2476 3867 2672 3913; x_wconf 62' lang='lat' dir='ltr'><strong>caetera</strong></span> <span class='ocrx_word' id='word_1_658' title='bbox 2698 3870 2817 3925; x_wconf 66' lang='lat' dir='ltr'><strong>qua:</strong></span> <span class='ocrx_word' id='word_1_659' title='bbox 2845 3855 2911 3909; x_wconf 90' lang='lat' dir='ltr'><strong>de</strong></span> <span class='ocrx_word' id='word_1_660' title='bbox 2940 3862 2992 3908; x_wconf 87' lang='lat' dir='ltr'><strong>te</strong></span> <span class='ocrx_word' id='word_1_661' title='bbox 3015 3852 3319 3908; x_wconf 87' lang='lat' dir='ltr'><strong>audivimus</strong></span> <span class='ocrx_word' id='word_1_662' title='bbox 3337 3893 3352 3916; x_wconf 92' lang='lat'><strong>,</strong></span> <span class='ocrx_word' id='word_1_663' title='bbox 3382 3851 3615 3907; x_wconf 81' lang='lat' dir='ltr'><strong>veniens</strong></span> <span class='ocrx_word' id='word_1_664' title='bbox 3641 3851 3811 3908; x_wconf 76' lang='lat' dir='ltr'><strong>Deus-</strong></span> 
     </span>
    </p>
   </div>
   <div class='ocr_carea' id='block_1_100' title="bbox 2238 3943 3813 4014">
    <p class='ocr_par' dir='ltr' id='par_1_100' title="bbox 2238 3943 3813 4014">
     <span class='ocr_line' id='line_1_101' title="bbox 2238 3943 3813 4014; baseline -0.008 -7"><span class='ocrx_word' id='word_1_665' title='bbox 2238 3951 2386 4008; x_wconf 86' lang='lat' dir='ltr'><strong>dedit</strong></span> <span class='ocrx_word' id='word_1_666' title='bbox 2415 3951 2519 4005; x_wconf 78' lang='lat' dir='ltr'><strong>dux</strong></span> <span class='ocrx_word' id='word_1_667' title='bbox 2555 3947 2741 4003; x_wconf 89' lang='lat' dir='ltr'><strong>retulit</strong></span> <span class='ocrx_word' id='word_1_668' title='bbox 2768 3946 2925 4001; x_wconf 90' lang='lat' dir='ltr'><strong>nobis</strong></span> <span class='ocrx_word' id='word_1_669' title='bbox 2952 3945 3096 4014; x_wconf 89' lang='lat' dir='ltr'><strong>quod</strong></span> <span class='ocrx_word' id='word_1_670' title='bbox 3136 3959 3359 3998; x_wconf 82' lang='lat' dir='ltr'><strong>uxorem</strong></span> <span class='ocrx_word' id='word_1_671' title='bbox 3391 3943 3540 3998; x_wconf 88' lang='lat' dir='ltr'><strong>illius</strong></span> <span class='ocrx_word' id='word_1_672' title='bbox 3560 3985 3576 4005; x_wconf 89' lang='lat'><strong>,</strong></span> <span class='ocrx_word' id='word_1_673' title='bbox 3608 3944 3676 3997; x_wconf 83' lang='lat' dir='ltr'><strong>de</strong></span> <span class='ocrx_word' id='word_1_674' title='bbox 3713 3959 3813 4011; x_wconf 81' lang='lat' dir='ltr'><strong>qua</strong></span> 
     </span>
    </p>
   </div>
   <div class='ocr_carea' id='block_1_101' title="bbox 2236 4034 3812 4112">
    <p class='ocr_par' dir='ltr' id='par_1_101' title="bbox 2236 4034 3812 4112">
     <span class='ocr_line' id='line_1_102' title="bbox 2236 4034 3812 4112; baseline -0.005 -17"><span class='ocrx_word' id='word_1_675' title='bbox 2236 4039 2482 4112; x_wconf 79' lang='lat' dir='ltr'><strong>legaliter</strong></span> <span class='ocrx_word' id='word_1_676' title='bbox 2503 4035 2784 4093; x_wconf 76' lang='lat' dir='ltr'><strong>diﬁinitum</strong></span> <span class='ocrx_word' id='word_1_677' title='bbox 2809 4044 2894 4090; x_wconf 89' lang='lat' dir='ltr'><strong>est</strong></span> <span class='ocrx_word' id='word_1_678' title='bbox 2913 4076 2928 4099; x_wconf 93' lang='lat'><strong>,</strong></span> <span class='ocrx_word' id='word_1_679' title='bbox 2954 4036 3020 4089; x_wconf 92' lang='lat' dir='ltr'><strong>ad</strong></span> <span class='ocrx_word' id='word_1_680' title='bbox 3049 4043 3100 4090; x_wconf 91' lang='lat' dir='ltr'><strong>te</strong></span> <span class='ocrx_word' id='word_1_681' title='bbox 3127 4034 3318 4090; x_wconf 90' lang='lat' dir='ltr'><strong>callide</strong></span> <span class='ocrx_word' id='word_1_682' title='bbox 3343 4036 3534 4090; x_wconf 87' lang='lat' dir='ltr'><strong>venire</strong></span> <span class='ocrx_word' id='word_1_683' title='bbox 3560 4034 3812 4094; x_wconf 78' lang='lat' dir='ltr'><strong>fecisses.</strong></span> 
     </span>
    </p>
   </div>
   <div class='ocr_carea' id='block_1_102' title="bbox 2236 4125 3810 4196">
    <p class='ocr_par' dir='ltr' id='par_1_102' title="bbox 2236 4125 3810 4196">
     <span class='ocr_line' id='line_1_103' title="bbox 2236 4125 3810 4196; baseline -0.005 -9"><span class='ocrx_word' id='word_1_684' title='bbox 2236 4139 2292 4187; x_wconf 88' lang='lat' dir='ltr'><strong>et</strong></span> <span class='ocrx_word' id='word_1_685' title='bbox 2329 4128 2485 4185; x_wconf 89' lang='lat' dir='ltr'><strong>alteri</strong></span> <span class='ocrx_word' id='word_1_686' title='bbox 2517 4129 2637 4182; x_wconf 89' lang='lat' dir='ltr'><strong>viro</strong></span> <span class='ocrx_word' id='word_1_687' title='bbox 2664 4125 2868 4196; x_wconf 86' lang='lat' dir='ltr'><strong>raptori</strong></span> <span class='ocrx_word' id='word_1_688' title='bbox 2895 4126 2953 4179; x_wconf 90' lang='lat' dir='ltr'><strong>in</strong></span> <span class='ocrx_word' id='word_1_689' title='bbox 2989 4135 3178 4196; x_wconf 87' lang='lat' dir='ltr'><strong>stupro</strong></span> <span class='ocrx_word' id='word_1_690' title='bbox 3221 4126 3411 4194; x_wconf 90' lang='lat' dir='ltr'><strong>utique</strong></span> <span class='ocrx_word' id='word_1_691' title='bbox 3452 4127 3810 4182; x_wconf 77' lang='lat' dir='ltr'><strong>tradidisses:</strong></span> 
     </span>
    </p>
   </div>
   <div class='ocr_carea' id='block_1_103' title="bbox 2235 4214 3808 4292">
    <p class='ocr_par' dir='ltr' id='par_1_103' title="bbox 2235 4214 3808 4292">
     <span class='ocr_line' id='line_1_104' title="bbox 2235 4214 3808 4292; baseline -0.004 -17"><span class='ocrx_word' id='word_1_692' title='bbox 2235 4221 2378 4292; x_wconf 88' lang='lat' dir='ltr'><strong>quod</strong></span> <span class='ocrx_word' id='word_1_693' title='bbox 2414 4218 2673 4274; x_wconf 90' lang='lat' dir='ltr'><strong>nimirum</strong></span> <span class='ocrx_word' id='word_1_694' title='bbox 2717 4215 2853 4270; x_wconf 90' lang='lat' dir='ltr'><strong>tanti</strong></span> <span class='ocrx_word' id='word_1_695' title='bbox 2896 4214 3082 4286; x_wconf 76' lang='lat' dir='ltr'><strong>ﬂagitii</strong></span> <span class='ocrx_word' id='word_1_696' title='bbox 3120 4214 3299 4269; x_wconf 88' lang='lat' dir='ltr'><strong>scelus</strong></span> <span class='ocrx_word' id='word_1_697' title='bbox 3337 4224 3420 4278; x_wconf 89' lang='lat' dir='ltr'><strong>te,</strong></span> <span class='ocrx_word' id='word_1_698' title='bbox 3460 4215 3607 4285; x_wconf 74' lang='lat' dir='ltr'><strong>juxta</strong></span> <span class='ocrx_word' id='word_1_699' title='bbox 3657 4225 3808 4269; x_wconf 86' lang='lat' dir='ltr'><strong>tuum</strong></span> 
     </span>
    </p>
   </div>
   <div class='ocr_carea' id='block_1_104' title="bbox 2236 4303 3810 4375">
    <p class='ocr_par' dir='ltr' id='par_1_104' title="bbox 2236 4303 3810 4375">
     <span class='ocr_line' id='line_1_105' title="bbox 2236 4303 3810 4375; baseline -0.006 -8"><span class='ocrx_word' id='word_1_700' title='bbox 2236 4310 2631 4372; x_wconf 86' lang='lat' dir='ltr'><strong>ministerium,</strong></span> <span class='ocrx_word' id='word_1_701' title='bbox 2663 4306 2991 4361; x_wconf 87' lang='lat' dir='ltr'><strong>omnimodis</strong></span> <span class='ocrx_word' id='word_1_702' title='bbox 3033 4306 3327 4375; x_wconf 86' lang='lat' dir='ltr'><strong>prohibere</strong></span> <span class='ocrx_word' id='word_1_703' title='bbox 3366 4321 3429 4360; x_wconf 86' lang='lat' dir='ltr'><strong>ac</strong></span> <span class='ocrx_word' id='word_1_704' title='bbox 3454 4303 3688 4358; x_wconf 78' lang='lat' dir='ltr'><strong>funditus</strong></span> <span class='ocrx_word' id='word_1_705' title='bbox 3715 4321 3810 4358; x_wconf 77' lang='lat' dir='ltr'><strong>rc.-</strong></span> 
     </span>
    </p>
   </div>
   <div class='ocr_carea' id='block_1_105' title="bbox 2235 4395 3814 4471">
    <p class='ocr_par' dir='ltr' id='par_1_105' title="bbox 2235 4395 3814 4471">
     <span class='ocr_line' id='line_1_106' title="bbox 2235 4395 3814 4471; baseline -0.006 -13"><span class='ocrx_word' id='word_1_706' title='bbox 2235 4417 2428 4459; x_wconf 89' lang='lat' dir='ltr'><strong>secare</strong></span> <span class='ocrx_word' id='word_1_707' title='bbox 2454 4401 2740 4471; x_wconf 86' lang='lat' dir='ltr'><strong>oportebat</strong></span> <span class='ocrx_word' id='word_1_708' title='bbox 2766 4417 2779 4452; x_wconf 91' lang='lat'><strong>:</strong></span> <span class='ocrx_word' id='word_1_709' title='bbox 2812 4407 2866 4452; x_wconf 92' lang='lat' dir='ltr'><strong>tu</strong></span> <span class='ocrx_word' id='word_1_710' title='bbox 2898 4407 3079 4451; x_wconf 90' lang='lat' dir='ltr'><strong>autem</strong></span> <span class='ocrx_word' id='word_1_711' title='bbox 3108 4412 3433 4452; x_wconf 88' lang='lat' dir='ltr'><strong>consensum</strong></span> <span class='ocrx_word' id='word_1_712' title='bbox 3466 4395 3650 4450; x_wconf 76' lang='lat' dir='ltr'><strong>illicito</strong></span> <span class='ocrx_word' id='word_1_713' title='bbox 3677 4411 3814 4464; x_wconf 75' lang='lat' dir='ltr'><strong>pra:-</strong></span> 
     </span>
    </p>
   </div>
   <div class='ocr_carea' id='block_1_106' title="bbox 2157 4482 3813 4562">
    <p class='ocr_par' dir='ltr' id='par_1_106' title="bbox 2157 4482 3813 4562">
     <span class='ocr_line' id='line_1_107' title="bbox 2157 4482 3813 4562; baseline -0.006 -13"><span class='ocrx_word' id='word_1_714' title='bbox 2157 4482 2210 4540; x_wconf 81' lang='lat' dir='ltr'><strong>D</strong></span> <span class='ocrx_word' id='word_1_715' title='bbox 2239 4493 2423 4549; x_wconf 90' lang='lat' dir='ltr'><strong>buisti.</strong></span> <span class='ocrx_word' id='word_1_716' title='bbox 2451 4490 2841 4562; x_wconf 82' lang='lat' dir='ltr'><strong>Cognoscimus</strong></span> <span class='ocrx_word' id='word_1_717' title='bbox 2864 4489 3028 4543; x_wconf 85' lang='lat' dir='ltr'><strong>etiam</strong></span> <span class='ocrx_word' id='word_1_718' title='bbox 3054 4488 3240 4542; x_wconf 91' lang='lat' dir='ltr'><strong>multis</strong></span> <span class='ocrx_word' id='word_1_719' title='bbox 3270 4487 3490 4542; x_wconf 87' lang='lat' dir='ltr'><strong>indiciis</strong></span> <span class='ocrx_word' id='word_1_720' title='bbox 3511 4489 3654 4557; x_wconf 88' lang='lat' dir='ltr'><strong>quod</strong></span> <span class='ocrx_word' id='word_1_721' title='bbox 3682 4503 3813 4540; x_wconf 79' lang='lat' dir='ltr'><strong>ausu</strong></span> 
     </span>
    </p>
   </div>
   <div class='ocr_carea' id='block_1_107' title="bbox 2239 4578 3818 4641">
    <p class='ocr_par' dir='ltr' id='par_1_107' title="bbox 2239 4578 3818 4641">
     <span class='ocr_line' id='line_1_108' title="bbox 2239 4578 3818 4641; baseline -0.005 -4"><span class='ocrx_word' id='word_1_722' title='bbox 2239 4582 2529 4641; x_wconf 85' lang='lat' dir='ltr'><strong>temerario</strong></span> <span class='ocrx_word' id='word_1_723' title='bbox 2560 4589 2745 4636; x_wconf 82' lang='lat' dir='ltr'><strong>contra</strong></span> <span class='ocrx_word' id='word_1_724' title='bbox 2775 4588 3025 4633; x_wconf 90' lang='lat' dir='ltr'><strong>sanctam</strong></span> <span class='ocrx_word' id='word_1_725' title='bbox 3053 4588 3108 4633; x_wconf 89' lang='lat' dir='ltr'><strong>ct</strong></span> <span class='ocrx_word' id='word_1_726' title='bbox 3137 4578 3409 4633; x_wconf 88' lang='lat' dir='ltr'><strong>dominam</strong></span> <span class='ocrx_word' id='word_1_727' title='bbox 3442 4586 3591 4631; x_wconf 85' lang='lat' dir='ltr'><strong>tuam</strong></span> <span class='ocrx_word' id='word_1_728' title='bbox 3625 4578 3818 4631; x_wconf 82' lang='lat' dir='ltr'><strong>Roma-</strong></span> 
     </span>
    </p>
   </div>
   <div class='ocr_carea' id='block_1_108' title="bbox 2241 4669 3818 4737">
    <p class='ocr_par' dir='ltr' id='par_1_108' title="bbox 2241 4669 3818 4737">
     <span class='ocr_line' id='line_1_109' title="bbox 2241 4669 3818 4737; baseline -0.002 -9"><span class='ocrx_word' id='word_1_729' title='bbox 2241 4689 2365 4728; x_wconf 89' lang='lat' dir='ltr'><strong>nam</strong></span> <span class='ocrx_word' id='word_1_730' title='bbox 2390 4672 2686 4727; x_wconf 86' lang='lat' dir='ltr'><strong>Ecclesiam</strong></span> <span class='ocrx_word' id='word_1_731' title='bbox 2705 4670 3074 4732; x_wconf 88' lang='lat' dir='ltr'><strong>recalcitrare,</strong></span> <span class='ocrx_word' id='word_1_732' title='bbox 3103 4678 3157 4722; x_wconf 92' lang='lat' dir='ltr'><strong>et</strong></span> <span class='ocrx_word' id='word_1_733' title='bbox 3189 4677 3378 4724; x_wconf 90' lang='lat' dir='ltr'><strong>contra</strong></span> <span class='ocrx_word' id='word_1_734' title='bbox 3407 4678 3516 4724; x_wconf 71' lang='lat' dir='ltr'><strong>tum</strong></span> <span class='ocrx_word' id='word_1_735' title='bbox 3542 4669 3818 4737; x_wconf 66' lang='lat' dir='ltr'><strong>iuratori:</strong></span> 
     </span>
    </p>
   </div>
   <div class='ocr_carea' id='block_1_109' title="bbox 2237 4761 3818 4836">
    <p class='ocr_par' dir='ltr' id='par_1_109' title="bbox 2237 4761 3818 4836">
     <span class='ocr_line' id='line_1_110' title="bbox 2237 4761 3818 4836; baseline -0.003 -14"><span class='ocrx_word' id='word_1_736' title='bbox 2237 4765 2544 4836; x_wconf 88' lang='lat' dir='ltr'><strong>sponsionis</strong></span> <span class='ocrx_word' id='word_1_737' title='bbox 2578 4773 2818 4818; x_wconf 79' lang='lat' dir='ltr'><strong>tenorem</strong></span> <span class='ocrx_word' id='word_1_738' title='bbox 2851 4761 3282 4816; x_wconf 88' lang='lat' dir='ltr'><strong>luculentissime</strong></span> <span class='ocrx_word' id='word_1_739' title='bbox 3317 4777 3481 4831; x_wconf 83' lang='lat' dir='ltr'><strong>agerc</strong></span> <span class='ocrx_word' id='word_1_740' title='bbox 3510 4763 3818 4818; x_wconf 83' lang='lat' dir='ltr'><strong>nullatenus</strong></span> 
     </span>
    </p>
   </div>
   <div class='ocr_carea' id='block_1_110' title="bbox 2241 4851 3817 4911">
    <p class='ocr_par' dir='ltr' id='par_1_110' title="bbox 2241 4851 3817 4911">
     <span class='ocr_line' id='line_1_111' title="bbox 2241 4851 3817 4911; baseline -0.003 0"><span class='ocrx_word' id='word_1_741' title='bbox 2241 4857 2516 4911; x_wconf 89' lang='lat' dir='ltr'><strong>dubitasti.</strong></span> <span class='ocrx_word' id='word_1_742' title='bbox 2544 4853 2698 4909; x_wconf 90' lang='lat' dir='ltr'><strong>Unde</strong></span> <span class='ocrx_word' id='word_1_743' title='bbox 2721 4853 3046 4908; x_wconf 87' lang='lat' dir='ltr'><strong>auctoritate</strong></span> <span class='ocrx_word' id='word_1_744' title='bbox 3067 4852 3160 4906; x_wconf 91' lang='lat' dir='ltr'><strong>Dei</strong></span> <span class='ocrx_word' id='word_1_745' title='bbox 3187 4861 3241 4905; x_wconf 91' lang='lat' dir='ltr'><strong>et</strong></span> <span class='ocrx_word' id='word_1_746' title='bbox 3261 4851 3406 4906; x_wconf 89' lang='lat' dir='ltr'><strong>bcati</strong></span> <span class='ocrx_word' id='word_1_747' title='bbox 3432 4851 3581 4906; x_wconf 87' lang='lat' dir='ltr'><strong>Petri</strong></span> <span class='ocrx_word' id='word_1_748' title='bbox 3611 4863 3817 4908; x_wconf 75' lang='lat' dir='ltr'><strong>nostra-</strong></span> 
     </span>
    </p>
   </div>
   <div class='ocr_carea' id='block_1_111' title="bbox 2240 4941 3811 5014">
    <p class='ocr_par' dir='ltr' id='par_1_111' title="bbox 2240 4941 3811 5014">
     <span class='ocr_line' id='line_1_112' title="bbox 2240 4941 3811 5014; baseline -0.001 -16"><span class='ocrx_word' id='word_1_749' title='bbox 2240 4959 2344 5014; x_wconf 92' lang='lat' dir='ltr'><strong>que</strong></span> <span class='ocrx_word' id='word_1_750' title='bbox 2381 4945 2476 4998; x_wconf 90' lang='lat' dir='ltr'><strong>tibi</strong></span> <span class='ocrx_word' id='word_1_751' title='bbox 2516 4943 2890 5013; x_wconf 72' lang='lat' dir='ltr'><strong>prrecipimus,</strong></span> <span class='ocrx_word' id='word_1_752' title='bbox 2923 4949 2979 4996; x_wconf 92' lang='lat' dir='ltr'><strong>et</strong></span> <span class='ocrx_word' id='word_1_753' title='bbox 3014 4941 3264 5010; x_wconf 72' lang='lat' dir='ltr'><strong>praesenti</strong></span> <span class='ocrx_word' id='word_1_754' title='bbox 3300 4951 3506 4996; x_wconf 89' lang='lat' dir='ltr'><strong>statuto</strong></span> <span class='ocrx_word' id='word_1_755' title='bbox 3529 4942 3811 5010; x_wconf 78' lang='lat' dir='ltr'><strong>iubemus.</strong></span> 
     </span>
    </p>
   </div>
   <div class='ocr_carea' id='block_1_112' title="bbox 2241 5031 3815 5100">
    <p class='ocr_par' dir='ltr' id='par_1_112' title="bbox 2241 5031 3815 5100">
     <span class='ocr_line' id='line_1_113' title="bbox 2241 5031 3815 5100; baseline -0.003 -12"><span class='ocrx_word' id='word_1_756' title='bbox 2241 5043 2297 5088; x_wconf 93' lang='lat' dir='ltr'><strong>ut</strong></span> <span class='ocrx_word' id='word_1_757' title='bbox 2345 5034 2543 5088; x_wconf 89' lang='lat' dir='ltr'><strong>nullam</strong></span> <span class='ocrx_word' id='word_1_758' title='bbox 2590 5035 2810 5087; x_wconf 90' lang='lat' dir='ltr'><strong>omnino</strong></span> <span class='ocrx_word' id='word_1_759' title='bbox 2853 5031 3242 5086; x_wconf 89' lang='lat' dir='ltr'><strong>sacerdotalem</strong></span> <span class='ocrx_word' id='word_1_760' title='bbox 3285 5031 3688 5085; x_wconf 86' lang='lat' dir='ltr'><strong>ordinationem</strong></span> <span class='ocrx_word' id='word_1_761' title='bbox 3719 5045 3815 5100; x_wconf 82' lang='lat' dir='ltr'><strong>pro</strong></span> 
     </span>
    </p>
   </div>
   <div class='ocr_carea' id='block_1_113' title="bbox 2242 5121 3812 5194">
    <p class='ocr_par' dir='ltr' id='par_1_113' title="bbox 2242 5121 3812 5194">
     <span class='ocr_line' id='line_1_114' title="bbox 2242 5121 3812 5194; baseline -0.004 -17"><span class='ocrx_word' id='word_1_762' title='bbox 2242 5126 2468 5185; x_wconf 89' lang='lat' dir='ltr'><strong>talibus,</strong></span> <span class='ocrx_word' id='word_1_763' title='bbox 2497 5123 2690 5194; x_wconf 87' lang='lat' dir='ltr'><strong>quibus</strong></span> <span class='ocrx_word' id='word_1_764' title='bbox 2713 5138 2772 5177; x_wconf 92' lang='lat' dir='ltr'><strong>es</strong></span> <span class='ocrx_word' id='word_1_765' title='bbox 2797 5123 3063 5183; x_wconf 87' lang='lat' dir='ltr'><strong>irretitus,</strong></span> <span class='ocrx_word' id='word_1_766' title='bbox 3095 5122 3434 5184; x_wconf 82' lang='lat' dir='ltr'><strong>criminibus,</strong></span> <span class='ocrx_word' id='word_1_767' title='bbox 3469 5121 3655 5175; x_wconf 81' lang='lat' dir='ltr'><strong>facere</strong></span> <span class='ocrx_word' id='word_1_768' title='bbox 3680 5136 3812 5188; x_wconf 84' lang='lat' dir='ltr'><strong>quo-</strong></span> 
     </span>
    </p>
   </div>
   <div class='ocr_carea' id='block_1_114' title="bbox 2241 5210 3815 5286">
    <p class='ocr_par' dir='ltr' id='par_1_114' title="bbox 2241 5210 3815 5286">
     <span class='ocr_line' id='line_1_115' title="bbox 2241 5210 3815 5286; baseline -0.002 -18"><span class='ocrx_word' id='word_1_769' title='bbox 2241 5214 2507 5285; x_wconf 89' lang='lat' dir='ltr'><strong>qnomodo</strong></span> <span class='ocrx_word' id='word_1_770' title='bbox 2527 5229 2841 5286; x_wconf 84' lang='lat' dir='ltr'><strong>praesumas,</strong></span> <span class='ocrx_word' id='word_1_771' title='bbox 2877 5215 3046 5269; x_wconf 89' lang='lat' dir='ltr'><strong>donec</strong></span> <span class='ocrx_word' id='word_1_772' title='bbox 3073 5229 3169 5268; x_wconf 78' lang='lat' dir='ltr'><strong>vni</strong></span> <span class='ocrx_word' id='word_1_773' title='bbox 3196 5212 3424 5267; x_wconf 78' lang='lat' dir='ltr'><strong>Kalend.</strong></span> <span class='ocrx_word' id='word_1_774' title='bbox 3454 5210 3709 5267; x_wconf 84' lang='lat' dir='ltr'><strong>Octobris</strong></span> <span class='ocrx_word' id='word_1_775' title='bbox 3739 5211 3815 5265; x_wconf 81' lang='lat' dir='ltr'><strong>fu-</strong></span> 
     </span>
    </p>
   </div>
   <div class='ocr_carea' id='block_1_115' title="bbox 2243 5302 3811 5373">
    <p class='ocr_par' dir='ltr' id='par_1_115' title="bbox 2243 5302 3811 5373">
     <span class='ocr_line' id='line_1_116' title="bbox 2243 5302 3811 5373; baseline -0.002 -16"><span class='ocrx_word' id='word_1_776' title='bbox 2243 5314 2374 5359; x_wconf 64' lang='lat' dir='ltr'><strong>tura:</strong></span> <span class='ocrx_word' id='word_1_777' title='bbox 2394 5305 2594 5373; x_wconf 56' lang='lat' dir='ltr'><strong>quintae</strong></span> <span class='ocrx_word' id='word_1_778' title='bbox 2616 5304 2838 5360; x_wconf 69' lang='lat' dir='ltr'><strong>decima:</strong></span> <span class='ocrx_word' id='word_1_779' title='bbox 2861 5303 3188 5369; x_wconf 91' lang='lat' dir='ltr'><strong>indictionis,</strong></span> <span class='ocrx_word' id='word_1_780' title='bbox 3217 5303 3284 5356; x_wconf 88' lang='lat' dir='ltr'><strong>ad</strong></span> <span class='ocrx_word' id='word_1_781' title='bbox 3317 5302 3584 5373; x_wconf 77' lang='lat' dir='ltr'><strong>synodum</strong></span> <span class='ocrx_word' id='word_1_782' title='bbox 3617 5317 3811 5371; x_wconf 82' lang='lat' dir='ltr'><strong>quam,</strong></span> 
     </span>
    </p>
   </div>
   <div class='ocr_carea' id='block_1_116' title="bbox 2238 5390 3811 5464">
    <p class='ocr_par' dir='ltr' id='par_1_116' title="bbox 2238 5390 3811 5464">
     <span class='ocr_line' id='line_1_117' title="bbox 2238 5390 3811 5464; baseline -0.004 -15"><span class='ocrx_word' id='word_1_783' title='bbox 2238 5396 2349 5449; x_wconf 91' lang='lat' dir='ltr'><strong>Deo</strong></span> <span class='ocrx_word' id='word_1_784' title='bbox 2376 5394 2589 5449; x_wconf 81' lang='lat' dir='ltr'><strong>favente</strong></span> <span class='ocrx_word' id='word_1_785' title='bbox 2608 5434 2624 5460; x_wconf 92' lang='lat'><strong>,</strong></span> <span class='ocrx_word' id='word_1_786' title='bbox 2651 5409 2750 5464; x_wconf 91' lang='lat' dir='ltr'><strong>pro</strong></span> <span class='ocrx_word' id='word_1_787' title='bbox 2777 5393 3160 5449; x_wconf 89' lang='lat' dir='ltr'><strong>ecclesiasticis</strong></span> <span class='ocrx_word' id='word_1_788' title='bbox 3187 5391 3441 5447; x_wconf 88' lang='lat' dir='ltr'><strong>videlicet</strong></span> <span class='ocrx_word' id='word_1_789' title='bbox 3465 5390 3811 5450; x_wconf 81' lang='lat' dir='ltr'><strong>utilitatibus.</strong></span> 
     </span>
    </p>
   </div>
   <div class='ocr_carea' id='block_1_117' title="bbox 2234 5476 3812 5537">
    <p class='ocr_par' dir='ltr' id='par_1_117' title="bbox 2234 5476 3812 5537">
     <span class='ocr_line' id='line_1_118' title="bbox 2234 5476 3812 5537; baseline -0.004 0"><span class='ocrx_word' id='word_1_790' title='bbox 2234 5483 2532 5537; x_wconf 85' lang='lat' dir='ltr'><strong>secundum</strong></span> <span class='ocrx_word' id='word_1_791' title='bbox 2588 5491 2899 5537; x_wconf 89' lang='lat' dir='ltr'><strong>sanctorum</strong></span> <span class='ocrx_word' id='word_1_792' title='bbox 2955 5481 3178 5535; x_wconf 81' lang='lat' dir='ltr'><strong>Patrum</strong></span> <span class='ocrx_word' id='word_1_793' title='bbox 3230 5487 3431 5534; x_wconf 90' lang='lat' dir='ltr'><strong>statuta</strong></span> <span class='ocrx_word' id='word_1_794' title='bbox 3487 5476 3812 5533; x_wconf 83' lang='lat' dir='ltr'><strong>celebraturi</strong></span> 
     </span>
    </p>
   </div>
   <div class='ocr_carea' id='block_1_118' title="bbox 2237 5569 3810 5643">
    <p class='ocr_par' dir='ltr' id='par_1_118' title="bbox 2237 5569 3810 5643">
     <span class='ocr_line' id='line_1_119' title="bbox 2237 5569 3810 5643; baseline -0.005 -17"><span class='ocrx_word' id='word_1_795' title='bbox 2237 5573 2442 5627; x_wconf 88' lang='lat' dir='ltr'><strong>erimus</strong></span> <span class='ocrx_word' id='word_1_796' title='bbox 2463 5613 2477 5638; x_wconf 93' lang='lat'><strong>,</strong></span> <span class='ocrx_word' id='word_1_797' title='bbox 2515 5573 2660 5628; x_wconf 92' lang='lat' dir='ltr'><strong>omni</strong></span> <span class='ocrx_word' id='word_1_798' title='bbox 2698 5573 2994 5643; x_wconf 82' lang='lat' dir='ltr'><strong>pastposita</strong></span> <span class='ocrx_word' id='word_1_799' title='bbox 3032 5571 3319 5628; x_wconf 88' lang='lat' dir='ltr'><strong>occasione</strong></span> <span class='ocrx_word' id='word_1_800' title='bbox 3349 5611 3364 5634; x_wconf 93' lang='lat'><strong>,</strong></span> <span class='ocrx_word' id='word_1_801' title='bbox 3394 5569 3584 5623; x_wconf 84' lang='lat' dir='ltr'><strong>venire</strong></span> <span class='ocrx_word' id='word_1_802' title='bbox 3618 5582 3810 5637; x_wconf 85' lang='lat' dir='ltr'><strong>procn-</strong></span> 
     </span>
    </p>
   </div>
   <div class='ocr_carea' id='block_1_119' title="bbox 2239 5657 3811 5735">
    <p class='ocr_par' dir='ltr' id='par_1_119' title="bbox 2239 5657 3811 5735">
     <span class='ocr_line' id='line_1_120' title="bbox 2239 5657 3811 5735; baseline -0.002 -16"><span class='ocrx_word' id='word_1_803' title='bbox 2239 5679 2361 5731; x_wconf 90' lang='lat' dir='ltr'><strong>res;</strong></span> <span class='ocrx_word' id='word_1_804' title='bbox 2392 5674 2659 5734; x_wconf 91' lang='lat' dir='ltr'><strong>quatenus</strong></span> <span class='ocrx_word' id='word_1_805' title='bbox 2688 5665 2935 5735; x_wconf 80' lang='lat' dir='ltr'><strong>synodali</strong></span> <span class='ocrx_word' id='word_1_806' title='bbox 2969 5667 3190 5721; x_wconf 91' lang='lat' dir='ltr'><strong>decreto</strong></span> <span class='ocrx_word' id='word_1_807' title='bbox 3217 5657 3314 5730; x_wconf 72' lang='lat' dir='ltr'><strong>ea,</strong></span> <span class='ocrx_word' id='word_1_808' title='bbox 3347 5678 3468 5730; x_wconf 78' lang='lat' dir='ltr'><strong>qua:</strong></span> <span class='ocrx_word' id='word_1_809' title='bbox 3499 5662 3567 5720; x_wconf 90' lang='lat' dir='ltr'><strong>de</strong></span> <span class='ocrx_word' id='word_1_810' title='bbox 3599 5669 3653 5716; x_wconf 86' lang='lat' dir='ltr'><strong>te</strong></span> <span class='ocrx_word' id='word_1_811' title='bbox 3674 5659 3811 5718; x_wconf 82' lang='lat' dir='ltr'><strong>didi-</strong></span> 
     </span>
    </p>
   </div>
  </div>
