4026 6308
237 366 349 422 3'53

1438 361 1798 420 EPISTOLIE
1831 364 1918 420 ET
1957 365 2294 425 DECRETA.

3376 382 3480 442 934

229 484 430 547 cimus,
455 477 1124 544 examinata,’canouicum
1148 478 1306 533 linem
1333 480 1647 549 percipiant.
1680 482 1813 534 Data
1841 487 1891 544 Α
1920 486 2266 550 auctoritate,
2291 493 2582 558 nostroque
2606 489 3056 558 apostolico'jure,
3082 501 3132 548 te
3159 501 3476 552 excommué

231 585 293 628 ut
329 589 506 643 supra.

872 660 1193 716 CCCXXIV.

844 772 911 809 ΑΙ)
973 769 1210 809 Εωιυειι.

819 846 1020 915 (Auno
1045 844 1173 900 881.
1201 842 1218 912 )

226 936 391 993 Iubet
425 935 756 990 Placentinae
785 934 1032 995 clericos,
1063 948 1191 1001 quos
1231 933 1344 985 sine
1373 930 1807 985 commendatitiis

308 1009 494 1062 litteris
535 1006 603 1059 ad
633 1020 750 1058 eunt
779 1001 1133 1070 confugientes
1174 1013 1464 1070 receperat,
1511 1001 1578 1053 ad
1617 1017 1794 1070 eorum

300 1079 600 1146 episcopum
629 1073 854 1135 remitti;
882 1068 1112 1146 ejusdem
1133 1071 1291 1146 etiam
1318 1069 1566 1146 Ecclesiw
1593 1068 1806 1122 clericos

306 1139 533 1208 absolvi,
564 1144 725 1196 donec
755 1158 870 1194 cum
901 1139 976 1193 eis
1001 1140 1069 1194 ad
1098 1139 1355 1208 synodum
1387 1139 1582 1192 veniat.

306 1253 778 1313 Reverendissimo
820 1260 875 1306 et
911 1249 1254 1305 sanctissimo
1285 1247 1508 1305 Romae
1538 1247 1809 1317 archiepi-

221 1364 399 1420 scopo
427 1343 746 1402 Ravennati.

303 1441 450 1496 inter
471 1444 692 1492 caeteras
715 1431 914 1503 proprii
940 1429 1179 1490 allectus,
1203 1429 1437 1482 rationes
1461 1427 1803 1496 incongruas,

237 1531 447 1602 quibus
479 1527 709 1595 teipsum
743 1521 982 1592 quotidie
1026 1530 1205 1573 mente
1240 1518 1535 1587 improvida
1571 1517 1812 1573 insertiri

234 1620 260 1693 [
285 1622 325 1690 f.
359 1616 556 1673 irretiri
584 1613 606 1686 ]
637 1629 744 1668 non
768 1609 1012 1673 dubitas,
1044 1607 1209 1661 Paulo
1249 1607 1581 1661 charissima:
1595 1605 1809 1659 Placen-

231 1713 366 1767 tina:
410 1707 664 1764 Ecclesite
709 1703 952 1758 antistite
977 1701 1044 1756 ad
1071 1715 1229 1755 aures
1259 1699 1590 1768 apostolatus
1635 1698 1806 1754 nostri

367 1805 379 1817 .
405 1803 418 1814 .
955 1797 968 1808 ,
1012 1795 1023 1806 _
1065 1795 1080 1807 ,
1511 1793 1522 1805 .
1639 1792 1651 1804 .
1725 1791 1737 1804 .
1918 1791 1960 1795 vv
1991 1791 2123 1798 —-~—
2151 1791 2518 1802 --η-ν---π-υν
2561 1791 2881 1816 "vv-wn":
2923 1791 3084 1822 υιιιυν
3123 1791 3194 1808 νιν·
3235 1791 3477 1810 νιν-’νωι-

215 1795 1206 1916 ῗῗὶῗηάλὰῗιὶῗιυὲ
1229 1792 1806 1916 aliis"?
1831 1814 1880 1880 Β
1907 1841 2088 1886 nam“
2117 1835 2380 1903 εἵηοάυῐη
2421 1851 2711 1892 occurrere
2752 1847 3121 1912 postposueris
3139 1884 3155 1910 ,
3198 1847 3341 1901 scias
3378 1862 3478 1916 pro

231 1891 492 1948 Ecclesiae
517 1888 712 1960 regula:
742 1902 984 1942 normam
1011 1885 1207 1940 sectari
1235 1884 1497 1948 nolentes,
1525 1891 1579 1936 et
1603 1881 1804 1937 idcirco

226 1983 352 2038 Sine
374 1977 832 2036 commendatitiis
859 1977 1046 2046 utique
1070 1975 1267 2029 litteris
1296 1975 1361 2029 ad
1399 1982 1453 2028 te
1487 1973 1804 2044 confugien-

235 2080 352 2135 tes,
382 2076 570 2125 contra
602 2083 754 2121 sacra
785 2066 1064 2120 beatorum
1097 2063 1318 2119 Patrum
1345 2071 1542 2119 statuta
1575 2063 1806 2132 recepis-

227 2175 351 2224 ses,
385 2166 736 2228 receptosque
777 2157 988 2212 tibimet
1035 2155 1286 2210 famulari
1330 2156 1611 2209 decernas.
1650 2153 1803 2220 Quod

229 2251 487 2308 nimirum
528 2257 750 2319 propter
790 2247 1013 2302 multam
1053 2247 1552 2317 perturbationem,
1585 2256 1640 2301 et
1667 2245 1806 2301 sedi-

217 2342 410 2396 ‘tiones
453 2353 572 2408 quae
622 2349 764 2406 saepe
809 2335 979 2399 ﬁunt,
1030 2337 1357 2391 auctoritate
1407 2335 1696 2403 apostolica
1749 2342 1806 2389 et

229 2413 548 2488 Sanctorum
574 2427 794 2480 Patrum
836 2426 1104 2496 praecipua
1141 2426 1479 2480 institutione
1521 2432 1804 2492 amputare

229 2521 493 2583 volentes,
516 2517 833 2574 reverentia:
860 2526 963 2571 tuae
979 2515 1232 2584 jubemus
1256 2516 1524 2585 prmdicta:
1545 2514 1801 2570 Ecclesize

222 2611 542 2665 Faventinae
586 2607 957 2680 [Placentinae
1002 2617 1055 2660 ut
1096 2606 1308 2678 supra]
1354 2607 1615 2670 clericos,
1665 2619 1801 2675 quos

229 2715 401 2770 penes
449 2709 502 2753 te
549 2698 846 2754 enormiter
891 2696 1092 2752 habere
1138 2697 1378 2755 videris.
1425 2706 1482 2751 et
1527 2698 1796 2766 prmeipue

227 2789 466 2844 Causum
490 2786 771 2842 diaconum
791 2825 804 2848 ,
829 2785 892 2840 de
913 2786 1165 2854 przesenti
1189 2800 1286 2839 suo
1312 2775 1536 2839 reddere
1560 2785 1641 2838 vel
1665 2783 1800 2839 diri-

219 2895 357 2950 gere
382 2892 640 2948 procures
668 2877 941 2946 episcopo.
988 2875 1122 2942 Quia
1168 2891 1272 2930 non
1325 2876 1452 2929 licet
1496 2875 1794 2944 quemlibet

227 2970 485 3023 clericum
515 2967 566 3020 in
596 2968 822 3020 duarum
860 2965 1139 3019 civitatum
1177 2965 1446 3019 conscribi
1491 2965 1650 3018 simul
1692 2965 1791 3020 Ec-

229 3057 434 3121 clesiis,
462 3066 516 3108 et
541 3055 593 3108 in
623 3069 726 3122 qua
755 3053 822 3105 ab
852 3052 1003 3106 initio
1029 3053 1338 3115 cxstitit,ad
1360 3067 1521 3120 quam
1555 3051 1796 3119 confugit

229 3147 386 3216 quasi
429 3147 494 3199 ad
522 3145 783 3243 potiorem
810 3143 879 3243 ob
907 3142 1081 3243 inanis
1108 3141 1292 3210 gloria:
1323 3141 1670 3243 cupiditatem
1699 3155 1712 3194 :
1740 3149 1795 3194 et
1821 3147 1866 3209 ο
1900 3172 2228 3243 delegamus.

232 3239 356 3292 ideo
398 3251 492 3291 eos
532 3235 597 3288 ad
643 3249 795 3288 suam
822 3232 1118 3288 Ecclesiam
1153 3231 1392 3286 revocari
1420 3231 1793 3296 decernimus,

213 3338 284 3382 et
312 3328 376 3381 de
413 3326 516 3380 illis
553 3324 784 3392 amplius
821 3322 968 3376 nullo
1007 3323 1164 3376 modo
1203 3321 1452 3390 recipias.
1498 3319 1573 3374 Te
1614 3329 1795 3374 autem

224 3417 430 3487 aliquid
477 3415 704 3484 amplius
747 3428 904 3483 agere
943 3427 1138 3466 cavere
1176 3425 1400 3480 prorsus
1439 3409 1684 3478 oportet,
1731 3424 1798 3464 ne

216 3517 539 3571 sanctorum
578 3503 798 3558 Patrum
819 3501 1060 3570 judicio,
1087 3500 1231 3572 quod
1271 3508 1458 3553 contra
1510 3497 1670 3566 hujus
1716 3512 1797 3552 re-

218 3600 366 3678 gula:
390 3606 816 3666 transgressores
841 3593 1108 3662 prolatum
1151 3599 1264 3658 est,
1301 3590 1544 3644 damnari
1579 3589 1799 3644 omnino

219 3689 514 3746 merearis.
545 3687 616 3741 At
644 3686 689 3740 si
720 3684 921 3754 aliquid
971 3683 1113 3737 inter
1155 3696 1247 3736 eos
1291 3679 1501 3733 adversi
1550 3686 1796 3733 exortum

223 3781 420 3842 fuerit,
450 3779 706 3835 canonice
733 3777 875 3831 inter
898 3790 991 3830 eos
1039 3771 1296 3836 dillinias,
1328 3771 1476 3825 salvo
1504 3771 1647 3825 sedis
1674 3784 1802 3840 apo-

221 3874 429 3932 stolicae
461 3873 662 3926 honore
679 3908 694 3934 ,
721 3877 882 3938 atque
910 3867 1120 3936 vigore,
1149 3864 1402 3933 salvoque
1426 3871 1528 3915 tuae
1548 3861 1800 3915 Ecclesiae

217 3961 534 4036 :privilegio.
587 3960 654 4014 Et
670 3967 939 4028 .przeterea
969 3953 1274 4010 sacerdotes
1317 3960 1372 4006 ct
1412 3951 1636 4005 clericos
1681 3950 1800 4003 Plu-

229 4054 461 4110 centiuat
508 4050 808 4115 Ecclesiae,
859 4062 996 4118 quos
1050 4042 1570 4106 cxcommunicasti,
1623 4049 1682 4096 ut
1731 4042 1800 4097 ab

235 4143 428 4199 eadem
456 4137 1014 4196 excommunicatione
1043 4133 1319 4196 absolvas,
1355 4147 1632 4202 quousque
1660 4141 1800 4186 tem-

221 4247 359 4306 pore
385 4245 622 4302 congruo
647 4238 702 4284 tu
730 4244 854 4284 cum
882 4227 962 4282 eis
992 4225 1219 4280 Romam
1245 4223 1313 4278 ad
1355 4223 1616 4293 synodum
1655 4221 1801 4292 pari-

219 4334 314 4380 ter
338 4322 585 4379 veniatis.
620 4319 752 4375 Data
781 4332 965 4373 mense
995 4315 1161 4382 iulio,
1196 4314 1493 4370 indictione
1523 4327 1633 4367 xw.

863 4424 1158 4483 CCCXXV.

557 4538 625 4576 AD
658 4532 1062 4576 CONSTAN'I‘INUM
1101 4528 1469 4570 SACERDOTEM.

823 4608 1018 4680 (Anno
1046 4606 1213 4676 εει.)

233 4705 666 4764 Excommunicat
701 4718 818 4756 eum
852 4699 990 4770 quod
1021 4698 1210 4770 absque
1240 4713 1336 4770 sua
1366 4693 1575 4770 licentia
1598 4693 1669 4770 _ab
1701 4708 1793 4770 ar_-

296 4778 624 4845 rchiepiscopo
651 4763 940 4845 Ravennate
969 4769 1036 4845 ad
1062 4763 1364 4845 Faventino;
1408 4763 1794 4845 Ecclesiaz‘lepi-

294 4832 569 4916 scop'atum'
597 4849 860 4916 promotus
898 4839 1052 4916 fuerit
1075 4851 1094 4888 .'
1129 4835 1462 4916 prohibetque
1493 4848 1620 4916 eum.
1646 4832 1792 4884 illius

297 4901 546 4971 Ecclesia:
561 4901 1063 4965 administrationem
1079 4901 1348 4974 attingere,
1368 4904 1528 4955 donec
1552 4901 1620 4954 ad
1639 4916 1796 4970 syno-

294 4987 424 5041 dum
452 4983 743 5037 Romanam
772 4979 961 5034 veniat.

299 5097 677 5153 CONSTANTINO
734 5087 998 5145 sacerdoti
1053 5085 1309 5142 Ecclesiae
1363 5084 1674 5140 Faventinae
1729 5084 1795 5140 de

224 5188 384 5262 plebe
421 5185 593 5242 sancti
621 5181 766 5238 Petri
793 5177 1155 5234 Transilvani.

297 5277 592 5334 Audientes
617 5283 669 5330 te
691 5286 810 5328 esse
840 5269 992 5341 quasi
1035 5267 1102 5322 ad
1140 5265 1500 5337 episcopalem
1533 5267 1795 5320 honorem

229 5385 261 5424 a
306 5369 552 5422 Romano
594 5364 907 5417 Ravennate
959 5355 1403 5425 archiepiscopo,
1461 5354 1575 5408 sine
1627 5351 1797 5407 nostri

225 5454 490 5529 pontificii
523 5451 880 5512 auctoritate,
912 5462 1007 5501 seu
1040 5443 1257 5499 licentia
1279 5483 1295 5508 ,
1327 5451 1384 5497 et
1410 5443 1616 5510 absque
1643 5455 1805 5496 cano-

230 5546 368 5599 niue
393 5541 752 5598 institutionis
780 5536 963 5606 regula
999 5534 1295 5590 enormiter
1332 5541 1670 5602 promotum,
1715 5530 1800 5584 his

223 5636 564 5706 apostolatus
593 5631 763 5689 nostri
793 5629 988 5684 litteris
1012 5644 1077 5684 ex
1108 5628 1203 5683 Dei
1245 5625 1632 5697 omnipotentis
1677 5639 1798 5679 sano

225 5736 551 5795 ctorumque
602 5723 747 5780 Petri
791 5737 855 5776 ac
898 5720 1044 5776 Pauli
1085 5720 1448 5790 apostolorum
1492 5717 1796 5790 principum

1907 572 2184 636 nicamus,
2218 585 2274 628 ut
2299 576 2444 631 nullo
2470 579 2629 633 modo
2659 579 2859 636 habeas
2885 581 3160 639 licentiam
3189 588 3390 656 aliquid
3418 590 3482 643 de

1906 661 2196 731 cpiscOpali
2228 663 2402 717 otIicio
2432 679 2728 738 peragere,
2773 678 2866 723 aut
2905 670 3076 740 ipsam
3118 673 3476 730 Faventinam

1907 747 2209 808 Ecclesium
2235 757 2614 822 quoquomodo
2640 757 2912 824 invadere,
2939 774 3110 830 neque
3137 763 3188 816 in
3215 764 3479 834 plebibus,

1907 842 1992 894 vel
2035 843 2230 907 rebus,
2257 859 2352 897 seu
2381 845 2688 902 hominibus
2731 847 2897 918 ipsius
2939 851 3195 908 Ecclesiae
3215 893 3232 917 ,
3263 855 3482 924 aliquod

1905 931 2202 986 dominium
2247 949 2406 1004 agere
2437 952 2762 1004 prtcsumas,
2808 955 3086 1010 usquequo
3125 958 3248 997 cum
3290 947 3480 1000 eodem

1907 1021 2149 1076 Romano
2191 1026 2595 1096 archiepiscopo
2636 1038 2760 1095 tuo,
2793 1031 3036 1102 (aliquid
3079 1035 3256 1105 deest)
3286 1045 3480 1092 octavo

1908 1113 2174 1170 Kalendas
2211 1115 2463 1173 Octobris
2503 1135 2699 1189 quam,
2731 1121 2842 1177 Deo
2873 1122 3117 1191 favente,
3149 1127 3476 1183 celebraturi

1908 1204 2092 1260 Romae
2137 1207 2376 1273 erimus,
2423 1218 2568 1265 tuam
2610 1213 2897 1281 specialem
2946 1218 3106 1273 rebus
3144 1220 3480 1287 praesentiam

1907 1296 2166 1351 exhibere
2219 1313 2496 1367 procures.
2539 1302 2674 1358 Nam
2721 1306 2766 1359 si
2805 1316 2992 1362 contra
3049 1311 3187 1364 hanc
3232 1321 3472 1366 nostram

1906 1389 2260 1456 apostolicam
2303 1391 2638 1459 jussionem,
2681 1403 2736 1448 et
2775 1406 2896 1466 post
2941 1396 3099 1465 liujus
3139 1411 3340 1455 nostrae
3379 1415 3475 1455 ex-

1907 1479 2411 1535 communicatiouis
2433 1483 2782 1549 sententiam,
2812 1487 3010 1555 aliquid
3037 1489 3103 1542 de
3129 1489 3246 1558 ipso
3274 1491 3480 1559 cpisco-

1901 1565 2016 1636 pali
2046 1567 2346 1621 ministerio
2375 1584 2536 1640 agere
2566 1576 3002 1644 praesumpseris,
3034 1576 3117 1631 vel
3145 1580 3197 1631 in
3224 1579 3476 1633 omnibus

1884 1667 2028 1721 quae
2049 1655 2122 1708 ad
2148 1657 2397 1710 eumdem
2440 1659 2804 1730 episcopatum
2844 1665 3145 1733 pertinent,
3189 1669 3478 1723 temerario

1913 1748 1964 1795 te
1990 1756 2126 1798 ausu
2151 1742 2519 1802 intromittere
2560 1751 2881 1816 tentaveris,
2923 1761 3084 1822 atque
3123 1754 3194 1808 ad
3235 1756 3477 1810 denomia-

1906 1931 2058 1978 certo
2085 1926 2209 1994 quia
2239 1943 2344 1981 non
2373 1927 2545 1986 solum
2573 1931 2722 1985 omni
2749 1933 3119 1989 ecclesiastica
3153 1945 3206 1990 te
3232 1953 3478 1992 commu-

1905 2015 2068 2069 nione
2098 2018 2465 2086 privabimus,
2495 2021 2588 2080 sed
2621 2024 2783 2078 etiam
2812 2026 3056 2096 synodali
3087 2029 3303 2084 decreto
3328 2045 3357 2082 a
3389 2045 3478 2085 sa-

1906 2105 2167 2160 cerdotali
2191 2109 2394 2162 honore
2419 2120 2468 2164 te
2491 2112 2796 2168 saneiemus
2816 2115 3046 2168 alienum
3064 2119 3322 2172 existere.
3343 2118 3478 2175 Data

1901 2212 1995 2254 xv:
2024 2197 2290 2255 Kalendas
2317 2199 2573 2270 Augusti,
2602 2203 2894 2264 indictione
2921 2207 3127 2262 decima
3155 2223 3367 2278 quarta.

2530 2310 2850 2366 CCCXXV}.

2149 2411 2216 2450 AD
2249 2411 2485 2451 JOANNEI
2523 2413 2812 2454 EPISCOPUI
2848 2415 3224 2460 FIOQCLENSEI.

2473 2489 2652 2558 (Anno
2691 2490 2842 2560 881.)

1913 2574 2272 2649 Visitattonem
2315 2576 2620 2631 Faventino:
2661 2579 2911 2634 Ecclesia
2953 2592 3159 2649 pastore
3195 2583 3470 2646 desiiuta',

1971 2647 2188 2722 ejusque
2213 2664 2398 2722 curam
2416 2649 2462 2700 ei
2484 2649 2778 2713 committit,
2807 2647 2972 2704 donec
2995 2668 3155 2705 novus
3182 2665 3361 2722 pastor
3394 2656 3470 2707 εἰσ

1971 2715 2087 2768 dem
2107 2717 2449 2784 prwﬁciatur.

1969 2805 2156 2862 JOANNI
2186 2809 2441 2878 episcopo
2477 2809 2796 2866 Ficoclensr.

1970 2899 2185 2955 Obitum
2210 2901 2436 2956 Romani
2465 2903 2770 2963 Faventiam
2790 2905 3022 2962 civitatis
3045 2908 3305 2965 antistitis
3332 2911 3473 2966 dire-

1898 3003 1985 3048 cta
2011 2993 2211 3062 dudum
2237 2994 2427 3048 relatio
2461 2995 2756 3064 patefacit:
2789 3009 3118 3068 quapropter
3145 3001 3472 3056 visitationis

1899 3083 2166 3138 destituta:
2179 3084 2434 3140 Ecclesiae
2449 3084 2772 3141 fraternitati
2799 3097 2902 3144 tute
2921 3103 3140 3156 operam
3161 3091 3475 3146 solemniter

2261 3175 2432 3241 Quam
2473 3177 2546 3230 ita
2578 3186 2630 3232 te
2659 3181 2911 3232 convenit
2943 3182 3219 3245 exhibere,
3253 3192 3312 3236 ut
3341 3183 3473 3237 nihil

1895 3264 1964 3318 de
1981 3265 2417 3333 provectiouibus
2433 3266 2496 3336 υ.
2525 3269 2890 3340 proventibus]
2905 3270 3242 3335 clericorum,
3273 3275 3472 3337 reditu,

1897 3359 2091 3406 ornatu
2121 3352 2651 3424 ministeriisque,vel
2671 3358 2933 3427 quidquid
2959 3359 3086 3412 illud
3101 3369 3184 3414 est
3206 3361 3258 3414 in
3281 3364 3471 3415 matri.-

1897 3444 2080 3498 monio
2109 3446 2316 3511 eodem,
2348 3461 2378 3498 a
2405 3461 2674 3516 quoquam
2698 3459 3056 3518 praesumatur
3091 3450 3383 3517 Ecclesiae;
3417 3462 3472 3508 et

1898 3533 2021 3590 ideo
2053 3536 2291 3591 Ecclesia
2318 3535 2684 3610 [fraternitas]
2735 3549 2824 3594 tua
2850 3541 2915 3593 ad
2941 3541 3257 3611 prredictam
3287 3543 3474 3599 Eccle-

1898 3626 2031 3680 siam
2058 3627 2135 3681 ire
2157 3637 2428 3696 procuret,
2445 3637 2504 3682 ut
2533 3630 2795 3698 quidquid
2807 3631 3025 3686 utilitati
3041 3631 3184 3686 illius
3199 3635 3468 3704 congruit,

1900 3716 2113 3772 interim
2139 3718 2321 3773 solerti
2345 3734 2472 3774 cura
2494 3721 2808 3789 praevideat,
2831 3737 3130 3792 quousque,
3163 3724 3396 3793 qualiter
3416 3741 3475 3780 se

1898 3807 2096 3862 haheat
2135 3809 2362 3872 electio,
2406 3810 2493 3864 vel
2541 3811 2810 3866 ordinatio
2850 3814 3188 3868 succedentis
3233 3815 3471 3889 episcopi

1899 3914 2082 3953 coram
2108 3901 2262 3954 nobis
2283 3900 2523 3971 synodali
2548 3901 2870 3956 discutiatur
2890 3904 3157 3965 examine,
3184 3912 3240 3957 et
3260 3914 3474 3973 aposto.

1898 3988 2001 4044 lica
2033 3990 2371 4052 terminetur,
2403 3992 2515 4046 Deo
2531 3990 2772 4060 juvante,
2795 4009 3046 4050 censura.
3071 3995 3208 4050 Data
3234 4011 3328 4050 xm
3352 3995 3470 4052 Kal.

1896 4079 2190 4149 Augustas,
2217 4080 2504 4136 indictione
2537 4098 2649 4137 xw.

2509 4192 2847 4248 CCCXXV".

2254 4300 2320 4338 ΑΙ)
2349 4299 2602 4339 ROIANUH
2634 4301 3104 4344 ARCEIEPISCOPUM.

2491 4377 2686 4445 (Anno
2715 4377 2839 4432 88-1.
2865 4381 2884 4448 )

1905 4464 1984 4518 Ad
2006 4465 2262 4533 synodum
2287 4463 2501 4519 Romam
2516 4467 2611 4519 sub
2639 4483 2787 4534 paena
2813 4471 3362 4524 excommunicationis
3387 4489 3468 4525 ve-

1973 4535 2085 4587 nire
2107 4534 2286 4602 jubet,
2319 4546 2371 4587 ut
2403 4536 2472 4588 ad
2503 4552 2564 4590 ea
2591 4552 2708 4606 qua:
2737 4536 3118 4605 objiciebantur
3145 4541 3468 4607 respondeat.

1969 4627 2439 4682 Reverendissimo
2488 4637 2542 4683 et
2593 4629 2937 4685 sanctissimo
2978 4630 3234 4686 confratri
3287 4641 3471 4704 nostro

1900 4720 2126 4776 ROMANO
2163 4715 2591 4789 archiepiscopo.

1972 4811 2106 4879 Quia
2141 4811 2464 4881 jampridem
2499 4809 2682 4864 missis
2708 4809 2802 4865 tibi
2829 4824 2926 4880 per
2949 4808 3216 4865 Joannem
3241 4825 3468 4866 venera-

1897 4903 2058 4957 bilem
2085 4903 2394 4971 episcopum
2419 4900 2616 4955 Montis
2640 4899 2920 4955 Feretrani
2948 4902 3276 4970 apostolatus
3301 4901 3470 4956 nostri

1902 4991 2130 5056 litteris,
2168 4990 2233 5044 ad
2270 4990 2526 5060 synodale
2555 4998 2606 5044 te
2641 4989 2925 5060 collegium
2955 5005 3055 5060 pro
3086 4989 3471 5046 ecclesiasticis

1901 5082 2160 5137 duntaxat
2183 5079 2512 5134 utilitatibus
2533 5080 2814 5134 nobiscum
2844 5081 3046 5149 pariter
3075 5079 3470 5132 celebratumm

1900 5185 2191 5227 occurrere
2239 5167 2534 5236 iussimus,
2588 5177 2644 5222 et
2685 5177 2845 5222 'tuam
2897 5167 3052 5220 nobis
3101 5164 3470 5232 contempsisti

1901 5245 2259 5329 praesentiam
2321 5258 2628 5322 exhibere;
2705 5271 2850 5310 nunc
2911 5255 3094 5310 multis
3157 5254 3474 5310 criminibus

1904 5349 2208 5410 irretitum,
2258 5347 2660 5413 multorumque
2712 5344 2990 5400 hominum
3039 5341 3474 5398 accusationibus

1903 5439 2191 5495 horrendis
2230 5437 2570 5505 impetitum,
2616 5444 2670 5490 et
2708 5435 2980 5505 praecipue
3019 5431 3309 5488 manifesto
3346 5446 3472 5500 per-

1897 5531 2042 5602 jurio
2071 5543 2193 5585 esse
2222 5527 2512 5598 pollutum,
2544 5535 2902 5595 agnoscentes
2921 5564 2936 5590 ,
2967 5525 3071 5579 hac
3101 5522 3352 5578 secunda:
3384 5535 3475 5574 vo-

1901 5622 2132 5679 cationis
2174 5630 2374 5674 nostra:
2420 5617 2745 5672 auctoritate
2788 5616 2853 5671 ad
2905 5614 3266 5670 venerabilem
3312 5627 3472 5682 syno-

1903 5718 2028 5772 dum
2053 5755 2068 5783 ,
2093 5727 2286 5784 quam,
2319 5709 2428 5766 Deo
2458 5709 2690 5776 favente,
2714 5716 2905 5764 octavo
2931 5705 3199 5768 Kalendas
3223 5701 3472 5770 Octobris
