4026 6308
567 367 671 426 935

1841 357 2126 417 JOANNIS
2164 357 2363 418 ΡΜ)Ᾰέ
2398 359 2508 418 Vlil
2591 359 2594 362 ’

3711 365 3806 422 εδδ

567 483 762 539 futurae
794 482 995 552 quintze
1032 479 1256 533 decimae
1289 475 1616 539 indictiouis,
1654 475 1857 530 erimus
1889 476 2133 531 celebra-
2161 480 2206 538 Α
2237 477 2320 529 his
2347 474 2680 545 apostolatus
2715 475 2882 530 nostri
2929 475 3123 532 litteris
3160 475 3318 532 vobis
3340 475 3638 546 iubemus,
3666 486 3724 530 et
3744 492 3808 535 ex

567 574 674 627 turi
695 613 711 637 ,
739 573 882 627 omni
911 571 1196 625 occasione
1223 567 1307 622 vel
1337 583 1484 620 mora
1516 568 1838 637 postposita,
1873 584 1979 622 una
2005 583 2133 622 cum

569 663 818 717 omnibus
845 659 1194 730 sull‘ragancis
1224 659 1328 712 tuis
1353 658 1618 727 episcopis
1647 657 1832 710 venire
1857 657 2134 727 jubemus,

570 763 832 822 quatenus
857 752 927 806 ibi
959 766 1140 804 coram
1171 751 1412 804 fraterno
1439 759 1495 802 et
1523 749 1816 803 venerabili
1848 749 2135 818 episcolto-

570 858 689 897 rum
717 849 858 895 coetu
875 881 889 903 ,
916 857 1015 910 pro
1035 841 1286 894 omnibus
1311 840 1403 894 tibi
1428 838 1658 908 objectis
1683 840 1785 893 rite
1807 840 2131 894 examinatis

569 948 663 989 ore
688 935 906 1004 proprio
927 933 1102 986 valeas
1128 933 1450 1001 respondere
1469 940 1522 985 et
1545 939 1596 985 te
1621 931 1894 985 innoxium
1921 932 2138 984 demon-

566 1035 782 1090 strare;
817 1041 938 1078 nam
967 1026 1010 1078 si
1043 1025 1218 1094 aliqua
1273 1025 1577 1078 temeritate
1609 1025 1876 1086 tumidus,
1913 1024 1996 1077 vel
2048 1025 2135 1077 in-

569 1115 887 1169 obedientia:
913 1114 1143 1170 stimulis
1165 1121 1360 1178 motus,
1381 1115 1769 1168 bancnostram
1788 1114 2135 1182 apostolicam

566 1214 625 1258 ct
658 1207 970 1260 canonicam
1008 1205 1341 1258 vocationem
1369 1245 1382 1266 ,
1418 1220 1582 1272 quam
1624 1205 1714 1257 tibi
1737 1205 2003 1272 primitus
2039 1219 2135 1273 per

570 1294 866 1358 Deltonem,
889 1310 981 1348 seu
1005 1304 1059 1349 et
1076 1296 1236 1347 modo
1258 1309 1353 1364 per
1372 1294 1633 1350 Joannem
1655 1294 1953 1350 Callenscm
1979 1310 2139 1349 vene-

569 1386 769 1439 rabiles
787 1388 1064 1456 episcopos
1091 1387 1407 1450 direximus,
1432 1382 1884 1455 parvipendcndo,
1909 1389 1974 1440 ad
2004 1403 2139 1457 pra:-

565 1473 732 1529 -l'atam
759 1476 1019 1545 synodum
1046 1476 1230 1529 venire
1255 1476 1665 1543 contempseris,
1695 1475 1837 1529 scias
1863 1490 1962 1544 pro
1989 1484 2138 1530 certo

567 1565 820 1632 quoniam
859 1566 1002 1618 omni
1047 1573 1096 1618 te
1135 1566 1513 1619 counnunione
1552 1566 1916 1620 ecclesiastica
1955 1567 2139 1636 priva-

570 1657 779 1719 bimus,
825 1666 880 1710 et
925 1657 1176 1724 fugiendo
1227 1665 1330 1710 tua:
1378 1657 1738 1711 damnationis
1777 1658 2133 1721 sententiam,

571 1750 754 1818 tuique
780 1750 1000 1804 honoris
1041 1750 1265 1819 patieris
1299 1750 1591 1820 iacturam.
1626 1749 1758 1804 Data
1788 1766 1840 1804 vt
1869 1749 2136 1806 Kalendas

567 1837 827 1909 Augusti,
861 1839 1155 1895 indictione
1181 1856 1295 1892 xiv.

1169 1947 1339 2002 CCCX
1353 1947 1532 2002 XVIII.

962 2053 1030 2091 AD
1067 2054 1310 2092 CABOIJJM
1352 2053 1750 2094 IMPERATORI-3)].

1174 2127 1351 2194 (Anno
1393 2126 1540 2194 88L)

571 2215 782 2271 Petrum
819 2227 864 2269 et
909 2214 1223 2268 Zachariam
1265 2214 1460 2283 legatos
1497 2215 1566 2267 ad
1593 2232 1709 2268 eum
1741 2216 1933 2280 mittit;
1978 2206 2138 2269 causa

638 2286 930 2367 corrigendi
955 2284 1094 2338 mala
1113 2325 1127 2350 ,
1157 2301 1273 2355 qua:
1313 2301 1366 2338 se
1385 2325 1400 2350 ,
1440 2301 1500 2337 eo
1539 2296 1810 2354 regnante,
1837 2300 2137 2355 perpessum

635 2369 888 2424 queritur.

638 2465 852 2519 (ἰΑῐιοιο
879 2464 1212 2534 imperatori.

637 2555 773 2621 Quia
796 2570 935 2609 nunc
953 2559 1140 2610 eadem
1164 2555 1414 2610 omnibus
1433 2553 1608 2618 vobis,
1627 2553 1738 2620 jam
1768 2554 1878 2609 Deo
1905 2555 2137 2622 favente,

565 2660 662 2714 per
693 2646 1008 2699 humilitatis
1037 2655 1237 2699 nostra:
1270 2644 1499 2698 cilicium
1531 2647 1910 2714 regnantibus,
1940 2648 2136 2717 ubique

566 2735 799 2802 patimur
845 2745 900 2788 et
944 2737 1270 2789 sustinemus
1312 2737 1733 2804 adversa,'qu:e
1775 2745 1899 2790 ante
1943 2749 2138 2792 vestrae

568 2824 858 2893 imperialis
880 2824 1060 2893 gloria:
1085 2823 1483 2892 provectioucm
1509 2841 1604 2880 nos
1625 2825 1944 2880 sustinuisse
1967 2828 2138 2894 queli-

567 2915 652 2965 die
684 2913 1052 2976 recordamur,
1078 2913 1161 2965 his
1191 2913 1519 2979 apostolatus
1551 2913 1720 2966 nostri
1769 2915 2010 2982 apicibus
2050 2911 2138 2968 'dio

567 3002 751 3061 rectis,
785 3001 1001 3068 dignum
1031 3001 1282 3053 duximus
1321 2999 1598 3069 Augustali
1633 3003 1912 3054 serenitati
1948 3011 2139 3057 vestra:

567 3106 664 3162 pro
689 3090 917 3142 utilitate
961 3105 1024 3143 ac
1068 3089 1346 3159 multiplici
1381 3090 1701 3144 necessitate
1727 3091 1982 3146 Ecclesiae
2013 3094 2136 3146 nui-

2233 565 2554 618 auctoritate
2586 565 2676 618 Dei
2703 573 2759 617 et
2801 565 2944 619 beati
2974 565 3113 620 Petri
3149 565 3518 634 apostolorum
3547 566 3810 636 principis

2233 664 2288 708 et
2320 664 2504 708 nostra
2525 655 2896 723 prmeipimus,
2931 665 2989 708 ut
3030 671 3217 709 outnes
3246 671 3342 709 vos
3391 657 3460 708 ab
3506 656 3656 708 illius
3684 672 3812 710 con-

2235 746 2468 799 sortioct
2483 741 2856 799 eoutmunione
2878 747 3051 799 modis
3071 747 3322 800 omnibus
3336 747 3634 814 separetis.
3651 748 3810 802 donec

2236 852 2332 906 per
2355 846 2553 890 nostra:
2576 837 2879 906 apostolica:
2905 838 3264 892 miserationis
3284 837 3548 901 ollicium,
3565 839 3640 892 ab
3664 839 3809 905 hujus

2235 929 2812 1007 excommunicatiouis
2853 929 3065 984 vinculo
3092 945 3214 983 eum
3257 930 3638 999 coguoveritis
3665 931 3809 984 abso-

2236 1019 2406 1071 lutum
2430 1018 2679 1073 existere.
2709 1019 3022 1089 Quicunque
3048 1030 3226 1074 autem
3255 1021 3301 1073 ei
3329 1031 3459 1073 aute
3481 1021 3806 1074 audientiam

2236 1115 2291 1160 ct
2319 1107 2708 1172 absolutionem
2751 1119 2990 1162 nostram
3021 1109 3362 1177 aliquatenus
3405 1109 3812 1163 communicare

2235 1199 2669 1274 priesutnpserit,
2719 1198 2906 1253 eodem
2953 1199 3530 1253 excommunicationis
3593 1197 3809 1265 laqueo,

2237 1281 2533 1342 secundum
2561 1298 2868 1342 sanctorum
2901 1288 3118 1342 Patrqu
3143 1289 3544 1342 institutionem
3563 1330 3580 1350 ,
3607 1297 3810 1342 maneat

2239 1375 2512 1438 irretitus,
2546 1377 2874 1445 usquedum
2905 1391 2934 1428 a
2985 1377 3138 1430 nobis
3179 1376 3340 1429 fuerit
3387 1375 3811 1430 misericorditer

2237 1465 2535 1519 absolutus.
2552 1465 2684 1519 Data
2703 1466 2900 1520 mensis
2919 1464 3167 1521 Octobris
3185 1465 3272 1520 die
3292 1473 3510 1535 quarta,
3526 1463 3812 1519 iudietime

2235 1551 2549 1630 duodecima
2568 1555 2807 1628 {decima
2840 1555 3072 1628 quinta].

2871 1667 3172 1725 CCCXXX.

2622 1775 2694 1815 ΔΙ)
2731 1776 2932 1816 ωιιοιυ
2941 1778 2974 1815 Ι
3015 1775 3415 1817 ΙΒΡΕΕΛΤΟΒΕΙ.

2855 1853 3030 1920 (Auno
3058 1854 3152 1908 88l
3167 1853 3206 1922 .)

2239 1938 2551 1998 Gratulatur
2573 1943 2636 1997 de
2657 1943 2771 2013 ejus
2800 1945 3121 1997 observantia
3144 1961 3266 2013 erga
3301 1944 3594 1998 Romanam
3625 1945 3802 2000 Eccle-

2309 2014 2441 2082 siam
2468 2029 2488 2067 :
2518 2013 2728 2067 lictatur
2757 2015 2924 2082 ipsum
2959 2013 3256 2066 Ravennam
3283 2016 3464 2067 renire
3501 2017 3638 2077 relle,
3663 2027 3712 2066 ut
3741 2018 3804 2067 de

2311 2081 2559 2136 Ecclesia:
2585 2093 2630 2136 et
2662 2081 2861 2149 imperii
2889 2093 3024 2136 statu
3052 2093 3172 2152 agat
3197 2099 3216 2137 :
3247 2094 3394 2154 rogat
3424 2095 3485 2138 ut
3535 2098 3655 2138 ante
3678 2087 3804 2137 diem

2307 2168 2459 2221 quem
2483 2154 2828 2222 prwstituerat
2853 2158 3084 2206 accedat.

2308 2262 2388 2316 Ad
2409 2263 2815 2333 imperatorem.

2309 2351 2560 2422 Receptis
2589 2355 2895 2410 serenitatis
2923 2364 3112 2410 vestrae
3135 2354 3330 2409 litteris
3351 2363 3520 2424 atque
3544 2356 3808 2425 perlectis,

2235 2455 2305 2495 ac
2336 2440 2478 2495 sicut
2509 2442 2661 2498 nobis
2696 2458 2794 2512 per
2822 2443 3083 2499 Joannem
3120 2444 3564 2500 Venticinensem
3609 2449 3808 2516 episco-

2238 2546 2364 2601 pum
2403 2534 2726 2588 verbotenus
2775 2534 3099 2599 mandastis,
3147 2536 3271 2605 quia
3319 2538 3683 2604 cognovimus
3725 2551 3809 2590 vos

2240 2623 2496 2680 honorem
2521 2634 2719 2680 sancta:
2756 2625 3008 2680 Romana:
3037 2627 3290 2681 Ecclesia:
3319 2630 3518 2682 matris
3544 2637 3738 2683 vestrm
3762 2637 3812 2683 et

2241 2716 2464 2770 salutem
2496 2724 2652 2770 terrze
2681 2717 2846 2787 ipsius
2887 2725 2999 2771 toto
3039 2719 3321 2772 conamine
3359 2719 3501 2774 velle
3537 2721 3808 2788 perlicere,

2240 2807 2572 2860 exsultantes
2615 2821 2799 2860 sumus
2829 2807 3224 2877 animo‘gavisi.
3266 2807 3443 2862 Porro
3487 2810 3627 2863 sicut
3665 2825 3814 2862 man-

2242 2896 2410 2948 dastis
2439 2904 2494 2949 ιιι
2524 2896 2610 2949 die
2637 2896 3021 2965 purifieationis
3049 2897 3217 2950 beata:
3249 2897 3432 2952 Maria:
3462 2913 3678 2967 semper
3707 2899 3811 2950 vir-

2241 2989 2378 3058 ginis
2427 2990 2690 3042 [iuvenum
2717 2988 2995 3042 venientes
3022 2987 3179 3042 simul
3219 2989 3497 3058 conjuncti
3529 2989 3813 3042 fuissemus

2243 3096 2339 3150 pro
2384 3080 2450 3133 ad
2497 3079 2969 3143 considerandum,
2999 3094 3119 3132 cum
3167 3079 3257 3132 Dei
3313 3079 3546 3141 auxilio,
3587 3088 3641 3132 et
3689 3094 3814 3147 per-

565 3177 824 3242 versalis,
865 3178 952 3230 cui
984 3193 1079 3246 per
1129 3177 1217 3231 Dei
1252 3179 1480 3247 gratiam
1510 3179 1888 3246 praesidentes,
1934 3197 2132 3251 sugge-

2238 3169 2498 3237 agcndum
2545 3167 2841 3236 profectum
2873 3177 3073 3222 sanctae
3110 3167 3200 3221 Dei
3231 3167 3509 3229 Ecelesiaz,
3538 3177 3592 3222 et
3614 3177 3810 3222 statum

569 3259 718 3331 rere,
769 3277 928 3335 atque
975 3268 1247 3336 cognitum
1278 3268 1602 3322 omnimodis
1645 3271 1850 3334 facere,
1879 3275 2133 3339 quoniam

567 3356 870 3416 secundum
887 3369 1170 3408 commune
1186 3355 1441 3424 placitum
1461 3364 1622 3424 atque
1646 3358 1918 3412 decretum
1936 3359 2137 3413 direxi-

563 3456 688 3498 mus
711 3443 960 3508 Petrum,
991 3445 1252 3514 insignem
1283 3445 1463 3514 palatii
1492 3447 1694 3509 nostri,
1733 3463 1892 3517 super
1920 3449 2017 3502 ista
2044 3452 2136 3503 de-

562 3532 810 3587 liciosum
842 3534 1212 3586 consiliarium
1232 3544 1498 3599 nostrum,
1527 3551 1971 3606 communemque
2001 3538 2134 3593 lide-

564 3623 700 3689 lem,
733 3640 853 3677 eum
887 3623 1146 3678 Zacharia
1178 3625 1466 3680 venerabili
1490 3627 1740 3697 episcopo
1767 3637 1820 3682 et
1850 3630 2135 3686 bibliothe-

561 3713 717 3765 cario
768 3712 912 3766 sedis
958 3722 1185 3777 nostra,
1231 3729 1327 3782 pro
1375 3716 1808 3782 recipiendisde
1852 3721 2134 3786 omnibus,

565 3801 684 3872 'qua:
730 3801 992 3856 hactenus
1035 3817 1316 3872 perperam
1365 3817 1486 3858 acta
1530 3803 1773 3872 fuerant,
1810 3806 2035 3875 justitiis
2083 3820 2138 3866 et

561 3891 1031 3947 emendationibus
1049 3933 1063 3956 ,
1087 3909 1150 3946 ac
1171 3909 1270 3963 pro
1293 3895 1458 3948 totius
1492 3903 1647 3949 terrae
1674 3895 1731 3949 S.
1763 3897 1906 3952 Petri
1941 3901 2135 3968 salute,

563 3981 903 4052 pristinaque
933 3985 1308 4051 restitutione;
1335 3995 1600 4055 quatenus
1622 3989 1674 4040 in
1699 3992 1982 4056 praesentia
2007 3994 2134 4047 mis-

565 4083 748 4123 surum
789 4083 1086 4126 vestrorum
1120 4089 1182 4128 ea
1216 4091 1336 4143 quae
1367 4078 1672 4131 necessario
1719 4082 2054 4136 emendanda
2085 4093 2139 4138 et

566 4162 881 4232 corrigenda
923 4172 1108 4229 erant,
1151 4164 1274 4232 jure
1321 4165 1562 4234 legitimo
1616 4169 2036 4239 corrigerentur,
2079 4183 2139 4228 ut

567 4258 678 4305 tam
709 4251 1020 4309 diuturnum
1047 4254 1247 4310 malum
1283 4255 1442 4311 finem
1476 4258 1765 4328 acciperet.

1192 4362 1509 4419 CCCXXIX.

1133 4468 1200 4508 ΔΙ)
1250 4469 1486 4508 ωνεΝΝΑ
1495 4471 1610 4512 τῖε.

1164 4542 1341 4613 (Auno
1383 4543 1530 4614 881.)

564 4634 811 4707 Prwcipit
846 4645 902 4689 ut
929 4652 982 4710 se
1025 4653 1064 4710 a_
1106 4634 1420 4710 Ravennatis
1452 4638 1824 4706 archiepiscopi
1853 4639 1904 4693 in
1936 4658 2132 4710 synoao

635 4705 1064 4781 excommunicati
1124 4708 1482 4781 communione
1539 4720 1810 4776 separent,
1869 4705 2133 4781 quousque

627 4791 752 4828 cum
768 4775 1066 4827 absolutum
1093 4777 1439 4844 cognoverint.

633 4886 896 4944 Omnibus
916 4885 1312 4941 venerabilibus
1331 4888 1702 4944 sacerdotibus
1725 4900 1778 4944 et
1803 4891 1948 4946 clero
1972 4899 2133 4963 atque

557 4975 830 5030 universis
855 4971 1120 5042 iudicibus
1140 4975 1440 5043 populoque
1467 4976 1800 5032 Ravennati.

635 5067 804 5122 Nosse
845 5065 1090 5120 volumus
1126 5065 1436 5120 ﬁdelitatem
1482 5079 1537 5122 et
1585 5072 1994 5128 unanimitatem
2045 5091 2134 5130 ve-

565 5168 732 5213 stram
761 5157 885 5226 quia
916 5156 1219 5210 Romauum
1258 5157 1721 5229 archiepiscopum
1765 5173 2002 5218 vestrum
2037 5181 2133 5233 pro

560 5243 786 5321 perjurii
811 5258 961 5302 reatu
990 5246 1272 5301 manifeste
1299 5246 1557 5316 pollutum
1577 5291 1590 5313 ,
1619 5250 1848 5319 aliisque
1887 5253 2134 5310 nefandis

562 5340 881 5395 criminibus
928 5339 1257 5408 impetitum,
1289 5348 1346 5393 et
1391 5337 1592 5393 idcirco
1635 5342 1702 5395 ad
1734 5344 1996 5414 synodum
2034 5360 2133 5415 pro

563 5430 646 5488 sui
671 5429 986 5501 purgatione
1012 5439 1258 5488 vocatum
1280 5470 1294 5492 ,
1329 5438 1616 5484 occurrere
1665 5442 2129 5499 contemnentem,

563 5523 706 5577 onmi
733 5520 1096 5580 ecclesiastita
1119 5521 1492 5576 communione
1522 5538 1625 5575 una
1651 5537 1775 5577 cum
1817 5535 2018 5579 sanctae
2043 5541 2131 5597 sy-

563 5615 687 5667 nodi
713 5613 931 5668 decreto
959 5614 1316 5683 privat-imus,
1346 5621 1623 5685 quousque
1653 5631 1804 5670 suam
1839 5618 2130 5687 specialem

561 5704 825 5760 studuerit
871 5707 1024 5761 nobis
1057 5707 1313 5761 exhibere.
1358 5710 1719 5775 pra-sentiam.
1771 5709 2130 5778 Quamobrem

2235 3259 2442 3327 imperii
2472 3258 2671 3321 vestri;
2706 3272 2804 3312 nos
2833 3266 3011 3312 autem
3040 3268 3093 3312 et
3120 3259 3222 3313 hoc
3247 3259 3432 3312 libenti
3463 3260 3646 3311 animo
3677 3260 3811 3311 reci-

2234 3349 2465 3417 pientes,
2496 3347 2739 3401 volumus
2768 3355 2962 3415 quarto
2991 3347 3076 3401 die
3101 3355 3224 3400 ante
3243 3347 3353 3416 jam
3380 3349 3586 3401 dictam
3619 3348 3814 3401 festivi-

2237 3447 2400 3492 tatem
2426 3455 2517 3491 vos
2548 3439 2618 3492 ibi
2649 3442 2857 3504 adesse,
2889 3440 3013 3509 quia
3043 3448 3097 3492 et
3127 3455 3225 3494 nos
3253 3441 3326 3493 ita
3355 3440 3814 3493 desideratissime

2234 3530 2478 3599 cupimus
2503 3529 2778 3584 vobiscum
2811 3530 2969 3584 simul
2998 3530 3278 3600 conjungi,
3308 3537 3364 3583 et
3403 3539 3650 3584 vestram
3689 3529 3817 3599 peti-

2237 3618 2432 3671 tionem
2484 3617 2711 3679 libenter
2754 3619 3066 3688 adimplere,
3110 3621 3190 3685 si,
3245 3621 3472 3674 Domino
3521 3632 3808 3684 annuente,

2236 3709 2437 3764 sanitas
2467 3710 2710 3779 corporis
2744 3709 3000 3764 divinitus
3044 3725 3298 3765 concessa
3349 3711 3534 3764 fuerit.
3581 3711 3650 3764 Et
3681 3727 3812 3779 quo-

2237 3800 2402 3862 niam,
2435 3799 2572 3853 sicut
2593 3799 2915 3866 audivimus,
2954 3816 3048 3856 vos
3078 3800 3312 3855 laborem
3345 3812 3511 3870 atque
3539 3811 3811 3856 certamen

2236 3905 2334 3960 pro
2366 3890 2724 3944 Ecclesiarutn
2757 3890 2848 3944 Dei
2892 3901 3034 3945 statu
3076 3900 3129 3945 et
3170 3891 3378 3961 imperii
3408 3891 3584 3945 vestri
3614 3891 3813 3945 incolu-

2237 3978 2450 4044 mitate,
2483 3989 2644 4048 atque
2692 3982 2959 4034 communi
3003 3980 3431 4035 Christianorum
3467 3982 3676 4044 salute,
3727 3984 3812 4051 pio

2235 4067 2427 4122 all'ectu
2459 4069 2652 4138 cupitis
2681 4069 2941 4138 perﬁcere
2962 4110 2977 4133 ,
3009 4071 3092 4124 Itis
3138 4071 3469 4141 apostolatus
3511 4073 3686 4124 nostri
3729 4074 3811 4124 lit-

2234 4156 2367 4212 teris
2399 4159 2749 4214 admonemus
2788 4169 2842 4212 et
2867 4161 3217 4214 exhortamur
3243 4169 3301 4213 ut
3345 4163 3516 4230 magis
3545 4178 3610 4215 ac
3640 4163 3812 4230 magis

2233 4245 2291 4302 in
2347 4250 2448 4303 hoc
2477 4259 2654 4304 vestra
2700 4251 2988 4320 imperialis
3033 4252 3336 4306 sollicitudo
3384 4252 3618 4322 proficiat
3652 4271 3664 4304 :
3696 4254 3804 4306 hoc

2238 4338 2460 4410 gloriam
2492 4341 3106 4396 vestram'obsecramus
3151 4353 3205 4395 et
3253 4341 3666 4411 magnitudinem
3710 4357 3810 4395 ve-

2243 4437 2406 4480 stram
2431 4437 2489 4479 ut
2515 4442 2634 4480 cum
2658 4427 2709 4480 in
2737 4428 2834 4481 has
2861 4438 3043 4496 partes
3071 4429 3254 4482 venire
3282 4430 3573 4497 coeperitis,
3596 4428 3812 4499 Suppo-

2159 4489 2211 4550 D
2239 4535 2358 4573 nem
2389 4520 2678 4590 gloriosum
2719 4520 2970 4574 comitem
3014 4529 3068 4576 et
3111 4535 3455 4575 communem
3481 4518 3691 4574 ﬁdelem
3721 4535 3810 4572 vo-

2236 4611 2444 4666 biscum
2482 4610 2930 4679 venirejubeatis.

2861 4723 3031 4777 CCCX
3043 4723 3178 4776 XXI.

2315 4829 2384 4867 AD
2421 4830 2762 4870 WILIBEBTUH
2803 4831 3249 4870 ARCIIIEI'ISCOPUM
3285 4831 3734 4873 AGBIPPISEKSEI.

2835 4909 2894 4975 (Α
2904 4924 3009 4962 ntto
3054 4908 3201 4972 58:1.)
3255 4931 3257 4934 ·

2237 4993 2572 5070 Commendat
2615 4997 2727 5064 ejus
2771 4999 3118 5066 vigilantiam,
3159 5010 3204 5051 et
3233 4999 3588 5067 presbyterum
3627 5017 3810 5070 quem-

2306 5066 2428 5117 dam
2453 5070 2974 5129 excommunicatum,
3001 5085 3135 5140 nunc
3155 5070 3314 5140 ipsius
3335 5066 3810 5140 tebtimom'o'longa

2303 5151 2418 5206 pten
2443 5141 2601 5188 tentia
2635 5147 2934 5205 purgatum,
2963 5137 3075 5206 ejus
3114 5139 3346 5206 precibus
3391 5149 3685 5192 commotus
3721 5137 3813 5192 ab-

2305 5204 2478 5268 solvit,
2522 5216 2569 5258 et
2607 5204 2918 5260 sacerdotali
2961 5204 3246 5260 ministerio
3292 5208 3565 5259 restituit:
3594 5223 3810 5262 camus

2306 5273 2558 5327 Gedeouis
2587 5275 2812 5328 adulteri
2838 5276 2886 5328 ei
2911 5277 3199 5337 committit,
3226 5286 3281 5328 ut
3313 5277 3629 5330 sententiast
3649 5294 3813 5332 mno-

2305 5344 2418 5396 nice
2448 5345 2600 5406 ferat.

2306 5435 2772 5490 lieverendissimo
2819 5445 2874 5490 et
2927 5437 3266 5493 sanctissimo
3313 5437 3672 5494 \VILLIBERTO
3715 5452 3807 5494 ar.-

2233 5527 2574 5596 cltiepiscopo
2598 5526 2988 5598 Agrippinensi.
3034 5512 3036 5515 I
3517 5583 3520 5586 λ

2303 5605 2576 5669 Almitatis
2619 5625 2728 5679 tuae
2776 5616 3111 5684 prudentiam
3162 5615 3480 5672 sacerdotali
3532 5615 3808 5686 vigilantia

2233 5723 2330 5779 pro
2362 5708 2538 5779 gregis
2574 5707 2834 5763 DOII’IIIIICI
2866 5707 2968 5780 sibi
2998 5709 3284 5772 commissi
3315 5707 3512 5778 salute,
3543 5719 3709 5779 atque
3741 5707 3808 5764 de
