4026 6308
228 386 334 464 9a

1445 397 1804 459 EPISTOLE
1848 398 1934 455 ET
1964 396 2309 458 DECRETA.

2570 346 2591 371 ιιι

3362 398 3467 456 938

224 524 386 578 fauce
408 518 579 576 hostis
601 517 838 587 maligni,
880 515 975 599 qui
998 528 1213 586 semper
1248 514 1467 569 incauto
1492 515 1560 568 ad
1585 520 1802 567 aeternae
1828 519 1883 573 Α
1902 510 2030 580 psit.
2061 506 2168 565 Vos
2210 517 2421 599 tamen,
2472 520 2757 576 rogamus,
2790 514 2899 599 tam
2941 514 3159 599 strenue
3200 507 3365 579 agite,
3411 521 3472 566 ut

224 612 421 669 mortis
445 609 708 680 profunda
734 608 1047 677 pertrahere
1066 607 1223 662 avide
1243 613 1434 668 certat,
1459 602 1798 666 liberatione,

220 703 376 771 juxta
403 699 673 772 pastorale
695 697 1061 767 magisterium
1082 694 1396 751 reverentiae
1422 704 1526 749 tua:
1544 693 1801 749 divinitus

224 793 531 864 delegatum
562 790 847 847 sollicitam
882 788 1018 853 fore,
1068 788 1262 844 litteris
1306 787 1500 842 vestris
1544 784 1801 856 inspectis

223 884 529 940 hiculenter
572 889 923 952 agnoscentes
972 879 1250 934 laudamus
1274 917 1289 943 ,
1322 892 1451 933 cum
1494 874 1802 947 apostolicae

221 978 374 1034 sedis
412 974 754 1046 privilegium
786 971 1084 1043 perspicaci
1114 970 1309 1025 mentis
1344 969 1543 1025 intuitu
1579 980 1801 1023 conser-

222 1065 403 1122 vando
427 1066 568 1119 hunc
593 1071 698 1117 tua:
721 1061 1016 1117 diteceseos
1038 1060 1433 1130 presbyterum,
1462 1059 1689 1114 nomine
1702 1056 1811 1112 Tal

225 1155 430 1226 (aliqua
450 1153 680 1220 desunt),
708 1150 1027 1223 lngeltrudze
1046 1150 1272 1204 Bosonis
1288 1149 1559 1217 quondam
1587 1148 1802 1204 comitis

223 1248 382 1301 uxori
417 1254 588 1299 torum
625 1242 957 1312 conjugalem
979 1283 994 1306 ,
1032 1248 1222 1295 contra
1260 1240 1455 1294 divinat
1489 1238 1622 1311 legis
1656 1253 1798 1308 pne-

223 1350 382 1409 cepta
411 1335 756 1406 relinquenti.
806 1334 873 1389 Et
900 1334 1101 1389 idcirco
1143 1332 1212 1386 ab
1245 1340 1585 1386 antecessore
1615 1338 1800 1385 nostro

222 1432 399 1486 beatae
445 1428 717 1484 memoria:
746 1440 881 1496 papa
912 1423 1132 1480 Nicolao
1160 1423 1395 1495 legitime
1430 1422 1801 1477 excommunio

220 1532 407 1578 catum
455 1518 753 1588 improvide
805 1516 1234 1572 communicasse
1288 1512 1593 1583 reperiens,
1643 1526 1798 1566 sacra

216 1609 334 1679 jam
360 1608 486 1663 olim
516 1604 896 1663 communione
934 1603 1181 1674 prlvasti.
1215 1601 1385 1669 Quem
1415 1600 1645 1663 scilicet,
1676 1614 1798 1654 cum

222 1707 333 1753 tuae
358 1695 533 1751 ﬁdelis
564 1695 865 1750 devotionis
902 1693 1248 1749 attestatione
1275 1699 1462 1748 nostro
1488 1690 1798 1760 praesulatui

222 1789 484 1861 dirigens,
525 1785 804 1856 professus
841 1801 902 1841 es
946 1800 1044 1856 per
1090 1798 1261 1838 annos
1296 1781 1543 1838 undecim
1597 1781 1797 1838 illatam

1872 644 1878 649 .
1899 599 2052 654 vobis
2080 600 2284 670 gratias
2315 596 2632 664 referamus,
2655 604 2713 652 et
2730 596 2936 667 majora
2957 597 3110 653 vobis
3130 598 3471 657 committere

1866 672 1876 693 ¹
1900 686 2208 755 invitamur.

2436 775 2914 833 CCCXXXHI.

2164 883 2232 924 ΔΙ)
2269 883 2574 924 ιιειῐλειει
2611 883 2788 924 REGE!
2825 882 3199 926 υυιαιιιοιῠι.

2511 961 2688 1034 (Anno
2707 960 2858 1032 882.)

1901 1048 2163 1108 Hortatur
2185 1062 2241 1107 ut
2254 1053 2324 1108 ad
2337 1053 2491 1121 ﬁdem
2511 1062 2561 1109 et
2582 1052 2927 1107 obedientiam
2952 1053 3203 1111 Romana:
3219 1054 3473 1112 Ecclesia

2334 1122 2509 1176 redeat
2538 1132 2585 1176 et
2617 1121 2811 1192 legatos
2836 1125 3030 1177 titillat.

1971 1230 2231 1287 MICIIAELI
2270 1233 2381 1303 regi
2409 1226 2799 1303 Bulgarorum.

1970 1322 2103 1378 Cum
2146 1339 2250 1377 non
2280 1333 2387 1377 tant
2421 1323 2572 1377 initia
2611 1324 2720 1379 sint
2757 1325 3275 1381 inhonislaudanda
3305 1345 3467 1399 qttam

1901 1411 2045 1479 linis,
2075 1415 2182 1469 Deo
2220 1414 2572 1485 omnipotenti
2604 1408 2797 1470 [actori
2822 1417 3068 1471 otnnium
3098 1417 3390 1473 visibilium
3415 1428 3473 1473 et

1901 1506 2248 1560 invisibilium
2280 1508 2492 1577 gratias
2522 1506 2751 1578 agimus,
2779 1504 2869 1576 qui
2896 1514 3132 1563 vestrum
3158 1510 3295 1566 bene
3337 1510 3471 1565 velle

1903 1597 2164 1651 hactenus
2216 1597 2269 1651 in
2311 1597 2584 1653 soliditate
2634 1612 2775 1654 vera:
2828 1599 2950 1654 ﬁdei
2991 1601 3256 1667 solidavit,
3302 1612 3357 1658 et
3386 1603 3473 1659 sui

1902 1695 2197 1740 amatorem
2254 1684 2511 1751 clliciens,
2562 1698 2815 1758 tanquam
2854 1705 2911 1744 re
2956 1706 3084 1745 vera
3122 1708 3189 1746 ex
3237 1695 3474 1756 tenebris

1901 1766 2028 1829 olim
2056 1775 2240 1830 lumen
2268 1777 2647 1845 splendescere
2676 1778 2825 1844 fecit,
2852 1788 2909 1834 et
2931 1782 2997 1839 ad
3023 1782 3251 1838 salutem
3279 1784 3473 1838 multo-

220 1879 329 1935 sibi
358 1876 932 1934 excommunicationis
973 1876 1293 1932 sententiam
1324 1874 1601 1929 humiliter
1637 1873 1802 1929 susti-
1827 1861 1876 1920 Β
1904 1881 2022 1920 rum
2046 1868 2487 1939 benignissimum
2512 1884 2607 1925 cor
2629 1881 2867 1926 vestrum
2889 1875 3059 1942 gratia
3083 1890 3194 1949 sua:
3220 1877 3474 1946 potentia:

221 1969 411 2033 nuisse
446 1986 459 2022 :
489 1967 712 2038 etquod
749 1981 816 2022 ex
862 1964 1066 2035 polluto
1093 1964 1365 2019 consortio
1390 1961 1605 2017 feminae
1640 1976 1802 2016 vene-

219 2075 353 2137 num
382 2065 700 2123 attraxerat,
738 2058 896 2129 longa
928 2057 1258 2129 pmnitentiaa
1282 2053 1647 2110 satisfactione
1674 2069 1802 2124 pur-

218 2168 412 2224 gasse,
461 2168 491 2206 a
520 2149 732 2204 vinculo
759 2164 869 2204 sua:
909 2147 1250 2219 obligationis
1293 2155 1352 2201 ut
1400 2144 1800 2203 absolveremus

218 2239 513 2301 mandasti.
545 2237 654 2294 Nos
681 2253 810 2293 vero
858 2236 1241 2292 misericordia:
1271 2235 1502 2302 intuitu,
1549 2235 1801 2304 precibus

220 2331 334 2386 tuis
382 2329 652 2395 inclinati,
701 2328 904 2384 interni
944 2328 1226 2383 arbitrium
1257 2327 1456 2397 judicis
1490 2335 1799 2397 sequentes,

220 2423 295 2477 ab
320 2422 486 2491 ipsius
515 2419 1086 2476 excommunicationis
1116 2419 1351 2483 vinculo,
1376 2419 1423 2474 si
1447 2419 1519 2472 ita
1543 2427 1647 2483 est,
1674 2432 1799 2473 eum

219 2511 575 2578 absolvimus,
600 2520 655 2566 et
677 2495 851 2577 omne,
871 2506 1103 2565 cilicium
1126 2510 1209 2566 vel
1237 2510 1593 2566 ministerium
1621 2525 1801 2566 sacer-

217 2604 423 2668 dotale,
446 2602 597 2671 juxta
628 2603 1021 2673 przecedentem
1060 2602 1524 2667 consuetudinem,
1546 2600 1800 2671 jubemus

216 2699 536 2753 solemuiter
584 2714 647 2753 ac
693 2697 859 2752 libere
909 2711 1032 2751 cum
1085 2696 1297 2752 Domini
1348 2711 1562 2767 semper
1609 2697 1802 2752 timore

217 2803 498 2859 peragere.
521 2786 790 2842 Praeterea
817 2787 884 2842 de
915 2784 1185 2852 Gedeone,
1217 2783 1373 2855 cujus
1416 2799 1638 2841 uxorem
1676 2800 1799 2840 cum

216 2894 484 2950 germano
521 2878 678 2933 istius
722 2877 1043 2933 adulterium
1087 2887 1434 2950 perpetrasse
1470 2877 1686 2944 fateris,
1733 2892 1801 2932 ex

212 2979 379 3040 parte
431 2968 575 3023 dubii
626 2968 943 3035 existentes,
977 2978 1156 3023 utrum
1206 2983 1394 3023 verum
1430 2967 1501 3023 sit
1544 2967 1688 3038 quod
1733 2965 1802 3021 de

221 3060 330 3113 hoc
375 3058 571 3113 dicitur
601 3074 806 3123 necne,
839 3057 1112 3114 dilectioni
1162 3066 1266 3113 tua:
1318 3058 1705 3133 committimus
1744 3066 1803 3111 ut

216 3149 378 3203 omni
421 3166 486 3203 ex
518 3160 670 3221 parte
713 3148 1060 3220 diligentique
1085 3164 1235 3213 cura,
1266 3150 1340 3205 rei
1372 3149 1529 3218 hujus
1573 3150 1800 3206 veritate

216 3248 534 3309 comperta,
562 3238 690 3309 quid
733 3254 896 3309 super
941 3239 1045 3293 hoc
1090 3237 1574 3294 excellentissimus
1615 3239 1802 3294 doctor

219 3332 420 3386 beatus
449 3329 780 3400 Augustinus
820 3329 874 3384 in
898 3328 1057 3385 libris
1085 3328 1152 3385 de
1185 3328 1502 3385 adulterinis
1527 3328 1801 3401 Conjugiis

178 3438 189 3451 ν
220 3422 297 3477 ad
344 3420 660 3478 Pollentium
701 3420 928 3488 dixerit,
957 3420 1199 3492 quidque
1234 3421 1429 3477 beatus
1458 3420 1803 3478 Innocentius

220 3532 365 3588 papa
410 3516 665 3571 vicesimo
712 3522 865 3571 sexto
915 3513 1150 3585 capitulo
1201 3515 1449 3570 statuerit
1485 3514 1668 3586 (epist.
1707 3506 1809 3586 2),¹

227 3607 493 3678 relegens,
533 3607 826 3662 secundum
856 3605 1049 3661 borum
1095 3606 1427 3663 sanctionem
1459 3607 1534 3661 ita
1575 3604 1802 3663 diliinire

224 3705 517 3770 procuret;
546 3708 810 3767 quatenus
835 3696 1116 3751 animabus
1139 3712 1325 3751 eorum
1346 3712 1448 3767 per
1472 3686 1811 3767 pteniteniae

228 3789 470 3844 remedia
512 3789 786 3845 subveniri
818 3789 1004 3860 possit,
1037 3797 1091 3844 et
1132 3803 1359 3859 corpora
1388 3804 1486 3859 per
1532 3798 1636 3843 tuze
1671 3804 1800 3843 san-

225 3884 434 3938 ctitatis
458 3883 848 3954 providentiam
890 3883 1184 3940 secundum
1235 3883 1402 3937 Deum
1445 3881 1500 3937 in
1552 3881 1803 3939 omnibus

225 3977 551 4047 dirigantur.

850 4067 1193 4125 CCCXXX".

450 4174 519 4215 AD
554 4173 794 4226 LBONEI,
832 4174 1147 4216 LANDULFUI
1182 4173 1253 4213 B'I'
1289 4170 1587 4214 umbem.

844 4249 1020 4320 (Anno
1044 4247 1195 4321 882.)

228 4339 282 4396 Π
287 4351 304 4396 ι
331 4340 577 4397 Auxentii
598 4341 794 4465 ﬁlium,‘
820 4340 886 4396 ab
904 4340 1174 4464 ἇίειίηιιιίο
1212 4349 1459 4464 famam,
1485 4338 1628 4410 patri
1655 4338 1804 4393 reui-

801 4428 899 4465 uen
941 4428 1027 4465 um
1052 4427 1210 4465 curen
1237 4449 1254 4465 .

801 4427 1027 4465 uenaum
1052 4427 1254 4466 curent.

304 4498 469 4556 Lsom
511 4501 762 4572 episcopo
812 4501 1132 4572 Thienensi,
1178 4500 1306 4572 item
1355 4499 1639 4555 Lupum)
1685 4499 1802 4567 epi-

230 4586 418 4641 scopo,
454 4581 508 4626 et
544 4569 777 4627 [omnem
807 4571 1067 4641 gastaldio
1095 4572 1235 4639 patri
1261 4569 1397 4639 ejus.

307 4684 504 4739 Auditu
534 4683 750 4740 certiori
781 4663 1140 4754 comperimus
1166 4681 1306 4751 quod
1346 4679 1513 4734 lilium
1554 4678 1809 4735 Auxentii

230 4776 500 4848 Capuani,
542 4785 784 4831 nostrum
844 4775 1105 4831 duntaxat
1161 4773 1436 4844 proprium
1492 4772 1806 4837 hominem,

228 4866 530 4923 Attinnllns
553 4875 791 4937 caperet,
823 4874 878 4921 et
896 4882 1005 4921 non
1031 4866 1169 4920 bene
1196 4874 1434 4920 tractans
1460 4877 1582 4917 eum
1604 4862 1810 4916 violen-

234 4946 322 5013 ter
368 4968 606 5025 teneret,
650 4959 793 5030 quod
836 4957 1123 5013 admodum
1170 4957 1540 5012 admiramur:
1568 4962 1624 5010 et
1665 4954 1808 5023 quod

233 5050 344 5105 tale
372 5051 499 5121 quid
528 5048 932 5121 prtesumpserit
960 5063 1142 5118 agere,
1173 5048 1397 5103 moleste
1433 5047 1630 5117 quippe
1653 5061 1811 5101 acce-

230 5139 431 5209 pimus.
460 5138 611 5195 Unde
640 5141 791 5196 vobis
817 5140 985 5194 nostri
1027 5140 1356 5210 apostolatus
1399 5138 1595 5193 litteris
1637 5138 1813 5208 injun-

233 5246 367 5302 gere
394 5232 615 5302 dignum
647 5233 917 5296 duximus,
949 5242 1005 5285 ut
1045 5246 1261 5285 omnem
1308 5246 1527 5300 operam
1561 5231 1727 5295 detis,
1758 5237 1814 5285 et

232 5334 303 5374 ex
363 5329 550 5376 nostra
605 5329 756 5391 parte
810 5320 913 5390 ipsi
974 5318 1237 5374 Attinulfo
1300 5319 1487 5374 tandiu
1550 5312 1814 5374 insistatis

232 5422 514 5479 quousque
541 5410 790 5466 eumdem
814 5410 1064 5466 Auxentii
1086 5408 1277 5477 ﬁlium,
1307 5410 1580 5466 hominem
1606 5410 1813 5467 scilicet

234 5513 514 5570 nostrum,
548 5507 687 5576 patri
730 5521 829 5562 suo
867 5506 1073 5562 salvum
1121 5506 1400 5573 restituat,
1433 5517 1488 5561 et
1531 5521 1652 5562 cum
1700 5505 1814 5563 suis

233 5594 547 5651 hominibus
573 5595 762 5651 reddat
790 5595 1035 5652 illazsum.
1067 5596 1317 5667 Alioquin
1356 5598 1677 5653 sententiam
1717 5614 1813 5653 no-

233 5693 408 5741 stram
432 5687 663 5741 evadere
712 5702 817 5742 non
864 5688 1093 5757 poterit,
1125 5688 1215 5759 qui
1251 5697 1496 5745 nostrum
1541 5689 1812 5743 hominem

237 5789 352 5832 tam
396 5776 716 5847 simpliciter
744 5779 1113 5835 ambulantem
1140 5780 1376 5854 affligere
1421 5798 1527 5837 non
1576 5793 1813 5838 contexu-

479 5868 751 5929 Ps'rnoc.
800 5870 964 5932 CXX
980 5871 1080 5934 Vl.

1832 4561 1888 4622 Ι)

1901 1959 2211 2014 illustravit.
2261 1960 2368 2016 Sed
2410 1970 2466 2015 et
2514 1961 2641 2017 hinc
2689 1965 2959 2019 devotioni
3004 1974 3198 2022 vestrm
3252 1969 3474 2039 dignum

1898 2051 2152 2107 duximus
2179 2067 2447 2124 congruas
2472 2064 2655 2122 grates
2694 2056 2916 2123 referre,
2956 2058 3100 2128 quod
3125 2059 3322 2129 partim
3350 2060 3475 2117 linis

1898 2144 2151 2205 ostendit,
2200 2158 2361 2214 quam
2395 2145 2705 2201 ﬁdelitatem
2735 2162 2864 2218 erga
2895 2157 3138 2205 sanctam
3170 2151 3468 2208 Romanam

1899 2235 2196 2291 Ecclesiam
2221 2237 2460 2291 omnium
2484 2245 2750 2293 terrarum
2780 2249 3007 2305 matrem
3029 2251 3083 2296 et
3098 2252 3264 2313 caput
3287 2245 3475 2300 obser—

1898 2343 2030 2383 vare
2076 2328 2298 2384 curetis.
2331 2328 2464 2383 Cum
2507 2329 2647 2385 hanc
2674 2337 2729 2385 et
2758 2329 2916 2386 initio
2943 2341 3139 2387 vestrae
3168 2318 3478 2389 conversio~

1902 2421 1985 2476 nis
2013 2421 2358 2492 quaesieritis,
2389 2430 2443 2477 et
2473 2422 2540 2476 ad
2582 2436 2822 2491 przesens
2852 2423 3242 2480 auxiliatrieem
3274 2425 3477 2481 habere

1900 2511 1968 2564 ad
2014 2518 2329 2581 perpetuam
2381 2510 2583 2565 scilicet
2635 2520 2873 2565 vestram
2923 2512 3276 2568 salvationem
3324 2529 3477 2568 mon-

1900 2610 2078 2657 strare
2127 2616 2233 2654 non
2282 2600 2596 2665 omiseritis,
2648 2610 2865 2656 sanctos
2900 2601 3150 2657 videlicet
3203 2603 3476 2672 apostolos

1900 2690 2187 2752 visitando,
2224 2698 2279 2744 et
2303 2704 2515 2755 eorum,
2543 2698 2604 2745 ut
2632 2689 2887 2757 diximus,
2924 2689 3175 2764 sullragia
3203 2674 3477 2763 postulan—

1903 2783 1989 2839 do.
2019 2782 2187 2851 Igitur
2214 2782 2505 2837 absurdum
2546 2780 2700 2837 valde
2720 2790 2804 2837 est
2826 2797 2891 2838 ac
2917 2781 3303 2839 inconveniens
3332 2784 3475 2855 quod

1900 2878 1988 2942 pia
2035 2879 2216 2926 vestra
2272 2871 2522 2926 voluntas
2577 2870 2735 2926 aliter
2781 2886 2841 2927 se
2882 2880 3003 2942 post
3063 2873 3264 2930 habere
3309 2874 3480 2929 voluit

1902 2957 2081 3034 quam,
2113 2964 2253 3019 sicut
2275 2961 2528 3018 omnibus
2557 2970 2742 3016 notum
2772 2971 2873 3025 est,
2903 2962 3159 3032 primum.
3195 2963 3304 3019 Vos
3330 2963 3476 3019 enim

1903 3053 2162 3109 divinitus
2196 3053 2441 3125 inspirati
2462 3052 2686 3108 matrem
2708 3054 2885 3108 omnis
2910 3053 3200 3126 religionis,
3234 3062 3478 3110 sanctam

1906 3147 2105 3216 quippe
2120 3145 2419 3200 Romanam
2452 3145 2750 3200 Ecclesiam
2776 3146 3098 3212 dnctricem,
3131 3157 3188 3203 et
3208 3148 3352 3203 viam
3376 3163 3478 3219 per

1828 3203 1876 3268 ο
1904 3251 2066 3305 quam
2099 3236 2166 3291 ad
2206 3235 2526 3291 aeternitatis
2555 3251 2750 3304 pascua
2778 3236 3132 3302 duceremini,
3170 3239 3366 3295 merito
3392 3256 3482 3296 ex-

1901 3325 2145 3396 petistis;
2173 3335 2229 3381 et
2258 3325 2371 3388 illa,
2401 3326 2528 3397 quia
2573 3326 2822 3382 omnibus
2849 3326 3096 3384 ﬁdelibus
3136 3330 3344 3386 viscera
3371 3347 3478 3386 ma-

1903 3429 2051 3474 terna
2082 3416 2285 3487 praebet
2317 3432 2380 3491 ac
2414 3416 2666 3488 praebuit,
2698 3432 2793 3473 vos
2820 3419 3072 3488 expansis
3100 3419 3167 3475 ad
3201 3420 3367 3476 Deum
3396 3424 3480 3477 ul-

1900 3508 2006 3575 nis,
2033 3506 2251 3564 Christo
2283 3508 2486 3579 gratias
2513 3523 2698 3581 agens,
2724 3509 2929 3580 recepit
2960 3527 2974 3565 :
3008 3526 3346 3582 consequens
3374 3513 3481 3571 fuit

1900 3611 1963 3657 ut
1986 3618 2017 3656 a
2041 3601 2171 3657 recti
2199 3615 2385 3671 gressu
2409 3601 2641 3667 itineris,
2665 3601 2716 3655 in
2732 3611 2946 3672 partem
2964 3618 3070 3657 non
3101 3603 3473 3674 llecteremini,

1903 3709 2005 3750 nec
2062 3709 2278 3750 manum
2329 3694 2602 3750 mittentes
2651 3694 2703 3748 in
2760 3702 3040 3763 aratrum,
3085 3698 3477 3767 retroaspicere

1902 3785 2269 3856 cujuscunque
2309 3784 2444 3841 forte
2466 3786 2809 3842 suasionibus
2860 3786 3188 3843 niteremini.
3221 3787 3475 3861 Nunquid

1903 3889 2031 3941 non,
2093 3873 2166 3929 ﬁll
2216 3874 2570 3939 charissima,
2626 3882 2873 3931 sanctum
2908 3876 3257 3948 Evangelium
3312 3881 3478 3936 surda

1904 3979 2036 4020 aure
2064 3966 2284 4031 auditis,
2307 3980 2416 4036 quo
2458 3964 2659 4034 legitur
2691 3984 2704 4019 :
2736 3966 2841 4032 Qui
2868 3970 3268 4037 perseveraverit
3319 3986 3478 4042 usque

1902 4055 1959 4109 ia
1985 4053 2160 4123 ﬁnem,
2190 4055 2275 4109 hic
2292 4054 2466 4109 salsus
2494 4053 2873 4125 erit?(Matth.
2904 4055 2985 4128 ι.)
3016 4054 3125 4111 Aut
3151 4057 3197 4119 si
3250 4058 3480 4116 audistis

1810 4142 1813 4143 ⁷
1904 4156 1961 4203 et
1986 4147 2255 4203 obauditis
2291 4164 2303 4201 :
2352 4145 2537 4202 Redite
2583 4147 2653 4201 ad
2682 4156 2903 4202 mentem
2946 4159 3188 4215 vestram,
3220 4151 3385 4206 redite
3409 4153 3480 4207 ad

1905 4240 2034 4294 eor?
2060 4238 2194 4310 (lea.
2219 4238 2472 4307 κινι.)Ει
2496 4247 2690 4294 vestrae
2715 4240 3021 4309 sponsionis
3045 4243 3483 4301 reminiscimini.

1906 4332 2040 4400 Quia
2058 4330 2194 4413 ’plns
2214 4347 2368 4386 amor
2393 4340 2448 4385 et
2470 4331 2630 4384 timor
2662 4331 2756 4385 Dei
2791 4347 2888 4386 vos
2917 4331 3041 4386 fecit
3061 4347 3183 4388 esse
3203 4335 3482 4390 credulum

1906 4416 2183 4494 apostolici
2214 4422 2499 4494 privilegii,
2528 4437 2710 4490 quam,
2750 4431 2810 4475 nt
2840 4423 2912 4476 ita
2943 4422 3192 4490 dixerim,
3232 4424 3482 4494 exempla

1908 4517 2217 4571 multorum.
2252 4515 2307 4571 Si
2332 4515 2475 4569 enim
2514 4516 2657 4583 quod
2682 4513 2986 4584 quicunque
3016 4515 3126 4569 Deo
3165 4516 3329 4581 vovit,
3375 4517 3480 4573 hoc

1910 4604 2068 4659 debet
2111 4611 2168 4658 et
2193 4603 2439 4667 reddere,
2463 4602 2617 4658 valde
2659 4609 2874 4673 oportet
2910 4609 2969 4656 ut
2995 4615 3090 4657 vos
3115 4603 3259 4672 quod
3281 4613 3485 4661 sancue

1911 4693 2166 4750 Romana:
2191 4692 2445 4748 Ecclesiae
2470 4699 2661 4761 sponte
2707 4692 2946 4758 vovistis,
2972 4691 3084 4749 ﬁne
3106 4701 3262 4749 tenus
3292 4694 3483 4751 redde-

1912 4799 1971 4839 re
1990 4783 2271 4849 studeatis,
2297 4798 2400 4836 non
2422 4782 2730 4854 ignorantes
2758 4782 2900 4851 quod
2924 4783 3116 4839 beatus
3136 4783 3328 4842 Petrus
3355 4801 3484 4856 apo-

1910 4876 2078 4932 stolus
2108 4875 2257 4946 regni
2298 4873 2537 4931 caelestis
2574 4873 2754 4928 claves
2791 4890 2821 4928 a
2850 4873 3079 4931 Domino
3106 4873 3231 4932 Jesu
3261 4876 3482 4932 Christo

1912 4966 2203 5036 acceperit,
2229 4973 2284 5020 et
2308 4965 2610 5035 quibusque
2644 4964 2893 5021 ﬁdelibus
2915 4966 3210 5044 aperiendi,
3240 4967 3360 5023 aliis
3384 4984 3481 5022 au-

1915 5071 2022 5118 tem
2049 5062 2325 5119 claudendi
2355 5062 2719 5132 promeruerit
2766 5071 3109 5133 potestatem.
3152 5059 3267 5116 Hac
3298 5060 3484 5132 igitur,

1916 5155 2059 5211 sicut
2093 5164 2147 5210 et
2180 5155 2350 5210 nostri
2402 5154 2861 5223 praedecessores,
2893 5170 2994 5223 uas
3041 5161 3327 5223 potestate,
3358 5153 3491 5217 licet

1916 5242 2141 5314 indigni,
2169 5254 2398 5317 utentes,
2426 5245 2690 5315 cogimur,
2712 5246 2756 5300 si
2781 5243 3314 5300 uouemendaveritis
3340 5245 3491 5314 quod

1916 5333 2193 5405 gessistis,
2222 5344 2276 5389 et
2314 5334 2379 5389 ad
2423 5328 2677 5404 praesens
2710 5349 2809 5391 vos
2855 5336 2909 5389 in
2949 5334 3051 5389 hoc
3084 5333 3279 5390 saeculo
3327 5336 3487 5406 digne

1916 5424 2210 5492 corripere,
2224 5431 2279 5478 et
2293 5433 2350 5479 ut
2364 5424 2416 5477 in
2434 5423 2633 5489 futuro,
2649 5432 2906 5492 quantum
2935 5424 2990 5478 in
3010 5424 3165 5478 nobis
3188 5432 3292 5488 est,
3319 5423 3489 5479 malc-

1915 5510 2238 5573 dictionibus
2259 5511 2592 5580 repleamini,
2614 5526 2720 5567 nou
2750 5512 3045 5581 prieterire.
3072 5509 3241 5580 Hujus
3266 5513 3342 5567 rei
3369 5529 3481 5583 gra-

1916 5600 2013 5665 tia,
2060 5600 2133 5654 (ili
2164 5602 2501 5666 charissime,
2546 5599 2797 5656 festinate
2826 5601 3097 5672 corrigere
3130 5603 3271 5670 quod
3304 5601 3487 5673 inique

1916 5691 2186 5763 gessistis;
2223 5700 2274 5745 et
2297 5691 2441 5745 omni
2470 5692 2755 5746 occasione
2782 5693 3035 5761 omnique
3061 5706 3210 5746 mora
3265 5702 3487 5763 postpo-

1916 5785 2044 5847 sita,
2068 5784 2223 5838 nobis
2251 5796 2350 5853 per
2387 5792 2625 5839 vestrum
2648 5783 2881 5855 legatum
2911 5782 3169 5871 quidquid
3198 5798 3359 5855 super
3385 5783 3486 5848 hor

2933 5876 3011 5939 30
