4026 6308
508 396 612 454 959

1793 380 2080 442 JOANNIS
2116 378 2316 436 ΡΑΡΑΞ
2358 377 2471 434 VIII

3658 375 3764 431 94ο

509 509 802 569 emendare
847 505 1038 570 vultis,
1069 502 1362 558 mandate:
1388 499 1514 569 quia
1540 513 1662 564 nos,
1709 497 1819 552 Deo
1838 494 2081 564 iuvante,
2111 495 2164 556 Α
2190 492 2421 547 nominis
2458 491 2510 544 in
2552 487 2901 544 Christicolas
2943 486 3362 552 debacchentur,
3405 494 3558 541 tanto
3601 487 3764 544 vehe-

511 617 729 657 omnem
760 599 1090 654 voluntatem
1117 604 1310 647 vestrae
1344 589 1696 646 correctionis
1724 587 2082 656 implebimns,

514 701 571 747 et
598 707 692 746 vos
738 688 917 742 anima
959 694 1014 739 et
1053 698 1279 752 corpore
1330 681 1505 736 salvos
1548 680 1783 734 existere
1811 677 2089 747 cupientes

515 798 733 840 causam
762 780 1054 837 secundum
1086 778 1254 832 Deum
1277 776 1527 830 ordinare
1559 773 1910 829 studebimus.

1128 886 1495 944 CCCXXXIV.

785 997 854 1037 ΔΙ)
889 994 1266 1037 IMPERATORI?“
1299 993 1368 1031 ΕΤ
1406 988 1822 1030 ΠΙΡΕΒΑΤΜΟΕΜ.

987 1069 1200 1140 Fragm.
1229 1097 1297 1107 —-
1321 1065 1442 1137 (An.
1470 1063 1618 1134 882.)

587 1185 725 1243 Cum
757 1182 956 1240 reversi
995 1180 1300 1244 fuissemus,
1333 1176 1512 1232 omnia
1550 1175 1730 1229 littora
1777 1180 1958 1227 nostra
2003 1169 2093 1225 de-

518 1276 754 1348 praadata
783 1275 944 1327 etiam
970 1281 1024 1326 et
1051 1271 1105 1324 in
1127 1251 1331 1323 Fundis
1359 1275 1414 1320 ct
1440 1265 1492 1319 in
1519 1262 1832 1325 Terracina,
1863 1259 2009 1313 velut
2040 1259 2093 1311 in

519 1367 679 1422 domo
709 1365 926 1436 propria
952 1362 1148 1417 multos
1177 1359 1480 1414 Saracenos
1509 1354 1812 1409 invenimus
1836 1351 2094 1415 residere,

520 1473 618 1528 pro
641 1457 834 1526 quibus
863 1469 968 1507 non
1012 1451 1130 1522 plus
1167 1465 1326 1520 quam
1357 1448 1592 1516 quinque
1636 1445 1823 1499 diebus
1853 1441 1906 1495 in
1952 1440 2096 1495 Urbe

522 1555 821 1608 manentes,
855 1541 1101 1612 quamvis
1139 1538 1382 1608 corporis
1423 1552 1528 1590 non
1578 1533 1786 1588 modica
1832 1531 2099 1585 detinere-

515 1653 645 1691 mur
674 1634 934 1696 molestia,
968 1631 1235 1687 exivimus
1275 1643 1398 1682 cum
1430 1625 1674 1680 fidelibus
1705 1621 1934 1684 nostris,
1967 1635 2099 1689 quo-

525 1739 665 1789 rum,
707 1721 935 1777 Domino
961 1718 1268 1788 adjuvante,
1299 1715 1561 1782 cmpimus
1583 1726 1745 1765 naves
1777 1708 2096 1763 octodecim.

527 1813 784 1869 Saraceni
809 1827 936 1865 vero
963 1810 1116 1864 multi
1142 1806 1305 1861 occisi
1342 1812 1487 1865 sunt,
1523 1800 1762 1870 captivos
1788 1808 1963 1851 autem
1989 1796 2099 1849 fere

526 1912 811 1958 sexcentos
853 1900 1219 1955 liberavimus.

527 2009 680 2048 cesse
700 1991 852 2046 valde
875 2003 957 2045 est
985 1999 1044 2043 ut
1073 1989 1194 2043 talis
1225 1988 1277 2041 in
1308 1986 1578 2040 littoribus
1601 1981 1824 2036 marinis
1847 1978 2102 2032 fortitudo

529 2085 765 2138 virorum
815 2089 1124 2141 remaneat,
1173 2091 1402 2147 quorum
1443 2074 1642 2128 virtute
1691 2079 1873 2124 nostra
1924 2069 2104 2121 omnia

530 2175 672 2229 salva
702 2171 1022 2234 consistant,
1055 2177 1108 2224 et
1134 2183 1195 2222 ea
1224 2181 1344 2236 quae
1376 2165 1603 2219 necdum
1651 2161 1953 2230 depraedata
1980 2163 2107 2213 sunt

540 2267 653 2320 loca
677 2276 782 2317 non
819 2261 1036 2331 praeden
1046 2267 1146 2313 tur.

1140 2367 1486 2426 CCCXXXV.

835 2484 902 2521 AD
951 2477 1337 2521 ANGELBERTAM
1378 2471 1797 2514 IDII'ERATRICEM.

988 2557 1230 2630 (Fragm.
1256 2583 1326 2594 ——
1349 2554 1472 2625 (An.
1506 2550 1637 2622 inc.)

601 2669 683 2725 Ad
714 2670 816 2724 hoc
854 2681 1024 2737 usque
1073 2664 1273 2719 malum
1310 2662 1478 2718 crevit
1509 2669 1563 2715 et
1595 2660 1957 2714 incrassatum
2003 2664 2109 2721 est,

536 2770 595 2816 ut
623 2760 855 2816 factione
895 2755 1226 2812 Ravennatis
1257 2751 1647 2821 archiepiscopi
1687 2749 1963 2803 Maurinus
1991 2759 2114 2800 cum

535 2855 650 2909 suis
673 2851 1048 2922 complicibus,
1077 2847 1168 2916 qui
1199 2843 1649 2900 excommunicati
1676 2849 1732 2896 et
1755 2835 2114 2893 anathemati-

539 2946 645 3000 zati
688 2958 718 2995 a
758 2941 913 2996 nobis
944 2939 1057 3007 jam
1100 2945 1250 3002 sunt,
1297 2936 1607 2989 Ravennam
1644 2932 2031 3001 ingrederetur,
2064 2937 2120 2982 et

548 3033 786 3089 fidelium
814 3041 1122 3086 nostrorum
1149 3043 1235 3083 res
1270 3042 1391 3081 cum
1424 3026 1503 3080 eis
1527 3024 1768 3078 funditus
1798 3029 2012 3090 raperet
2055 3034 2119 3073 ac

551 3125 879 3188 (levastarct,
924 3121 1058 3176 adeo
1086 3129 1144 3173 ut
1174 3119 1351 3173 claves
1384 3115 1616 3170 civitatis
1647 3115 1917 3166 Ravenna:
1942 3127 1972 3164 a
2014 3108 2120 3164 Ve-

2185 583 2421 638 mentius
2441 580 2786 643 accendatur,
2811 586 3014 648 quanto
3035 578 3247 631 illorum
3265 577 3537 646 pravitate
3561 578 3764 632 famam

2191 675 2267 728 tui
2309 673 2539 729 nominis
2577 671 2912 726 obfuscatam
2959 669 3125 723 fuisse
3169 669 3474 737 cognoscis,
3505 669 3768 736 quoniam

2190 767 2315 821 licet
2348 764 2492 820 credi
2524 763 2693 834 possit
2723 763 2898 832 quod,
2935 771 2984 816 te
3016 761 3251 824 nolente,
3284 761 3358 816 illi
3382 761 3767 830 navigantibus

2192 855 2532 921 insidientur,
2565 863 2740 908 tamen
2781 853 2905 922 quia
2932 868 2962 906 a
2991 859 3043 906 te
3071 852 3352 921 comprimi
3384 867 3546 921 posse
3583 853 3772 906 dicun-

2193 955 2303 1011 tur,
2346 945 2449 1000 nisi
2492 960 2585 1000 cos
2623 944 3028 1014 compresseris,
3074 943 3327 998 innoxius
3372 957 3480 997 non
3522 943 3770 997 haberis.

2195 1036 2467 1105 Scriptum
2520 1037 2716 1105 quippe
2765 1043 2848 1090 est
2889 1051 2904 1088 :
2957 1033 3059 1100 Qui
3109 1034 3374 1099 erimina,
3419 1049 3549 1089 eum
3596 1039 3777 1103 potest

2195 1127 2482 1182 emendare
2528 1140 2635 1181 non
2661 1125 2903 1195 corrigit,
2929 1125 3041 1193 ipse
3068 1125 3378 1180 committit.

2789 1233 3156 1290 CCCXXXIX.

2302 1343 2370 1381 ΔΙ)
2409 1339 2722 1381 ROS'I'AGNUM
2763 1339 3209 1379 ARCIIIEI’ISCOI‘UII
3258 1337 3677 1378 ARELATENSEII.

2654 1417 2866 1486 Fragm.
2893 1447 2963 1456 --
2992 1415 3112 1488 (An.
3160 1414 3291 1486 inc.)

2199 1508 2571 1564 Communione
2600 1510 2828 1576 privetur
2848 1523 3070 1576 sponsa,
3107 1507 3207 1559 nisi
3243 1513 3503 1574 raptorem
3547 1505 3782 1560 deserere

2444 1591 2489 1632 et
2511 1579 2580 1632 ad
2609 1594 2856 1648 sponsum
2883 1593 3036 1629 suum
3069 1576 3237 1630 redire
3257 1576 3500 1630 coluerit.

2269 1694 2410 1748 Atho
2443 1691 2789 1762 praesentium
2839 1691 2998 1756 lator,
3049 1691 3173 1744 dum
3227 1691 3281 1744 in
3329 1699 3523 1744 nostro
3562 1689 3784 1744 servitio

2204 1784 2431 1838 fideliter
2473 1783 2789 1846 excubaret,
2833 1781 3115 1850 quemdam
3157 1781 3333 1835 virum
3375 1781 3632 1835 feminam
3679 1781 3780 1835 sibi

1271 1897 1394 1949 meo
1429 1893 1580 1948 vobis
1622 1890 1958 1944 venientibus
2003 1902 2096 1941 ne-
2128 1856 2178 1914 Β
2205 1875 2579 1944 desponsatam
2627 1873 2872 1943 queritur
2917 1874 3175 1942 rapuisse.
3218 1871 3286 1926 Et
3315 1871 3440 1926 ideo
3469 1869 3778 1927 fraternitas

2205 1977 2316 2032 tua,
2347 1967 2669 2019 auctoritate
2709 1973 2892 2017 nostra
2929 1963 3144 2018 suffulta
3170 2004 3184 2028 ,
3235 1961 3603 2032 suffraganeos
3649 1974 3778 2015 suos

2205 2061 2485 2128 epismpos
2532 2056 2947 2126 praesentialiter
2985 2065 3273 2120 convocet;
3305 2055 3498 2123 sicque
3543 2049 3782 2106 unanimi

2207 2149 2496 2212 sententia,
2547 2149 2591 2202 si
2639 2163 2892 2216 sponsam
2928 2147 3055 2201 huic
3097 2154 3281 2215 raptor
3319 2161 3427 2198 non
3469 2140 3783 2202 reddiderit,

2208 2247 2316 2292 tam
2343 2238 2482 2292 idem
2513 2252 2673 2306 quam
2704 2245 2855 2306 rapta
2874 2276 2890 2301 ,
2918 2235 2961 2290 si
2993 2234 3058 2290 ad
3087 2249 3343 2304 sponsum
3380 2233 3680 2302 pristinum
3704 2243 3790 2286 ra-

2208 2341 2390 2383 meare
2419 2327 2670 2392 noluerit,
2702 2326 2849 2380 omni
2878 2325 3255 2380 communione
3279 2323 3583 2394 priventur.

2871 2437 3115 2495 CCCXL.

2354 2551 2421 2590 AD
2457 2548 2735 2590 SIGIBODUSI
2777 2545 3224 2586 ARCHIEPISCOPU!
3270 2541 3660 2582 ΝΔΒΒΟΝΕἉΞΕΙ

2681 2624 2897 2693 Fragnt.
2928 2622 3144 2693 —(An.
3177 2619 3310 2690 inc.)

2355 2716 2432 2770 De
2453 2716 2803 2770 examinanda
2838 2731 2997 2768 causa
3028 2713 3307 2782 cujusdam
3338 2711 3651 2782 presbyteri.

2285 2806 2644 2862 Praesentium
2694 2805 2995 2858 litterarum
3031 2803 3277 2874 "gerulus,
3323 2803 3437 2855 sedi
3486 2798 3795 2870 apostolica

2218 2909 2595 2968 praesentatus,
2631 2911 2688 2951 se
2717 2898 3087 2967 presbyterum
3117 2910 3238 2949 esse
3263 2893 3489 2962 querula
3510 2902 3566 2946 et
3595 2893 3797 2946 lamen-

2222 2992 2368 3045 tabili
2420 3007 2550 3044 voce
2582 2989 2884 3059 perhibuit,
2924 2998 2978 3043 et
3006 3004 3035 3040 a
3081 2987 3355 3041 sanctitati
3391 2997 3498 3039 tua:
3541 2985 3798 3053 subject:

2222 3083 2514 3137 dimcescos
2541 3079 2806 3150 episcopis
2834 3079 2902 3132 ab
2929 3076 3103 3132 ollicio
3129 3078 3540 3146 presbyteratus
3569 3089 3799 3143 suspen-

551 3167 879 3188 ..ω--..μνη
924 3167 1056 3176 ,ην
1089 3167 1142 3173 -,
1179 3167 1349 3173 νη.--
1574 3167 1611 3169 η

542 3217 772 3270 starario
813 3223 1000 3268 nostro
1045 3210 1310 3265 violenter
1357 3207 1701 3261 subtraheret
1731 3213 1787 3259 et
1827 3218 1925 3273 pro
1962 3202 2112 3255 libitu

2224 3190 2362 3237 sum,
2388 3183 2442 3228 et
2473 3174 2592 3227 aliis
2622 3172 2940 3242 quibusdam
2967 3170 3221 3239 epi'timiis
3262 3184 3436 3238 usque
3463 3169 3529 3221 ad
3562 3167 3798 3237 speciale

543 3322 662 3372 suo,
694 3304 964 3359 nescimus
990 3299 1142 3369 cujus
1179 3299 1523 3362 auctoritate,
1557 3296 1658 3364 ipsi
1691 3293 2116 3362 archiepiscopo,

543 3397 687 3468 quod
722 3407 1000 3464 nunquam
1041 3391 1243 3447 factum
1270 3389 1438 3444 fuisse
1487 3385 1764 3453 recolitur,
1800 3381 2122 3455 potestative

535 3488 884 3546 concederet.

1149 3568 1516 3629 CCCXXXVI.

1165 3677 1235 3718 ΔΒ
1271 3675 1511 3717 EAIIDEI.

1016 3755 1238 3824 Fragm.
1271 3782 1342 3794 -ο
1363 3753 1488 3824 (An.
1517 3748 1651 3820 inc.)

605 3876 898 3947 ‘Siquidem
923 3888 1047 3929 cum
1074 3871 1272 3925 virtute
1303 3867 1417 3942 Dei,
1453 3864 1646 3920 melius
1667 3876 1832 3932 quam
1861 3859 2123 3925 Naletam,

551 3985 670 4041 qua:
699 3975 882 4022 nostra
912 3972 1039 4020 sunt
1069 3961 1423 4016 defendemus
1445 3965 1501 4012 et
1530 3955 1742 4010 illorum
1781 3954 1834 4007 in
1863 3952 2008 4007 nullo
2036 3966 2128 4021 pe-

551 4061 696 4114 nitus
739 4058 1040 4127 indigemus
1065 4095 1079 4119 ,
1131 4055 1417 4108 dromones
1458 4049 1706 4103 videlicet
1745 4063 1866 4101 cum
1919 4044 2129 4100 caeteris

555 4148 778 4203 navibus
799 4152 1195 4207 construentes,
1222 4151 1278 4196 et
1303 4149 1501 4194 caetera
1537 4153 1666 4192 vasa
1704 4136 1892 4191 bellica
1937 4144 1992 4189 et
2030 4149 2129 4203 ap-

552 4244 796 4308 paratus,
821 4234 948 4304 quin
980 4233 1158 4303 potius
1199 4240 1254 4286 et
1286 4230 1429 4298 ipsos
1452 4228 1662 4282 animos
1689 4226 1965 4280 hominum
1995 4238 2132 4292 prae-

538 4336 834 4400 .paranles,
861 4333 917 4382 et
945 4323 1204 4380 adversus
1236 4320 1458 4375 hostiles
1486 4320 1738 4375 incursus
1764 4315 2131 4372 indesinenter

555 4429 850 4479 θτηιθηιθς.

1146 4523 1537 4584 CCCXXXVII.

1167 4634 1234 4672 AD
1271 4631 1506 4671 EAHDEM.

1065 4709 1285 4782 Fragm.
1328 4709 1453 4780 (An.
1491 4705 1627 4779 inc.)

631 4801 862 4858 Excutiat
882 4798 1142 4854 Joannem
1163 4799 1456 4868 episcopum
1482 4795 1729 4850 removeri
1758 4796 1823 4850 de
1851 4794 2061 4850 militia.

775 4910 936 4975 [Apud
963 4909 1106 4962 Grad.
1125 4948 1141 4972 ,
1173 4909 1317 4960 Dccr.
1352 4923 1406 4970 ιι,
1435 4921 1482 4960 c.
1509 4907 1589 4968 25,
1621 4919 1670 4972 q.
1691 4907 1739 4970 8,
1765 4919 1811 4959 c.
1851 4907 1919 4970 1.]

628 4995 870 5057 Nimium
917 4989 1014 5065 [αι.
1076 4987 1354 5061 nimirum]
1412 4997 1559 5044 certe
1613 4997 1851 5055 veretur,
1908 4996 1962 5042 et
2012 4985 2135 5056 jure

553 5086 814 5144 formidat
843 5092 1032 5140 contra
1056 5079 1451 5152 professionem
1480 5079 1563 5134 sui
1596 5079 1800 5134 ordinis
1825 5077 2134 5134 saecularem

560 5177 810 5234 militiam
857 5187 1162 5232 exercere:
1209 5178 1406 5224 terram
1450 5168 1778 5236 defendere,
1830 5169 1896 5224 de
1942 5167 2139 5240 pradiis

559 5277 819 5336 tractare,
848 5272 915 5323 de
940 5265 1104 5320 armis
1129 5272 1355 5318 terrenae
1380 5261 1662 5330 potestatis
1697 5268 1799 5316 est.

1146 5369 1556 5429 CCCXXXVIII.

841 5486 908 5526 AD
942 5483 1254 5525 DOIIASOLEM
1298 5481 1474 5522 υυοειί
1533 5479 1851 5522 θιοιιιοεῠκ.

1041 5560 1258 5630 Fragm.
1284 5588 1354 5598 —
1378 5557 1516 5629 (Inc.
1551 5556 1665 5629 an.)

633 5654 904 5712 Praeterea
931 5653 1230 5710 devotionis
1272 5659 1377 5706 tua:
1415 5649 1650 5706 studium
1679 5649 2049 5710 exhortamur,
2082 5656 2141 5703 ut

566 5754 756 5801 contra
800 5745 1038 5801 marinos
1080 5741 1425 5811 latrunculos,
1471 5741 1563 5812 qui
1611 5741 1712 5798 sub
1755 5748 2018 5811 praetextu
2065 5740 2140 5793 tui

2217 3267 2479 3336 judicium
2513 3273 2755 3318 nostrum
2799 3262 3144 3325 submissum,
3169 3275 3266 3330 pro
3293 3274 3359 3313 eo
3385 3260 3555 3327 quod,
3587 3257 3762 3327 inquit
3781 3297 3799 3322 ,

2222 3357 2366 3411 facto
2397 3355 2644 3420 tumultu,
2677 3354 2894 3423 quidam
2936 3368 2995 3407 se
3041 3351 3458 3420 apprehensum,
3502 3359 3557 3403 et
3589 3364 3622 3402 a
3662 3359 3804 3402 terra

2223 3447 2461 3502 brachiis
2481 3446 2837 3509 sublevatum,
2862 3443 2916 3496 in
2937 3442 3209 3512 pr0prium
3233 3440 3457 3494 fratrem
3488 3439 3623 3493 forti
3641 3440 3806 3509 jacta-

2224 3536 2362 3590 verit
2404 3537 2634 3604 impetu,
2663 3541 2722 3587 ut
2762 3533 2901 3586 idem
2931 3545 3216 3601 germanus
3256 3544 3387 3584 suus
3435 3530 3577 3582 tanti
3630 3528 3806 3598 operis

2225 3627 2366 3710 male
2399 3626 2519 3698 [leg.
2547 3625 2800 3696 ponderis
2823 3623 2985 3696 malo]
3009 3622 3266 3692 impulsus
3293 3623 3346 3676 in
3375 3631 3584 3676 terram
3617 3621 3805 3684 ruerit,

2226 3729 2280 3776 et
2305 3729 2606 3790 prostratus
2637 3727 2798 3789 atque
2831 3732 3119 3788 oppressus
3157 3715 3277 3769 vita:
3313 3713 3504 3767 ﬂatum
3547 3711 3811 3767 violenter

2228 3811 2490 3866 amiserit.
2522 3810 2762 3879 Denique
2784 3809 2856 3862 illi
2889 3807 3166 3862 reverendi
3195 3805 3492 3868 antistites,
3524 3818 3654 3856 cum
3684 3801 3806 3866 sibi,

2231 3905 2410 3959 utiste
2438 3903 2648 3966 retulit,
2696 3918 2783 3956 res
2827 3902 2880 3954 in
2911 3900 3131 3954 dubium
3164 3897 3400 3958 veniret,
3445 3904 3636 3948 utrum
3667 3907 3811 3947 eom-

2229 3998 2397 4055 misso
2439 3997 2540 4051 sibi
2571 3996 2770 4050 dudum
2807 4009 2996 4049 carere
3034 4008 3234 4055 necne,
3281 3990 3504 4060 penitus
3533 3987 3811 4042 debuisset

2231 4092 2424 4157 officio,
2451 4107 2556 4145 non
2588 4091 2688 4160 ipsi
2715 4091 2855 4144 hanc
2890 4089 3204 4149 deliberare,
3238 4086 3332 4140 sed
3375 4095 3564 4138 nostro
3595 4080 3810 4142 decerni

2230 4196 2287 4242 et
2307 4183 2523 4241 diﬂiniri
2548 4183 2754 4253 judicio
2779 4181 3080 4236 voluerunt.
3117 4178 3220 4233 Sed
3250 4188 3380 4231 tunc
3407 4177 3512 4230 hoc
3552 4171 3810 4229 solemni-

2235 4288 2316 4335 ter
2343 4288 2584 4349 agerent,
2602 4276 2645 4330 si
2672 4275 2902 4345 primum
2933 4272 3033 4340 ipsi
3059 4269 3324 4340 plcnario,
3347 4279 3402 4321 et
3424 4281 3489 4320 ex
3511 4261 3806 4317 canonibus

2235 4369 2288 4422 in
2319 4381 2479 4421 causa
2513 4363 2812 4435 presbyteri
2845 4361 3089 4430 delegato
3113 4358 3342 4429 judicio,
3384 4365 3605 4425 quatuor
3637 4349 3815 4420 depné

2237 4461 2363 4516 tatis
2397 4475 2465 4515 ex
2492 4456 2815 4514 venerandis
2843 4454 3078 4510 decretis
3099 4462 3154 4506 et
3177 4448 3388 4520 legibus
3411 4444 3659 4517 personis
3678 4457 3816 4513 prae-

2152 4532 2207 4594 Ῑ)
2239 4555 2503 4618 sentibus,
2528 4554 2669 4607 hanc
2685 4549 3038 4605 ventilassent
3053 4553 3109 4599 et
3127 4541 3308 4598 subtili
3334 4537 3589 4596 examine
3611 4536 3822 4588 discus-

2242 4648 2472 4711 sissent;
2493 4651 2553 4697 ut
2581 4644 2654 4696 ita
2679 4641 2820 4695 facta
2843 4638 3044 4706 scripto
3072 4634 3353 4698 relatione,
3371 4629 3416 4685 si
3443 4628 3572 4698 quid
3596 4624 3819 4679 dubium

2241 4739 2342 4794 sibi
2367 4753 2460 4792 seu
2487 4735 2697 4792 difﬁcile
2727 4730 3012 4802 ingessisse
3042 4727 3348 4791 videretur,
3377 4730 3628 4777 nostrum
3658 4731 3822 4786 super

2241 4831 2344 4885 hoc
2365 4842 2512 4882 more
2539 4827 2718 4896 prisco
2745 4824 3021 4877 decretum
3051 4822 3427 4887 exposcerent.
3456 4811 3529 4864 At
3550 4810 3643 4864 ubi
3667 4808 3824 4861 nobis

2241 4929 2294 4974 et
2319 4930 2547 4987 persona
2578 4913 2826 4969 relatoris
2855 4910 3147 4980 incognita,
3174 4917 3229 4961 et
3261 4903 3406 4959 nullo
3440 4901 3822 4972 episcoporum

2242 4985 2444 5076 scripto
2493 5002 2892 5060 commendatio
2941 4999 3236 5069 approbata
3275 5002 3389 5058 est,
3419 5002 3478 5047 et
3514 5003 3705 5044 rursus
3731 4985 3826 5040 ubi

2241 5096 2387 5151 nulla
2435 5103 2518 5150 est
2563 5091 2896 5148 accusatoris
2933 5087 3195 5160 objectio,
3227 5099 3325 5140 nec
3355 5080 3599 5138 accusati
3641 5085 3828 5132 reatus

2242 5185 2532 5250 confessio,
2557 5199 2654 5239 nec
2678 5181 2914 5237 ﬁdelium
2943 5177 3310 5249 comprobatio
3339 5175 3582 5236 testium,
3599 5184 3701 5226 nos
3725 5182 3827 5223 nec

2243 5279 2384 5333 illius
2415 5275 2581 5330 solius
2616 5255 2910 5328 narrationi
2957 5269 3161 5325 creduli
3193 5281 3311 5322 esse
3349 5275 3681 5335 possumus,
3723 5270 3829 5313 nec

2244 5383 2437 5423 rursus
2464 5368 2516 5420 in
2559 5380 2682 5420 eum
2722 5361 3051 5419 definitivam
3095 5357 3458 5415 danmationis
3498 5351 3830 5410 sententiam

2241 5459 2486 5532 proferre
2509 5458 2773 5513 valemus.
2799 5455 2941 5525 Ergo
2977 5453 3165 5508 saltem
3202 5466 3345 5505 nunc
3372 5447 3688 5503 fraternitas
3713 5455 3827 5506 tua,

2243 5550 2640 5621 metropolitani
2663 5550 2787 5619 jure
2815 5547 3001 5616 potita,
3026 5559 3092 5599 ex
3121 5541 3390 5613 episcopis
3417 5538 3518 5593 sub
3543 5551 3605 5591 se
3630 5536 3830 5605 degen-

2245 5647 2378 5701 tium
2401 5644 2483 5698 vel
2508 5643 2807 5699 viciuorum
2835 5654 2952 5705 sex,
2986 5653 3095 5692 una
3125 5649 3246 5691 cum
3271 5634 3546 5703 episcopo,
3569 5627 3728 5696 cujus
3750 5633 3832 5679 est

2246 5739 2346 5792 iste
2389 5736 2658 5806 parmciae,
2708 5732 2808 5787 sibi
2850 5729 3083 5805 socians,
3133 5733 3337 5780 tantum
3381 5719 3598 5791 negotio
3645 5714 3831 5772 subtili
