4026 6308
168 453 183 461 ς
248 416 359 479 ’911

1461 414 1820 474 EPISTOLHS
1865 415 1951 471 ET
1992 416 2327 473 DECRETA.

3404 415 3509 473 912

258 532 483 590 ventilet
530 528 882 587 discussionis
926 528 1225 585 ventilabro
1303 537 1358 584 et
1401 529 1637 591 invento,
1688 526 1831 595 quod
1861 528 1912 587 Α
1938 525 2207 585 nientibus
2235 525 2450 579 illorum
2494 522 2564 578 sit
2589 531 2713 578 nota
2746 522 3091 594 iniquitaset
3126 526 3398 583 consortio
3420 540 3511 583 sa-

252 625 459 695 jnstum
494 630 579 676 est
606 620 865 676 canonice
890 619 1147 674 decernat
1191 627 1248 674 ct
1289 618 1562 674 communi
1606 615 1835 671 fratrum

251 728 488 770 censura
510 711 756 768 diﬁiniat.

918 781 1180 837 CCCXLI.

454 890 523 927 AD
558 888 911 930 CENNEIOCUI
943 887 1233 927 ειιιςεορωι
1271 884 1636 926 VENE‘I'ENSEDI.

706 961 939 1033 Fragm.
963 991 1037 1042 -ς
1060 961 1186 1033 (An.
1215 960 1346 1031 inc.)

254 1051 416 1118 Quod
457 1052 702 1107 sacerdos
745 1052 1009 1107 homicida
1058 1068 1163 1105 non
1218 1061 1383 1121 potest
1436 1054 1492 1106 ia
1542 1050 1868 1114 sacerdotio,

930 1138 1085 1175 mane
1091 1138 1142 1175 re
1150 1159 1163 1174 ο

291 1272 299 1278 _
330 1214 497 1268 Miror
521 1213 698 1268 minus
738 1212 949 1267 doctam
985 1212 1269 1267 scientiam
1311 1221 1455 1266 tuam
1494 1212 1835 1267 sacerdotem

250 1314 448 1374 putare
471 1311 591 1374 post
616 1309 981 1373 perpetratum
1013 1302 1357 1357 homicidium
1386 1318 1542 1372 posse
1572 1302 1623 1355 in
1654 1316 1834 1355 sacer—

256 1394 404 1471 dotio
427 1393 773 1457 ministrare;
806 1391 933 1456 imo,
962 1392 1104 1461 quod
1124 1403 1203 1446 est
1229 1393 1400 1462 pejus,
1431 1393 1583 1446 nobis
1606 1390 1836 1445 suadere

255 1485 412 1549 velle,
444 1493 501 1539 ut
529 1483 631 1552 ipsi
666 1482 757 1537 tali
790 1483 1193 1553 prtesumptioni
1245 1484 1606 1552 prtebercnius
1650 1499 1836 1536 asseu-

254 1590 396 1638 sum.
421 1573 551 1641 Quis
573 1573 715 1629 enim
739 1580 846 1627 tam
879 1573 1099 1628 demens
1129 1581 1345 1642 tamque
1372 1574 1615 1643 perversi
1645 1589 1835 1627 sensus

257 1664 363 1718 tale
391 1663 519 1732 quid
544 1663 861 1729 aestimaret,
893 1662 976 1717 vel
1006 1671 1129 1733 post
1164 1673 1637 1735 quantamcumque
1665 1654 1836 1733 patui-

254 1753 479 1808 tentiam
504 1752 926 1817 concedcndum,
959 1768 1079 1806 cum
1107 1753 1255 1807 omni
1280 1753 1347 1807 sit
1377 1754 1651 1808 canonica:
1676 1746 1863 1809 disci?

1939 631 2044 670 orre
2070 614 2319 670 Ecclesia:
2344 615 2625 669 videantur
2645 615 2910 669 extranei.

2557 706 2868 763 CCCXLIV.

2557 708 2868 763 CCCXLIV.

2313 794 2380 831 an
2418 794 2658 833 nantxuu
2695 794 2764 832 nr
2803 792 3134 835 Pt'LCIIARII.

2410 868 2623 938 Fragm.
2654 899 2724 908 -—
2752 867 2875 940 (An.
2901 870 3028 941 inc.)

2008 955 2115 1011 Sed
2145 965 2199 1010 et
2232 958 2519 1027 provinciis
2547 969 2739 1012 vestra:
2778 958 3052 1014 ﬁdelitatis
3096 960 3246 1016 vobis
3285 954 3517 1033 i‘njungi-

1937 1061 2076 1108 mus,
2105 1055 2162 1099 ut
2188 1064 2308 1102 cum
2338 1049 2606 1117 aliquibus
2639 1051 2866 1105 navibus
2892 1060 3105 1105 vestros
3128 1051 3325 1105 milites
3346 1051 3511 1105 robu-

1936 1136 2199 1190 stissimos
2235 1137 2652 1205 praesentialiter
2698 1139 2995 1203 destinetis,
3031 1140 3121 1209 qui
3155 1140 3514 1211 quadraginta

1938 1223 2237 1289 Saracenos
2259 1267 2274 1292 ,
2307 1228 2399 1296 qui
2434 1228 2633 1283 dudum
2668 1228 2977 1285 Cra-corum
3024 1241 3333 1286 nostrorum
3366 1232 3515 1286 navi-

1937 1318 2035 1375 bus
2066 1319 2116 1371 in
2148 1333 2298 1371 mare
2342 1318 2525 1390 fugere
2551 1361 2564 1383 ,
2613 1321 2811 1390 quique
2838 1329 3020 1392 postea
3054 1323 3387 1377 terrestrium
3421 1339 3518 1378 no-

1936 1416 2168 1463 strorum
2210 1409 2436 1463 militum
2483 1412 2764 1481 exspoliati
2810 1414 2975 1467 armis
3003 1415 3254 1470 omnibus
3292 1415 3514 1479 virtute,

1935 1499 1990 1552 in
2016 1500 2213 1553 montis
2233 1499 2409 1565 Circei
2437 1501 2673 1556 latibulis
2699 1513 3013 1571 evaserunt,
3036 1520 3140 1559 una
3167 1520 3288 1560 cum
3313 1506 3517 1560 nostris

1934 1591 2277 1659 pedestribus
2322 1594 2767 1662 apprehendaut,
2817 1596 2942 1665 quia
2989 1611 3088 1651 nos
3143 1596 3517 1667 pro-tantillis

1937 1677 2224 1757 Saracenis
2253 1681 2540 1739 dromoncs
2577 1694 2789 1740 nostros
2822 1685 3049 1758 fatigare
3084 1687 3355 1753 nolumus,
3388 1688 3518 1743 dum

1935 1771 2005 1826 de
2029 1771 2182 1827 vobis
2207 1773 2479 1830 confidere
2509 1776 2674 1846 (sicut
2710 1786 2764 1832 et
2798 1777 2900 1847 ipsi
2930 1779 3069 1835 velle
3095 1764 3358 1852 dicimini)
3390 1795 3517 1851 pro-

252 1843 415 1913 plinaa
445 1842 813 1897 contrarium?
852 1843 1021 1898 Debet
1065 1858 1195 1914 ergo
1244 1843 1546 1897 sacerdotio
1590 1844 1834 1912 privatus

1939 1878 2194 1918 vocamur
2234 1866 2409 1921 modis
2452 1867 2704 1939 omniibus
2749 1869 3101 1925 conﬁdentes.
3147 1870 3280 1938 Quia
3323 1871 3370 1926 si
3396 1870 3521 1926 obe-

253 1936 613 2005 laerymarum
642 1933 787 1987 fonte
811 1932 1075 2003 ﬂagitium
1106 1943 1212 1987 tam
1248 1933 1481 1988 immane
1504 1933 1710 1989 diluere
1732 1974 1747 1999 ,
1775 1943 1835 1989 ut

255 2027 450 2087 talibus
477 2027 670 2082 saltem
698 2027 950 2084 remediis
978 2035 1228 2093 curatus,
1259 2026 1449 2082 salutis
1486 2027 1656 2098 possit
1684 2027 1835 2082 inve-

252 2119 375 2176 nire
396 2119 736 2194 suffragium.
905 2185 1172 2244 CCCXL“

653 2296 723 2335 AD
769 2295 1048 2335 EPISCOPOS
1098 2296 1399 2336 ΒΒΙΤΔΝΝΙΕ
1410 2320 1424 2334 .

766 2376 771 2379 ι
890 2372 1013 2442 (Αη.
1070 2372 1200 2444 inc.)

378 2465 457 2520 De
491 2464 746 2519 ordinatis
776 2463 840 2518 ab
875 2462 1164 2517 Ileclocaro
1204 2463 1388 2518 abbate
1425 2466 1718 2519 monachis.

469 2556 634 2617 [Mart
668 2555 822 2609 Thes.
854 2554 1043 2606 Aneed.
1065 2594 1079 2616 ,
1116 2561 1232 2604 tom.
1271 2555 1360 2614 lll,
1393 2569 1439 2619 p.
1471 2555 1605 2618 867.]

282 2637 556 2693 ‘Joaasss
596 2637 857 2692 Romana:
899 2637 1044 2692 sedis
1090 2636 1635 2706 episcopus,‘dilecto
1679 2646 1841 2709 atque

246 2729 510 2800 praeclaro
539 2730 649 2785 [ilio
682 2729 860 2784 blame
887 2739 913 2768 α
942 2727 1364 2799 archiepiscopo,
1408 2744 1615 2784 necnon
1649 2739 1702 2784 et
1737 2746 1843 2784 ca:-

249 2823 383 2879 teris
425 2823 693 2893 episcopis
718 2835 817 2891 per
865 2820 1198 2875 Britanniam
1239 2821 1706 2876 commanentibus
1743 2821 1839 2893 [aL

246 2910 753 2983 commorantibus]
826 2911 1054 2967 salutem
1105 2918 1161 2965 et
1219 2911 1567 2981 apostolicam
1626 2912 1844 2968 benedi-

235 3006 507 3079 unionem.

319 3097 514 3152 Notum
534 3097 606 3152 sit
629 3096 783 3153 vobis
816 3097 1085 3166 quomodo
1120 3096 1408 3166 Rcsgallon
1442 3105 1497 3151 et
1516 3094 1713 3151 Corvili
1746 3094 1838 3167 [aL

1937 1954 2152 2010 dientiae
2178 1965 2373 2012 vestrae
2408 1959 2767 2014 constantiam
2802 1968 2859 2014 et
2899 1959 3023 2016 ﬁdei
3067 1961 3359 2031 puritatem
3394 1976 3520 2016 cum

1934 2043 2152 2100 virtutis
2185 2044 2420 2101 ellicacia
2458 2047 2604 2103 circa
2653 2047 2714 2105 S.
2749 2049 2817 2103 lt.
2850 2049 2912 2104 Ε.
2944 2050 3137 2106 amodo
3173 2051 3520 2106 consenseri-

1932 2151 2077 2200 mus,
2107 2151 2213 2191 non
2236 2137 2408 2193 solum
2438 2139 2504 2193 de
2545 2140 2629 2194 bis
2669 2140 2842 2195 tribus
2870 2142 3066 2211 quibus
3094 2157 3192 2198 vos
3218 2142 3359 2197 ultra
3385 2158 3529 2198 conm

1938 2227 2273 2281 suetudinem
2306 2238 2670 2300 praegravatus
2711 2231 2922 2295 dicitis,
2969 2231 3024 2286 in
3066 2240 3333 2302 quantum
3382 2233 3522 2288 ratio

1939 2314 2307 2385 postulaverit,
2342 2316 2720 2389 levigabimus,
2754 2335 2944 2375 verum
2973 2320 3138 2375 etiam
3164 2328 3223 2375 ut
3244 2322 3520 2391 propriam

1942 2409 2001 2463 S.
2035 2409 2173 2464 ['etri
2203 2411 2459 2466 familiam
2503 2420 2645 2467 terra
2685 2415 2927 2485 marique
2967 2429 3064 2470 vos
3105 2414 3266 2482 tueri,
3294 2414 3522 2471 Domino

1938 2502 2302 2571 eonfortantc,
2335 2506 2688 2563 studebimus.

2579 2595 2874 2653 CCCXLV.

2411 2683 2477 2720 AD
2516 2683 2630 2721 COZl
2640 2684 2741 2721 LEM
2777 2682 3037 2723 (ΖΟΙΙΤΕΜ.

2576 2757 2700 2830 (An.
2751 2759 2882 2829 inc.)

1944 2843 2021 2898 De
2045 2845 2148 2898 illis
2178 2848 2283 2918 qui,
2310 2849 2560 2903 uxoribus
2598 2851 2707 2903 suis
2729 2850 3015 2931 flintissis,
3048 2850 3117 2905 ad
3147 2851 3283 2906 alias
3311 2854 3520 2923 nuptias

2570 2929 2895 2974 transierint.

1962 3029 1973 3039 ι
2012 3004 2180 3059 Porro
2206 3021 2298 3061 eos
2323 3006 2411 3076 qui
2439 3022 2635 3063 uxores
2656 3023 2782 3064 suas
2802 3009 3142 3076 dimiserunt,
3165 3010 3248 3067 vel
3276 3010 3342 3066 ad
3363 3011 3519 3077 alias,

1947 3093 2051 3148 illis
2075 3096 2396 3162 viventibus,
2422 3099 2635 3168 nuptias
2660 3099 3043 3170 migraverunt,
3073 3102 3255 3158 tandiu
3277 3112 3522 3160 eoscum

244 3203 347 3247 rex
367 3189 556 3245 Callon
579 3198 634 3245 et
667 3188 914 3260 Gorvilli]
965 3204 1089 3244 cum
1132 3188 1251 3243 aliis
1289 3188 1566 3243 monachis
1610 3203 1838 3257 corpora
1866 3212 1909 3271 ρ
1945 3188 2322 3241 consentaneis
2377 3202 2562 3243 eorum
2619 3191 3173 3259 exeommunieamus,
3220 3208 3522 3266 quousque,

242 3282 612 3354 apostolorum
642 3283 956 3348 visitarunt,
996 3293 1287 3352 nostraque
1332 3283 1386 3337 in
1432 3283 1719 3353 praesentia
1745 3298 1836 3337 ve-

244 3383 465 3430 nerunt.
516 3372 710 3428 Postea
742 3373 815 3427 de
844 3371 1057 3428 illorum
1111 3372 1451 3427 ordinatione
1499 3380 1556 3425 et
1607 3371 1836 3427 aliorum

245 3464 639 3521 monachorum
665 3477 762 3532 per
791 3462 1150 3533 ignorantiam
1196 3464 1264 3516 ab
1301 3462 1600 3518 Heclocaro
1640 3464 1835 3518 abbate

245 3563 473 3624 accepta
504 3553 887 3624 judicavitnus,
918 3561 981 3608 ut
1017 3553 1062 3608 si
1104 3553 1217 3623 ipse
1264 3553 1480 3623 indigne
1533 3554 1833 3623 usurpavit,

240 3645 341 3715 qui
396 3643 461 3718 [f.
503 3644 669 3721 quod]
723 3660 763 3700 at
800 3645 1020 3700 nemine
1049 3643 1191 3698 illius
1215 3642 1373 3698 ollicii
1400 3643 1837 3726 ordinatorenti-

244 3737 398 3794 nilne
432 3738 736 3809 acceperit;
782 3737 904 3793 istis
935 3745 1114 3803 tamen
1159 3737 1231 3791 sit
1266 3735 1506 3806 perfecta
1543 3736 1835 3805 ordinaiu,

245 3829 380 3900 quia
405 3829 534 3884 mali
559 3837 783 3899 possunt
815 3828 956 3885 bona
1001 3828 1141 3884 bene
1186 3828 1515 3891 ministrare,
1563 3842 1684 3881 eum
1725 3829 1836 3883 sint

245 3936 506 3992 nequam.
542 3920 636 3977 Ille
675 3936 805 3976 vero
836 3919 1064 3990 amplius
1095 3918 1364 3973 neminem
1392 3918 1606 3973 ordinet
1629 3934 1833 3987 quens-

244 4026 358 4082 que
380 4011 451 4067 sit
473 4010 555 4066 sui
578 4011 813 4082 contagii
844 4009 997 4064 nodis
1026 4009 1251 4064 solutus.
1298 4007 1407 4063 llos
1444 4009 1730 4062 suademus
1769 4008 1835 4063 de

246 4108 451 4158 cancro
495 4115 648 4157 suam
686 4106 1042 4171 procurantes
1079 4098 1339 4170 regulam,
1372 4107 1428 4152 ut
1461 4098 1659 4152 fratres
1681 4113 1744 4154 ac
1775 4099 1836 4153 ti-

247 4191 338 4249 liis
365 4191 431 4264 [f.
475 4191 635 4265 ﬁlios]
660 4190 931 4256 alacriter,
964 4191 1112 4246 omni
1134 4190 1419 4246 occasione
1439 4189 1754 4259 postposita,
1780 4190 1833 4244 in

246 4299 351 4342 suo
390 4285 720 4341 monasterio
754 4285 995 4356 recipiat,
1025 4298 1089 4340 ac
1110 4284 1363 4354 deinceps
1394 4286 1595 4339 bonum
1620 4300 1748 4355 erga
1776 4299 1836 4341 se

241 4375 485 4430 studium
530 4390 763 4446 suosque
810 4374 1081 4445 subjectos
1122 4374 1303 4439 faciat,
1333 4390 1401 4430 ne
1431 4384 1578 4430 sator
1603 4375 1837 4430 zizanio-

247 4480 371 4521 rum
400 4466 482 4521 sui
508 4467 685 4538 gregis
720 4465 791 4522 sit
827 4481 1069 4537 sparsor,
1108 4475 1162 4521 et
1189 4481 1260 4521 ne
1292 4466 1492 4520 nostris
1518 4466 1712 4521 iterum
1740 4482 1834 4521 au-

1940 3276 2328 3343 posterioribus
2351 3278 2596 3343 remotis,
2628 3280 2835 3348 priores
2862 3282 3174 3350 pmnitendo
3198 3287 3523 3355 receperint.

1936 3361 2088 3418 Sient
2115 3365 2258 3423 enim
2282 3366 2480 3436 nuptiae
2507 3382 2536 3421 a
2567 3367 2696 3435 Deo,
2721 3368 2793 3423 ita
2818 3370 3106 3425 divortium
3130 3386 3163 3426 a
3183 3372 3395 3429 diabolo
3414 3383 3522 3439 est,

1937 3462 2073 3509 teste
2100 3464 2289 3510 sancto
2310 3458 2633 3527 Augustino,
2665 3467 2960 3530 repertum.
2997 3461 3152 3527 Quod
3195 3463 3334 3517 enim
3376 3464 3520 3520 Deus

1936 3544 2225 3615 conjunxit,
2262 3547 2416 3601 homo
2442 3565 2545 3603 non
2583 3560 2783 3622 separet
2829 3550 3045 3624 (Matth.
3091 3554 3181 3625 xv)
3210 3572 3225 3609 :
3252 3556 3523 3627 pracipue

1934 3650 2057 3690 eum
2101 3637 2219 3692 haec
2252 3640 2484 3707 pessima
2528 3643 2862 3699 consuetudo
2898 3658 2965 3699 ex
3004 3659 3335 3716 paganorum
3366 3662 3523 3706 more

1936 3730 2274 3795 remanserit,
2319 3747 2547 3801 quorum
2592 3734 2646 3788 in
2693 3735 2888 3791 talibus
2930 3753 3038 3791 non
3076 3737 3210 3795 alias
3256 3739 3358 3795 nisi
3406 3741 3525 3811 ipse

1934 3817 2180 3874 diabolus
2222 3830 2340 3873 erat
2382 3824 2639 3893 magister
2679 3833 2735 3880 et
2785 3835 2994 3883 auctor.

2004 3912 2338 3968 Prudentissi
2366 3950 2374 3964 .
2399 3932 2430 3969 e
2454 3916 2554 3982 vir,
2577 3919 2733 3974 stude
2756 3928 2812 3974 et
2833 3921 3066 3989 prazvide
3093 3932 3153 3977 ut
3179 3923 3287 3978 duo
3312 3925 3415 3980 viri
3443 3924 3525 3982 illi

1935 4002 2025 4071 qui
2049 4019 2245 4058 uxores
2271 4020 2415 4068 suas,
2443 4022 2578 4076 quas
2604 4007 2863 4064 Deusillis
2888 4013 3212 4081 prmparavit
3238 4022 3293 4069 et
3310 4013 3518 4082 junxit,

1934 4091 2246 4163 abjecerunt
2274 4134 2291 4159 ,
2344 4111 2438 4152 eas
2488 4097 2749 4167 repellere
2794 4099 3018 4154 minime
3076 4103 3457 4171 permittuntur
3501 4121 3519 4159 :

1935 4185 2061 4253 quia
2093 4185 2311 4257 impium
2342 4197 2426 4243 est
2464 4196 2520 4242 ut
2550 4189 2666 4259 qui,
2705 4199 2925 4245 auctore
2967 4191 3096 4256 Deo,
3129 4192 3285 4265 legali
3318 4195 3524 4253 findere

1936 4275 2166 4345 copulati
2212 4287 2356 4341 sunt,
2388 4291 2490 4345 pro
2522 4277 2758 4333 humano
2785 4279 2961 4346 libitu,
2988 4282 3096 4337 imo
3120 4282 3309 4340 fraude
3335 4286 3527 4343 diabo-

1937 4367 2038 4421 lica
2062 4379 2396 4437 separantur.
2423 4368 2570 4423 Idem
2593 4373 3042 4426 commonitorium
3067 4371 3237 4429 Paulo
3256 4377 3519 4446 episcopo.

1935 4456 2178 4513 Praevide
2218 4469 2277 4512 ut
2304 4460 2370 4514 de
2404 4462 2741 4532 separatione
2780 4461 3195 4534 conjugatorum,
3226 4467 3519 4525 maximam

246 4558 402 4613 ribus
423 4559 489 4614 de
512 4558 608 4614 illo
626 4558 1009 4630 proclametur,
1033 4566 1092 4613 ut
1113 4558 1299 4629 regula
1324 4557 1425 4611 rite
1447 4555 1731 4626 judicabit,
1762 4561 1830 4614 de
1858 4550 1912 4612 ι)
1937 4565 2120 4604 curam
2142 4566 2320 4621 geras,
2353 4551 2428 4607 ita
2458 4561 2516 4607 ut
2554 4553 2649 4623 qui
2683 4569 2715 4608 a
2760 4556 3104 4625 susceptione
3129 4557 3272 4613 sedis
3303 4568 3522 4627 aposto-

246 4649 331 4705 δὴ
356 4658 600 4720 μηρί’
892 4717 1179 4776 cccxuu

712 4826 781 4864 AD
818 4825 1031 4864 Ρετιιυιι
1066 4823 1373 4864 EPISCOPUM.

728 4898 941 4969 Fragm.
970 4928 1041 4939 —-—
1066 4898 1184 4968 (An.
1220 4896 1351 4965 inc.)

321 4989 380 5046 Si
405 4990 672 5045 Deodatus
702 5000 750 5044 et
783 4989 1077 5058 Gregorius
1115 4996 1317 5042 statuto
1339 4985 1450 5056 jam
1484 4995 1725 5057 tempore
1761 4985 1830 5040 ad

251 5095 353 5136 nos
377 5079 560 5135 venire
589 5089 645 5134 et
684 5078 866 5133 omnia
890 5077 1037 5146 justc
1065 5086 1226 5147 atque
1255 5076 1515 5131 canonice
1542 5077 1831 5132 emendare

249 5171 696 5242 contempserint,
723 5169 1061 5241 gravioribus
1091 5183 1184 5222 eos
1208 5169 1453 5236 perpetui
1477 5166 1831 5223 anatbematis

249 5261 481 5316 vinculis
506 5261 899 5326 innodabimus,
944 5273 1242 5331 eorumque
1272 5258 1477 5313 scelera
1520 5268 1575 5311 et
1614 5273 1830 5314 excom-

247 5351 664 5425 municationcs,
689 5357 744 5404 et
764 5349 1107 5404 anathemata
1138 5349 1438 5405 scribentes
1462 5355 1586 5401 ante
1610 5349 1831 5404 sanetis~

245 5441 445 5503 simam
484 5440 630 5498 beati
659 5440 804 5496 Petri
834 5440 1063 5510 apostoli
1086 5439 1377 5510 imaginem
1415 5437 1825 5507 suspcndcmus,

246 5542 310 5588 ut
336 5534 588 5590 omnibus
614 5534 681 5588 de
721 5540 833 5589 toto
862 5533 1063 5588 mundo
1092 5532 1160 5587 ad
1203 5531 1389 5585 limina
1418 5530 1713 5601 apostolica
1741 5545 1828 5587 ve-

268 5692 272 5700 .
318 5656 347 5685 ι
384 5642 576 5699 Merito
613 5643 957 5700 Turonenses
986 5643 1040 5699 in
1082 5641 1354 5713 reSponsis
1383 5641 1452 5697 ad
1480 5639 1826 5713 objectaDoo

244 5714 485 5775 Icosium
513 5722 762 5770 asserunt
790 5714 1070 5784 scriptoris
1112 5711 1315 5784 incuria
1353 5727 1542 5784 nomen
1567 5711 1831 5784 arcliiepio

241 5784 398 5854 scopi
422 5784 701 5854 irrepsisse
731 5785 782 5840 in
810 5781 965 5839 titulo
994 5784 1153 5853 hujus
1180 5782 1444 5853 epistolae;
1474 5784 1629 5852 idque
1653 5781 1830 5853 arguit

1938 4642 2055 4697 lica:
2098 4642 2397 4698 litterarum
2450 4646 2685 4716 separati
2736 4656 2890 4713 sunt,
2938 4648 3208 4720 inculpate
3259 4652 3523 4711 reducant

1937 4734 2146 4805 priores
2182 4750 2397 4799 uxores,
2428 4735 2665 4806 injuneta
2697 4739 3038 4794 convenienti
3069 4741 3408 4811 paenitentia,
3440 4744 3523 4799 di-

1937 4823 2123 4879 missis
2149 4840 2282 4894 quas
2308 4824 2647 4895 postmodum
2676 4835 2801 4883 sunt
2830 4829 3026 4884 sortiti.
3074 4829 3229 4898 Quod
3257 4834 3302 4888 si
3332 4834 3518 4891 nolue-

1938 4912 2070 4978 rint,
2112 4923 2266 4969 extra
2317 4914 2601 4970 ecclesiam
2626 4916 2791 4972 facite
2824 4932 2929 4972 una
2952 4934 3077 4975 cum
3116 4921 3200 4977 bis
3225 4923 3435 4993 quieos
3460 4924 3517 4978 in

1937 5004 2314 5059 communione
2353 5005 2634 5074 recipiunt,
2673 5006 2842 5063 donec
2871 5010 3160 5066 emendcnt
3198 5027 3317 5081 qua:
3338 5012 3517 5068 adrui.

1937 5105 2141 5150 serunt.

2567 5171 2883 5227 CCCXL“.

2199 5272 2557 5316 CONSTITUTIO
2594 5278 2658 5315 DE
2695 5278 2824 5315 ιῦιιε
2862 5275 3243 5316 (ΖΛΗΒΙΝΛΙΛΒΙ.

2314 5352 2321 5355 '
2576 5353 2699 5424 (An.
2744 5352 2876 5424 inc.)

2005 5439 2245 5512 Itemque
2283 5456 2350 5497 ex
2377 5450 2564 5500 nostra
2602 5444 2877 5515 praesenti
2910 5445 3297 5517 constitutione
3326 5446 3406 5501 bis
3455 5447 3513 5504 in

1936 5546 2122 5588 mense
2152 5532 2235 5587 vel
2263 5547 2328 5589 eo
2357 5534 2609 5603 amplius,
2644 5533 2726 5605 vel
2774 5534 2915 5605 apud
2955 5534 3102 5589 illum
3143 5535 3223 5589 vel
3268 5536 3415 5592 illum
3448 5539 3525 5593 ιιι

1936 5647 2125 5773 titt|tlus
2152 5648 2444 5720 sequentis,
2460 5648 2556 5705 ubi
2576 5647 2818 5705 Dolensis
2839 5650 3123 5721 episc0pus
3143 5651 3316 5707 solum
3340 5652 3515 5711 noiniv

1937 5735 2003 5773 ua
2024 5735 2114 5773 nr.
3258 5772 3261 5773 ν
3358 5761 3369 5773 .

1937 5735 2059 5774 ιιιιιιι
2069 5735 2114 5775 1⁵.
