4026 6308
538 357 643 414 9ίῖ

538 563 635 628 ris,
666 570 722 618 et
759 563 826 618 ab
865 577 1048 618 eorum
1089 561 1416 631 nequissima
1447 561 1705 614 societate
1749 560 2030 615 conamine
2053 568 2107 616 te

539 653 911 724 separaveris;
946 661 1106 722 atque
1133 653 1175 708 si
1199 654 1554 722 praesentibus
1578 653 1662 707 his
1687 652 1865 707 missis
1885 651 2105 717 nostris,

540 742 748 798 Marino
768 742 1017 797 videlicet
1050 743 1503 796 reverendissimo
1531 743 1781 812 episcopo
1808 752 1862 797 et
1905 750 2109 797 sancta:

537 831 684 887 sedis
729 841 913 888 nostro
940 833 1166 896 arcario,
1212 838 1266 886 et
1317 831 1496 886 Siconi
1545 833 1761 902 egregio
1803 833 1939 895 viro,
1989 847 2106 886 ma-

529 919 682 990 jores
743 920 1135 976 Saracenorum
1195 929 1423 990 quantos
1487 921 1675 973 melius
1739 929 1910 989 potes,
1974 935 2109 989 quos

533 1009 853 1064 nominatim
881 1012 1190 1082 qumrimus,
1222 1027 1342 1066 eum
1373 1012 1491 1064 aliis
1521 1012 1770 1065 omnibus
1793 1012 2022 1081 ceperis,
2054 1019 2110 1068 et

527 1096 791 1169 iugulatis
815 1099 952 1165 aliis,
979 1115 1072 1155 eos
1102 1101 1256 1154 nobis
1283 1101 1567 1164 direxeris,
1603 1117 1633 1154 a
1658 1101 1870 1154 vinculo
1893 1117 2108 1156 excom-

531 1194 912 1250 municationis
939 1195 1288 1258 absolvimus,
1315 1205 1364 1250 et
1383 1195 1538 1263 juxta
1565 1196 1955 1266 praecedentem
1980 1212 2109 1250 con-

532 1286 869 1340 suetudinem
901 1286 1201 1356 episcopale
1224 1284 1455 1340 ofIicium
1483 1286 1772 1340 reddimus.
1805 1286 1880 1339 Eo
1904 1286 2108 1340 scilicet

529 1375 712 1439 modo,
729 1376 810 1429 vcl
836 1385 1036 1441 tenore,
1053 1377 1298 1446 utc:iptis
1317 1385 1372 1429 et
1393 1376 1602 1429 traditis
1621 1384 1799 1438 antea,
1825 1384 1883 1429 ut
1904 1375 2102 1428 dictum

531 1473 634 1526 est,
678 1463 988 1531 S.:racenis,
1031 1467 1287 1535 deinceps
1336 1465 1538 1519 nullum
1585 1481 1705 1520 cum
1752 1466 1831 1518 eis
1883 1466 2105 1519 ulterius

528 1553 706 1608 fccdus
749 1571 966 1626 quoquo
1007 1557 1164 1612 modo
1205 1557 1342 1611 inire
1377 1571 1693 1626 prmsumas.
1730 1556 1861 1610 Nam
1895 1558 1938 1611 si
1979 1573 2101 1612 cum

528 1645 637 1700 illis
681 1646 873 1700 iterum
920 1656 1136 1716 paetum
1181 1647 1394 1716 aliquod
1441 1647 1619 1701 facere
1671 1648 1997 1710 tentavcris,
2048 1648 2099 1701 in

527 1736 715 1791 eadem
763 1745 814 1791 te
853 1737 1406 1792 cxcommunicatione
1453 1752 1672 1792 manere
1710 1739 2000 1802 sancimus,
2049 1746 2102 1791 et

1811 353 2086 410 IOANNIS
2122 349 2320 410 PAPIE
2361 355 2470 411 VIII
2551 349 2556 354 ’

539 469 722 540 impiis
746 470 1007 541 Agarenis
1033 467 1298 531 habuisti,
1328 467 1606 522 manifesta
1629 466 1908 522 devotione
1937 466 2110 537 frege-
2135 467 2185 527 Α

3687 349 3791 405 “3

2864 463 3136 523 CCCLIV-

2604 570 2672 611 ΔΙ)
2705 569 2952 611 εΔιιοιωι
2989 568 3389 610 IIPERATOBEI.

2818 646 2995 716 (Anno
3031 644 3180 717 882.)

2210 759 2461 825 Queritnr
2505 758 2670 813 multa
2720 760 2853 813 bona
2894 759 3142 813 Ecclesiae
3188 757 3442 812 Romana:
3489 773 3524 810 α
3558 750 3794 811 Widdne

2278 832 2504 908 quadarn
2553 831 2852 908 marchiane
2905 839 3118 908 erepta;
3174 839 3321 908 rogat
3374 837 3431 881 ut
3488 827 3787 882 Ecclesia!

2279 899 2543 970 defendat,
2573 911 2620 952 et
2651 901 2859 969 ipsemet
2889 899 3104 968 adjulor
3136 899 3322 952 veniat.

2274 1014 2356 1068 Ad
2392 1015 2768 1083 imperatorem
2799 1011 3072 1067 CAROLUI.

2277 1110 2412 1164 Cum
2437 1117 2489 1162 et
2515 1117 2637 1163 ante
2661 1116 2965 1176 susceptum
3005 1105 3307 1174 imperium,
3351 1111 3409 1158 et
3435 1110 3565 1171 post
3608 1103 3795 1173 Augu-

2207 1201 2340 1256 SIale
2383 1211 2672 1270 sceptrum,
2712 1215 2808 1267 per
2835 1197 3152 1250 humilitatis
3196 1203 3390 1249 vestra:
3421 1195 3792 1249 ministerium

2203 1294 2359 1348 vobis
2404 1293 2662 1346 divinitus
2707 1290 3050 1350 attributum,
3097 1302 3197 1342 nos
3243 1287 3461 1355 quidem
3508 1285 3792 1339 multoties

2191 1399 2303 1454 'pro
2344 1382 2642 1437 innumeris
2689 1379 3104 1436 necessitatibus
3147 1387 3204 1431 et
3245 1375 3644 1444 multiplicibus
3691 1388 3789 1444 op.-

2203 1475 2601 1544 pressionihus,
2669 1487 2804 1541 quas
2850 1478 3035 1524 sancta
3083 1475 3258 1522 mater
3299 1475 3480 1521 vestra
3542 1465 3791 1519 Romam

2204 1567 2444 1621 Ecclesia
2485 1565 2725 1634 quotidie
2771 1563 3009 1632 patitur,
3060 1560 3260 1630 ingenti
3309 1572 3552 1613 moerere
3604 1555 3791 1611 amicti

2203 1659 2668 1718 reclamassemus,
2701 1654 2903 1707 nullum
2940 1666 3111 1720 usque
3142 1650 3320 1704 adhuc
3361 1656 3564 1717 optata:
3593 1663 3792 1703 conso-

2204 1747 2421 1802 lationis
2445 1746 2712 1799 valuimus
2733 1743 3028 1814 promereri
3051 1740 3310 1794 auxilium
3337 1738 3420 1792 vel
3447 1737 3789 1792 defensionis

525 1825 849 1880 auctoritate
885 1828 978 1882 Dei
1017 1827 1403 1897 omnipotentis
1442 1836 1497 1882 et
1528 1827 1672 1882 beati
1701 1827 1844 1882 Petri
1889 1838 2103 1898 aposto-
2132 1816 2183 1879 Β
2207 1836 2480 1901 solarium,
2508 1835 2632 1904 quia
2669 1834 2734 1886 de
2763 1832 3012 1886 omnibus
3042 1829 3409 1884 immobilibus
3435 1829 3600 1882 rebus
3623 1829 3785 1882 terri-

525 1914 700 1968 lorum
725 1917 985 1988 principis
1014 1927 1064 1973 et
1093 1928 1298 1984 nostra,
1323 1919 1468 1973 omni
1495 1920 1785 1990 episcopali
1817 1921 2020 1974 honore
2051 1929 2101 1976 te

520 2004 842 2070 privandum
873 2016 925 2061 et
945 2017 1204 2078 perpetuo
1232 2009 1575 2065 anathemate
1597 2009 1957 2066 damnandum
1980 2027 2101 2066 esse

523 2093 881 2152 decernimus.

1179 2232 1417 2287 CCCLIII

1081 2360 1148 2396 Αἰ)
1187 2359 1536 2401 GENEV’ENSES.

1121 2479 1300 2549 (Anno
1341 2479 1493 2550 882..)

516 2586 769 2658 Praecipit
790 2599 845 2643 ut
867 2587 1108 2660 Optanda
1127 2591 1365 2660 episcopo
1385 2607 1418 2645 a
1437 2607 1490 2645 se
1509 2600 1806 2646 consecrato
1827 2589 2089 2644 obediant.

589 2682 748 2737 Clero
773 2691 829 2738 et
851 2683 1049 2753 populo
1075 2681 1399 2740 Genevensi.

587 2810 936 2866 Dilectissimi
965 2811 1058 2866 filii
1089 2813 1256 2866 nostri
1289 2811 1464 2867 Caroli
1495 2813 1865 2883 imperatoris,
1893 2813 2089 2881 princi-

515 2915 751 2969 pumque
787 2901 954 2970 ipsius
988 2901 1156 2955 relatu
1177 2941 1192 2967 ,
1233 2912 1468 2956 vestram
1499 2904 1791 2958 Ecclesiam
1818 2905 2088 2957 viduatam

516 3000 907 3060 cognoscentes
933 2999 1179 3060 pastore,
1231 3001 1286 3047 et
1330 3003 1549 3062 propter
1577 2994 1963 3049 dissensionem
1989 2995 2091 3048 Bo-

514 3081 696 3146 sonis,
727 3082 810 3135 cui
842 3083 1078 3136 sociatus
1105 3081 1342 3150 ejusdem
1373 3084 1516 3139 sedis
1563 3085 1773 3140 videtur
1819 3097 2088 3156 metr0p0-

2202 1930 2326 1984 torii
2357 1928 2528 1982 sancti
2562 1926 2728 1988 Petri,
2757 1939 2891 1993 quas
2934 1922 3090 1976 nobis
3127 1922 3401 1975 Ravenna:
3438 1919 3782 1974 consistenti-

2200 2021 2323 2084 bus,
2375 2018 2426 2071 iu
2455 2016 2737 2087 pizesentia
2769 2013 3080 2068 serenitatis
3124 2019 3318 2065 vestrae
3344 2021 3575 2078 uterque
3615 2008 3782 2063 Wido

2200 2093 2471 2162 marchio
2505 2121 2604 2176 pro
2665 2103 3071 2159 reinveslitione
3129 2098 3403 2162 reddidit,
3464 2115 3567 2152 nec
3617 2114 3785 2152 unum

2198 2197 2497 2266 recepimus
2527 2196 2700 2250 locum
2725 2211 2739 2259 ;
2777 2193 2870 2248 sed
2902 2192 2998 2260 ipsi
3027 2200 3082 2245 et
3105 2190 3354 2245 homines
3375 2204 3564 2242 eorum
3593 2196 3804 2241 contra-

2191 2284 2280 2352 jus
2318 2292 2372 2338 et
2411 2285 2718 2351 (equitatem
2759 2281 2937 2335 omnia
2970 2279 3208 2334 retinere
3237 2286 3580 2347 praesumunt
3615 2294 3630 2329 :
3663 2290 3786 2330 nam

2196 2373 2353 2426 nobis
2377 2373 2428 2425 in
2453 2370 2757 2440 Pentapoli,
2786 2369 2889 2423 hoc
2925 2377 3009 2422 est
3042 2368 3094 2421 in
3119 2367 3253 2420 urbe
3292 2365 3442 2420 Fano
3475 2364 3787 2418 consisten-

2197 2462 2374 2524 tibus,
2430 2460 2732 2514 Adela-rdus
2793 2457 3279 2512 reverendissimus
3338 2455 3678 2523 episcopus,
3729 2461 3784 2508 et

2195 2551 2481 2605 deliciosus
2527 2558 2706 2604 vester
2747 2547 3156 2615 communisque
3207 2544 3380 2600 lidelis
3407 2586 3419 2607 ,
3477 2544 3782 2598 secundum

2191 2651 2386 2697 vestra:
2431 2639 3019 2711 delegationisjussum
3064 2637 3308 2700 advenit,
3357 2646 3412 2690 et
3460 2637 3535 2689 ibi
3567 2633 3780 2703 prtefati

2191 2732 2441 2786 Widonis
2481 2741 2537 2785 et
2580 2730 2872 2785 satellitum
2917 2729 3066 2798 ejus,
3136 2727 3225 2796 qui
3273 2734 3460 2780 nostra
3513 2725 3781 2779 violenter

2187 2823 2434 2877 tulerunt
2457 2837 2521 2875 ac
2549 2821 2917 2881 retinuerunt,
2964 2813 3308 2887 prmSentiam
3354 2814 3656 2884 pruzstolati
3688 2829 3784 2867 su-

2193 2928 2312 2967 mus
2363 2929 2376 2964 :
2427 2918 2695 2979 quatenus
2735 2909 2821 2963 vel
2877 2907 3227 2962 inde'omnis
3272 2904 3680 2958 emendationis
3722 2912 3779 2956 et

2187 3001 2410 3071 justitia:
2429 3009 2610 3069 empto
2637 2999 2809 3062 initio,
2830 3013 2928 3068 per
2948 3008 3174 3050 caeteras
3194 2994 3358 3048 urbes
3375 3033 3391 3057 ,
3421 2993 3492 3046 de
3521 2991 3776 3047 omnibus

2187 3093 2342 3161 juxta
2365 3091 2667 3146 clementiae
2693 3097 2884 3142 vestra:
2911 3087 3204 3147 decretum,
3248 3083 3560 3152 recipiendo
3581 3083 3772 3135 eorum

511 3172 742 3238 litauus,
773 3174 1168 3229 ordinationem
1194 3174 1352 3231 electi
1382 3177 1545 3231 vestri
1577 3175 1805 3246 Optaudi
1835 3176 2082 3243 diﬂ‘erre,
2111 3165 2154 3225 C
2187 3186 2361 3255 ιρεειο
2395 3193 2578 3236 vestro
2595 3181 2856 3250 justitias,
2898 3180 3099 3248 pariter
3129 3177 3629 3247 proficisceremur;
3671 3171 3770 3226 sed

512 3265 837 3319 auctoritate
863 3273 916 3320 et
941 3274 1206 3336 potestate
1231 3268 1542 3338 apostolica,
1572 3270 1863 3324 secundum
1898 3271 2087 3339 depre-

510 3353 778 3411 cationem
815 3357 1055 3427 ejusdem
1087 3359 1415 3414 serenissimi
1463 3360 1832 3429 imperatoris,
1859 3360 1949 3414 filii
1976 3362 2083 3416 sci-

511 3440 642 3498 licet
681 3447 848 3500 nostri
874 3448 1131 3518 spiritalis
1161 3448 1338 3503 Caroli
1379 3458 1538 3519 atque
1585 3451 1901 3519 optimatum
1945 3450 2083 3519 ejus,

508 3538 842 3606 przrcognita
873 3548 1052 3593 vestra
1091 3541 1330 3594 omnium
1376 3540 1430 3594 in
1472 3543 1657 3594 eodem
1695 3540 1941 3611 Optando
1980 3541 2085 3596 ele-

509 3625 715 3690 ctione,
732 3635 785 3680 et
800 3629 1030 3696 qualiter
1055 3629 1196 3684 idem
1219 3631 1591 3685 serenissimus
1607 3633 1896 3700 imperator
1910 3633 2082 3687 eidem

508 3714 767 3771 Ecclesiae
818 3719 1135 3774 electionem
1174 3723 1511 3790 perenniter
1562 3723 1628 3777 de
1672 3723 1888 3792 proprio
1939 3723 2083 3778 clero

510 3803 824 3869 donaverat,
861 3808 1063 3863 diutius
1089 3809 1205 3878 ipsa
1235 3811 1472 3866 Ecclesia
1502 3828 1570 3867 ne
1595 3813 1810 3866 viduata
1839 3821 2082 3868 maneret

507 3905 730 3966 pastore
749 3937 762 3961 ,
793 3901 1231 3956 consecravinms
1260 3917 1380 3956 cum
1413 3904 1582 3958 sancti
1613 3904 1845 3973 Spiritus
1871 3906 2076 3975 gratia;

508 3997 567 4042 et
596 3990 664 4042 ad
707 3992 996 4060 regendum
1028 4008 1124 4048 vos
1151 3996 1496 4063 pastoraliter
1536 3998 1854 4052 instructum
1887 3999 2082 4053 direxi-

505 4090 658 4142 mus;
691 4094 850 4147 quem
881 4081 1072 4138 devote
1099 4092 1153 4138 et
1184 4086 1512 4138 unanimiter
1542 4088 1924 4156 suscipientes,
1956 4091 2082 4143 obe-

506 4166 718 4222 dienles
771 4170 855 4233 ei,
906 4181 1094 4240 utpote
1137 4175 1358 4243 proprio
1405 4175 1544 4244 patri
1592 4177 1817 4248 spiritali
1856 4181 1975 4233 sitis
2024 4180 2079 4235 in

507 4261 804 4329 omnibus;
822 4266 969 4320 salvo
998 4267 1250 4339 deinceps
1275 4269 1512 4338 ejusdem
1540 4271 1643 4326 loci
1673 4272 1951 4340 privilegio
1979 4286 2077 4325 an-

503 4355 658 4426 tiquo
687 4360 919 4429 propriae
962 4363 1308 4432 metropolis,
1349 4365 1653 4430 sancimus,
1686 4373 1744 4418 ut
1771 4366 2076 4434 quicunque

500 4447 632 4503 huic
679 4460 875 4506 nostrae
921 4456 1222 4509 auctoritati
1277 4465 1332 4510 et
1372 4456 1676 4526 apostolica:
1705 4457 2071 4510 deliberationi

2187 3275 2282 3330 illo
2322 3289 2536 3342 semper
2570 3273 2806 3342 fugiente
2835 3271 3121 3338 judicium,
3170 3277 3224 3322 et
3272 3276 3470 3321 vestite
3506 3264 3782 3333 iussioni:-

2184 3363 2480 3434 piissimam
2527 3361 2856 3416 sanctionem
2902 3359 3093 3413 callide
3140 3356 3477 3419 declinando,
3527 3370 3638 3408 non
3679 3368 3771 3408 ve-

2184 3455 2384 3516 niente,
2435 3453 2560 3521 quia
2609 3451 2764 3504 nobis
2810 3451 2926 3505 sine
2969 3447 3210 3518 profectu
3256 3447 3436 3514 aliquo
3483 3460 3586 3513 per
3628 3446 3772 3513 ipsas

2183 3545 2428 3599 civitates
2451 3557 2572 3610 quae
2597 3541 2804 3595 illorum
2832 3539 3141 3610 gravamine
3167 3536 3571 3606 opprimuntur,
3599 3532 3768 3603 proti-

2184 3635 2311 3690 cisei
2339 3635 2614 3690 evidenter
2643 3632 2851 3686 exstitit
2893 3630 3258 3691 manifestum,
3303 3627 3609 3679 direximus
3641 3639 3767 3680 cum

2181 3725 2369 3780 eodem
2414 3723 2680 3777 Adelardo
2729 3719 3020 3774 venerabili
3071 3717 3320 3784 episcopo
3368 3714 3537 3766 misso
3586 3724 3772 3766 vestro

2187 3815 2496 3883 Val-perium
2535 3808 3039 3865 reverendissimum
3087 3805 3394 3874 episcopum
3442 3810 3499 3855 et
3550 3800 3764 3855 ﬁdelem

2181 3904 2524 3959 consiliorum
2546 3906 2810 3961 nostrum,
2843 3898 2934 3968 qui
2962 3897 3076 3950 vice
3105 3904 3287 3950 nostra
3321 3892 3622 3961 recepisset
3639 3906 3766 3945 wn-

2181 3999 2496 4054 solationem
2520 3994 2728 4063 justitia
2761 3991 2990 4048 nobisin
3013 3997 3191 4044 vestra
3216 3985 3503 4056 prtest‘ntia
3531 3984 3767 4042 reddita.

2179 4099 2234 4146 et
2262 4091 2557 4160 legitimam
2605 4086 2671 4140 de
2700 4085 2822 4138 aliis
2866 4082 3122 4137 omnibus
3161 4077 3618 4136 emendationem,
3668 4073 3766 4143 qui

2179 4181 2427 4235 videlicet
2445 4176 2670 4248 profecti
2696 4173 2894 4228 nullum
2911 4171 3132 4241 justitia:
3158 4168 3390 4222 fructum
3413 4165 3768 4232 recipientes,

2179 4274 2245 4327 ad
2273 4287 2370 4326 nos
2395 4269 2596 4325 reversi
2626 4274 2768 4322 sunt.
2804 4263 2912 4318 Nos
2937 4271 3116 4317 autem
3153 4273 3368 4314 omnem
3394 4252 3766 4309 excusationis

2178 4377 2365 4418 eorum
2395 4359 2759 4415 defensionem
2803 4353 3015 4422 penitus
3040 4347 3255 4404 auferre
3281 4346 3533 4404 volentes,
3558 4341 3764 4394 decre-

2177 4455 2353 4506 vimus
2379 4464 2473 4508 eos
2495 4451 2687 4502 iterum
2712 4444 2924 4498 mittere
2955 4449 3013 4494 ut
3038 4439 3227 4494 saltem
3255 4435 3589 4504 postmodum
3620 4432 3767 4485 reei-

500 4549 692 4593 contra
729 4550 907 4608 stare,
953 4551 1048 4597 aut
1093 4546 1344 4600 resistere
1365 4587 1378 4611 ,
1407 4515 1502 4600 aut
1540 4560 1644 4601 non
1690 4547 1910 4601 obedire
1931 4587 1946 4613 ,
1993 4548 2074 4602 vel
2103 4515 2151 4572 Β
2175 4555 2425 4611 peremus
2448 4538 2733 4606 justitiam.
2761 4533 2861 4600 Qui
2885 4547 3007 4586 eum
3037 4530 3100 4583 :id
3128 4526 3440 4596 prmdietum
3471 4520 3768 4575 \Vidonem

501 4627 648 4700 Quod
687 4633 860 4698 absit,
909 4635 1226 4691 electionem
1276 4637 1444 4706 ipsius
1490 4638 1742 4693 Ecclesiae
1791 4637 2076 4706 aliquando

499 4732 848 4790 pervertere,
894 4735 986 4781 aut
1034 4729 1358 4800 infringere,
1404 4745 1601 4800 quam,
1648 4729 1758 4784 Deo
1806 4730 2074 4799 propitio,

497 4812 644 4880 justa
689 4823 772 4870 est
808 4828 1053 4873 assecuta
1074 4859 1088 4883 ,
1119 4821 1436 4886 tcntaverit,
1467 4821 1644 4890 gladio
1697 4822 1883 4890 utique
1913 4836 2073 4875 cano-

501 4903 642 4960 nicaa
668 4905 964 4976 disciplina:
1012 4911 1221 4964 nov-erit
1252 4926 1310 4965 se
1336 4911 1635 4964 feriendum
1659 4951 1674 4976 ,
1704 4922 1866 4980 atque
1895 4913 2078 4965 omni-

499 4995 736 5062 paten'tis
763 4997 859 5052 Dei
905 4997 1194 5052 vindictam
1240 5013 1345 5052 non
1376 5015 1695 5064 evasurum,
1722 5000 1765 5053 si
1792 5000 1951 5070 digna
1978 5015 2070 5054 ce-

498 5084 688 5141 leriter
710 5097 813 5141 non
837 5087 999 5143 fuerit
1025 5087 1392 5143 satisfactione
1412 5099 1650 5142 sanatus.
1676 5088 2082 5143 Confirmamus

487 5178 762 5262 denique,
809 5182 979 5237 nostri
1025 5182 1356 5252 apostolatus
1385 5183 1703 5238 auctoritate
1725 5223 1738 5248 ,
1766 5197 1954 5237 omnes
1986 5196 2074 5236 res

491 5260 748 5336 ejusdem
791 5271 1045 5328 Ecclesiae
1090 5275 1312 5344 pacifice
1365 5291 1429 5329 ac
1467 5275 1649 5344 quiete
1688 5274 2074 5346 perpetuali-ter

483 5359 796 5432 possidere-1
827 5363 896 5419 Et
922 5366 1232 5436 quicunque
1283 5367 1496 5422 easdem
1527 5369 1794 5422 invadere
1822 5383 1884 5421 ac
1913 5368 2067 5421 dissi-

495 5449 632 5521 pare
669 5467 836 5509 ausus
890 5453 1087 5523 fuerit,
1137 5465 1419 5528 postquam
1469 5471 1498 5511 a
1552 5460 1770 5528 pmprio
1818 5459 2070 5528 episcopo

497 5543 766 5621 canonice
789 5534 1111 5604 admonitus
1142 5549 1338 5613 fuerit,
1367 5550 1411 5604 si
1444 5551 1737 5605 secundum
1781 5551 1990 5605 divinas
2017 5559 2070 5604 et

485 5633 764 5722 humanas
814 5635 956 5707 leges
997 5641 1106 5694 non
1138 5640 1534 5707 emendaverit,
1566 5642 2072 5697 sub-anathemate

495 5722 943 5782 titdamnaiusu
1111 5736 1192 5758 ·
1557 5749 1599 5760 ..
1643 5735 1784 5760 .

2179 4648 2395 4687 rursum
2429 4630 2707 4691 abiissent,
2749 4622 2884 4679 nihil
2913 4617 3306 4675 emendationis
3351 4613 3591 4680 nihilque
3637 4613 3769 4664 red-

2177 4724 2393 4780 ditionis
2419 4723 2486 4774 ah
2513 4736 2580 4774 eo
2616 4718 2701 4772 vel
2733 4714 3053 4783 sequacibus
3083 4724 3221 4777 ejus,
3259 4707 3398 4760 sicut
3423 4702 3785 4773 promissum.

2177 4815 2371 4876 fuerat,
2398 4813 2637 4880 recipere
2669 4813 2973 4878 potuerunt.
3013 4801 3117 4856 Sed
3146 4808 3201 4853 ut
3231 4807 3390 4852 antea
3422 4796 3542 4848 sine
3579 4794 3773 4861 aliquo

2179 4908 2244 4961 ad
2274 4922 2370 4960 nos
2399 4904 2588 4959 effectu
2627 4912 2878 4956 reversus
2901 4904 3006 4960 est,
3031 4904 3086 4948 et
3119 4901 3296 4948 vester
3323 4889 3389 4944 ad
3425 4903 3523 4942 vos
3552 4889 3775 4955 absque

2168 4997 2391 5068 justitia:
2433 4991 2880 5062 contemplatione
2919 4985 3233 5042 omnimodo
3279 4981 3461 5045 rediit,
3504 4978 3782 5048 quamvis

2173 5088 2376 5158 ingenti
2401 5095 2455 5140 et
2488 5085 2627 5139 fideli
2668 5083 2950 5138 devotione
2974 5080 3088 5148 ipse
3116 5075 3386 5132 eonfrater
3408 5083 3601 5128 noster
3620 5072 3778 5126 Ade—

2173 5180 2357 5234 lardus
2404 5179 2470 5232 ad
2508 5177 2770 5247 justitiam
2813 5171 3132 5243 exigendam
3190 5165 3525 5222 multimodis
3572 5164 3780 5218 decer-

2175 5282 2361 5328 tasset.
2394 5271 2545 5326 Nunc
2574 5271 2736 5340 igitur
2765 5283 2860 5337 pro
2883 5277 3034 5322 certo
3069 5265 3301 5321 scientes
3325 5259 3528 5315 nullam
3563 5273 3674 5313 nos
3707 5258 3782 5313 de

2175 5364 2337 5418 tantis
2364 5363 2518 5416 malis
2544 5375 2704 5429 posse
2727 5359 2926 5414 habere
2947 5355 3208 5426 justitiam
3231 5362 3286 5406 et
3314 5348 3780 5417 emendationem

2173 5471 2270 5525 per
2308 5455 2600 5525 quemlibet
2645 5448 2980 5506 celsitudinis
3015 5455 3210 5502 vestra:
3233 5440 3642 5523 legatugm,nisi
3680 5455 3786 5509 pc:

2176 5546 2420 5602 vestram"
2457 5544 2786 5615 imperialem
2828 5541 3199 5611 praesentiain,-
3229 5548 3489 5604 rogamus
3535 5532 3780 5597 obuia.

2178 5650 2348 5708 atque
2367 5633 3216 5707 pertonnipoteutemnomimun
3233 5626 3580 5696 arma».
3611 5637 3694 5688 ut.

2177 5731 2586 5793 defendendum
2602 5739 2667 5784 et:
2681 5725 3114 5796 libera-ianuis
3155 5716 3782 5794 tumultuariam?-
