4026 6308
292 360 396 418 9:9
1492 358 1853 419 msrom
1887 361 1974 419 ετ
2010 361 2349 435 uacuare.
3404 365 3534 435 ese

290 491 434 541 rum,
464 473 557 545 qui
586 487 704 529 eam
750 472 1007 529 atrociter
1048 472 1338 540 devorant,
1383 472 1677 530 Ecclesiam
1718 475 1861 531 beati
1887 476 2168 547 Aprazbet
2216 475 2521 533 videndam.
2568 473 2828 532 Praesenti
2856 489 3079 548 quoque
3112 474 3277 532 Petro
3311 489 3533 531 venera-

290 567 438 625 Petri
469 564 829 636 apostatarum
868 564 1125 635 principis
1161 565 1312 620 vobis
1338 566 1705 631 commissam,
1744 582 1863 638 quae
1908 603 1932 632 ,
1963 565 2057 620 bili
2086 566 2337 637 episcopo
2358 565 2511 622 valde
2533 566 2688 622 nobis
2725 566 2968 633 credulo,
2991 575 3047 622 et
3070 566 3422 623 dilectissimo
3444 565 3531 622 fa-

290 672 389 713 vos
416 656 604 713 divino
629 663 761 710 nutu
800 653 1072 723 adjutores
1105 669 1167 708 ac
1192 653 1501 710 defensores
1527 656 1580 710 iu
1615 657 1864 712 omnibus
1962 657 2159 713 miliari
2190 666 2377 715 nostra
2425 638 2687 714 summam
2712 658 3167 724 benevolentiam,
3197 673 3531 728 quaesumus,

287 752 451 823 elegit
473 751 693 813 habere,
727 749 849 819 ipsi,
898 748 1008 803 Deo
1048 748 1358 813 auxiliante,
1407 750 1590 804 venire
1636 748 1865 815 libenter
1961 748 2179 814 exhibe,
2217 757 2274 803 et
2315 748 2363 802 ei
2418 756 2603 820 utpote
2632 763 2661 802 a
2694 756 2839 802 tanta
2877 750 3003 803 sede
3036 750 3262 812 directo,
3295 748 3531 819 familia-

288 841 583 912 dignemini
614 857 628 894 :
658 848 921 908 quatenus
944 838 1037 893 Dei
1067 847 1121 893 et
1148 847 1326 895 vestro
1347 840 1536 895 solatio
1557 838 1717 903 freta,
1745 853 1863 910 qua:
1963 838 2139 892 ritatis
2168 837 2343 893 locum
2371 839 2511 908 apud
2537 839 2793 893 domuum
2836 838 3134 910 Augustum
3160 839 3533 910 congruentis-

289 947 389 986 sua
412 939 537 985 sunt
559 928 734 984 valeat
752 927 1013 982 securiter
1034 927 1267 983 retinere
1291 943 1411 983 cum
1438 928 1675 999 pristina:
1698 927 1866 997 digni-
1963 928 2158 982 simum
2184 929 2382 993 tribue,
2407 937 2571 997 atque
2617 935 2678 982 ut
2717 928 3116 998 nobismetipsis
3139 928 3212 983 illi
3239 929 3533 986 credulita-

290 1021 420 1076 tatis
447 1020 658 1085 decore,
690 1018 754 1072 ad
782 1018 995 1073 laudem
1024 1029 1078 1072 et
1107 1029 1418 1089 perpetuam
1457 1019 1648 1073 animre
1675 1028 1862 1073 vestra:
1963 1026 2071 1072 tem
2106 1018 2320 1087 penitus
2347 1019 2633 1082 adhibens,
2663 1032 2727 1073 ea
2762 1034 2882 1088 qua:
2907 1019 3090 1075 verbis
3126 1019 3534 1088 retulerit,,stu-

288 1108 615 1165 mercedem.
1961 1108 2050 1161 dio
2081 1118 2171 1163 tuo
2197 1108 2451 1178 operibus
2478 1108 2820 1179 impleantur.
2847 1107 2952 1164 Sed
2979 1118 3033 1163 et
3050 1109 3152 1164 hoc
3179 1110 3541 1181 deprecamur

618 1186 621 1189 ’
964 1196 1200 1253 CCCLV.
1961 1206 2020 1253 ut
2050 1213 2146 1267 pro
2191 1214 2256 1254 eo
2285 1200 2427 1269 quod
2470 1200 2610 1269 apud
2662 1199 2907 1254 Ticinum
2958 1201 3147 1257 eodem
3176 1201 3431 1272 episcopo
3467 1215 3541 1257 ea

704 1307 772 1345 sn
811 1304 1108 1346 arcesnam!
1146 1304 1447 1345 suaesnu.
1960 1303 2080 1358 quae
2120 1304 2217 1343 nos
2252 1289 2324 1343 illi
2367 1291 2826 1361 commiscramus,
2856 1290 3207 1361 ipsiAugusto
3228 1289 3537 1346 necessaria

876 1382 1053 1453 (Anno
1124 1381 1270 1451 882.)
1958 1389 2283 1449 exponente,
2315 1381 2527 1434 animus
2579 1380 2720 1434 illius
2750 1390 2935 1434 contra
2967 1381 3112 1436 hunc
3134 1388 3221 1435 est
3261 1381 3535 1455 turbatus,

290 1476 545 1542 Queritur
565 1476 762 1531 nullam
789 1476 887 1529 sibi
913 1484 1094 1528 contra
1124 1473 1503 1528 Saracenorum
1531 1474 1859 1528 excursiones
1964 1477 2055 1522 tua
2087 1468 2343 1522 instantia
2372 1468 2630 1539 quidquid
2655 1468 2783 1522 illud
2808 1468 2970 1522 fuerit
2988 1468 3209 1523 omnino
3229 1468 3531 1523 abolentur.

362 1564 508 1629 opem
539 1547 666 1629 ferri
690 1563 709 1610 ;
740 1554 889 1629 rogat
917 1556 970 1597 ut
997 1544 1061 1597 ub
1086 1544 1394 1613 imperatore
1420 1542 1655 1629 celeriter
1677 1555 1859 1629 postit-

1961 1558 2027 1614 Et
2053 1558 2119 1611 ad
2151 1560 2291 1614 hunc
2314 1559 2564 1614 eumdem
2591 1559 2903 1629 episcopum
2946 1559 3032 1629 pie
3063 1560 3402 1614 tractandum
3434 1559 3534 1613 im-

361 1612 428 1670 let
471 1612 729 1670 avriilinm
759 1629 777 1667 :
804 1612 1029 1682 legatum
1053 1629 1205 1667 suum
1232 1612 1557 1666 commendat
1580 1628 1595 1677 ;
1625 1612 1747 1675 petit
1775 1614 1860 1667 det

361 1703 572 1753 operum
617 1696 669 1738 ut
710 1684 1030 1755 Angelberga
1059 1681 1124 1736 ab
1153 1682 1337 1735 exsilio
1382 1693 1646 1736 revocetur
1672 1692 1718 1736 et
1758 1681 1863 1736 Ilo-

1960 1648 2178 1721 perialis
2226 1649 2439 1703 animus
2467 1612 2747 1718 placabilis
2779 1612 2842 1704 in
2863 1612 3082 1705 cunctis
3098 1649 3374 1715 reddatur,
3398 1664 3533 1719 quo-

362 1737 818 1810 ,,',,;,,,“,,‘,,-,m,,’,,f
963 1737 990 1754 "
1964 1737 2108 1794 niam
2139 1752 2245 1791 non
2275 1737 2389 1792 haec
2432 1737 2822 1799 contumaciter
2850 1745 2941 1792 aut
2967 1746 3158 1794 contra
3184 1738 3537 1811 Augustalem

362 1850 621 1906 Βιεωιωι
676 1848 963 1918 Augustae,
1000 1860 1095 1902 seu
1142 1845 1478 1902 LlUTWAltDO
1530 1843 1859 1902 Vercellensi
1889 1823 1935 1883 Β

1963 1827 2281 1897 dignitatem
2329 1828 2648 1896 protulerat,
2677 1828 2769 1884 sed
2819 1828 2935 1885 zelo
2964 1830 3059 1885 Dei
3086 1831 3280 1886 ductus
3333 1831 3400 1885 ad
3434 1846 3546 1885 nos.

284 1941 569 2012 cpiscop“,
606 1955 635 1994 α
665 1914 906 2009 paribus.
1959 1914 2209 2012 ineliicax
2233 1916 2687 2012 redirenolebat.
2718 1916 3000 1974 Postremo
3029 1919 3231 1975 Christi
3258 1920 3454 1975 cultrix
3482 1928 3540 1975 et

362 2007 745 2088 Tan-ta'cordis
765 2030 1013 2099 angustia
1052 2037 1339 2099 tantusque
1371 2028 1523 2085 dolor
1552 2038 1604 2085 et
1630 2028 1860 2100 gemitus
1959 2007 2072 2100 Deo
2108 2008 2355 2063 amabilis
2388 2008 2517 2074 lilia,
2548 2009 2772 2065 moleste
2805 2011 3119 2081 accipimus,
3145 2027 3243 2068 cur
3264 2012 3539 2069 multoties

287 2125 417 2180 hinc
435 2133 487 2178 et
504 2122 624 2177 inde
644 2136 765 2176 cum
791 2121 1006 2191 irriguis
1028 2120 1385 2191 lacrymarum
1412 2119 1596 2175 rivulis
1621 2128 1859 2174 nostram

1961 2098 2330 2166 deprecantes,
2354 2099 2582 2169 spiritali
2609 2100 2729 2155 tilia:
2752 2110 2950 2157 nostra:
2972 2102 3319 2174 Angelbergae
3336 2104 3535 2156 nullam

284 2225 503 2285 aetatem
553 2215 803 2285 quatiunt
832 2222 889 2268 et
940 2190 1327 2284 conquassant,
1359 2220 1644 2282 tantusque
1696 2211 1860 2265 etiam

1961 2204 2058 2259 per
2080 2204 2176 2243 vos
2216 2190 2488 2258 potuimus
2527 2191 2775 2246 conferre
2824 2192 3110 2259 medelam,
3154 2202 3214 2248 ut
3274 2195 3538 2250 dissoluto

285 2284 465 2362 “unus
638 2305 970 2359 desomnem,
1008 2280 1167 2357 tam,
1196 2303 1370 2368 iuius,
1402 2280 1571 2372 quam
1602 2300 1714 2370 iam
1741 2301 1860 2355 τυη,
1961 2280 2173 2374 exsilio,
2200 2283 2265 2335 ad
2286 2290 2531 2336 sanctum
2555 2282 2772 2338 Petrum
2803 2285 3100 2353 apostolum
3129 2300 3248 2340 eam
3273 2286 3537 2342 reducere

288 2396 436 2453 ditus
461 2370 810 2449 a'Christiani
838 2393 1072 2448 nominis
1094 2393 1328 2448 inimicis
1356 2370 1546 2446 et'Deo
1569 2391 1861 2447 odibilibus
1962 2370 2280 2428 ίελθετθιηυε·
2314 2373 2464 2428 unde
2510 2373 2673 2428 etiam
2706 2390 2849 2430 ηυηε
2892 2390 3235 2446 summopere
3275 2376 3538 2446 depreca-

288 2486 579 2546 Saracenis
596 2486 957 2557 depraedatam
976 2485 1267 2548 cernimus,
1293 2499 1391 2539 nos
1412 2483 1573 2539 allicit
1598 2492 1652 2538 et
1672 2482 1862 2536 intima

1965 2480 2087 2519 mur
2115 2472 2172 2518 ut
2202 2480 2300 2534 pro
2330 2480 2515 2520 amore
2545 2466 2639 2520 Dei
2670 2474 2725 2520 et
2775 2476 2961 2524 nostro
3005 2475 3192 2524 sancta
3220 2469 3375 2524 sedes
3404 2484 3540 2539 apo-

287 2587 476 2633 nostra
512 2555 783 2643 ἀίεςοίγίι,
809 2588 869 2631 ιη
912 2583 969 2631 ει
1007 2592 1229 2631 somnus
1256 2577 1324 2631 ab
1361 2574 1529 2631 oculis
1557 2583 1611 2630 ει
1641 2590 1669 2629 3
1702 2581 1860 2646 gustu
1964 2555 2154 2610 stolica
2180 2556 2247 2611 de
2274 2556 2375 2611 hoc
2396 2557 2711 2611 honoretur.
2745 2558 2811 2612 Et
2841 2558 2981 2614 sicut
3000 2557 3115 2627 jam
3158 2558 3334 2614 dictus
3359 2559 3542 2629 Augu-

288 2666 692 2737 cibusefl‘ngiat.
709 2667 882 2721 Etiam
909 2681 1032 2721 cum
1052 2666 1288 2722 Jeremia
1309 2667 1597 2722 decantare
1626 2662 1863 2734 compel-

1964 2657 2081 2702 stus
2109 2648 2387 2703 vobiscum
2424 2648 2627 2718 pariter
2651 2649 2979 2719 repromisit,
3003 2665 3032 2703 a
3067 2649 3399 2719 captivitate,
3429 2663 3536 2718 qua

286 2759 402 2814 ιονς
425 2759 554 2824 Quis
575 2758 718 2812 dum
741 2759 1030 2826 capiam“
1054 2774 1243 2827 “quam
1263 2757 1290 2810 γ
1311 2767 1401 2811 αυτ
1427 2756 1590 2811 om“;
1606 2757 1729 2811 ηιεξε
1745 2756 1862 2825 [οη.
1964 2742 2166 2798 frustra
2200 2751 2433 2809 tenetur,
2463 2742 2609 2797 salva
2640 2753 2695 2797 ct
2738 2743 3025 2799 incolumis
3060 2743 3369 2798 reducatur.
3400 2740 3539 2809 Quia

287 2859 393 2904 tem
421 2848 814 2919 lacrymarum?
841 2848 971 2920 (Jer.
1007 2850 1107 2920 Ix.)
1132 2849 1199 2904 Et
1214 2842 1446 2919 reliqua.
1479 2848 1750 2919 Siquidem
1775 2863 1863 2904 ex-

1962 2844 2250 2903 postquam
2291 2834 2446 2890 nobis
2487 2835 2684 2902 quibus
2726 2833 2904 2891 fuerat
2949 2833 3323 2889 commendata
3364 2841 3420 2888 et
3447 2833 3539 2888 de-

287 2939 648 3009 spectavhnus
671 2938 864 3004 lucem,
921 2946 974 2992 et
1017 2953 1145 2995 ecce
1188 2941 1469 3004 tenebras;
1517 2939 1860 3009 quaesivimus

1964 2927 2197 2985 fensioni
2243 2928 2418 2982 sancti
2463 2926 2610 2982 Petri
2654 2926 2883 2997 apostoli
2914 2926 3238 2996 protectoris
3281 2924 3365 2981 sui
3394 2938 3537 2981 com-

287 3029 883 3099 adjutorium,etmuris
903 3029 1065 3086 Urbis
1083 3031 1264 3098 egredi
1297 3046 1399 3085 non
1423 3031 1701 3086 audemus.
1726 3030 1861 3085 Nam
1967 3017 2158 3082 missa.
2185 3015 2392 3071 reddita
2421 3014 2579 3069 fuerit
2610 3055 2627 3082 .
2675 3014 2875 3069 nullam
2905 3014 2973 3071 de
3005 3029 3069 3069 ea
3098 3015 3374 3069 sinistram
3418 3012 3554 3082 quis

288 3129 418 3175 ante
442 3128 677 3173 vestrum
705 3118 927 3174 Romam
958 3120 1243 3173 adventum
1292 3119 1676 3189 qualiscunque
1706 3119 1860 3175 nobis
1888 3168 1932 3189 η
1966 3109 2170 3166 habere
2194 3108 2414 3181 Ροῑετίι,
2435 3108 2594 3165 crede
2619 3108 2796 3174 "Obiso
2826 3106 3219 3178 suspicionem.

287 3168 413 3265 Εἷέί
445 3168 1049 3279 me.{agiagi
1067 3168 1243 3264 ’ἔέῖιῖ
1258 3168 1859 3265 ίτῖιῦῖεὲῖςζιὲέἷεέῖῑῖἷιὲῖ
1886 3168 1934 3232 ο
2194 3168 2213 3181 ’
2400 3168 2411 3174 ⁷
2613 3168 2875 3283 eccm,

285 3300 571 3373 portabilis
594 3300 988 3369 persecutionis
1001 3308 1502 3391 cxstattenipestas,
1529 3301 1655 3371 quia
1686 3315 1862 3371 neque
2557 3316 2736 3391 (Αηηο
2771 3317 2927 3387 332,)

191 3465 196 3468 _
288 3390 552 3463 spiritalis
583 3390 724 3447 filius
765 3401 953 3447 noster
991 3393 1284 3464 Augustus,
1332 3381 1505 3462 neque
1531 3393 1755 3465 alicujus

1816 3392 1862 3447 1‘
2082 3409 2422 3482 Privilegium
2459 3381 2911 3481 pro‘monasterio
2944 3407 3142 3462 Montis
3180 3404 3406 3460 Cassiui.

285 3482 459 3538 terius
488 3481 664 3553 gentis
712 3481 875 3537 homo
902 3481 1060 3538 nobis
1087 3481 1298 3539 confert
1338 3482 1630 3550 auxilium;
1673 3492 1729 3540 et
1755 3485 1859 3540 nisi
1962 3503 2123 3567 [Apud
2145 3481 2432 3566 omnium,
2455 3500 2582 3552 nun.
2602 3501 2898 3567 Βῆριν-μς..
2923 3499 3069 3564 ampt.
3092 3496 3317 3557 Οοῖιθει..
3350 3503 3467 3547 tom.
3492 3495 3536 3558 l,

288 3571 544 3628 divinitas
566 3586 775 3627 summa
796 3572 1098 3639 subveniat,
1123 3582 1215 3629 aut
1236 3575 1288 3629 in
1306 3573 1740 3644 desperationem
1770 3577 1863 3632 ali-
1964 3563 1983 3566 ”
2029 3563 2043 3567 -
2257 3563 2268 3565 “
2415 3563 2426 3566 ’
2646 3563 2692 3627 Ρ·
2717 3563 2804 3614 881
2830 3563 2849 3625 ]

260 3670 451 3734 quam
478 3662 612 3733 lapsi
636 3663 784 3734 (quia
810 3679 918 3719 non
946 3664 1117 3719 solum
1148 3665 1387 3735 duplum,
1420 3667 1558 3721 sicut
1604 3668 1862 3725 Dominus
2029 3666 2262 3725 Joannes
2290 3668 2594 3738 episcopus,
2621 3680 2812 3722 servus
2840 3677 3117 3719 servorum
3145 3661 3265 3726 Dei,
3295 3658 3542 3717 Βειιτιιλ-

287 3752 438 3817 dicit,
491 3753 584 3806 sed
612 3753 776 3807 etiam
824 3753 1040 3822 triplum
1085 3762 1139 3807 et
1168 3755 1531 3825 quadruplum
1561 3758 1858 3813 exercitum
1962 3775 2053 3816 tuo
2078 3759 2328 3830 religioso
2353 3759 2533 3813 abbati
2572 3755 2867 3813 venerabili
2907 3753 3237 3810 monasterio
3275 3753 3334 3807 Β.
3367 3751 3539 3815 Bene—

284 3849 476 3897 contra
519 3855 618 3896 nos
646 3840 832 3897 venire
860 3842 1266 3913 conspicimus),
1298 3858 1362 3898 ea
1389 3859 1507 3912 quae
1558 3845 1706 3914 pacis
1736 3854 1863 3900 sunt
1962 3849 2089 3904 dicti
2117 3848 2446 3904 confessoris
2472 3846 2672 3904 Christi
2701 3846 2806 3902 sito
2834 3846 2885 3898 in
2899 3843 3126 3899 Cassino
3146 3852 3199 3897 et
3211 3857 3308 3912 per
3331 3856 3454 3897 eum
3484 3841 3543 3901 in

282 3929 694 4002 postulabimus.
745 3931 853 3985 Aut
895 3940 1044 3987 certe
1091 3949 1195 3987 non
1250 3934 1422 3988 solum
1473 3936 1601 4006 jngo
1644 3936 1857 3991 illorum
1961 3939 2149 3994 eodem
2176 3937 2469 3993 venerabili
2492 3935 2842 4001 monasterio,
2858 3933 2942 3989 vel
2971 3942 3285 4003 cunckeque
3316 3944 3545 4002 congre—

282 4022 457 4076 coacti
487 4020 800 4088 subdemur,
831 4021 925 4077 sed
954 4022 1119 4076 etiam
1147 4022 1214 4078 ab
1240 4024 1317 4077 eis
1347 4025 1486 4092 capti
1519 4024 1678 4093 impie
1700 4023 1859 4096 jugu-
1962 4030 2165 4100 gatiani
2196 4031 2248 4084 in
2278 4038 2620 4101 perpetuum.

281 4107 535 4166 labimur.
561 4113 719 4180 Quia,
743 4113 883 4167 sicut
904 4113 1076 4179 scitis,
1099 4113 1394 4183 smpissime
1416 4113 1853 4181 reclamavimus,
2029 4122 2297 4190 Quoniam
2338 4136 2551 4191 semper
2580 4129 2704 4177 sum
2731 4117 3076 4177 concedenda
3117 4133 3238 4188 qua;
3266 4114 3544 4171 ι-ςιιίοηαιί..

283 4208 340 4258 et
368 4216 540 4270 neque
570 4204 687 4273 ipse
709 4203 1006 4274 Augusuts,
1031 4211 1091 4257 ut
1120 4203 1477 4273 prmtulimus,
1509 4206 1861 4275 qualemcun—
1959 4215 2061 4271 bus
2122 4222 2426 4284 congruunt
2474 4210 2789 4277 desideriis,
2855 4216 3070 4280 oportet
3116 4217 3174 4262 ut
3219 4207 3433 4263 devotio
3487 4206 3556 4261 in

280 4308 391 4364 que
421 4292 790 4348 ἀεῖυηείοηθω
820 4294 976 4349 ηοδῖε
996 4295 1263 4361 “bibuli.
1296 4311 1471 4365 neque
1509 4296 1754 4352 homines
1785 4297 1860 4353 ci-
1961 4319 2048 4359 me
2077 4303 2325 4373 petitoris
2355 4300 2631 4357 humiliter
2655 4299 2919 4369 acquisita
2944 4299 2997 4354 in
3020 4296 3318 4367 privilegiis
3344 4309 3542 4350 conce-

281 4385 509 4439 vitatum
540 4394 867 4450 nostrarum,
890 4385 981 4454 qui
1005 4396 1191 4442 contra
1213 4386 1382 4441 Deum
1409 4395 1463 4445 et
1486 4398 1672 4443 contra
1699 4404 1860 4444 omne
1961 4394 2150 4450 dendis
2180 4393 2400 4448 minime
2429 4393 2723 4461 denegatur
2742 4405 2775 4445 a
2810 4398 2995 4445 nostra
3030 4389 3340 4451 clementia.
3379 4386 3544 4456 Igitur

278 4478 618 4549 privilegium
644 4485 889 4532 nostrum
918 4461 985 4532 ab
1014 4478 1351 4548 alienigenis,
1374 4495 1438 4535 ac
1464 4479 1509 4535 si
1550 4481 1717 4535 nostri
1752 4497 1855 4534 non
1888 4515 1935 4574 Β
1961 4483 2086 4552 quia
2116 4482 2297 4551 petisti
2321 4496 2351 4533 a
2383 4480 2536 4534 nobis
2561 4486 2829 4549 quatenus
2855 4477 3241 4535 monasterium
3276 4474 3337 4527 Β.
3371 4473 3543 4529 Bene-

280 4566 506 4634 fueriut,
547 4568 877 4635 detinentur,
924 4570 990 4624 ad
1037 4571 1318 4624 servitium
1361 4579 1560 4624 sancta:
1601 4570 1859 4626 Romana:
1888 4562 1928 4574 ”
1961 4571 2092 4627 dicti
2127 4570 2453 4627 confessoris
2474 4568 2695 4634 Christi,
2718 4576 2880 4639 atque
2896 4567 3277 4625 monasterium
3295 4562 3545 4620 B.Scho-

278 4659 541 4718 Ecclesia:
562 4660 887 4725 faciendum,
906 4660 1044 4716 sicut
1068 4660 1282 4715 solitum
1304 4668 1440 4723 erat,
1465 4660 1533 4715 ab
1546 4664 1857 4717 earumdem
1962 4661 2184 4726 lasticae,
2222 4676 2321 4715 seu
2343 4669 2396 4714 et
2417 4659 2662 4714 ecclesiae
2683 4673 2780 4729 per
2809 4656 3019 4728 singula
3041 4656 3157 4712 loca
3194 4663 3544 4719 constructa},

283 4751 712 4823 alienigenarum
734 4753 862 4824 iugo
906 4752 1195 4808 subtraxit.
1236 4751 1331 4806 His
1356 4766 1507 4822 ergo,
1541 4752 1862 4807 charissima
1954 4752 2233 4823 praedictis
2275 4750 2621 4807 monasteriis
2667 4751 3032 4821 pertinentes,
3068 4748 3368 4820 privilegiis
3406 4763 3543 4818 apo-

280 4840 418 4907 ﬁlia,
448 4842 778 4898 clamoribus
821 4858 885 4899 ac
914 4842 1205 4898 ululatibus
1235 4843 1434 4897 nostris
1474 4841 1670 4896 auditis
1689 4883 1703 4907 ,
1734 4842 1859 4912 quia
1956 4842 2165 4899 stoliem
2202 4843 2347 4898 sedis
2376 4842 2557 4898 infulis
2580 4842 2924 4910 decorentur,
2955 4853 3013 4903 ut
3033 4844 3135 4899 sub
3166 4842 3541 4913 iurisdictione

281 4931 620 5002 sapientibus
664 4932 957 5002 loquimur,
1007 4934 1262 4987 continuo
1305 4942 1526 5003 propter
1584 4934 1750 4986 Deum
1802 4945 1855 4997 et
1962 4934 2419 4997 sanetwcui,Deo
2436 4935 3036 5001 auctore,deservimus
3058 4935 3313 4993 Ecclesia!
3330 4931 3544 4991 consti-

281 5033 507 5093 propter
539 5034 755 5080 sanctos
804 5026 920 5094 ejus
957 5025 1244 5093 apostolos,
1288 5024 1401 5091 jam
1438 5026 1583 5080 dicto
1632 5025 1858 5093 spiritali
1963 5034 2128 5090 tunc,
2162 5025 2373 5089 nullius
2417 5024 2661 5081 ecclesiae
2702 5024 2990 5094 cujuslibet
3037 5026 3410 5096 episcoporum
3455 5021 3542 5074 di-

284 5113 397 5169 filio
425 5122 609 5168 nostro
630 5114 892 5186 Augusto,
917 5113 1053 5168 flexo
1073 5115 1293 5183 poplite,
1322 5129 1551 5184 suggere
1574 5122 1653 5180 ut,
1680 5115 1858 5169 omni-
1956 5117 2199 5183 tionibus
2230 5125 2631 5187 promoveatur,
2675 5116 2761 5172 vel
2803 5118 3169 5173 submittatur.
3198 5114 3305 5168 Pro
3350 5127 3458 5182 qua
3482 5126 3543 5164 re

282 5207 390 5261 bus
439 5206 662 5262 omnino
692 5206 1104 5281 necessitatibus
1152 5214 1247 5261 aut
1293 5207 1511 5263 omissis
1566 5216 1662 5263 aut
1712 5216 1861 5263 certe
1959 5208 2067 5278 piis
2104 5208 2388 5265 desideriis
2441 5209 2703 5275 faventes,
2755 5209 2857 5265 hac
2887 5217 3069 5264 nostra
3115 5204 3439 5267 auctoritate
3485 5201 3540 5255 id

282 5299 587 5369 suspensis,
619 5311 820 5354 sanetae
864 5299 1056 5356 matris
1083 5314 1194 5355 suae
1234 5300 1529 5357 calamitati
1556 5301 1859 5366 subveniat,
1960 5306 2106 5377 quod
2160 5306 2472 5376 exposcitur
2516 5306 2796 5377 petitione,
2848 5303 3219 5373 mancipamus
3259 5316 3276 5358 :
3318 5308 3377 5359 et
3420 5297 3546 5357 ideo

281 5393 343 5443 οι
377 5387 861 5453 conculcationem,
906 5389 1017 5444 imo
1066 5388 1427 5459 perditionem
1479 5390 1627 5446 illius
1665 5390 1861 5446 adver-
1960 5411 2180 5453 omnem
2221 5395 2510 5465 cujuslibet
2581 5394 2828 5453 ecclesiae
2868 5394 3178 5465 episcopum
3221 5393 3277 5449 in
3317 5390 3544 5462 praefata

284 5484 432 5542 tens,
456 5487 744 5548 antequam
772 5493 1075 5548 pereamus,
1100 5479 1423 5535 citissimum
1445 5480 1688 5536 conferat
1711 5478 1865 5549 adju-
1962 5489 2292 5545 venerabilia
2334 5488 2453 5545 loca
2493 5501 2871 5560 quamcunque
2909 5485 3165 5543 ditionem
3197 5484 3397 5539 habere
3418 5496 3540 5539 om-

286 5567 514 5635 torium,
538 5578 631 5624 aut
670 5585 966 5643 congruum
1013 5571 1132 5628 sine
1151 5586 1305 5627 mora
1349 5571 1513 5627 donet
1539 5570 1859 5627 consilium:
1962 5579 2095 5635 nino
2134 5579 2499 5649 prohibemus,
2539 5586 2736 5650 prater-
2775 5577 2842 5632 δά
2882 5576 3068 5631 sedem
3113 5581 3356 5630 nostram
3410 5585 3542 5642 apo-

281 5659 419 5732 qnia
464 5660 575 5717 vita
602 5670 788 5718 nostra
836 5663 996 5719 nobis
1024 5679 1151 5721 non.
1176 5665 1418 5737 prodest,
1445 5664 1580 5720 etin
1617 5672 1861 5719 extremo
1962 5669 2211 5725 stolicam
2261 5668 2498 5727 habeant
2546 5675 2846 5738 respectum
2896 5665 3092 5722 amodo
3153 5672 3207 5721 et
3248 5663 3532 5732 deinceps;

286 5751 474 5824 positi,
511 5752 724 5812 etiamsi
751 5768 860 5812 non
904 5764 1237 5828 optaremus,
1279 5757 1395 5831 jam
1424 5772 1571 5817 mors
1599 5772 1660 5816 se
1683 5756 1859 5831 palam
1962 5758 2164 5817 amissa
2216 5756 2467 5815 videlicet
2506 5757 2655 5814 omni
2705 5756 2978 5823 novitate,
3029 5764 3086 5811 et
3131 5751 3417 5820 violentia,
3461 5764 3529 5813 es
