3986 5366
133 182 232 239 937

132 393 380 463 vigilare;
413 405 468 448 et
501 397 623 453 ideo
645 416 747 469 per
786 404 884 458 bos
914 415 1129 463 nostros
1163 393 1483 480 apostolicos
1511 408 1693 486 apices

129 493 231 540 tute
259 486 500 542 ﬁdelitati
526 488 780 556 jubemus
801 504 860 548 ut
882 498 948 554 de
981 498 1295 558 Maimberto
1324 508 1498 564 modis
1519 513 1694 567 omni-

128 577 228 633 bus
247 579 394 647 “sicut
418 581 635 649 misisti,
668 587 872 655 pariter
901 605 1023 644 cum
1056 593 1160 648 isto
1189 597 1357 653 misso
1385 611 1569 656 nostro
1597 618 1694 658 cx-

126 669 270 740 plcrc
308 671 586 738 deeertes,
630 685 688 729 ιιι
723 679 868 734 nullo
893 684 1051 739 modo
1090 685 1324 758 effugere
1362 693 1552 759 possit,
1597 695 1694 750 sed

124 772 429 830 separatum
469 765 538 820 ab
565 769 968 844 archiepiscopo
1007 777 1058 830 vi
1101 789 1369 847 coactum,
1408 794 1693 856 postquam

123 853 190 905 ah
220 865 286 907 eo
311 855 494 910 omnia
520 872 617 911 sua
652 869 964 918 constanter
993 871 1300 938 exegeritis,
1343 853 1422 928 ad,
1451 853 1690 933 nostram

120 945 464 1010 prmsentiam
488 947 793 1006 districtum
832 955 1095 1012 deducere
1117 962 1384 1019 studetote
1411 983 1426 1019 ε
1451 969 1614 1022 etiam
1637 977 1693 1024 et

121 1032 238 1087 illas
266 1034 540 1102 mulieres,
577 1056 713 1109 quas
748 1060 888 1099 nunc
913 1046 964 1100 in
997 1064 1092 1102 sua
1126 1054 1409 1112 mansione
1435 1059 1691 1116 collectas

119 1126 338 1187 detinet,
379 1128 432 1183 in
470 1141 657 1188 nostro
693 1139 925 1193 rectorio
967 1143 1200 1198 retinere
1232 1146 1484 1215 jubemus
1521 1167 1691 1222 usque

115 1216 181 1268 ad
217 1226 462 1273 nostram
493 1223 758 1278 notitiam.
790 1226 1081 1296 Epistolam
1111 1248 1240 1288 vero
1263 1251 1424 1304 quam
1448 1216 1691 1295 Romano

115 1305 524 1379 archiepiscopo
553 1313 814 1371 mittimus
833 1357 848 1382 ,
880 1327 938 1372 ut
975 1336 1061 1375 res
1093 1333 1187 1376 aut
1215 1329 1539 1382 monasteria
1571 1345 1692 1399 qua:

115 1395 183 1450 ab
220 1396 358 1459 isto,
388 1398 595 1458 Joanne
623 1407 847 1463 diacono
890 1409 1046 1466 ﬁdele
1088 1420 1460 1474 commendato
1505 1431 1692 1478 nostro

113 1500 332 1556 quoque
362 1492 521 1546 modo
543 1498 845 1564 occupavit,
875 1503 1177 1570 restituere,
1209 1516 1265 1561 et
1288 1508 1541 1565 investine
1567 1526 1688 1567 eum

112 1575 166 1628 in
193 1580 448 1636 omnibus
477 1585 720 1654 studeat,
751 1599 807 1644 et
828 1605 948 1661 quae
976 1594 1040 1648 de
1066 1597 1224 1651 rebus
1251 1598 1366 1667 ejus
1391 1602 1472 1656 sui
1506 1603 1689 1658 famuli

110 1665 475 1736 abstulerunt,
505 1676 731 1732 reddere
765 1680 890 1736 huic
913 1698 1011 1752 per
1039 1686 1220 1740 omnia
1255 1665 1436 1754 faciat,
1467 1693 1563 1762 ipsi
1595 1709 1685 1748 ar-
1716 1688 1763 1748 B

110 1757 461 1830 chiepiscopo
488 1765 788 1834 deportate,
830 1781 886 1826 et
909 1788 1090 1828 coram
1121 1757 1499 1836 sacerdotibus
1523 1792 1578 1837 ct
1601 1782 1688 1852 ju-

106 1849 324 1905 dieihus
363 1853 534 1923 ipsam
571 1858 750 1927 legere
776 1861 968 1931 facile;
1014 1868 1262 1922 similiter
1287 1881 1462 1926 autem
1493 1882 1545 1928 ct
1575 1890 1691 1929 mo-

102 1941 413 1996 nasterium
439 1948 610 2002 sancti
638 1948 853 2006 Martini
885 1957 1180 2012 secundum
1217 1970 1459 2016 nostram
1491 1962 1688 2031 jussio-

104 2045 266 2096 nem,
302 2030 498 2090 Joanni
535 2039 762 2095 diacono
787 2051 842 2096 et
869 2045 1199 2102 cbartulario
1233 2065 1330 2119 pro
1356 2063 1541 2108 nostro
1568 2056 1689 2110 red-

101 2121 198 2176 dat
227 2138 436 2180 amore.
464 2128 596 2183 Nam
619 2140 674 2185 et
696 2135 1029 2190 mansionem
1060 2154 1218 2208 quam
1243 2142 1588 2200 Maimbertus
1619 2148 1687 2203 ab

103 2211 223 2280 ipso
253 2214 487 2272 diacono
513 2234 666 2274 suam
690 2237 788 2291 per
815 2225 1227 2284 fraudulentiam
1258 2235 1499 2301 abstulit,
1525 2238 1686 2294 simili

100 2302 267 2357 modo
295 2319 422 2360 cum
456 2324 576 2363 cum
605 2310 768 2368 Petro
800 2326 994 2385 nepote
1032 2332 1130 2374 suo
1168 2321 1424 2379 investirc
1451 2327 1682 2383 studete.

97 2395 240 2452 Data
262 2406 321 2454 ut
342 2415 530 2472 supra,
560 2405 854 2464 indictione
879 2425 970 2464 xv.

750 2543 1039 2602 CCCLXV.

501 2663 569 2704 AD
605 2665 853 2710 (ιΑῐιοιωι
892 2672 1294 2717 IMPERATOREH‘.

727 2773 904 2845 (Anno
929 2777 1077 2850 882.)

85 2870 423 2965 εςαΙαΙατιιν
445 2881 510 2936 de
535 2883 650 2965 ejus
673 2886 1062 2965 infolumitate;
1087 2895 1274 2962 gaudet
1303 2897 1476 2965 ipsum
1496 2899 1687 2955 adven-

154 2955 342 3024 ριν-ωτι
384 2968 497 3024 esse
519 2954 695 3024 statim
721 2957 775 3010 in
815 2957 1025 3013 Italiam
1045 2954 1345 3017 iaC/tortam;-
1381 2978 1434 3019 ut
1482 2954 1685 3024 mature

151 3015 430 3106 {famame
454 3022 701 3106 Ecclesia:
716 3027 928 3106 .auajilio
951 3015 1148 3106 venint,
1173 3046 1219 3106 et
1243 3031 1531 3089 Cuidonem
1553 3055 1684 3106 pra:-

151 3086 415 3142 datorem
436 3092 500 3144 ab
526 3091 774 3149 Ecclesiae
794 3097 987 3164 ﬁnibus
1017 3086 1360 3170 ejici'jubeat.

156 3217 392 3276 Canem
425 3222 758 3292 imperatori.

156 3307 580 3380 Cognoscentes
606 3316 672 3370 de
695 3326 878 3374 vestra
905 3320 1269 3377 incolumitate
1287 3366 1300 3385 ,
1323 3327 1464 3395 quod
1488 3328 1682 3398 oppido

77 3396 421 3464 videbamus
441 3442 456 3467 ,
485 3403 594 3458 Deo
623 3407 824 3474 gratias
847 3409 1088 3476 egimus,
1112 3421 1166 3465 et
1189 3422 1246 3465 ut
1270 3415 1437 3481 magis
1466 3431 1528 3470 ac
1562 3435 1677 3470 tua-

75 3487 166 3556 gis
195 3492 666 3557 prosperitatibus
691 3503 745 3548 et
772 3496 1068 3553 innumeris
1109 3503 1316 3570 gaudiis
1345 3503 1640 3561 fulciamini
1659 3547 1676 3573 ,

74 3580 448 3648 majestatem
503 3585 739 3640 divinam
811 3590 1137 3660 supplicibus
1183 3595 1322 3649 votis
1368 3597 1678 3653 omnimodo

64 3669 499 3740 ﬂagitavimus,
552 3676 788 3734 scientes
838 3689 893 3734 et
937 3681 1117 3735 multis
1164 3686 1548 3751 experimentis
1597 3686 1678 3741 di-

62 3769 306 3817 scentes
336 3766 487 3831 quo-.1
516 3781 612 3822 vos
641 3769 827 3824 eadem
859 3770 1055 3836 vultis,
1082 3774 1266 3827 eadem
1313 3775 1511 3843 quippe
1534 3776 1674 3830 desi-

60 3851 288 3908 deratis
322 3872 336 3906 :
370 3856 632 3922 quoniam
663 3859 704 3913 si
736 3869 920 3916 nostra
964 3862 1306 3918 mediocritas
1331 3865 1590 3933 viguerit,
1622 3873 1676 3920 et

60 3945 317 4001 valuerit
352 3945 486 4014 illa,
522 3963 619 4004 vos
645 3950 885 4008 facturos
929 3953 1256 4019 hortabitur,
1296 3955 1438 4010 unde
1465 3965 1519 4010 et
1543 3971 1673 4010 san-

61 4046 168 4094 cla:
214 4039 498 4094 Romanae
543 4042 797 4100 Ecclesiae
825 4047 1016 4104 matris
1051 4058 1244 4104 vestra:
1275 4051 1516 4106 defensio
1546 4066 1676 4120 aug-

59 4129 453 4194 mentabitur,
487 4137 542 4185 et
567 4133 719 4188 vobis
745 4135 960 4204 copiosa
988 4152 1196 4193 merces
1225 4139 1277 4192 in
1305 4139 1442 4194 οω1-›
1471 4140 1522 4194 in
1551 4155 1673 4209 pcr-

59 4227 301 4288 petuum
333 4230 654 4288 reponetur.
694 4223 848 4291 Quod
894 4239 1074 4282 autem
1103 4230 1307 4293 dicitis,
1335 4239 1422 4292 ut,
1455 4240 1672 4300 postpo-

62 4312 192 4368 sitis
220 4313 454 4367 eseteris
488 4316 662 4376 curis,
690 4316 791 4369 iter
813 4328 1049 4373 vestrum
1083 4322 1140 4374 in—
1162 4321 1366 4374 Italiam
1403 4332 1553 4376 recto
1583 4323 1670 4376 iti-

63 4416 203 4458 nere
230 4403 556 4457 ordinatum
592 4405 869 4472 habeatis,
903 4419 1056 4478 grato
1092 4413 1278 4467 animo
1303 4418 1669 4487 suscepimus,

61 4498 122 4546 et
149 4500 212 4546 ut
239 4493 466 4547 utinam
495 4507 601 4546 non
626 4495 796 4549 solum
822 4499 1028 4567 Papiae,
1054 4517 1236 4557 verum
1255 4506 1420 4561 etiam
1449 4513 1674 4582 propius

63 4582 307 4646 essetis,
341 4583 647 4637 necessitas
679 4586 911 4639 maxima
951 4589 1210 4658 deposcit.
1260 4594 1491 4667 Ideoque
1526 4604 1670 4670 quod

63 4673 323 4742 coepistis
343 4713 360 4735 ,
389 4687 518 4726 cum
545 4672 639 4728 Dei
679 4673 971 4746 adiutorio,
1003 4682 1260 4741 velociter
1284 4698 1462 4744 vestra
1497 4693 1669 4748 subli-

65 4765 234 4816 mitas
276 4762 555 4833 perﬁcere
607 4766 853 4834 studeat,
901 4779 956 4824 et
1003 4775 1069 4827 ad
1121 4777 1518 4848 defensionem,
1561 4784 1669 4841 imo

65 4853 440 4907 securitatem
464 4860 669 4908 sanetae
691 4859 879 4913 matris
899 4871 1092 4918 vestra:
1112 4865 1367 4924 Romanae
1388 4871 1666 4941 Ecclesiae,

59 4941 209 4996 sicut
253 4941 524 5005 dixistis,
563 4945 780 5000 caeteris
822 4951 966 5006 curis
1016 4959 1374 5027 postpositis,
1406 4973 1587 5018 mente
1615 4971 1671 5018 et

58 5029 298 5086 brachio
325 5038 600 5100 potenter
619 5047 896 5106 occurrat,
922 5044 1044 5111 quia
1073 5051 1290 5115 quantis
1321 5051 1586 5122 afﬁigatnr
1613 5062 1668 5107 et

57 5124 424 5179 conculcetur
479 5126 785 5194 angustiis,
821 5129 933 5198 iam
981 5136 1161 5194 dicere
1225 5157 1348 5198 non
1378 5143 1661 5199 valemus.

55 5213 333 5270 Caeterum
386 5211 463 5268 de
520 5211 762 5272 Wldone
809 5223 1316 5310 IIabia‘ginVasot‘c“
1357 5233 1570 5312 seilice't‘
1609 5243 1664 5289 et

53 5306 277 5366 rapaci,
312 5311 516 5357 vestra
554 5302 721 5366 gloria
771 5299 1162 5366 subvc'n'iat'fm
1194 5327 1314 5366 prim
1348 5307 1412 5366 ab
1464 5301 1660 5366 finibus

1323 207 1678 268 EPIBTOLE
1719 216 1806 271 ET
1829 217 2181 279 DECRETA.

131 314 232 367 que
274 301 632 369 apostolatum
679 317 991 368 constanter
1029 319 1328 385 reperimus
1375 322 1692 398 [reperitur]
1721 331 1772 390 Α

3269 239 3387 296 958-

2357 367 2360 372 -
2425 341 2734 399 CCCLX-VI.
3252 365 3253 368 ‘

2097 444 2100 448 ’
2173 444 2242 483 ΑΙ)
2279 447 2640 490 ιιυτπιιτιυυιι
2678 453 2986 496 ΡΙΒΒΟΡΒΙ.

2387 523 2567 593 (Anno
2613 526 2765 596 882.)

1794 604 2024 698 Gratias.
2049 612 2155 698 agit
2193 616 2566 698 quqdhdederit
2608 637 2818 698 operam
2872 633 2930 678 ut
2984 627 3275 698 irruperat”
3311 631 3372 689 in

1972 679 2288 737 11η1ἕαηιάά
2309 685 2559 743 Ecclesiae
2593 679 2945 760 defensionem
2978 679 3191 756 veniret:

1794 785 1801 792 “
1864 769 2195 828 ιιιιτνσνλιωο
2219 775 2496 846 episcopo.

1865 861 2057 919 Studio
2086 876 2176 920 tuo
2220 869 2383 938 (quod
2413 887 2535 926 cum
2569 873 2794 942 spiritali
2833 875 2940 930 ﬁlia
2971 885 3150 932 nostra
3200 879 3371 949 impe,

1792 954 2021 1019 ralrice,
2068 957 2208 1011 sicut
2254 963 2482 1025 asscris,
2529 971 2588 1016 ut
2631 963 2860 1019 domnus
2916 967 3215 1035 imperator
3268 983 3378 1037 pro,

1792 1041 2100 1099 defensione
2135 1057 2336 1104 sancta:
2385 1051 2640 1106 Romana:
2685 1053 2940 1109 Eeclesim
2994 1057 3370 1127 ingrederetur

1789 1131 1995 1188 Italiam
2013 1175 2028 1198 ,
2059 1136 2323 1206 habuisti)
2351 1142 2552 1208 gratias
2579 1143 2788 1212 agimus
2807 1185 2821 1210 ,
2846 1154 2905 1202 et
2951 1154 3009 1200 ut
3037 1147 3179 1215 quod
3211 1149 3372 1209 deest

1791 1231 1917 1288 stet,
1961 1227 2103 1293 quod
2137 1235 2186 1280 te
2221 1229 2438 1284 minime
2487 1231 2636 1298 latet,
2669 1242 2757 1288 tua
2799 1235 3053 1290 instantia
3099 1236 3366 1305 perﬁciat,

1790 1315 2024 1369 multum
2059 1318 2340 1374 hortamur
2371 1338 2383 1374 :
2415 1322 2542 1390 quia
2580 1333 2787 1378 tantum
2818 1325 2970 1380 nobis
3007 1340 3227 1380 necesse
3255 1334 3369 1391 est,

1791 1417 2050 1476 quantum
2089 1409 2284 1465 docere
2333 1428 2438 1467 non
2481 1414 2741 1469 valemus.
2775 1415 2925 1474 Unde
2953 1416 3026 1470 ita
3057 1431 3155 1487 age
3186 1425 3241 1468 ut
3273 1416 3367 1470 tibi

1791 1497 1961 1568 magis
1987 1514 2050 1553 ac
2082 1499 2253 1570 magis
2279 1503 2480 1572 gratias
2509 1504 2806 1560 referamus
2829 1514 2882 1560 et
2909 1507 2960 1560 in
2988 1505 3372 1576 temporalibus

1792 1591 2090 1648 commodis
2126 1593 2548 1649 vicissitudinem
2585 1596 2806 1652 reddere
2846 1597 3156 1652 invitemur.

2407 1707 2741 1764 CCCLXV“.

2179 1808 2181 1810 ’
2277 1813 2343 1851 ΑΙ)
2381 1813 2549 1853 OMNES
2581 1813 2872 1855 EPISCOPOS.

2337 1879 2514 1948 (Anno
2538 1881 2826 1944 879-882.)

1824 1985 1999 2040 Mouet
2027 1995 2080 2038 ut
2115 2003 2211 2040 sua
2236 1987 2471 2042 instituta
2498 1991 2784 2057 obserrent,
2808 1992 3048 2063 justeque
3067 1994 3327 2062 judicent.

1849 2096 2087 2146 Allocutio
2113 2098 2346 2160 pontiﬁcis
2374 2106 2422 2150 et
2454 2102 2730 2151 exhortatio
2757 2103 2813 2151 ad
2841 2116 3012 2152 omnes
3034 2105 3304 2164 episcopos.

1859 2198 2018 2264 Ecce,
2051 2202 2376 2258 sanctissimi
2414 2205 2741 2268 sacerdotes,
2779 2204 3071 2275 praemissis
3116 2205 3368 2275 precibus

1786 2289 2184 2348 fraternitatem
2214 2302 2447 2349 vestram
2490 2312 2611 2350 eum
2650 2297 2736 2367 pia
2774 2297 3150 2351 exhortatione
3173 2313 3367 2372 conve-

1786 2388 1899 2452 nio,
1936 2397 1990 2443 et
2027 2405 2124 2459 per
2158 2390 2394 2445 divinum
2426 2405 2618 2446 nomen
2649 2392 2910 2458 obtestor,
2957 2400 3017 2445 ut
3057 2407 3120 2445 ca
3168 2407 3287 2461 qua:
3329 2407 3363 2457 a

1787 2481 1944 2537 nobis
1968 2482 2035 2536 de
2064 2482 2174 2538 Deo
2201 2491 2255 2537 et
2280 2483 2346 2540 de
2374 2485 2543 2539 sacris
2567 2482 2845 2540 ordinibus
2867 2483 2950 2538 vel
2973 2485 3176 2538 sanctis
3204 2485 3364 2540 mori-

1786 2571 1891 2627 bus
1933 2571 2133 2627 fuerint
2176 2573 2342 2639 dicta,
2376 2589 2499 2629 eum
2527 2574 2674 2628 omni
2713 2575 2916 2643 pietate
2948 2573 3288 2643 suscipiatis,
3312 2583 3375 2628 et'

1787 2679 1908 2718 cum
1941 2680 2150 2719 summa
2176 2666 2480 2728 reverentia
2506 2666 2770 2734 perﬁcere
2796 2666 3108 2722 intendatis.
3145 2665 3297 2732 Quod
3319 2667 3365 2734 si

1787 2753 2011 2809 forsitan
2055 2755 2250 2824 aliquis
2295 2766 2534 2810 vestrum
2581 2756 2736 2810 aliter
2765 2771 2927 2824 quam
2960 2756 3100 2810 dicta
3141 2754 3366 2820 fuerint,

1784 2845 2037 2907 senserit,
2063 2845 2180 2900 sine
2201 2845 2380 2916 aliquo
2411 2846 2660 2916 scrupulo
2680 2848 3044 2902 contentionis
3073 2847 3126 2901 in
3158 2855 3365 2908 nostro,-

1789 2949 1907 2986 rum
1933 2935 2176 2989 omnium
2205 2935 2544 3005 copulatione
2563 2978 2577 3002 ,
2609 2952 2673 2992 ea
2702 2938 2816 3007 ipsa
2852 2939 2919 3002 de,
2938 2939 3134 3007 quibus
3155 2937 3364 2998 (ιυιιίιιν

1711 3025 1754 3086 C
1786 3021 1925 3074 verit
1969 3022 2293 3077 conferenda
2334 3025 2574 3088 reducat,
2607 3026 2858 3094 qualiter,
2903 3026 3018 3088 Deo
3050 3027 3363 3096 auxiliante,

1786 3117 1879 3162 aut
1909 3110 2087 3164 doceri
2115 3113 2282 3179 possit
2308 3120 2402 3164 aut
2421 3113 2624 3166 doceat.
2660 3113 2864 3168 Deinde
2893 3115 3054 3168 simul
3087 3131 3183 3180 vos
3209 3117 3364 3172 obte-
3404 3183 3408 3190 ι

1783 3199 2015 3253 statione
2053 3199 2275 3268 conjuro
2309 3200 2394 3254 vel
2433 3202 2660 3257 obsecro
2702 3211 2760 3256 ut
2800 3203 2978 3258 nullus
3027 3215 3263 3259 vestrum
3309 3207 3363 3278 in

1775 3286 2067 3360 judicando
2111 3299 2204 3342 aut
2249 3306 2536 3360 personam
2584 3292 2832 3362 accipiat,
2884 3300 2979 3346 aut
3015 3294 3255 3362 quolibet
3283 3293 3362 3348 fa-

1783 3395 1932 3442 vore,
1962 3380 2046 3434 vel
2087 3396 2310 3437 munere
2345 3383 2608 3452 pulsatus,
2642 3400 2672 3438 a
2707 3385 2856 3456 justo
2884 3383 3089 3469 judicio
3128 3388 3362 3442 scienter
3449 3469 3451 3471 _

1779 3477 2055 3525 avertatur
2099 3479 2192 3525 aut
2225 3473 2499 3540 discedat;
2545 3474 2642 3529 sed
2688 3482 2797 3534 tota
2843 3463 3046 3545 pietate
3089 3491 3210 3531 eum
3266 3479 3360 3547 qui

1777 3561 1940 3614 coetui
1989 3570 2176 3616 nostro
2231 3577 2289 3618 se
2331 3562 2680 3632 iudicandum
2718 3551 2997 3630 intulerit,
3041 3575 3356 3622 retractate.

1778 3649 1846 3705 Ut
1879 3667 1976 3705 nec
2001 3653 2319 3709 discordans
2344 3657 2618 3711 contentio
2656 3658 2723 3711 ad
2764 3659 3168 3714 subversionem
3196 3658 3360 3726 justi-

1775 3742 1864 3794 tiae
1905 3741 2044 3796 inter
2089 3760 2188 3800 nos
2235 3744 2407 3800 locum
2440 3746 2698 3810 inveniat,
2743 3764 2844 3803 nec
2896 3749 2948 3803 in
2992 3748 3355 3818 perquirenda

1698 4367 1749 4426 D

1773 3833 2028 3900 tequitate
2049 3835 2201 3906 vigor
2229 3837 2396 3892 vestri
2421 3839 2628 3895 ordinis
2649 3840 2736 3895 vel
2759 3840 3064 3896 sollicitudo
3091 3849 3355 3911 tepescat.

1774 3922 1908 3978 Data
1937 3936 1990 3978 ut
2019 3942 2202 3996 supra.
2712 3979 2724 3984 ,,
2789 3975 2791 3982 .

2375 4018 2735 4076 CCCLXVIII.
2805 4059 2807 4062 ι

2268 4117 2335 4154 AD
2367 4116 2614 4156 cauom»:
2656 4118 2853 4159 ascen.
3152 4169 3154 4172 _

2338 4181 2514 4252 (Anno
2537 4183 2788 4254 incerto.)
2817 4218 2820 4220 η
2872 4253 2873 4256 η
3124 4230 3130 4236 .

1770 4254 2046 4312 Embolum
2063 4269 2114 4312 ut
2131 4258 2539 4336 Carlomnnnum
2570 4279 2735 4336 regem
2762 4266 2815 4316 iu
2846 4259 3093 4336 Ecclesia:
3111 4258 3359 4323 Romanae

2263 4331 2536 4384 dilectione
2578 4331 2866 4400 ceu/imm.
3069 4333 3072 4336 ’
3163 4342 3167 4346 ·
3342 4369 3344 4371 .

1849 4415 1969 4471 Jam
2015 4419 2156 4488 quod
2208 4427 2281 4485 te,
2325 4421 2789 4488 charissime‘ﬁli,’
2843 4431 3017 4477 tantae
3047 4421 3362 4477 ‘d'evmitmis

1778 4512 2048 4577 tantaaqne
2078 4508 2352 4567 ﬁdelitatis
2381 4527 2506 4582 erga
2536 4514 2949 4568 vestrae-matris
2977 4511 3236 4563 Romamn
3261 4510 3364 4564 Ec-

1774 4596 1956 4651 ciesize
1989 4597 2332 4668 pontificium
2388 4609 2518 4676 esse
2563 4603 2840 4670 Videmus,
2875 4599 3364 4667 Itanrxuam'ute'ro

1777 4695 1962 4740 natum
1993 4690 2278 4745 monentes
2311 4704 2587 4765 rogamus,
2609 4687 2913 4760 ﬂagitantes
2943 4687 3372 4749 hortamini-aiat

1775 4792 1876 4847 pro
1899 4785 2081 4832 amore
2109 4785 2488 4846 apostolorum
2511 4780 2839 4852 ιπῑιιεῖῡυιιιν
2859 4777 3231 4874 σιυειεῖ⁵κέῗι¹⁴ίξ

1770 4870 1910 4936 prio
1937 4869 2198 4934 consulto,
2258 4889 2401 4940 nec-
2427 4875 2917 4946 reprrcseittatiter‘,
2973 4864 3386 4964 Garmani-anne

1767 4960 2007 5029 glorioso
2031 4959 2144 5031 regi
2180 4966 2461 5040 mittatis;
2497 4959 2786 5048 consilium
2822 4957 3396 5056 dantesrut

2073 5044 2358 5145 "amicos;
2379 5081 2382 5086 ι
2401 5055 2588 5127 mea:
2949 5049 3077 5146 ,ςιιι
3097 5045 3408 5146 ,ιθιῖξεῖῖειιηε

1768 5143 2050 5200 consilium
2076 5145 2302 5230 redeat,
2340 5131 2403 5223 ξεί
2423 5159 2494 5214 de
2515 5139 2902 5234 epistolis-quati,
2922 5131 3414 5234 iure!

1770 5221 2362 5328 itincre'i'cr'nis'imiis;
2408 5215 3418 5328 asponaesi;eradim’nfirpiifflﬁ

1771 5330 1905 5366 ctam
1958 5309 2083 5366 ιιέιιριτί
2115 5304 2426 5366 'i'..'.i't:.-.7’.:{
2443 5304 2613 5366 rvet-ah;
2632 5304 3114 5366 hainnumhiuis‘
3128 5304 3336 5366 ἰ’ἶθξξδῗὲ
