4026 6308
594 357 724 414 9,3.

1440 357 1724 416 JOANNIS
1755 357 1960 414 PAPE
2000 357 2108 413 VIII
2152 356 2509 418 EPISTOLIE
2549 363 2637 420 ET
2677 365 3014 423 DECRETA.

3775 380 3861 434 961

604 469 946 534 communiti,
985 469 1031 525 si
1087 467 1409 539 regulariter
1449 469 1851 525 satisfacientes
1891 485 1998 526 non
2050 470 2182 525 resi-
2207 471 2256 531 Α
2285 471 2431 527 mino
2455 473 2700 540 Patrum,
2749 485 3040 548 spretoque
3079 480 3289 536 sancito
3332 485 3606 542 canonica:
3629 496 3863 545 auctori.

601 561 858 632 puerint,
896 558 1276 646 lanathematis
1331 558 1548 614 vinculo
1599 560 1839 615 innodati
1892 575 2062 630 usque
2113 559 2181 614 ad

606 649 1035 708 satisfactionem
1079 657 1452 718 permaneant.
1482 650 1548 704 Et
1573 650 1618 704 si
1645 651 1697 704 in
1742 651 1855 720 ipsa
1887 650 2182 720 pertinacia

2285 561 2453 627 tatis,
2503 563 2570 618 de
2617 565 2812 619 minori
2861 567 2929 621 ad
2976 567 3236 638 majorem
3280 573 3513 629 ambitus
3565 591 3738 632 causa
3778 583 3862 636 de-

2284 648 2521 718 migrant
2570 651 2928 722 episcopalem
2982 657 3314 713 cathedram.
3370 662 3578 728 Quibus
3627 682 3863 724 canones

597 748 981 811 permanean
1025 741 1282 806 obierint,
1315 757 1474 796 nemo
1525 757 1753 812 corpora
1797 743 2008 797 illorum
2057 760 2181 799 cum
2284 735 2518 804 Spiritus
2582 740 2757 795 sancti
2826 742 2998 812 gratia
3055 748 3395 801 concorditer
3458 755 3862 810 contradicunt.

597 834 817 903 hymnis
858 841 914 888 et
959 834 1181 904 psalmis
1229 834 1483 902 sepeliat,
1534 851 1636 890 nec
1667 837 1926 890 memoria
1967 837 2167 892 illorum

2280 824 2389 882 Nos
2449 843 2664 897 quoque
2721 845 2944 896 eorum,
2999 849 3134 902 quos
3194 847 3514 891 venerantcr
3585 841 3863 899 imitamur

590 925 668 980 ad
719 939 934 980 sacrum
982 924 1152 978 altare
1196 925 1336 978 inter
1385 925 1568 980 fideles
1616 936 1854 981 mortuos
1896 927 2175 993 habeatur,

597 1015 823 1069 docente
854 1013 1096 1084 apostolo
1123 1023 1178 1069 et
1211 1015 1542 1083 evangelista
1577 1014 1828 1075 Joanne:
1861 1015 1955 1070 Est
1989 1034 2175 1086 pecca—

594 1112 707 1159 tum
761 1105 830 1159 ad
875 1115 1090 1158 mortem
1126 1120 1144 1159 :
1192 1122 1287 1174 pro
1326 1105 1418 1159 illo
1457 1123 1560 1160 non
1619 1108 1737 1161 dico
1780 1117 1834 1160 ut
1879 1109 1994 1178 quis
2034 1117 2175 1177 roget

594 1195 650 1266 (1
671 1194 832 1250 Joan.
863 1194 938 1266 v).
963 1195 1246 1250 Peccatum
1272 1197 1416 1250 enim
1439 1197 1506 1250 ad
1542 1207 1769 1252 mortem
1795 1206 1879 1252 est
1916 1214 2169 1267 perseve-

590 1287 768 1341 rantia
808 1287 860 1340 in
898 1297 1122 1356 peccato
1162 1302 1332 1356 usque
1367 1287 1434 1341 ad
1474 1297 1724 1342 mortem.
1753 1289 1820 1342 Et
1860 1291 2000 1345 sacri
2033 1291 2172 1346 anti-

590 1396 819 1449 quorum
868 1380 1089 1435 Patrum
1135 1395 1373 1436 canones
1419 1381 1486 1436 de
1534 1381 1619 1438 bis
1655 1383 1745 1452 qui
1779 1384 1879 1438 sibi
1938 1395 2166 1440 mortem

587 1471 892 1526 voluntarie
935 1469 1192 1535 inferunt,
1229 1481 1283 1526 et
1305 1471 1396 1540 qui
1447 1487 1544 1542 pro
1587 1473 1702 1528 suis
1743 1474 2031 1530 sceleribus
2067 1491 2167 1544 pu-

586 1561 832 1628 niuntur,
879 1571 1066 1617 sancto
1095 1561 1393 1631 inspirante
1443 1561 1669 1632 Spiritu,
1701 1563 2076 1630 decreverunt,
2104 1575 2164 1622 ut

578 1665 711 1706 cum
755 1651 973 1724 hymnis
1014 1660 1070 1706 et
1115 1650 1336 1722 psalmis
1384 1665 1570 1706 eorum
1598 1668 1824 1723 corpora
1877 1671 1980 1709 non
2012 1655 2161 1712 defe-

583 1752 779 1800 rantur
819 1745 886 1798 ad
930 1744 1282 1813 sepulturam.
1317 1744 1557 1811 Quorum
1586 1746 1800 1800 decreta
1852 1758 2156 1817 sequentes,

2279 925 2443 987 atque
2489 919 2921 990 complectimur,
2962 939 3299 994 quorumque
3329 931 3547 983 statutis
3582 936 3860 989 consenti-

2279 1022 2420 1082 mus,
2454 1008 2924 1079 Ecclesiarnmque
2953 1015 3400 1083 gubernationem
3436 1029 3713 1088 tenemus,
3750 1025 3861 1081 fulti

2274 1096 2474 1152 virtute
2534 1100 2947 1166 interdicimus,
3001 1113 3058 1156 et
3108 1103 3420 1161 inhzerendo
3463 1111 3861 1179 prohibemus,

2271 1202 2342 1241 ne
2385 1187 2671 1257 quisquam
2727 1191 3119 1246 catholicorum
3181 1194 3362 1249 taliter
3413 1198 3610 1254 audeat
3669 1205 3863 1261 amodo

2271 1276 2624 1350 etdeinceps
2666 1295 2845 1350 agere,
2879 1291 2932 1336 et
2983 1283 3059 1347 si,
3090 1291 3284 1339 utnon
3337 1295 3628 1357 optamus,
3681 1293 3865 1352 hacta-

2269 1386 2372 1425 nus
2401 1371 2692 1440 quidquam
2726 1374 2902 1429 taliter
2929 1385 3111 1431 actum
3152 1387 3236 1432 est
3258 1418 3272 1442 ,
3306 1379 3466 1451 digna
3512 1385 3864 1452 pmnitudine

2266 1461 2635 1517 ecclesiastica
2686 1466 3007 1535 corrigatur.
3047 1466 3289 1538 Denique
3360 1470 3464 1526 hac
3533 1477 3864 1534 auctoritate

2265 1554 2562 1624 apostolica
2583 1557 2778 1611 virtute
2807 1557 2897 1612 Dei
2924 1561 3092 1613 nostri
3127 1561 3517 1618 intercedimus
3543 1569 3862 1640 utepiseopi

2264 1643 2330 1696 ad
2382 1644 2665 1712 pristinam
2725 1647 2906 1701 sedem
2958 1648 3076 1703 sine
3122 1665 3274 1705 mora
3323 1654 3596 1720 redeant,
3645 1659 3782 1727 quia
3814 1672 3862 1730 si

2265 1734 2645 1798 tardaverint,
2724 1736 2978 1791 continuo
3043 1739 3189 1793 omni
3250 1742 3581 1798 sacerdotali
3657 1747 3860 1804 honore

579 1849 647 1890 ea
677 1850 797 1904 qua:
843 1835 1208 1906 praemisimus
1235 1836 1303 1890 de
1337 1839 1719 1906 pervasoribus
1761 1847 1814 1893 et
1855 1841 2158 1908 raptoribus
2187 1833 2236 1893 B
2264 1823 2670 1892 Sponabumm‘i
2720 1835 2777 1880 ει
2837 1825 2958 1881 “id
3021 1829 3244 1884 redeant
3297 1830 3365 1885 ad
3425 1834 3676 1903 Primam
3727 1855 3856 1893 ωει-

580 1939 764 1980 rerum
810 1933 865 1980 et
913 1925 1226 1994 facultatum
1253 1927 1768 1991 ecclesiasticarum,
1802 1929 1846 1982 si
1892 1946 1995 1984 non
2032 1932 2166 1986 resi-

578 2013 816 2083 puerint,
859 2013 1064 2083 judicio
1115 2013 1352 2083 Spiritus
1391 2016 1563 2069 sancti
1614 2017 1976 2084 decernimus,
2024 2019 2166 2075 sicut

576 2103 772 2159 beatus
803 2105 1044 2160 decrevit
1084 2105 1396 2175 Gregorius,
1446 2107 1634 2162 dicens
1671 2109 1796 2176 quia
1832 2109 1962 2164 tales
2000 2111 2159 2167 Chri-

576 2192 742 2246 stiani
792 2209 898 2248 non
945 2203 1108 2259 sunt,
1150 2209 1394 2264 quosque
1439 2204 1494 2248 et
1517 2210 1636 2266 ego,
1672 2204 1724 2249 et
1760 2212 1946 2253 omnes
1975 2199 2166 2255 cathoo

574 2280 664 2336 lici
711 2281 981 2354 episcopi,
1029 2283 1140 2340 imo
1181 2292 1239 2338 et
1278 2283 1597 2340 universalis
1648 2283 1888 2342 Ecclesia
1937 2290 2161 2344 anathe-

576 2369 828 2426 matizat.

1185 2481 1533 2539 CCCLXXX.

571 2557 799 2627 Joannis
828 2588 978 2642 papa:
1017 2573 1206 2628 iterata
1246 2575 1712 2628 excommunicatio
1736 2573 1984 2630 adversus
2021 2574 2159 2631 For-

596 2647 600 2652 '
641 2659 845 2713 morum
867 2644 1195 2712 episwpum,
1233 2642 1542 2713 Gregorium
1581 2645 2044 2712 nomenclatorem,
2111 2657 2160 2702 et

642 2709 920 2781 Georgium
946 2709 1253 2783 magisrrum
1275 2709 1523 2768 militum.

639 2820 975 2875 Auctoritate
1019 2823 1317 2898 apostolica
1358 2829 1565 2894 parem‘
1598 2826 1919 2882 sententiam
1964 2828 2158 2885 iterato

569 2908 759 2965 damus
783 2911 834 2964 in
861 2911 1202 2978 Formosum,
1230 2915 1539 2983 nuperrime
1565 2913 1918 2971 Portuenscm
1947 2919 2159 2988 episco-

566 3018 722 3072 pum,
747 3010 803 3057 et
827 3002 1146 3073 Gregorium
1197 3005 1515 3073 magistrum
1551 3006 1806 3071 militum,
1835 3010 2155 3064 anathema-

571 3091 640 3146 tis
667 3101 721 3146 et
747 3101 1019 3162 perpetua":
1047 3092 1412 3162 obligationis.
1474 3095 1542 3148 Et
1581 3096 1706 3165 quia
1751 3113 1855 3151 non
1903 3099 2158 3154 desinunt

2260 1913 2508 1985 jugium:
2577 1915 2663 1970 sin
2717 1923 2896 1970 autem
2927 1956 2942 1983 ,
3001 1918 3216 1974 vinculo
3272 1923 3649 1980 anathematis
3706 1929 3858 1984 inuo-

2267 2006 2480 2061 dentur.

2856 2099 3244 2158 CCCLXXXII.

2405 2205 2473 2243 AD
2506 2204 2718 2246 ειειιωι
2755 2206 2825 2247 ΕΤ
2865 2209 3109 2250 ιιοιιυιυιι
3147 2210 3716 2258 Αυαυετοπηεεη.

2522 2354 2524 2356 ν
2905 2283 3030 2352 (An.
3077 2284 3208 2356 inc.)

2263 2366 2600 2447 Privileqium
2637 2372 2872 2447 concedit
2912 2389 3074 2447 unum
3102 2390 3166 2447 ea;
3196 2377 3342 2440 suis,
3388 2394 3553 2447 quem
3595 2381 3772 2437 clerus
3806 2393 3853 2438 et

2330 2440 2552 2509 papulas
2587 2444 3017 2516 proclamaverit,
3067 2445 3165 2516 sibi
3202 2440 3587 2516 pra'ponendi,
3625 2469 3734 2506 non
3765 2453 3849 2506 cb-

2331 2517 2502 2563 stante
2530 2512 2794 2565 contrario
2824 2527 3000 2582 regum
3029 2514 3107 2567 vel
3132 2512 3429 2585 principum
3455 2512 3698 2574 delectu.

2327 2618 2562 2674 Joannes
2588 2621 2896 2692 episcopus,
2919 2639 3106 2680 servus
3137 2641 3420 2682 servorum
3448 2631 3574 2696 Dei,
3604 2635 3852 2691 omnibus

2260 2712 2383 2766 ﬁliis
2407 2722 2607 2766 sancta:
2634 2713 2898 2768 Eduensis
2925 2714 3180 2772 Ecclesiae
3199 2724 3253 2772 ct
3274 2733 3373 2789 per
3395 2735 3497 2775 vos
3522 2725 3850 2782 successori-

2257 2803 2360 2858 bus
2388 2804 2585 2859 vestris
2614 2803 2667 2857 in
2697 2809 3064 2875 perpetuum.'

2326 2893 2582 2949 Auditum
2619 2905 2700 2950 est
2732 2898 2932 2952 nostris
2957 2898 3270 2966 apostolicis
3297 2900 3530 2958 auribus
3562 2914 3620 2959 et
3661 2907 3848 2962 crebro

2259 2986 2565 3041 intimatum
2616 2987 2928 3057 frequenter
2984 2990 3242 3044 Ecclesiis
3299 2990 3605 3048 Galliarum
3660 3008 3848 3051 contra

2259 3079 2471 3133 decreta
2502 3096 2768 3134 canonum
2805 3081 2858 3134 in
2898 3081 3158 3137 electione
3198 3098 3419 3137 suorum
3464 3087 3846 3156 episc0pornm

567 3190 870 3259 inquietare
925 3207 1084 3246 aures
1131 3207 1318 3262 regum
1368 3207 1430 3248 ac
1483 3194 1790 3264 principum
1818 3235 1834 3259 ’
1891 3203 1945 3249 et
1997 3197 2152 3253 malis
2181 3179 2225 3240 ί]
2258 3169 2567 3224 violentiam
2596 3170 2816 3226 inferre.
2842 3171 2995 3238 Quod
3028 3188 3144 3238 nos,
3181 3174 3265 3227 cui
3303 3174 3678 3231 Ecclesiarum
3719 3193 3842 3231 om-

563 3283 859 3351 prioribus,
896 3283 1067 3353 juncti
1120 3299 1240 3338 cum
1283 3285 1628 3353 praedonibus
1653 3297 1707 3339 et
1736 3287 2149 3343 subversorihus

560 3373 938 3437 ecclesiarum,
970 3390 1106 3428 nova
1134 3384 1188 3430 et
1230 3377 1469 3430 recentia
1510 3377 1647 3430 mala
1681 3378 1878 3432 addere
1909 3380 2149 3448 quotidie

562 3466 802 3531 student,
839 3466 1199 3522 insolubiliter
1237 3468 1451 3522 vinculo
1479 3481 1738 3539 perpetuo
1767 3477 1822 3523 et
1869 3470 2144 3540 irrecupe—

561 3557 745 3614 randze
771 3557 906 3626 spei,
945 3558 1118 3618 sancti
1148 3557 1382 3628 Spiritus
1425 3559 1518 3614 Dei
1567 3560 1739 3614 nostri
1767 3560 1967 3615 virtute
1995 3562 2147 3615 dam-

560 3663 797 3713 namus,
864 3663 1190 3718 omnemque
1249 3648 1354 3704 illis
1418 3651 1778 3720 suspicionem
1840 3652 2147 3708 obtinendae

562 3737 907 3810 indulgentiae
931 3740 1354 3794 irreserahiliter
1379 3741 1737 3805 excludimus,
1763 3754 1818 3796 et
1837 3757 2025 3797 omnes
2051 3744 2144 3813 qui

563 3830 669 3886 illis
705 3815 1226 3892 communicaverin't
1269 3833 1665 3905 adjutoriumve
1698 3837 2048 3906 praebuerint,
2080 3838 2146 3894 de

560 3938 882 3996 quocunque
910 3926 1117 3991 ordine,
1146 3926 1260 3980 sive
1289 3926 1584 3996 episcopali
1606 3935 1701 3980 aut
1728 3927 1928 3992 laicali,
1958 3939 2144 3998 poten-

561 4027 665 4080 tes,
697 4015 995 4071 mediocres
1041 4032 1104 4070 ac
1133 4031 1424 4087 pauperes,
1458 4018 1510 4071 in
1542 4031 1730 4072 eorum
1769 4021 1993 4090 prolatis
2028 4037 2145 4076 ma-

558 4105 940 4160 ledictionibns
999 4105 1379 4169 involvantur,
1441 4123 1670 4175 quorum
1731 4112 2005 4165 consortio
2063 4114 2143 4168 uti

558 4211 666 4249 non
718 4204 980 4264 metuant,
1012 4205 1069 4251 et
1127 4195 1230 4251 nisi
1287 4197 1631 4267 resipuerint,
1686 4198 1798 4254 sint.
1853 4201 2144 4258 anathema

556 4285 897 4339 maranatha.

1165 4393 1534 4452 CCCLXXXI.

552 4483 819 4561 Statilium
841 4487 1064 4561 Joannis
1094 4507 1242 4559 papa:
1263 4491 1510 4543 adversus
1537 4489 1697 4543 lnicos
1718 4491 1826 4561 qui,
1853 4490 2132 4546 viventibus

616 4558 1313 4632 =ua_:oribus,_'nlius-ducunt,
1355 4570 1625 4632 eteorum
1661 4558 1923 4632 episcopos
1948 4563 2037 4632 qui
2070 4563 2135 4618 de

584 4646 586 4649 ·
620 4629 820 4707 minore
849 4629 916 4681 ml
944 4629 1198 4700 majorem
1236 4629 1529 4684 Ecclesium
1563 4630 1792 4684 ambitus
1834 4629 1998 4686 causa
2041 4633 2133 4688 de-

621 4708 867 4764 migrant.
1049 4727 1052 4730 -

581 4857 588 4860 _
620 4805 766 4866 Inter
793 4799 1476 4876 nonnullanecessitatum
1522 4819 1768 4880 aisancta
1809 4810 2014 4880 synodo
2040 4827 2130 4866 re-

545 4897 841 4956 clamatum
903 4909 986 4952 est
1048 4902 1191 4968 quod
1217 4921 1234 4946 κ
1265 4900 1530 4954 [uicorum
1594 4901 1858 4969 quidam,
1923 4902 2130 4958 sortitis

546 4985 724 5057 primo
767 4985 1014 5062 legaliter
1050 4988 1322 5064 coniugiis
1349 5027 1364 5048 ,
1419 4989 1720 5066 postposito
1765 4987 1859 5042 Dei
1914 4989 2130 5055 timore,

548 5077 772 5133 secundi
831 5079 912 5134 vel
951 5071 1128 5143 tertii,
1182 5072 1366 5132 adhuc
1405 5090 1572 5135 uxore
1603 5074 1855 5145 vivente',
1898 5080 2134 5152 conjugii

547 5168 796 5236 copulam
844 5169 1188 5222 contrahant.
1217 5166 1293 5220 Dc
1318 5167 1514 5236 quibus
1556 5167 1697 5223 Otilo
1735 5167 1955 5238 quidam
1987 5169 2131 5224 intra

548 5258 866 5327 parochiam
913 5259 1174 5331 Rostagni
1201 5259 1534 5314 Arelatensis
1562 5259 1821 5328 episcopi,
1873 5269 1928 5314 et
1972 5258 2132 5315 Euol-

543 5348 644 5403 dus
679 5348 818 5402 intra
868 5347 1136 5404 Ottramni
1187 5349 1510 5405 Viennensis
1555 5349 1971 5419 archiepiscopi,
2000 5349 2125 5404 talia

538 5437 736 5494 fecisse
797 5439 1090 5494 multorum
1137 5439 1277 5494 fama
1340 5439 1592 5494 refertur.
1649 5439 1730 5493 Ad
1779 5449 2123 5509 augmentum

535 5545 756 5601 quoque
798 5547 984 5588 earum
1030 5534 1548 5604 transgressionum,
1589 5533 1730 5603 quod
1754 5530 2008 5597 ﬂebiliter
2039 5533 2124 5588 di-

536 5622 774 5690 cimus,
811 5625 1050 5680 additum
1117 5635 1198 5680 est
1254 5627 1396 5694 quod
1463 5626 1837 5696 episc0porum
1901 5624 2121 5694 quidam

535 5708 680 5763 intra
738 5723 940 5783 septem
996 5714 1300 5784 provincias
1354 5716 1694 5778 Galliarum,
1754 5714 1961 5770 calcato
2014 5722 2120 5770 ter-

2255 3261 2401 3314 nium
2430 3277 2557 3315 cura
2593 3263 2880 3317 commissa
2909 3272 2990 3318 est
3018 3266 3264 3332 quamvis
3305 3266 3572 3338 indignis,
3611 3269 3846 3323 viscera-

2252 3351 2374 3406 liter
2399 3353 2765 3417 condolentes,
2800 3355 2868 3409 ab
2897 3355 3162 3408 universis
3189 3355 3451 3410 Ecclesiis
3488 3359 3636 3413 hanc
3677 3359 3843 3413 inser-

2250 3450 2358 3496 tam
2381 3443 2692 3498 violentiam
2715 3445 3036 3500 auctoritate
3059 3445 3150 3499 Dei
3176 3458 3229 3500 et
3253 3448 3394 3501 beati
3419 3447 3575 3503 Petri
3608 3451 3844 3504 recidere

2251 3532 2552 3598 cupientes,
2580 3533 2848 3603 praecipue
2879 3533 3062 3596 vobis,
3094 3543 3294 3589 sancta:
3320 3535 3584 3592 videlicet
3614 3538 3842 3592 Eduecsi

2153 3641 2156 3645 ·
2248 3620 2529 3687 Ecclesiae,
2577 3623 2736 3692 hujus
2772 3625 2943 3678 nostri
2979 3624 3180 3680 decreti
3222 3626 3574 3697 privilegium
3607 3631 3842 3684 scribere

2248 3712 2598 3778 sancivimus,
2635 3729 2789 3784 reges
2816 3713 2854 3766 F
2861 3729 3145 3768 raucorum
3187 3716 3422 3783 primunt
3457 3718 3840 3773 observatores

2247 3811 2492 3868 orantes;
2520 3803 2571 3856 in
2600 3818 2708 3871 quo
2732 3804 3070 3858 decernimus
3094 3813 3146 3858 et
3176 3803 3506 3874 regulariter
3525 3809 3839 3862 ordinamus

2247 3899 2307 3945 ut
2340 3892 2588 3962 deinceps
2617 3908 2773 3946 nemo
2804 3908 2990 3964 regum
3036 3892 3118 3946 vel
3164 3895 3474 3962 principum
3530 3897 3616 3950 vel
3660 3897 3839 3966 aliqua

2245 3996 2475 4050 persona
2503 3981 2653 4035 vobis
2678 3996 3042 4052 superponere
3079 3981 3161 4036 vel
3203 3981 3463 4037 ordinare
3497 3994 3592 4038 aut
3624 4001 3841 4039 succes-

2246 4073 2462 4127 soribus
2485 4073 2680 4127 vestris
2705 4081 2995 4143 przesumat
3017 4073 3116 4128 nisi
3141 4089 3206 4126 ex
3234 4073 3359 4127 tiliis
3383 4075 3557 4144 ipsius
3579 4076 3842 4130 Ecclesia:

2245 4162 2538 4216 secundum
2568 4162 2767 4232 scripta
2798 4177 3084 4224 canonum,
3131 4177 3287 4230 quem
3321 4163 3505 4219 clerus
3529 4166 3754 4234 elegerit
3785 4176 3844 4219 et

2242 4251 2471 4320 populus
2500 4251 2934 4320 proclamaverit,
2984 4251 3029 4305 si
3073 4251 3122 4304 in
3164 4265 3227 4304 ca
3265 4252 3456 4322 dignus
3482 4253 3708 4321 reperiri
3743 4269 3845 4322 ιςο-

2244 4341 2427 4394 tuerit.
2459 4340 2615 4406 Quod
2641 4341 2684 4394 si
2715 4340 2767 4394 in
2792 4355 2875 4404 ea,
2906 4339 3049 4409 quod
3078 4338 3214 4393 forte
3242 4342 3480 4394 accidere
3514 4355 3624 4394 non
3654 4343 3844 4396 credi—

2241 4447 2384 4498 mus,
2417 4432 2668 4487 inventus
2708 4447 2817 4486 non
2858 4431 3042 4497 fuerit,
3085 4432 3328 4485 unanimi
3369 4447 3557 4487 eorum
3599 4435 3844 4488 consilio

2158 4518 2211 4578 D
2244 4529 2353 4576 tam
2388 4521 2519 4576 clcri
2554 4537 2718 4592 quam
2749 4521 2930 4592 populi
2957 4521 3026 4576 de
3054 4523 3177 4576 aliis
3218 4522 3571 4593 dignissimus
3617 4538 3844 4595 expeta-

2245 4626 2348 4672 tur.
2381 4618 2631 4673 Vestrum
2672 4616 2904 4687 denique
2947 4616 3241 4680 honorem,
3285 4630 3448 4684 quem
3500 4617 3571 4670 de
3616 4618 3842 4673 seniore

2241 4709 2419 4779 adepti
2468 4707 2703 4774 fueritis,
2753 4708 2822 4764 de
2867 4709 3064 4764 vestris
3107 4709 3358 4764 domibus
3411 4718 3469 4762 et
3517 4711 3588 4765 de
3636 4713 3846 4766 vestris

2241 4801 2481 4856 canoniis
2509 4809 2561 4856 et
2587 4799 2654 4856 de
2681 4801 2955 4856 communi
3001 4815 3162 4854 causa
3209 4801 3440 4857 fratrum
3477 4810 3532 4855 et
3572 4804 3644 4856 de
3685 4803 3843 4858 omni

2238 4892 2566 4962 proprietate
2589 4899 2768 4946 vestra
2801 4891 2854 4945 in
2897 4891 3199 4946 hmredihus
3236 4891 3493 4960 legitimis
3521 4893 3846 4947 statuendis

2239 4991 2292 5036 et
2319 4981 2576 5050 eligendis
2606 4995 2672 5036 ex
2710 4982 2825 5050 ipsa
2857 4981 3017 5036 domo
3048 4990 3229 5035 nostra
3259 4982 3564 5050 apostolica
3595 4984 3847 5038 auctori~

2239 5082 2348 5128 tate
2393 5073 2663 5129 licentiam
2708 5072 2864 5128 vobis
2906 5073 3251 5127 concedimus
3283 5074 3576 5128 ordinandi
3624 5078 3846 5145 absque

2236 5162 2464 5231 alicujus
2511 5161 2880 5217 controversia
2925 5162 3314 5231 impedimenti.
3373 5161 3431 5216 Si
3484 5164 3620 5231 quis
3667 5182 3842 5230 vero,

2233 5269 2462 5326 magnus
2506 5251 2590 5307 vel
2643 5267 2873 5322 parvus,
2921 5260 3109 5307 contra
3180 5252 3282 5308 hoc
3327 5264 3586 5306 nostrum
3641 5256 3844 5311 decre—

2235 5352 2348 5398 tum
2389 5352 2446 5400 et
2515 5343 2883 5397 concessivam
2950 5341 3294 5412 largitionem
3349 5343 3402 5397 in
3471 5342 3679 5413 aliquo
3731 5362 3844 5400 sur-

2229 5448 2356 5504 gere
2402 5441 2750 5502 nostramque
2787 5431 3136 5501 apostolicam
3182 5432 3574 5488 auctoritatem
3627 5438 3844 5492 violare

2229 5526 2314 5580 vel
2361 5525 2637 5592 inlirmare
2683 5524 3118 5595 prtesumpserit,
3163 5525 3304 5578 sciat
3345 5538 3406 5578 se
3445 5528 3842 5583 anathenutis

2228 5617 2445 5672 vinculo
2470 5623 2674 5670 sancta:
2702 5615 2986 5671 Trinitatis
3014 5616 3352 5670 invocatione
3377 5623 3434 5670 et
3475 5615 3635 5672 beati
3687 5619 3841 5676 Petri

2227 5709 2452 5780 apostoli
2497 5717 2760 5778 potestate
2799 5723 2861 5765 ac
2901 5719 3082 5765 nostra
3117 5709 3444 5763 auctoritate
3479 5713 3842 5768 metuatne:
