4026 6308
571 399 675 455 θοι

1924 388 2165 446 ΜΑΚΙΜ
2201 385 2402 442 ΡΑΡᾹΞ
2434 386 2462 440 ι

596 581 3826 624 __________________________________________._____.

1207 751 2017 875 PRIVILEGIA
2131 699 2635 860 MARINI
2730 736 3174 856 PAPAZ.

1344 1088 1386 1142 Ι.

868 1216 970 1257 PRO
1006 1213 1339 1255 HONASTEMO
1367 1210 1782 1271 SOLEINIACEBSI

934 1381 938 1384 _
1181 1315 1352 1387 (Anno
1385 1314 1532 1386 885.)

897 1429 1074 1505 [Apud
1111 1429 1313 1494 Mansi,
1353 1429 1516 1484 Cone.
1557 1423 1808 1498 Collect.]

647 1562 891 1618 MARINUS
931 1562 1228 1631 episcopus,
1263 1576 1452 1614 servus
1489 1575 1763 1615 servorum
1797 1557 1914 1622 Dei,
1953 1557 2146 1612 dilecto

575 1654 753 1709 abbati
778 1653 997 1707 DANIELI
1021 1667 1088 1706 ex
1117 1650 1364 1706 emnobio
1389 1651 1556 1704 sancti
1585 1649 1727 1706 Petri
1753 1649 2143 1706 Solemniaceo-

575 1748 670 1810 sis,
697 1748 837 1817 quod
870 1747 1000 1800 olim
1031 1760 1059 1798 a
1086 1745 1246 1798 beato
1272 1744 1390 1796 viro
1409 1743 1580 1813 Eligio
1609 1751 1995 1802 constructum,
2026 1755 2146 1795 suc-

576 1837 986 1905 cessoribnsque
1009 1836 1114 1890 tuis
1141 1851 1206 1890 ac
1230 1835 1508 1890 monachis
1528 1835 1655 1889 inihi
1680 1834 1931 1889 nobiliter
1951 1835 2146 1904 degen-

575 1925 718 1978 tibus
745 1927 795 1979 in
820 1934 1152 1994 perpetuum.

491 2052 500 2060 -
588 2031 597 2038 ’
647 2016 909 2069 Convenit
935 2017 1078 2070 enim
1109 2025 1298 2070 nostro
1323 2016 1618 2084 pontiﬁcio,
1661 2025 1718 2071 ut
1747 2028 2005 2086 quantum
2037 2031 2147 2086 prae

587 2108 824 2162 munibus
868 2107 1066 2161 eminet
1111 2107 1410 2177 dignitate,
1465 2116 1616 2160 tanto
1671 2121 1831 2175 supra
1895 2107 2146 2161 universo

579 2182 780 2265 snitcat
829 2198 1172 2253 serenissima
1229 2197 1447 2267 pietate.
1503 2191 1821 2252 Postulastis
1879 2201 2058 2268 itaque
2113 2213 2142 2251 a

572 2293 750 2356 nobis,
802 2300 860 2346 ut
911 2293 1190 2362 praefatum
1238 2294 1542 2347 memmium
1591 2294 1691 2348 sub
1721 2293 2031 2348 defensione
2081 2309 2146 2348 ac

574 2381 802 2436 tuitione
858 2383 1137 2438 beatorum
1198 2383 1560 2452 apostolorum
1613 2383 1759 2439 Petri
1790 2393 1843 2440 et
1888 2384 2035 2438 Pauli
2081 2401 2145 2440 ac

576 2484 760 2526 nostra
792 2481 1153 2530 statueremus
1178 2515 1192 2537 ,
1233 2475 1372 2529 sicut
1403 2474 1601 2528 factum
1653 2475 1877 2544 legimus
1907 2477 1974 2530 ab
2005 2486 2152 2532 ante-

576 2577 789 2618 cessore
839 2572 1024 2617 nostro
1053 2565 1208 2618 beato
1251 2565 1367 2618 viro
1396 2581 1550 2633 papa,
1592 2567 1900 2635 postulante
1931 2567 2152 2622 nobilis-

577 2651 714 2706 simo
763 2650 1090 2706 Francorum
1145 2667 1267 2723 rege
1317 2654 1634 2724 Dagoberto,
1681 2665 1737 2710 et
1780 2665 2151 2712 constructore

578 2739 746 2810 ipsius
767 2741 863 2794 loci
892 2743 1230 2797 sanctissimo
1255 2745 1368 2798 viro
1394 2745 1566 2816 Eligio
1589 2747 1838 2816 episcopo
1861 2745 2152 2802 Novioma-

579 2830 761 2898 gensi,
817 2840 1082 2898 quatenus
1117 2833 1284 2901 quieti
1313 2850 1377 2888 ac
1406 2836 1503 2888 tuti
1539 2851 1658 2889 esse
1684 2851 1778 2904 per
1809 2837 1988 2891 futura
2019 2849 2151 2891 tcm-

577 2933 706 2986 pora
740 2919 976 2974 valeatis.
1016 2921 1122 2974 Nos
1165 2937 1315 2988 vero,
1345 2933 1580 2977 vestram
1611 2928 1951 2982 sanctitatem
1981 2945 2146 2999 agno-

579 3019 816 3073 scentes,
868 3021 1161 3082 vestrarqne
1217 3015 1456 3085 religioni
1509 3033 1782 3073 assursmn
1834 3021 2160 3089 praebentes,

582 3107 726 3151 tanta
759 3097 1037 3154 alacritate
1067 3102 1188 3155 lazto
1217 3105 1399 3157 animo
1431 3106 1794 3170 concedimus,
1827 3119 2028 3176 quanto
2055 3125 2153 3165 vos

580 3189 688 3243 Deo
713 3190 1120 3259 propinquiores
1153 3193 1203 3246 in
1235 3209 1386 3247 sacra
1436 3197 1846 3251 conversatione
1874 3201 2154 3269 cognosci-

581 3294 698 3332 mus
725 3279 1199 3350 fore.lgiturjuxta
1217 3284 1528 3353 petitionem
1560 3295 1817 3350 vestram,
1844 3289 2152 3358 hujusmodi

581 3366 916 3436 privilegium
968 3371 1248 3438 praesentis
1293 3374 1632 3428 auctoritatis
1684 3387 1883 3431 nostra:
1935 3379 2153 3434 decreto

581 3457 755 3514 eidem
785 3461 1082 3515 venerabili
1112 3466 1441 3518 monasterio
1472 3467 1668 3520 vestris
1694 3469 1993 3540 futurisque
2022 3480 2154 3526 lem-

581 3549 800 3616 poribus
843 3549 1213 3621 indulgemus,
1256 3555 1630 3621 concedimus,
1675 3567 1834 3626 atque
1868 3559 2154 3614 confirma-

583 3653 722 3691 mus.
756 3638 988 3721 Etsicut
1015 3642 1383 3699 nobilissimus
1415 3643 1746 3702 Francorum
1770 3663 1859 3703 rev
1890 3650 2157 3720 Dagober-

587 3733 688 3791 tus,
737 3735 793 3780 et
829 3726 1201 3797 gloriosissimi
1242 3730 1489 3802 Augusti,
1528 3734 1752 3790 Carolus
1777 3745 1832 3790 et
1876 3737 2018 3793 filius
2041 3739 2156 3808 ejus

585 3813 908 3883 Ludovicus,
933 3830 990 3873 et
1036 3821 1128 3874 fil-ii
1152 3832 1208 3875 et
1241 3833 1462 3891 nepotes
1488 3841 1693 3890 eorum,
1724 3827 1948 3885 Carolus
1986 3831 2157 3902 impe-

589 3916 756 3972 rator,
789 3917 842 3962 et
869 3907 1108 3977 ejusdem
1139 3910 1317 3966 Caroli
1347 3914 1488 3969 filius
1511 3914 1832 3984 Ludovicus,
1875 3937 2080 3977 necnon
2106 3932 2162 3980 et

588 3995 979 4055 Carlomannus
1042 4001 1297 4058 Ludovici
1366 4007 1527 4073 tilius,
1594 4011 1684 4078 qui
1736 4029 1876 4068 nttnc
1936 4030 2160 4084 regnum

588 4087 918 4144 Francorum
945 4091 1171 4149 feliciter
1196 4097 1498 4165 gubernare
1546 4101 1777 4167 videtur,
1809 4106 1950 4159 ducti
1982 4108 2164 4164 divino

590 4192 792 4242 amore,
839 4181 904 4232 de
951 4181 1089 4236 villis
1118 4200 1181 4237 ac
1211 4185 1553 4242 facultatibus
1581 4205 1672 4242 seu
1722 4192 2001 4261 stipendiis
2038 4211 2162 4265 pro-

592 4268 743 4339 priis,
771 4269 853 4326 vel
877 4272 1118 4340 quolibet
1141 4277 1301 4332 modo
1347 4277 1418 4332 ibi
1451 4297 1481 4334 a
1526 4279 1774 4337 ﬁdelibus
1811 4283 1940 4339 viris
1966 4287 2164 4350 condo-

590 4373 732 4416 nata:
757 4378 860 4428 res,
893 4379 924 4418 a
952 4367 1102 4420 vobis
1129 4371 1508 4437 quoquomodo
1534 4374 1812 4443 acquisita:
1843 4386 1990 4442 sunt,
2023 4378 2164 4434 sicut

593 4450 644 4504 in
691 4455 971 4523 praeceptis
1017 4458 1394 4524 praedictorum
1438 4475 1621 4530 regum
1670 4463 2031 4530 continentur,
2077 4467 2164 4521 vel

591 4540 646 4593 in
671 4541 858 4595 charta
912 4542 1148 4612 ejusdem
1196 4549 1507 4602 monasterii
1559 4549 1857 4608 fundatoris
1901 4555 2160 4611 insertum

593 4639 696 4693 est,
730 4632 935 4686 scilicet
958 4628 1113 4704 Eligii
1142 4637 1407 4706 episcopi,
1445 4641 1623 4694 omnia
1661 4641 1862 4697 illibata
1893 4654 1947 4700 ct
1973 4647 2160 4702 incon-

595 4720 746 4774 vulsa
793 4734 991 4778 nostra:
1039 4729 1375 4784 auctoritatis
1427 4731 1704 4802 privilegio
1756 4737 2154 4794 confirmamus.

596 4809 796 4864 Damus
823 4814 983 4867 etiam
1014 4815 1305 4883 licentiam,
1339 4829 1554 4889 propter
1583 4826 2010 4891 persecutionem
2037 4827 2160 4881 infi-

596 4898 796 4952 delium
847 4900 1304 4961 Christianitatem
1349 4909 1764 4976 deVastantium,
1808 4914 2158 4972 munitionem

596 4989 670 5043 ibi
702 4990 842 5044 fieri.
871 4990 1261 5051 Constituimus
1297 4997 1400 5050 alia
1445 5001 1767 5055 auctoritate
1808 5003 1950 5057 beati
1994 5004 2159 5070 Petri,

2178 1084 2228 1144 Α
2251 1076 2341 1132 vel
2382 1074 2625 1131 ecclesia:
2645 1072 2823 1129 oblata
2857 1079 3006 1136 sunt,
3047 1071 3131 1126 vel
3169 1069 3351 1125 oﬂ'erri
3392 1070 3717 1140 contigerit,
3747 1085 3834 1138 pc-

2250 1168 2405 1224 renni
2444 1178 2683 1235 tempore
2721 1165 2921 1234 absque
2955 1162 3060 1216 ulla
3105 1162 3473 1232 inquietudine
3515 1162 3682 1230 ipsis,
3721 1175 3834 1231 qm-

2246 1259 2353 1314 bus
2400 1273 2654 1314 concessa
2699 1265 2854 1319 sunt,
2898 1241 3176 1325 profutura
3224 1263 3608 1324 permaneant.
3647 1252 3831 1307 Statu.

2251 1359 2364 1405 tum
2402 1349 2596 1414 etiam,
2641 1356 2702 1402 ut
2740 1346 2917 1402 nullus
2963 1346 3367 1416 episcoporum,
3398 1358 3498 1398 seu
3539 1344 3826 1407 comitum,

2250 1439 2697 1495 mansionaticum
2727 1437 2820 1502 ibi,
2855 1436 2936 1490 vel
2964 1444 3200 1504 paratas,
3231 1434 3316 1488 vel
3352 1434 3630 1488 stationes
3656 1431 3831 1501 requi-

2249 1544 2371 1586 rere
2417 1543 2510 1582 seu
2552 1527 2767 1597 exigere
2813 1533 3130 1596 pratsnmat,
3178 1525 3273 1578 Sed
3321 1523 3484 1577 liceat
3519 1523 3702 1576 servis
3741 1522 3829 1576 Dei

2250 1623 2369 1678 sine
2397 1621 2572 1691 aliqua
2605 1619 2976 1690 inquietudine
3009 1618 3117 1672 Deo
3145 1616 3370 1676 servire.
3399 1623 3459 1668 et
3484 1614 3827 1683 hospitalita-

2252 1717 2322 1770 tis
2351 1712 2799 1776 benevolentiam,
2829 1717 2990 1779 prout
3031 1708 3112 1762 eis
3160 1706 3402 1770 libuerit,
3442 1705 3666 1759 cunctis
3706 1703 3830 1756 tide-

2249 1805 2390 1861 libus
2446 1805 2772 1874 impendere.
2829 1800 3035 1854 Placuit
3082 1799 3208 1852 huic
3250 1797 3464 1866 pagina:
3516 1796 3721 1859 inseri,
3771 1801 3828 1845 ut

2249 1899 2482 1952 obeuntc
2511 1895 2702 1948 abbate
2723 1891 2961 1961 praedicti
2985 1889 3235 1951 cmuobii,
3265 1887 3446 1941 nullus
3468 1887 3562 1948 ibi,
3589 1900 3824 1955 quacun-

2250 2002 2355 2057 que
2392 1984 2753 2054 subreptionis
2781 1982 3092 2044 ambitione,
3124 1981 3374 2034 abbatem
3416 1986 3656 2034 statuere
3688 1990 3824 2042 pra:-

2251 2086 2457 2143 sumat,
2493 2077 2596 2130 nisi
2619 2090 2780 2144 quem
2817 2061 3056 2141 ejusdem
3109 2071 3208 2126 loci
3245 2069 3500 2124 monachi
3531 2069 3824 2122 semiudum

2251 2169 2618 2223 authenticam
2659 2175 2714 2220 et
2756 2163 3054 2234 regularem
3099 2162 3495 2214 institutionem
3534 2173 3604 2211 ex
3641 2158 3828 2225 seipsis

2249 2260 2513 2330 elegerint
2538 2256 2914 2312 ordinandum.
2944 2253 3000 2306 Si
3034 2254 3153 2322 quis
3179 2262 3355 2306 autem
3388 2250 3533 2304 banc
3582 2247 3825 2317 paginam

2252 2349 2651 2405 constitutionis
2675 2360 2976 2417 agnoscens
3004 2356 3189 2398 contra
3223 2357 3344 2397 eam
3370 2341 3562 2393 venire
3594 2349 3827 2392 tentare-

2180 2429 2222 2486 Β
2256 2447 2344 2511 rit,
2377 2447 2448 2500 sit
2483 2445 2689 2499 alienus
2723 2460 2752 2498 a
2789 2441 3154 2496 sacratissimo
3183 2451 3411 2506 corpore
3453 2434 3668 2489 Domini
3704 2430 3827 2485 lese

2253 2535 2482 2600 Christi,
2537 2544 2592 2589 et
2637 2534 2739 2588 nisi
2791 2540 3115 2603 praesumpta
3165 2528 3500 2588 correxerit,
3553 2525 3637 2578 vel
3694 2523 3827 2575 made

2251 2629 2430 2682 ablata
2463 2641 2571 2680 non
2600 2622 3200 2686 restituerit,rultionem
3224 2636 3345 2674 cum
3373 2617 3514 2673 Juda
3556 2616 3830 2684 proditore

2251 2717 2510 2787 excipiat,
2536 2725 2590 2770 et
2621 2716 2834 2769 beatum
2860 2713 3080 2766 Petrum
3119 2711 3320 2765 sentiat
3347 2710 3585 2763 hostem.
3612 2704 3830 2758 Cunctis

2251 2820 2430 2865 autem
2473 2807 2647 2863 eidem
2696 2805 2812 2860 loco
2841 2805 2984 2874 justa
3015 2801 3352 2857 servantibus
3383 2800 3456 2852 sit
3483 2813 3590 2867 pax
3620 2795 3828 2850 Domini

2251 2900 2422 2954 nostri
2465 2897 2592 2954 Jesu
2639 2896 2861 2959 Christi,
2891 2905 3157 2963 quatenus
3189 2902 3242 2945 et
3290 2891 3377 2945 hic
3403 2889 3640 2943 fructum
3679 2888 3832 2940 bona:

2250 2989 2478 3044 actionis
2521 2987 2815 3040 inveniant.
2860 2984 3132 3053 Scriptum
3162 2997 3258 3051 per
3287 2995 3504 3034 manum
3555 2977 3832 3032 Zacharic

2251 3078 2523 3134 seriuiarii
2557 3086 2758 3131 sanctae
2783 3075 3040 3130 Romanae
3064 3071 3321 3126 Ecclesia:
3347 3085 3530 3123 mense
3558 3068 3715 3132 Maio,
3752 3068 3832 3120 in-

2252 3170 2486 3225 dictione
2507 3167 2703 3237 prima.
2727 3167 2870 3220 Bene
2898 3164 3090 3218 valete.
3131 3162 3311 3216 Pridie
3343 3161 3467 3214 ldus
3491 3158 3693 3220 lunias,
3729 3173 3831 3226 per

2255 3277 2477 3316 manum
2545 3259 2812 3314 Valentini
2877 3256 3132 3312 Ecclesia:
3169 3252 3488 3309 Portnensis
3543 3251 3784 3320 episcopi
3812 3291 3831 3316 ,

2253 3360 2515 3423 regnante
2564 3351 2615 3404 in
2648 3359 2964 3420 perpetuum
3016 3347 3242 3402 Domino
3284 3345 3397 3399 Deo
3437 3351 3644 3397 nostro.
3676 3343 3835 3395 Anno

2253 3441 2596 3512 pontificatus
2641 3441 2821 3496 domui
2865 3439 3054 3494 Marini
3085 3437 3404 3493 universalis
3440 3452 3594 3508 papm
3631 3437 3833 3503 primo,

2253 3533 2546 3591 indictione
2567 3533 2762 3605 prima.

2644 3747 2746 3788 PRO
2784 3746 3122 3788 IONASTERIO
3161 3744 3472 3785 SAVKNIENSI.

2887 3823 3059 3894 (Anno
3094 3822 3241 3891 883.)

2401 3915 2501 3988 [Ex
2550 3914 2779 3986 Ughelli,
2812 3913 2961 3967 Italia
2991 3927 3143 3968 sacra
3180 3922 3218 3966 t.
3257 3911 3346 3974 IV,
3378 3926 3502 3981 pag.
3534 3908 3692 3982 657.]

2284 4015 2288 4019 '
2329 4005 2577 4060 MARINUS
2601 4006 2902 4074 episcopus,
2936 4019 3122 4058 servus
3157 4017 3433 4057 servorum
3463 4001 3583 4066 Dei,
3611 3999 3836 4062 dilecto,

2260 4091 2724 4160 reverendissimo,
2751 4107 2806 4150 et
2825 4095 3163 4150 sanctissimo
3194 4093 3450 4150 Geniaoo
3473 4101 3681 4145 sanctae
3699 4089 3844 4145 Lau-

2261 4187 2445 4243 densis
2483 4187 2736 4242 Ecclesiae
2764 4188 3015 4257 episcopo
3063 4196 3118 4241 et
3141 4187 3394 4257 praesenti
3424 4187 3473 4238 in
3499 4185 3690 4238 eadem
3735 4183 3844 4236 Ec-

2261 4279 2424 4334 clesia
2455 4281 2864 4339 et.monasterio
2893 4279 3195 4333 Savinionis
3223 4279 3272 4332 in
3303 4285 3620 4349 perpetuum.

2334 4370 2410 4426 Te
2448 4386 2704 4425 narrante
2750 4371 3098 4440 cognovimus
3137 4369 3494 4424 muniticentia
3532 4368 3846 4436 imperato-

2263 4475 2403 4526 rum,
2425 4467 2483 4514 ct
2510 4474 2716 4529 regum,
2745 4459 2835 4528 qui
2862 4459 3059 4512 nostris
3090 4458 3308 4514 fuerunt
3337 4458 3695 4527 temporibus,
3725 4461 3846 4524 qui-

2262 4565 2366 4619 que
2397 4565 2524 4620 erga
2553 4565 2647 4604 eos
2676 4550 2936 4604 industria
2971 4549 3211 4619 obsequii
3244 4549 3543 4605 emnobium
3582 4546 3847 4602 Savinio-

2263 4641 2348 4693 nis
2398 4638 2653 4693 Ecclesiae
2683 4648 2786 4692 tute
2831 4653 3168 4703 concessum,
3207 4647 3368 4707 atque
3417 4638 3712 4707 praeceptis
3739 4639 3851 4693 suis

2263 4730 2534 4784 firmatum
2565 4745 2686 4784 esse
2715 4744 2780 4784 eo
2813 4729 3062 4784 videlicet
3109 4730 3298 4784 ordine
3329 4745 3421 4784 seu
3465 4739 3662 4783 tenore
3705 4731 3850 4798 quod

2263 4835 2478 4888 semper
2505 4820 2555 4872 in
2581 4820 2768 4873 eodem
2798 4821 3046 4874 emnobio
3088 4819 3345 4890 regularis
3384 4819 3656 4873 institutio
3690 4821 3854 4872 disci-

2263 4909 2587 4980 plinabiliter
2600 4912 2998 4977 observaretur,
3017 4911 3164 4967 salvo
3185 4913 3310 4982 jure
3335 4925 3731 4964 concessarum
3752 4911 3852 4963 sibi

2265 5016 2447 5056 rerum
2477 5001 2532 5054 in
2565 5017 2693 5056 usus
2720 5003 3000 5070 proprios._
3019 5002 3096 5056 Tu
3126 5016 3251 5055 vero
3292 5015 3598 5072 pnecavens
3635 5017 3712 5054 ne
3736 5013 3856 5070 post

597 5091 655 5135 ut
686 5083 862 5139 nullus
883 5100 1089 5155 regum,
1123 5101 1281 5142 nemo
1306 5089 1627 5155 antistitum,
1660 5092 1742 5146 vel
1768 5093 2041 5159 abbatum,
2066 5110 2163 5150 seu
2190 5116 2242 5176 ι)
2267 5089 2563 5143 discessum
2593 5099 2741 5142 Illum
2777 5089 3001 5159 quilibet
3050 5104 3424 5144 successor“!!!
3466 5099 3724 5152 ωοτιιιιι.
3769 5097 3859 5141 ³η*

597 5176 826 5244 quilibet
850 5195 943 5234 sua
975 5180 1228 5250 praeditus
1263 5182 1539 5253 dignitate,
1567 5185 1632 5238 de
1664 5186 1729 5241 iis
1757 5202 1876 5256 qua:
1915 5188 1966 5242 in
1995 5188 2168 5258 praeli4

597 5267 738 5321 batis
765 5271 1048 5339 praeceptis
1074 5272 1440 5338 continentur,
1473 5274 1557 5329 vel
1587 5275 1636 5329 in
1666 5276 1845 5332 futuro
1867 5278 1935 5332 ab
1957 5280 2058 5343 eis,
2081 5280 2167 5334 vel

597 5373 632 5412 a
661 5359 986 5428 quibuslibet
1021 5362 1086 5417 de
1112 5365 1328 5433 proprio
1356 5364 1556 5419 fuerint
1586 5366 1668 5421 his
1705 5369 2029 5437 specialibus
2057 5371 2168 5424 usi-

599 5445 702 5502 bus
721 5445 839 5515 iure
863 5449 1078 5516 collata,
1108 5453 1206 5505 sub
1233 5451 1520 5520 cujuslibet
1541 5469 1718 5510 causa:
1745 5456 2030 5512 occasione
2055 5459 2167 5514 sive

600 5539 801 5607 specie,
829 5541 1119 5609 quidquam
1150 5541 1391 5598 minuere
1415 5543 1497 5598 vel
1519 5543 1749 5611 auferre,
1773 5547 1854 5599 vel
1878 5547 1995 5602 aliis
2015 5547 2169 5617 quasi

603 5629 706 5697 piis
729 5631 906 5685 causis
943 5646 1040 5700 pro
1081 5647 1191 5686 suae
1221 5634 1462 5688 avaritia:
1505 5637 1853 5692 excusatione
1881 5648 2170 5706 praesumat

603 5720 920 5774 concedere.
953 5720 1059 5777 Sed
1100 5731 1325 5792 cuncta,
1365 5740 1484 5793 qua:
1516 5727 1703 5782 usibus
1747 5711 2168 5796 monachorum,

2274 5179 2380 5234 alia
2429 5179 2706 5236 saecularis
2748 5191 2989 5252 potestas
3033 5198 3063 5236 a
3110 5183 3330 5252 pr0prio
3368 5190 3510 5236 statu
3547 5189 3602 5234 et
3668 5184 3861 5237 ordine

2273 5272 2414 5326 idem
2441 5272 2744 5327 coenobium
2773 5271 3085 5327 subvertere
3129 5273 3320 5342 possit,
3346 5288 3433 5326 res
3471 5280 3566 5324 aut
3617 5274 3861 5328 familias

2272 5363 2469 5417 ibidem
2504 5365 2885 5429 subvertendo,
2914 5363 3001 5418 vel
3042 5363 3359 5426 invadendo,
3405 5363 3585 5434 petisti
3623 5365 3862 5420 ﬁdeliter

2272 5457 2594 5511 auctoritate
2648 5456 2794 5511 sedis
2845 5455 3175 5525 apostolicae,
3205 5464 3259 5510 et
3287 5454 3567 5524 privilegio
3611 5471 3716 5519 ea,
3752 5471 3862 5524 quae

2275 5546 2342 5600 ad
2370 5563 2498 5602 usus
2548 5549 2960 5615 monachorum,
3006 5564 3070 5603 ac
3117 5549 3280 5603 totius
3323 5545 3564 5614 ejusdem
3619 5548 3862 5603 cumet-ii

2277 5641 2562 5695 utilitatem
2617 5642 2828 5696 cunctis
2875 5641 3327 5711 possessionibus,
3377 5654 3442 5694 ac
3500 5641 3864 5696 recordanti:

2278 5731 2552 5798 memoria:
2589 5730 2831 5801 piissimo
2868 5730 3138 5788 Ludovico
3169 5729 3438 5800 quondam
3486 5729 3754 5799 Augusto
3777 5741 3864 5800 per
