4026 6308
249 407 354 494 {$69

1687 423 2039 484 EPISTOLA.
2069 423 2074 426 ’
2133 420 2136 424 ’

3399 415 3499 485 970

246 555 578 621 praeceptum
609 559 764 600 suum
800 545 996 600 dudmn
1047 543 1308 616 delegata,
1352 550 1516 613 atque
1543 555 1819 604 concessa,
1853 549 1900 606 Α
1929 550 2140 608 rentur,
2171 541 2273 597 nisi
2295 550 2522 611 cogente
2548 543 2833 606 charitate,
2861 553 2956 598 aut
2988 544 3311 602 necessitate
3334 545 3503 602 abbas

248 654 308 698 et
331 651 514 711 postea
537 640 823 710 diligenter
842 640 1055 709 provisa
1081 637 1484 708 aequanimitate
1504 636 1830 706 sibimetque

252 731 482 793 firmari,
524 738 579 784 et
625 745 744 798 qua:
785 730 1038 798 deinceps
1077 746 1107 783 a
1153 729 1475 798 quihusdam
1516 726 1829 781 timentibus

253 824 422 878 Deum
454 820 652 875 ibidem
677 820 873 875 collata
907 819 1130 884 fuerint,
1160 819 1409 876 videlicet
1439 819 1508 873 ab
1536 818 1668 874 urbe
1699 819 1831 872 Der-

192 961 201 968 .
253 918 417 971 thona
454 915 714 985 quidquid
746 916 812 968 de
861 914 976 984 ipsa
1007 925 1093 970 est
1135 913 1402 968 abbatiola
1443 928 1615 984 usque
1644 915 1711 968 ad
1755 914 1832 982 ip-
1879 951 1881 956 ς

251 1024 374 1064 sum
405 1006 793 1062 monasterium
819 1005 873 1059 in
921 1006 1112 1060 eodem
1142 1007 1396 1060 comitatu
1449 1004 1828 1069 Derthoneusi,

248 1101 533 1164 Janueusi,
581 1100 748 1154 maris
799 1098 979 1153 littore
1031 1107 1087 1152 et
1124 1097 1340 1163 Tuscia,
1391 1113 1601 1152 necnon
1651 1097 1830 1151 vicum

248 1194 596 1256 Arderatum,
636 1200 693 1247 et
726 1191 1056 1264 Pasqualini,
1087 1199 1144 1246 et
1186 1206 1370 1246 casam
1401 1192 1468 1245 de
1511 1189 1678 1260 Papia
1707 1205 1830 1243 cum

253 1284 521 1340 massario
551 1283 604 1337 in
626 1282 853 1337 aurello.
884 1282 1170 1351 Reliquum
1195 1297 1325 1336 vero
1353 1281 1522 1351 ipsius
1544 1280 1831 1334 abbatiolze

251 1371 554 1428 Laudensis
588 1371 874 1442 episcopus
906 1371 974 1425 ad
998 1369 1286 1425 utilitatem
1315 1386 1425 1425 suae
1448 1369 1694 1426 ecclesiae
1730 1385 1830 1440 pro

251 1462 585 1528 defensione,
615 1474 670 1518 et
696 1463 1048 1518 excusatione
1081 1465 1395 1517 eorumdem
1437 1464 1827 1517 monachorum

251 1555 531 1617 retineret,
557 1570 620 1607 ac
641 1553 964 1623 possideret,
996 1554 1292 1624 implorasti
1323 1555 1531 1610 scilicet
1557 1571 1656 1626 pro
1675 1556 1825 1610 omni

250 1647 476 1702 excubia
507 1655 564 1701 et
584 1646 926 1715 expeditione
961 1655 1069 1701 tam
1097 1647 1332 1716 palatina
1355 1663 1520 1717 quam
1551 1657 1605 1704 et
1621 1647 1824 1704 hostili.
1868 1717 1871 1719 _

250 1731 362 1794 Nos
385 1739 550 1808 igitur
573 1751 670 1808 per
701 1738 954 1808 gratiam,
982 1747 1038 1793 et
1071 1747 1414 1808 potestatem,
1454 1755 1575 1809 qua:
1617 1740 1772 1795 nobis
1796 1754 1829 1794 a

251 1828 366 1885 Deo
391 1830 751 1900 apostolorum
782 1831 990 1886 meritis
1024 1831 1218 1887 collata
1245 1833 1385 1888 sicut
1408 1833 1659 1902 superius
1688 1827 1824 1888 con-

1932 648 2054 688 cum
2070 632 2327 688 fratribus
2350 634 2760 703 postulaverint,
2786 643 2868 689 ter
2891 635 3156 705 siquidem
3183 651 3281 706 per
3301 652 3500 691 annum

1930 733 2024 779 aut
2050 725 2234 786 abbas,
2269 735 2363 780 aut
2398 724 2515 793 ejus
2553 725 2676 780 inde
2727 727 2976 782 monachi
3008 727 3344 782 Laudeusem
3391 730 3505 798 epi-

1931 831 2152 885 scopum
2191 817 2244 870 in
2267 832 2366 872 sua
2389 817 2615 872 ecclesia
2663 819 2957 873 honorifice
2979 830 3035 874 et
3056 820 3293 885 visitent,
3321 829 3378 875 et
3421 836 3504 874 re-

1931 911 2220 979 cipiantur.
2272 910 2541 965 Praeterea
2567 911 2908 967 decernimus
2940 921 2998 966 ut
3022 913 3066 967 si
3097 912 3340 979 ejusdem
3389 927 3501 966 mo-

1929 1000 2154 1054 nasterii
2197 1001 2365 1058 abbas
2398 1017 2457 1057 se
2491 1002 2779 1071 aliquando
2829 1006 3152 1076 praegravari
3196 1004 3394 1074 injuste
3421 1021 3507 1060 co-

1929 1093 2175 1160 gnoverit
2198 1093 2266 1147 ab
2294 1095 2480 1148 eodem
2501 1096 2783 1164 episcopo,
2829 1095 2910 1150 vel
2940 1097 3082 1161 aliis,
3119 1096 3286 1152 libere
3313 1097 3380 1150 ad
3403 1111 3502 1150 no-

1928 1191 2100 1237 stram
2137 1184 2322 1239 sedem
2378 1186 2728 1254 apostolicam
2783 1187 3034 1256 appellet,
3082 1197 3243 1257 atque
3269 1187 3339 1242 ad
3385 1202 3504 1241 eam

1931 1280 2238 1350 confugium
2264 1280 2447 1348 faciat,
2475 1292 2536 1336 ut
2561 1297 2657 1337 sua
2689 1293 2961 1337 mereatur
3005 1283 3249 1338 obtinere
3278 1281 3502 1338 irrefra-

1929 1369 2175 1438 gabiliter
2209 1371 2333 1440 jura
2391 1372 2684 1442 apostolica
2737 1373 2837 1426 sibi
2891 1373 3177 1428 clementia
3225 1372 3499 1428 roborata.

1929 1457 2058 1526 Qua:
2079 1461 2125 1515 si
2157 1462 2278 1530 quis
2326 1464 2648 1532 praecognita
2681 1478 3051 1533 corrumpere,
3081 1464 3360 1534 ipsamque
3379 1480 3506 1518 san-

1927 1559 2071 1605 ctam
2130 1554 2600 1622 congregationem
2654 1557 2994 1623 perturbare,
3049 1556 3132 1610 vel
3200 1556 3502 1626 inquietare

1925 1642 2291 1713 pretermisso
2317 1643 2628 1712 apostolico,
2655 1659 2749 1699 seu
2774 1645 3004 1715 regulari
3021 1645 3229 1712 judicio
3259 1653 3501 1710 tentave—

1929 1734 2022 1795 rit,
2049 1741 2107 1788 et
2149 1733 2253 1792 hoc
2293 1744 2534 1790 nostrum
2588 1736 2925 1808 privilegium
2955 1753 3170 1808 quoquo
3199 1739 3359 1793 modo
3383 1753 3507 1794 cor-

1926 1839 2210 1894 rumpere,
2251 1826 2306 1880 in
2350 1827 2550 1882 virtute
2591 1829 2762 1883 sancti
2810 1831 3066 1898 Spiritus,
3111 1847 3174 1886 ac
3221 1832 3500 1886 beatorum

199 1922 202 1923 ⁷
251 1923 458 1978 tinetur
487 1921 748 1976 ambalms
783 1923 1029 1991 partibus
1053 1921 1206 1990 juxta
1229 1937 1518 1977 commune
1547 1931 1825 1988 votum,et
1856 1917 1901 1976 Β
1928 1916 2292 1986 apostolorum
2321 1934 2352 1972 a
2399 1920 2780 1974 communione
2828 1922 3072 1976 omnium
3119 1923 3191 1976 sit
3219 1932 3504 1992 separatus

247 2012 679 2069 moderationem
725 2028 958 2082 aequam,
988 2013 1406 2087 apostolicaque,
1441 2012 1825 2068 confirmantes
1921 2005 2209 2077 justorum,
2249 2009 2598 2078 quoadusque
2627 2010 2786 2079 digna
2813 2010 3202 2066 satisfactione
3250 2012 3504 2066 humilia-

249 2103 577 2159 auctoritate
618 2103 907 2158 statuimus
956 2117 1178 2159 auc;ore
1221 2103 1454 2159 Domino
1495 2101 1624 2158 Jcsu
1670 2102 1824 2158 Chri-

247 2203 339 2248 sto
367 2192 673 2258 inviolabile
702 2194 896 2248 amodo
917 2194 995 2250 sic
1016 2209 1356 2264 permanere.
1388 2193 1676 2250 Saucimus
1697 2209 1827 2263 quo-

248 2298 357 2352 que
393 2294 452 2337 ut
480 2299 602 2339 cum
627 2298 868 2352 prmsens
891 2283 1130 2352 ejusdem
1158 2284 1260 2340 loci
1283 2284 1454 2341 abbas
1477 2285 1824 2347 Adalbertus.

248 2374 335 2428 νει
375 2374 492 2442 ejus
537 2390 882 2431 successores
919 2375 988 2431 ab
1031 2377 1133 2431 hac
1173 2375 1292 2432 luce
1330 2376 1509 2432 divina
1545 2377 1826 2430 vocatione

247 2464 512 2520 subtracti
529 2465 754 2532 fuerint,
773 2484 878 2522 non
901 2468 1139 2532 aliunde,
1171 2469 1263 2523 sed
1291 2469 1358 2523 de
1387 2469 1500 2539 ipsa
1529 2485 1822 2539 congrega-

245 2554 398 2609 tione
435 2557 780 2612 concorditer
806 2559 1166 2613 substituatur
1186 2559 1345 2624 alter,
1375 2561 1420 2614 si
1447 2575 1574 2615 vero
1597 2575 1692 2630 pro
1709 2562 1824 2628 ipsa

247 2645 533 2712 electione,
591 2657 685 2702 aut
725 2649 953 2704 fratrum
999 2651 1355 2717 dissensione,
1405 2651 1490 2716 vel
1529 2653 1690 2707 etiam
1717 2654 1822 2708 alia

246 2735 489 2804 qualibet
517 2738 684 2807 ipsius
709 2739 809 2794 loci
853 2741 1174 2795 necessitate
1223 2740 1520 2796 Laudensis
1541 2741 1824 2812 episcopus

247 2826 436 2895 utique
467 2844 572 2883 non
600 2829 758 2894 alius,
790 2832 874 2886 vel
905 2831 1020 2900 ejus
1059 2833 1206 2888 missi
1244 2833 1389 2887 idem
1436 2834 1823 2888 monasterium

247 2926 344 2970 aut
368 2916 552 2982 cellas,
583 2927 678 2972 aut
698 2930 882 2976 curtes
927 2921 1046 2992 ejus
1073 2922 1248 2977 vocati
1280 2923 1332 2976 in
1360 2920 1688 2991 adjutorium
1733 2937 1826 2977 ve-

246 3007 428 3063 nerint
454 3024 558 3064 non
607 3010 890 3081 plusquam
941 3013 1162 3084 triginta
1201 3014 1466 3080 homines,
1508 3023 1566 3068 et
1589 3014 1825 3068 caballos

242 3101 602 3171 quadraginta
631 3103 954 3166 conducant,
994 3106 1191 3174 quibus
1221 3121 1289 3160 ex
1327 3106 1459 3174 ipsis
1503 3105 1818 3161 monasterii

244 3190 410 3246 rebus
436 3191 630 3252 dentur
648 3193 932 3264 stipendia,
958 3204 1017 3250 et
1047 3193 1188 3250 ultra
1215 3194 1451 3250 triduum
1476 3209 1584 3252 non
1611 3195 1684 3250 ibi
1707 3210 1822 3250 mo-

1928 2107 2014 2153 tus
2044 2101 2331 2156 emendare
2383 2102 2670 2167 studuerit,
2715 2117 2942 2174 quaeque
2993 2117 3182 2162 contra
3215 2108 3386 2176 ipsum
3417 2122 3503 2163 reo

1925 2189 2218 2245 verendum
2241 2190 2418 2245 locum
2446 2192 2513 2246 ad
2538 2193 2833 2262 periculum
2863 2196 2943 2249 sui
2972 2196 3216 2266 deliquit.
3242 2197 3342 2263 Qui
3369 2214 3502 2254 vero

1926 2291 2110 2337 custos
2133 2292 2188 2338 et
2213 2284 2530 2338 observator
2550 2283 2708 2352 hujus
2734 2285 3011 2355 apostolici
3041 2289 3208 2342 nostri
3236 2289 3504 2361 privilegii

1925 2372 2109 2438 fuerit,
2159 2375 2589 2432 benedictionem
2625 2386 2680 2431 et
2723 2378 2949 2448 gratiam
2979 2393 3008 2432 a
3064 2378 3290 2434 Domino
3315 2395 3507 2436 conse—

1925 2475 2144 2535 quatur.
2209 2465 2482 2537 Scriptum
2535 2483 2631 2537 per
2685 2485 2901 2522 manum
2963 2469 3179 2541 Georgii
3228 2473 3505 2528 scriniaril

1926 2567 2130 2613 sancta;
2172 2557 2434 2615 Romanae
2458 2559 2738 2626 Ecclesiae,
2775 2577 2959 2618 mense
2986 2563 3166 2628 Junio,
3209 2564 3505 2620 indictione

1926 2663 1964 2702 ι.
2005 2648 2149 2704 Bene
2177 2649 2370 2705 valete.

1998 2741 2190 2796 Datum
2245 2757 2278 2796 ι
2325 2741 2443 2796 Kal.
2489 2742 2596 2798 Juli
2640 2758 2742 2814 per
2776 2760 2996 2800 manum
3046 2745 3354 2801 Zaceharia:
3393 2747 3510 2817 epi-

1925 2835 2073 2904 scopi
2093 2843 2149 2889 et
2191 2834 2611 2900 bibliothecarii,
2641 2847 2804 2905 atque
2835 2837 2983 2892 missi
3015 2836 3074 2891 S.
3123 2838 3268 2893 sedis
3293 2847 3510 2907 aposto-

1925 2923 2065 2990 licae,
2097 2925 2399 2994 imperante
2447 2926 2668 2980 domino
2716 2936 2905 2981 nostro
2958 2927 3200 3002 piissimo
3245 2937 3511 2998 perpetuo

1923 3013 2167 3085 Augusto
2218 3013 2413 3069 Carolo
2446 3031 2477 3069 a
2548 3015 2659 3070 Deo
2711 3026 2971 3070 coronato
3030 3031 3226 3082 magno
3277 3017 3510 3088 impera-

1926 3113 2042 3158 tore
2075 3118 2219 3158 anno
2271 3119 2356 3169 ni,
2403 3112 2460 3158 et
2509 3113 2632 3174 post
2680 3108 3016 3160 consulatum
3065 3105 3185 3176 ejus
3228 3121 3372 3162 anno
3419 3122 3502 3166 Ill,

1926 3195 2113 3250 indict.
2160 3211 2200 3251 ι.

245 3379 3494 3410 mw

1152 3549 1845 3702 ΜΑῌΙΝΙ
1957 3549 2631 3667 ΡΑΡᾹΞΙ

1269 3749 1601 3809 EPISTOLA
1640 3753 1733 3806 AD
1769 3749 2142 3808 MONACHOS
2178 3750 2228 3805 J.
2256 3749 2509 3806 Ᾱεῦιοιι.

1701 3891 1880 3960 (Anno
1915 3891 2064 3958 885.)

1428 4028 1661 4096 Prae/icit
1695 4027 1952 4083 Amelium
1977 4027 2350 4096 presbyterum.

675 4160 752 4223 (in
775 4160 966 4225 probat.
992 4171 1130 4210 novae
1155 4158 1267 4210 hist.
1295 4156 1524 4207 Nemaus.
1577 4169 1685 4217 pag.
1717 4154 1802 4214 15,
1838 4154 1962 4218 apud
2000 4153 2060 4204 D.
2087 4153 2239 4216 llouq.
2274 4154 2451 4215 Script.
2480 4165 2646 4203 rerum
2684 4151 2851 4202 Franc.
2879 4160 2913 4202 t.
2955 4151 3062 4213 IX.)

317 4421 560 4477 Haemus
606 4421 908 4492 episcopus,
949 4435 1136 4476 servus
1173 4434 1451 4476 servorum
1489 4417 1608 4483 Dei,
1643 4416 1820 4472 omni-
1849 4421 1894 4482 ρ
1925 4431 1975 4470 et
2005 4417 2179 4484 ipsum
2223 4422 2463 4470 vestrum
2506 4415 2912 4473 monasterium,
2938 4428 3060 4467 cum
3089 4413 3341 4468 omnibus
3391 4417 3506 4470 suis

242 4513 348 4570 bus
391 4514 636 4569 fidelibus
663 4522 862 4568 nostris
884 4514 1166 4568 monachis
1202 4514 1268 4568 de
1298 4510 1627 4566 monasterio
1673 4509 1817 4580 quod

244 4615 472 4663 vocatur
499 4605 977 4674 Vallis-Flaviana,
1005 4606 1233 4662 salutem
1261 4614 1316 4660 et
1345 4602 1695 4674 apostolicam
1726 4602 1836 4656 be»

241 4697 626 4754 nedictionem.

241 4855 246 4858 _
313 4789 595 4859 Cognitum
636 4788 860 4844 facimus
903 4789 1154 4844 omnibus
1197 4787 1351 4842 vobis
1400 4787 1525 4857 quia
1579 4791 1819 4858 praesens

239 4881 485 4937 Amelius
519 4881 801 4951 religiosus
846 4882 1126 4952 presbyter
1177 4889 1359 4934 noster
1405 4878 1818 4934 commendatus

240 4973 421 5052 factus
454 4982 556 5029 est.
588 4971 738 5029 Unde
765 4982 820 5029 et
840 4988 938 5027 nos
952 4987 1048 5042 pro
1077 4989 1169 5028 sua
1197 4972 1450 5028 fidelitate
1471 4969 1819 5026 concedimus

608 5890 882 5956 Ριτιοι.
929 5893 1214 5954 CXXVI.

1928 4494 2293 4579 pertinentiis,
2324 4509 2390 4562 ad
2422 4507 2735 4571 tenendum,
2779 4514 2834 4561 et
2874 4521 2969 4559 vos
2999 4502 3291 4576 regendum
3341 4516 3504 4577 atque

1929 4601 2360 4671 gubernandum,
2413 4600 2560 4655 salva
2606 4598 2865 4670 pensione
2906 4597 3062 4652 nobis
3095 4612 3272 4654 annua
3301 4599 3505 4667 persol-

1927 4693 2120 4749 venda.
2169 4693 2322 4749 Unde
2362 4692 2514 4746 vobis
2542 4689 2886 4761 pnecipimus
2938 4697 2996 4742 ut
3033 4703 3157 4742 eum
3208 4687 3505 4743 honorifice

1926 4784 2254 4854 suscipiatis,
2282 4792 2336 4838 et
2364 4798 2487 4838 eum
2525 4791 2582 4836 ut
2611 4779 2890 4851 prtelatum
2921 4794 3043 4834 cum
3069 4778 3216 4832 omni
3244 4776 3501 4848 religione

1891 4933 1899 4944 ,
1926 4879 2189 4941 habeatis,
2214 4876 2339 4948 quia
2365 4889 2487 4930 eum
2514 4873 2582 4928 ad
2612 4871 2928 4926 salvandum
2957 4880 3010 4926 et
3028 4871 3320 4940 regendum
3340 4883 3504 4939 super

1926 4985 2022 5024 vos
2052 4969 2436 5024 ordiuavimus.
2460 4965 2602 5021 Bene
2631 4964 2820 5018 valete.

2978 5885 3054 5948 31
