4026 6308
603 296 605 298 η
636 341 752 398 ’971

1971 338 2176 410 ᾹΒΒΙᾼ
2187 338 2249 391 si
2289 335 2486 392 raras
2528 336 2588 390 tzt
3657 366 3718 422 ,η

661 487 3712 551 mm

1861 633 2017 677 ικΝο
2061 633 2289 677 ΒΟΜΙΝΙ
2335 633 2609 674 DCCCLXX
2625 635 2726 677 XV.

1363 815 2371 1025 ADBIAN
2395 817 2720 1028 US
2853 825 3187 1024 III

1907 1120 2255 1176 PONTIFEX
2315 1121 2667 1179 ROMANUS.

1641 1329 1889 1434 “VITA
1940 1357 2360 1435 ADRIANI
2417 1359 2700 1436 mare
2759 1360 2906 1440 III.

727 1597 997 1670 Adrianus
1019 1595 1351 1670 lll,_>na_tionc
1374 1594 1674 1670 Rotnanus,
1702 1594 2226 1670 xitilialendastir‘e-
2253 1604 2299 1661 Α
2330 1600 2539 1667 accepit
2561 1613 2654 1652 eas
2681 1597 3012 1667 Stephanus,
3031 1600 3347 1670 reddiditque
3370 1602 3424 1654 ad
3453 1601 3722 1662 Basiliumezm

626 1667 880 1730 ‘bntarii,
917 1683 1057 1722 anno
1103 1666 1478 1732 Redemptoris
1511 1665 1677 1717 nostri
1727 1664 1850 1727 εει,
1893 1668 2223 1733 temporibus

629 1739 831 1794 "Caroli
857 1737 918 1792 lll
948 1748 1003 1792 et
1031 1735 1210 1791 Basilii
1235 1733 1573 1803 imperatoris
1595 1743 1812 1787 creatus
1833 1743 1913 1787 est
1945 1737 2182 1802 pontifex
2207 1755 2218 1788 :

627 1808 791 1861 sedit
824 1822 1021 1861 annum
1055 1821 1241 1867 Illlllm,
1278 1819 1487 1857 menses
1517 1811 1642 1857 tres.
1678 1804 1790 1856 dies
1814 1805 1998 1857 det-cm
2030 1815 2081 1857 et
2131 1805 2225 1858 no?

625 1889 792 1931 *vem.
817 1875 1148 1930 Sollicitatus
1171 1889 1198 1925 a
1227 1873 1419 1926 Basilio
1447 1873 1771 1940 imperatore
1798 1882 1855 1926 ut
1883 1889 2003 1927 cum
2037 1875 2224 1930 Photio

650 1947 706 1999 in
737 1945 894 2000 rebus
918 1947 1039 1999 Iidei
1067 1953 1116 1998 et
1151 1943 1997 2013 religioniscommunicaret,non
2016 1955 2224 1999 tantum

624 2031 758 2072 'non
788 2015 1029 2084 petitioni
1051 2015 1178 2084 ejus
1217 2013 1504 2082 acquievit,
1531 2028 1714 2066 verum
1743 2013 1987 2084 exemplo
2025 2016 2228 2082 pende-

624 2081 887 2139 cessoris
907 2086 986 2138 sui
1014 2081 1203 2137 Marini
1219 2081 1463 2135 eumdem
1488 2093 1738 2150 tanquam
1754 2081 1946 2136 lair-um
1964 2081 2227 2138 acerrime

621 2177 628 2186 δ
651 2156 1063 2209 cstinsectatus.
1083 2153 1200 2220 Quo
1229 2151 1371 2206 facto
1393 2152 1685 2221 imperator
1697 2153 2014 2221 gravissime
2038 2165 2225 2207 contra

649 2238 774 2279 eum
801 2234 1122 2285 commotus,
1151 2222 1383 2278 .Iiostiles
1409 2221 1460 2276 ei
1507 2222 1716 2276 litteras
1743 2223 2086 2278 contumeliis
2117 2225 2231 2293 ple-

650 2295 907 2350 nissimas
933 2294 1252 2348 transmisit.
1270 2293 1506 2347 Adriano
1530 2293 1680 2360 prius
1707 2293 1805 2346 hac
1825 2293 1930 2346 vita
1955 2293 2228 2358 defuncto,

649 2379 814 2433 quam
857 2364 1067 2418 litteras
1111 2363 1451 2431 imperatoris
1469 2361 1872 2416 minacissimus
1911 2365 2228 2433 accepisset,

2329 1669 2611 1749 epistolam
2654 1684 2813 1748 «tuam
2856 1685 3030 1750 supra
3075 1672 3126 1725 in
3153 1669 3413 1740 appendice
3431 1684 3580 1726 octava:
3611 1677 3722 1746 δίηαῆ

2331 1754 2652 1804 ΙΙιΙβΓυδδέὶΙΙΙ
2696 1754 2952 1792 ιιιγρίιιεε.

2404 1809 2478 1861 De
2505 1809 2765 1880 electione
2789 1809 3059 1880 pontificis
3087 1811 3326 1876 decrevit,
3343 1825 3399 1864 ne
3421 1812 3462 1865 in
3483 1812 3567 1880 ipso
3583 1813 3722 1865 eimodo

2331 1877 2676 1946 imperatoris
2715 1878 3007 1948 auctoritas
3029 1889 3429 1948 exspectaretur;
3455 1877 3571 1948 idque
3586 1882 3666 1944 ideo,
3685 1889 3720 1932 nt

2330 1948 2478 2020 eleri
2508 1955 2562 2000 et
2590 1947 2764 2016 populi
2815 1948 2984 2003 libera
3032 1947 3137 2003 sint
3175 1948 3424 2020 suffragia.
3464 1947 3720 2019 Ejus-tempore

2331 2015 3068 2072 Cassinensemonasterium
3101 2036 3127 2073 a
3164 2015 3421 2074 Saracenis
3443 2015 3721 2072 incensum'csse

2333 2085 2521 2158 scribit
2560 2087 2668 2158 Leo
2712 2085 2978 2158 Ostiensis
3010 2089 3142 2143 libro
3169 2106 3207 2152 ι,
3235 2090 3392 2158 capite
3415 2089 3486 2142 45.
3512 2089 3636 2155 Magno
3654 2101 3721 2158 aint

2335 2155 2478 2207 luctu
2512 2157 2774 2210 universa:
2820 2157 3072 2211 Ecclesiae
3120 2153 3345 2212 mortuus
3372 2170 3442 2212 est
3476 2153 3581 2211 anno
3601 2153 3723 2210 Domini

2333 2225 2440 2281 885
2466 2240 2482 2278 :
2513 2226 2756 2296 sepultus
2781 2227 2831 2280 in
2866 2227 3085 2284 basilica
3127 2231 3284 2283 sancti
3312 2229 3450 2282 Petri.
3475 2229 3624 2293 Quanto
3646 2236 3724 2276 temo

2335 2310 2467 2368 pore
2521 2298 2674 2368 sedes
2723 2298 3020 2366 apostolica
3071 2308 3187 2368 post
3223 2309 3424 2352 mortem
3460 2299 3564 2351 illius
3600 2304 3726 2364 pastore

2335 2365 2588 2419 destituta
2620 2365 2800 2424 fuerit,
2829 2383 2934 2426 non
2964 2365 3096 2423 satis
3125 2369 3301 2438 liquet,
3337 2378 3425 2422 etc.

687 2497 3721 2530 “ww

1422 2610 1844 2689 ADRIANI
1903 2611 2182 2688 PAP}E
2240 2611 2363 2688 IlI
2425 2611 3116 2694 PRIVILEGIUM

1775 2759 1896 2800 PRO
1944 2757 2073 2798 ΜοΝ
2087 2757 2343 2802 Αετειιιο
2381 2759 2795 2821 ΡιΑεΕΝΤιΝο,

1425 2859 1586 2919 (Apud
1613 2858 1783 2916 lapsi,
1807 2870 2054 2907 sacrorum
2094 2858 2276 2906 Concil.
2301 2858 2516 2920 ampliss.
2541 2861 2765 2924 ϐοηθοὶ..
2791 2872 2908 2913 tom.
2938 2862 3138 2926 XVIII.)

2084 2964 2446 2980 ἡ*

725 3054 999 3107 Absumus
1027 3050 1327 3120 episcopus,
1359 3063 1549 3104 servus
1573 3064 1852 3104 servorum
1877 3052 2000 3115 Dei,
2034 3054 2227 3107 Anon.-
2260 3063 2304 3122 Β
2336 3056 2600 3134 donastis,
2649 3056 2732 3109 vel
2779 3045 2841 3109 in.
2872 3055 3140 3126 reliquum
3173 3053 3476 3116 donaveritis,
3511 3044 3732 3104 similimodo

635 3159 838 3201 manu:
866 3142 1076 3196 dilecta:
1119 3140 1240 3194 filim
1287 3140 1613 3209 imperatrici
1644 3139 1918 3210 Augustae,
1943 3151 1998 3195 et
2029 3157 2126 3211 per
2173 3153 2224 3196 te

654 3248 747 3288 tuo
790 3233 1078 3288 venerabili
1130 3231 1454 3285 monasterio
1512 3229 1796 3285 Placentia:
1841 3232 2052 3286 novitcr
2094 3248 2226 3287 con-

652 3317 878 3387 structo,
914 3324 966 3378 in
1005 3332 1340 3393 perpetuum.

721 3415 980 3473 Omnibus
1001 3415 1216 3483 quidem
1245 3413 1388 3482 justa
1420 3415 1724 3482 petentibus
1751 3415 2042 3484 apostolica
2077 3415 2224 3469 solli-

631 3508 928 3571 'eitudine,
987 3505 1332 3575 praecipiente
1378 3504 1640 3566 Domino,
1699 3503 1879 3558 favere
1931 3506 2222 3568 debemus;

633 3599 921 3667 ~principue
949 3605 1125 3650 tamen
1155 3593 1424 3649 devotioni
1472 3605 1596 3659 tuas,
1629 3594 1939 3649 dulcissima
1983 3611 2046 3648 ac
2070 3595 2226 3664 spiri-

646 3690 777 3742 talis
811 3689 916 3742 filia
965 3695 1146 3741 nostra
1175 3685 1496 3755 Angilberga
1527 3727 1541 3750 ,
1585 3688 1711 3740 olim
1762 3687 2073 3758 itnperatrix
2116 3688 2226 3740 Au—

651 3788 831 3845 gusta,
863 3793 1026 3846 quam
1056 3777 1251 3832 merito
1272 3777 1476 3830 honore
1505 3786 1666 3846 atque
1697 3779 1998 3832 reverentia
2041 3790 2224 3832 sancta

653 3877 827 3920 mater
857 3879 1037 3921 nostra
1070 3865 1309 3920 Romana
1338 3866 1609 3931 Ecclesia,
1643 3877 1702 3921 ut
1727 3867 2130 3922 dilectissimam
2172 3879 2226 3923 et

630 3955 1001 4025 ‘pt‘incipalem
1029 3956 1254 4023 prolem,
1287 3956 1630 4025 amplectitur
1655 3973 1865 4028 semper
1903 3969 1958 4013 et
2002 3959 2224 4015 refovet.

651 4045 993 4115 Quapropter
1033 4046 1414 4102 monasterium
1442 4056 1497 4099 et
1529 4049 1938 4114 xeuodocbium,
1972 4052 2112 4120 quod
2159 4053 2226 4107 ad

654 4135 915 4189 honorem
961 4135 1253 4188 Dominicis
1289 4138 1701 4191 resurrectionis
1739 4147 1793 4191 et
1822 4138 1923 4191 BB.
1953 4143 2223 4208 apostolo—

653 4243 795 4289 rum,
847 4237 901 4280 et
943 4235 1238 4296 martyrum
1287 4224 1683 4292 Bartholonuei,
1727 4229 1863 4283 Sixti
1895 4240 1948 4283 et
1976 4231 2220 4293 Fabiani,

636 4319 900 4390 rprudenti
940 4317 1252 4387 provisione
1278 4334 1306 4371 a
1334 4316 1698 4374 fundamentis
1727 4336 1897 4390 nuper
1940 4321 2224 4378 Placentiae

649 4411 916 4466 aedificare
946 4409 1182 4473 voluisti,
1212 4408 1461 4464 laudabili
1511 4410 1920 4479 complectimur
1960 4412 2226 4472 desiderio
2253 4405 2298 4468 C
2329 4415 2590 4487 exigendo
2629 4413 2893 4483 stipendia
2924 4421 3283 4483 praeterquam
3310 4404 3537 4478 praaﬁxum

643 4512 985 4573 paterneque
1027 4499 1313 4556 affectu....
1369 4501 1672 4570 Apostolica
1725 4502 1852 4556 illud
1905 4506 2224 4559 auctoritate

649 4604 825 4650 ratum
864 4609 930 4649 ac
971 4587 1266 4649 stabilitum
1306 4593 1617 4663 perenniter
1660 4593 2016 4659 instituentes,
2067 4606 2122 4650 ct
2167 4607 2224 4651 ut

649 4687 720 4740 ab
740 4687 888 4740 omni
918 4685 1257 4756 impulsione,
1284 4695 1447 4756 atque
1471 4685 1838 4754 inquietudine
1861 4687 2225 4755 quormnlibet

649 4773 1022 4830 infestantium
1064 4774 1360 4830 beatissimi
1388 4775 1534 4830 Petri
1565 4775 1792 4829 tuitione
1817 4776 2040 4830 illaeSum
2080 4791 2218 4830 sem-

647 4881 768 4936 per,
796 4873 852 4920 et
870 4865 1270 4928 inconcussum,
1288 4865 1514 4919 Domino
1529 4874 1865 4933 protegente,
1881 4880 2184 4935 permaneat
2207 4884 2222 4930 ;

652 4958 756 5012 hoc
776 4956 939 5010 etiam
962 4953 1268 5008 omnimodo
1290 4953 1652 5021 providemus,
1681 4963 1736 5007 et
1759 4954 2017 5008 stabiliter
2041 4956 2226 5011 dcccr-

647 5045 852 5109 nimus,
881 5052 942 5098 ut
971 5043 1242 5104 universa,
1264 5056 1384 5109 qum
1419 5041 1614 5096 ibidem
1649 5043 1701 5096 in
1745 5046 1906 5098 rebus
1943 5044 2226 5100 mobilibus

648 5142 706 5187 et
732 5131 1117 5194 immobilibus,
1151 5132 1295 5185 intus
1332 5129 1588 5199 forisque,
1620 5133 1671 5185 in
1707 5131 1924 5187 familiis
1946 5134 2225 5204 utriusque

648 5243 814 5281 sex-us
848 5234 1148 5293 cunctoque
1194 5231 1388 5277 ornatu
1437 5224 1826 5288 ecclesiastico,
1872 5234 2033 5295 atque
2078 5227 2222 5282 omni

647 5315 967 5386 supellectili
999 5312 1163 5368 semel
1204 5312 1433 5367 Domino
1478 5329 1508 5366 a
1538 5315 1691 5368 vobis
1743 5317 2030 5371 distributa
2076 5327 2222 5383 sunt,

649 5404 846 5458 futuris
870 5403 1201 5473 temporibus
1234 5403 1543 5457 inconvulsa
1570 5404 1620 5456 in
1654 5404 1840 5458 eodem
1867 5415 2084 5460 sacrato
2108 5406 2224 5460 loco

648 5492 962 5561 persistent,
1004 5492 1244 5546 omnium
1283 5492 1495 5560 penitus
1535 5492 1906 5556 diminutione,
1949 5494 2030 5547 vel
2078 5493 2229 5547 iuva-

651 5581 805 5637 sione
833 5584 1038 5653 sopita;
1090 5583 1143 5636 in
1174 5583 1252 5636 eis
1291 5583 1452 5636 etiam
1481 5582 1719 5648 familiis,
1753 5600 1887 5652 quas
1920 5585 1989 5638 ob
2018 5585 2224 5639 redem-

655 5683 889 5742 puoncm
934 5676 1127 5729 anima:
1172 5685 1365 5728 vestrae
1409 5675 1656 5744 prudenti
1691 5686 1932 5744 respectu
1975 5677 2221 5731 libertate

2338 3161 2438 3199 nos
2473 3144 2626 3199 vobis
2654 3145 2915 3210 favemus,
2945 3148 3265 3216 aspiramus,
3303 3155 3351 3200 et
3371 3141 3624 3213 apostolicum
3645 3149 3731 3204 pm-

2337 3235 2529 3289 bemus
2570 3250 2870 3301 assensum,
2914 3247 3185 3305 quatenus
3229 3246 3280 3291 et
3325 3235 3390 3288 illi
3413 3246 3555 3286 secura
3582 3229 3733 3280 libertate

2341 3325 2520 3394 potiti,
2551 3327 2725 3395 gratia
2757 3326 2852 3380 Dei
2888 3327 3028 3381 duce
3063 3326 3381 3395 sempiterntc
3419 3319 3631 3387 suscipiant
3659 3321 3736 3379 gut-

2337 3415 2424 3467 dia
2454 3416 2599 3468 vitas.
2627 3415 3101 3472 Cousecrationem
3118 3432 3272 3486 porro
3292 3415 3526 3470 abbatissa!
3542 3407 3734 3473 lociipsitts.

2329 3511 2388 3556 ut
2433 3502 2541 3557 [ilia
2571 3499 2761 3558 devota
2797 3501 3004 3574 petisti,
3030 3506 3314 3560 secundum
3337 3503 3456 3574 quod
3495 3501 3534 3553 in
3564 3506 3626 3550 tuo
3641 3499 3736 3546 testa-

2331 3604 2516 3650 mento
2545 3610 2575 3649 a
2615 3595 3120 3665 teqirudentissime
3159 3613 3220 3652 ex
3247 3595 3412 3651 eodem
3437 3586 3669 3646 monasterio
3684 3591 3736 3632 tuo

2329 3695 2582 3758 coaptato
2625 3688 2955 3751 continetur,
2991 3688 3164 3743 modis
3189 3686 3416 3741 omnibus
3453 3680 3540 3735 fieri
3580 3667 3736 3728 concedi-

2331 3794 2452 3832 mus
2482 3793 2500 3832 :
2523 3779 2730 3833 scilicet
2757 3795 2877 3834 cum
2899 3779 3202 3835 ordinanda
3225 3777 3399 3832 ibidem
3413 3761 3737 3826 fueritabhatissa.

2330 3871 2746 3926 Mediolanensis
2774 3872 3237 3942 archiepiscOpus,
3283 3867 3364 3939 qui
3404 3879 3458 3919 eo
3479 3867 3648 3926 tempore
3673 3849 3739 3902 θ’θ’

2331 3963 2424 4026 rit,
2447 3971 2671 4018 vocatus
2697 3963 2785 4016 ‘ab
2813 3961 2918 4016 illis
2947 3963 3214 4031 personis,
3253 3973 3376 4029 quas
3398 3971 3452 4010 ex
3487 3945 3662 4022 progenie
3685 3948 3738 4034 tua

2330 4053 2431 4122 ipsi
2466 4054 2583 4110 loco
2610 4026 3283 4123 przefeceris,—qitibtisqtte
3315 4059 3471 4103 curam
3493 4037 3668 4129 P0959“?

2331 4144 2563 4205 miseris,
2597 4144 2664 4197 ad
2693 4142 3018 4212 eligendam,
3044 4151 3100 4196 et
3128 4134 3504 4195 consecrandam
3525 4126 3739 4212 abbatissa",I

2332 4234 2648 4304 simpliciter
2680 4211 2875 4286 ibidem
2923 4232 3198 4294 adveniat,
3239 4238 3292 4282 et
3335 4240 3428 4279 nou
3457 4219 3568 4273 ultra,
3595 4211 3738 4304 altle

2331 4336 2383 4381 te
2411 4333 2667 4380 statutum
2691 4330 2791 4386 est,
2826 4323 2877 4376 in
2903 4322 3093 4377 eodem
3122 4328 3352 4375 moretur
3372 4315 3486 4374 loco,
3513 4312 3573 4359 aut
3589 4291 3742 4364 εωβιωθ

2331 4415 2588 4442 -..:.......in
2629 4413 2890 4442 ,ςριηηηλιη
2926 4421 3282 4442 “numnum...
3310 4404 3537 4442 ηι-σιιῐίτιιηι
3561 4399 3630 4442 est.
3652 4386 3741 4438 Idem

3561 4403 3630 4450 est,
3652 4403 3664 4438 I

2329 4484 2710 4562 monasterium
2761 4514 2966 4576 gravet.
3023 4502 3282 4559 Similiter
3325 4508 3534 4569 quoque.
3565 4484 3740 4576 siortutl

2326 4593 2489 4648 fuerit
2527 4569 2808 4649 discordia:
2848 4602 2942 4647 aut
2987 4592 3346 4662 cujuscunque
3380 4569 3644 4640 dissensionis
3673 4574 3742 4662 tm:

2326 4684 2457 4749 lum,
2485 4684 2709 4738 veniens
2733 4684 2922 4738 sedare
2957 4652 3108 4747 illud,
3134 4691 3190 4737 et
3217 4652 3432 4736 formare
3450 4678 3592 4742 pacem
3611 4652 3743 4712 studeat

2325 4789 2446 4827 cum
2477 4773 2844 4827 moderamine
2865 4773 3183 4842 disciplime.
3213 4769 3266 4825 Si
3287 4776 3444 4822 autem
3463 4753 3744 4843 qualibelttcf“

2326 4863 2495 4928 sione,
2525 4873 2618 4918 aut
2651 4873 2754 4918 tuae
2777 4862 3136 4918 institutionis
3165 4853 3553 4928 przevaricatione
3583 4830 3744 4896 Mediola-

2327 4957 2508 5012 nensis
2529 4955 2967 5025 archiepiscopus
2991 4953 3285 5026 neglexerit
3312 4951 3434 5004 lianc
3467 4927 3745 5026 habere

2325 5056 2381 5100 et
2409 5045 2842 5110 sollicitudinem,
2875 5024 2934 5099 ut
2961 5024 3372 5116 praaposuimus;
3397 5024 3748 5116 Aquileiensis

2327 5137 2584 5201 triarcha,
2628 5135 2896 5199 similiter,
2938 5111 2997 5189 ut
3042 5111 3226 5206 supra,
3263 5137 3480 5188 vocatus,
3517 5122 3604 5174 haec
3636 5111 3748 5161 omnia

2327 5227 2554 5283 ﬁdeliter
2583 5236 2958 5296 prosequatur.
3003 5227 3071 5281 Et
3107 5228 3151 5282 si
3179 5221 3444 5295 aliquando
3479 5221 3554 5268 aut
3580 5207 3746 5301 No.9"?

2327 5319 2542 5388 scriptis
2570 5295 2817 5388 negotiis,
2843 5328 3046 5388 autpro
3071 5319 3248 5388 aliqua
3277 5311 3500 5383 temporis
3519 5295 3749 5388 necessilftlf-‘i

2326 5421 2420 5464 aut
2472 5411 2634 5464 etiam
2683 5427 2780 5480 pro
2829 5411 3232 5479 malignantium
3277 5399 3517 5462 hominum
3559 5380 3748 5480 εηνθάπξθ

2325 5500 2624 5566 oportuerit
2666 5462 2805 5554 lianc
2831 5509 3069 5554 nostram
3099 5497 3431 5568 apostolicam
3463 5486 3606 5543 sedem
3638 5462 3749 5574 3W?

2329 5603 2457 5652 .are,
2476 5589 2822 5645 obsecramus
2869 5599 2924 5645 et
2969 5591 3300 5644 obtestamur
3325 5595 3488 5639 omnes
3523 5569 3751 5652 successor”.

2327 5688 2540 5735 nostros
2571 5697 2668 5750 per
2719 5683 2908 5736 merita
2951 5680 3055 5734 BB.
3108 5680 3468 5750 apostolorum,
3502 5641 3752 5738 quatenusad
