4026 6308
228 441 338 513 973

1477 449 1697 507 EPIST.
1739 449 1827 501 AD
1861 447 2255 505 SlGlBODUM.

3387 455 3496 522 97!

225 564 652 622 sublevationent
675 572 730 620 et
756 565 1122 624 defensionem
1151 567 1254 623 loci
1287 566 1456 637 ipsius
1481 580 1701 636 operam
1729 565 1808 617 vi-
1836 567 1880 625 A
1909 560 2146 617 Joannes
2185 575 2241 620 et
2284 563 2526 620 Marinus
2573 569 2834 636 prtesules
2881 573 2995 627 suis
3052 575 3144 629 tibi
3196 575 3494 645 privilegiis

224 659 398 712 riiiter
424 673 597 728 usque
636 657 703 711 ad
741 654 990 714 eﬂ‘ectum
1035 661 1183 727 dare,
1238 661 1412 716 donec
1457 675 1645 716 onmes
1689 661 1807 730 ejus

220 751 508 819 sapiantur
532 753 936 818 controversiae,
966 755 1234 809 studeant.

294 841 442 893 inter
458 842 572 896 haec
598 841 911 898 Ravennate
939 845 1344 914 archiepiscopo
1357 861 1481 900 cum
1495 845 1806 911 Ticinense,

217 936 278 984 et
303 927 640 996 Placentino,
682 940 737 986 et
767 933 1146 1002 Regiense,'et
1181 935 1482 993 Mutinense
1505 953 1627 992 cum
1659 937 1808 992 Man-

222 1028 406 1082 tuano,
437 1031 492 1075 et
517 1019 826 1078 Veronense
859 1039 981 1078 cum
1023 1025 1325 1094 Laudense,
1364 1038 1419 1083 et
1442 1029 1802 1094 Verceilense,

217 1108 452 1178 aliisque
494 1113 831 1183 coepiscopis
860 1115 1124 1186 nobisque
1155 1129 1400 1174 sanctam
1428 1123 1689 1191 synodum
1717 1137 1807 1177 ce-

217 1199 575 1267 lebrantibus,
613 1213 668 1257 et
698 1212 802 1260 tua:
829 1207 1089 1262 voluntati
1123 1225 1401 1266 assensum
1420 1213 1803 1281 praebentibus,

217 1291 466 1348 volumus
498 1303 662 1364 atque
709 1296 1059 1362 instituimus,
1101 1308 1160 1354 ut
1185 1302 1554 1372 cujuscunque
1597 1305 1805 1361 ordinis

216 1383 466 1448 clericos,
495 1386 584 1454 qui
608 1387 661 1440 in
686 1388 876 1442 eodem
913 1399 1130 1447 sacrato
1151 1391 1268 1448 loco
1291 1395 1576 1450 missarum
1602 1397 1803 1452 solem-

216 1471 308 1530 nia
352 1475 689 1531 celebrantes
715 1478 1047 1546 deserviunt,
1099 1491 1154 1537 et
1193 1499 1286 1538 eos
1320 1487 1410 1554 qui
1454 1487 1507 1542 in
1558 1487 1802 1558 ejusdem

214 1567 530 1620 monasterii
559 1568 783 1638 capellis
827 1571 1135 1642 ubicunque
1174 1574 1354 1628 divina
1379 1573 1583 1644 jugiter
1627 1575 1801 1632 ollicia

213 1651 443 1719 iaciunt,
474 1656 636 1711 liceat
661 1658 932 1728 praecipue
955 1659 1339 1720 Mediolanensi
1367 1665 1798 1738 archiepiscopo,

213 1753 312 1799 aut
333 1746 656 1815 patriarcha:
678 1750 987 1818 supradicto
1009 1766 1351 1820 promovere,
1379 1763 1434 1809 et
1453 1771 1798 1823 consecrare,

210 1833 300 1889 vel
323 1834 412 1890 alii
435 1836 600 1890 etiam
630 1838 851 1894 cuilibet
876 1841 1152 1911 episcopo,
1181 1857 1342 1913 quem
1390 1845 1661 1900 abbatissa
1693 1848 1795 1901 loci

1912 655 2265 721 concessisse,
2296 670 2351 712 et
2380 659 2665 716 roborasse
2712 672 3034 732 noscuntur,
3067 667 3340 732 universa,
3371 686 3493 740 qua:

1908 747 2038 806 olim
2083 747 2219 804 divae
2262 751 2538 805 memoriae
2572 751 2874 810 Ludovicus
2915 757 3297 816 serenissimus
3323 762 3494 832 impe-

1909 845 2078 901 rator,
2112 839 2361 895 dominus
2389 848 2444 896 et
2465 841 2548 896 vir
2573 851 2712 907 tuus,
2741 859 2836 914 per
2861 861 3012 900 suam
3037 848 3489 918 magnificentiam

1909 928 2278 997 augn'staiibus
2305 931 2549 1002 apicibus
2591 933 2692 989 tibi
2723 935 2850 992 dum
2891 935 3170 991 adviveret
3198 940 3489 994 contulisse

1906 1019 2184 1088 probatur,
2218 1035 2309 1075 seu
2341 1023 2504 1077 etiam
2533 1031 2590 1078 et
2623 1037 2687 1078 ea
2719 1039 2840 1096 quae
2863 1025 2983 1096 ipsa
3016 1029 3357 1097 postmodum
3388 1029 3489 1083 im-

1906 1096 2199 1177 periaiibus
2234 1111 2632 1181 largitionibus,
2675 1099 2758 1168 vel
2783 1115 2944 1170 etiam
2977 1096 3302 1186 quibuslibet
3323 1118 3487 1188 justis

1905 1200 2383 1269 acquisitiunibus,
2428 1203 2812 1272 emptionibus,
2850 1205 2934 1260 vel
2975 1209 3486 1266 commutationibus

1906 1288 1960 1344 in
1984 1291 2250 1360 proprios,
2275 1292 2388 1346 sive
2406 1291 2517 1358 jam
2540 1293 2668 1348 dicti
2691 1297 3002 1352 monasterii
3035 1297 3110 1352 tui
3146 1313 3274 1353 usus
3301 1305 3485 1368 acqui-

1905 1385 2043 1448 sisti,
2070 1401 2162 1438 seu
2195 1386 2249 1438 itt
2299 1396 2576 1455 posterum
2607 1391 2939 1459 acquisitura
2977 1407 3078 1458 es;
3121 1393 3391 1464 simulque
3431 1407 3486 1450 et

1904 1491 1990 1540 ea,
2030 1490 2149 1545 qua:
2186 1475 2254 1531 ad
2298 1477 2726 1547 supplementum
2757 1480 2996 1549 ejusdem
3037 1485 3232 1538 sacrati
3276 1485 3397 1550 ioci,
3427 1497 3485 1542 ct

1905 1578 2012 1624 tam
2044 1586 2248 1640 regum,
2290 1585 2450 1639 quam
2482 1572 2712 1626 aliorum
2740 1575 3102 1644 quorumlibet
3125 1575 3358 1632 ﬁdelium
3389 1580 3482 1634 tiu-

1902 1662 2141 1725 natione,
2171 1663 2254 1716 vel
2280 1661 2600 1717 liberalitate
2629 1680 2792 1730 nunc,
2822 1667 2907 1720 vel
2928 1669 3270 1737 postmodum
3297 1669 3478 1724 addita

1901 1753 2068 1809 fuisse
2096 1755 2514 1823 comprobantur
2545 1775 2559 1809 :
2591 1756 2778 1812 eodem
2823 1766 3008 1813 tenore
3034 1770 3088 1814 et
3113 1759 3325 1825 ordine,
3371 1777 3481 1830 quo

1901 1845 2019 1908 tibi,
2045 1845 2129 1898 vel
2167 1854 2258 1899 tuo
2281 1847 2669 1915 pneuominato
2696 1847 2944 1903 coenobio
2981 1848 3332 1914 advenerunt,
3374 1851 3479 1905 iiii-

212 1924 357 1983 illius
386 1929 616 1984 voluerit
646 1947 855 2002 rogare.
883 1932 1008 1988 Haec
1037 1943 1089 1988 et
1117 1934 1220 1989 alia
1250 1937 1603 1992 ecclesiastici
1633 1938 1795 1995 otiicii
1828 1915 1870 1974 Β
1899 1936 2024 1991 bata
2065 1945 2122 1990 et
2147 1936 2423 2002 inviolata,
2464 1947 2626 2008 atque
2667 1938 2984 1993 inconcussa
3022 1952 3494 2010 permaneantmt

210 2018 515 2075 ministeria
537 2021 646 2075 sint
664 2022 716 2076 in
741 2021 1027 2078 abbatissae
1043 2026 1338 2092 voluntate,
1368 2035 1428 2080 ut
1453 2029 1624 2096 possit
1642 2029 1795 2084 vide-

209 2108 608 2180 licetchrisma,
623 2122 678 2169 et
699 2115 1050 2170 ecclesiarum
1073 2131 1292 2171 suarum
1309 2120 1792 2187 consecrationem,

209 2214 245 2258 a
267 2217 587 2276 quocunque
616 2205 664 2259 ei
709 2204 919 2260 libitum
966 2205 1148 2269 fuerit,
1179 2210 1325 2264 omni
1361 2218 1602 2280 tempore
1629 2211 1795 2280 impe-

209 2301 398 2350 trare:
434 2296 509 2357 ita
539 2307 740 2364 tamen,
772 2308 830 2354 ut
857 2300 903 2354 si
929 2300 1218 2370 aliquando
1240 2303 1308 2358 ad
1331 2302 1447 2358 hate
1474 2303 1622 2374 forte~
1645 2321 1797 2376 roga-

206 2382 356 2441 bitur
378 2383 721 2442 Placentinus
770 2391 1078 2462 episcopus,
1126 2393 1181 2447 in
1225 2395 1482 2462 praniicto
1523 2397 1806 2461 coenobio,-

203 2487 268 2534 et
294 2480 629 2536 xettodochio
654 2483 922 2552 rebusque
963 2486 1200 2555 ipsorum
1233 2488 1436 2543 nullum
1480 2504 1539 2544 se
1584 2491 1794 2544 noverit

208 2571 406 2626 amodo
475 2580 530 2628 et
591 2572 846 2645 deinceps
893 2576 982 2646 jus
1027 2580 1309 2647 potestatis
1352 2581 1572 2643 habere,
1618 2595 1792 2650 neque

204 2660 372 2717 etiam
404 2664 472 2718 ad
500 2665 695 2720 missas
725 2667 1078 2724 celebrandas
1095 2669 1248 2738 juxta
1277 2671 1498 2726 Patrum
1521 2673 1788 2738 instituta,

207 2753 314 2807 nisi
353 2754 629 2821 invitatus,
651 2757 922 2812 adveniat.
1772 2751 1776 2754 ’

284 2841 529 2899 Decimae
560 2861 690 2901 vero
718 2849 956 2903 universi
986 2849 1136 2903 fundi
1170 2851 1492 2921 pertinentis
1518 2853 1585 2908 ad
1613 2854 1787 2925 ipsum

205 2933 618 2999 monasterium,
645 2951 782 3005 quas
809 2937 1046 3007 episcopi
1073 2940 1304 3008 qui......
1329 2950 1445 2996 esto
1471 2951 1617 3008 sunt,
1648 2953 1704 2997 et
1733 2945 1787 2998 in

203 3035 433 3090 quorum
459 3025 676 3093 quidem
703 3025 951 3097 adjacent
974 3024 1268 3097 parochiis,
1300 3043 1401 3099 pro
1442 3030 1538 3084 Dei
1578 3047 1784 3096 amore,

201 3123 616 3185 vestrm-umque
651 3117 916 3172 bonorum
959 3120 1354 3184 recordatione,
1402 3121 1598 3177 devote
1626 3131 1788 3193 atque

201 3203 434 3260 libenter
461 3207 771 3276 supradicto
808 3209 1102 3265 venerabili
1135 3210 1252 3266 loco
1277 3210 1455 3280 largiti
1498 3222 1664 3266 sunt:
1691 3228 1786 3267 vo-

1898 2027 2197 2081 secundum
2229 2035 2332 2082 tua:
2359 2029 2720 2084 ordinationis
2765 2038 2967 2084 statuta
2996 2031 3310 2100 persistant.
3339 2031 3408 2086 Et
3435 2034 3491 2086 εἰ·

1897 2118 2042 2187 quis,
2087 2119 2228 2186 quod
2273 2134 2378 2172 non
2427 2128 2695 2186 optamus,
2728 2128 2914 2174 contra
2943 2119 3057 2174 haec
3081 2128 3279 2175 statuta
3303 2120 3355 2175 in
3388 2121 3480 2176 liti

1896 2209 2282 2278 omnipotentis
2329 2207 2528 2273 oblata,
2576 2209 2658 2264 vel
2694 2225 2948 2265 concessa
2993 2212 3274 2266 servitium
3317 2226 3480 2282 agere

1897 2289 2206 2364 tentaverit,
2229 2298 2309 2352 vel
2338 2298 2611 2368 quippiam
2656 2299 2844 2353 horum
2872 2297 3169 2370 infringere
3188 2302 3485 2355 temerario

1895 2404 2029 2444 ausu
2075 2389 2346 2454 voluerit,
2402 2388 2942 2444 excommunicationi
2982 2389 3284 2446 submissus
3327 2395 3478 2448 omni

1895 2479 2262 2536 ecclesiastico
2313 2481 2587 2535 consortio
2623 2488 2822 2544 careat,
2869 2489 2924 2534 et
2969 2481 3069 2534 nisi
3118 2496 3176 2535 se
3221 2483 3478 2536 contineo

1893 2587 1924 2625 a
1956 2573 2045 2626 tali
2092 2571 2329 2641 nequitia
2379 2573 2612 2642 corrigat
2647 2581 2702 2626 et
2739 2571 3040 2642 resipiscat,
3091 2571 3149 2626 S.
3189 2572 3335 2629 Petri
3379 2591 3480 2628 nn.

1894 2663 2100 2731 strique
2134 2662 2464 2732 apostolatus
2501 2663 2820 2717 auctoritate
2858 2663 3222 2718 anathetnatis
3264 2665 3477 2719 vinculo

1859 2753 1872 2760 “
1894 2753 2206 2818 innodatus,
2236 2763 2368 2808 reus
2397 2753 2448 2807 in
2483 2751 2662 2806 futuro
2697 2751 2900 2821 judicio
2933 2763 3269 2822 permaneat,
3300 2765 3355 2808 et
3380 2769 3476 2824 pro

1891 2845 2117 2900 excessu
2141 2849 2146 2854 '
2171 2859 2281 2898 sua:
2305 2853 2465 2898 tanta;-
2501 2844 2949 2913 transgressionis
2978 2861 3099 2898 cum
3127 2843 3264 2899 Juda
3315 2847 3479 2900 tradi-

1892 2941 2008 2990 tore
2055 2933 2366 2998 ini'runitus,
2412 2943 2576 3003 atque
2622 2932 2836 2988 rebellis
2865 2935 3038 2989 sancti
3081 2932 3318 3003 Spiritus
3347 2951 3472 2989 sen-

1894 3025 2084 3090 tentia,
2111 3026 2204 3094 qui
2252 3040 2466 3094 semper
2493 3025 2676 3079 lictum
2705 3033 2760 3081 et
2790 3025 3103 3081 mendacem
3139 3023 3344 3097 ellugit,
3379 3044 3483 3080 nu-

1889 3116 2030 3169 verit
2051 3131 2109 3170 se
2135 3117 2442 3170 habiturum
2473 3117 2776 3185 portionem
2809 3116 2860 3170 itt
2885 3119 3128 3188 gehenna
3156 3118 3294 3188 ignis
3318 3128 3480 3172 tetet-

1889 3207 1965 3260 tti.
1999 3205 2270 3275 Scriptum
2306 3222 2402 3276 per
2449 3222 2669 3261 manum
2712 3207 2910 3261 Leonis
2935 3209 3182 3262 scrinarii
3213 3207 3270 3263 S.
3305 3207 3372 3262 Il.
3405 3210 3488 3270 i-2.,

195 3295 399 3362 lamus,
442 3307 516 3352 et“
541 3289 834 3368 apostolica
884 3303 1302 3356 corroboramus
1348 3303 1696 3367 auctoritate,
1726 3315 1784 3357 et
1809 3296 1852 3358 C
1886 3297 1939 3352 in
1962 3313 2148 3352 mense
2175 3289 2368 3366 Aprili,
2397 3297 2692 3352 indictione
2721 3298 2902 3352 tertia.
2936 3296 3085 3352 Bene
3117 3298 3310 3354 valete.
3345 3300 3466 3351 Dat.

194 3387 406 3459 absque
434 3389 814 3460 refragatione,
862 3401 971 3446 tam
1002 3393 1264 3463 ipsorum,
1295 3409 1458 3464 quam
1491 3402 1546 3448 et
1572 3407 1786 3448 succes—

196 3494 385 3536 sorum
411 3497 620 3547 eorum,
653 3483 796 3538 velut
843 3485 956 3555 ipsa
1005 3486 1308 3550 instituisti,
1352 3499 1510 3542 sacro
1549 3486 1786 3540 xenodo-

194 3571 344 3634 chio,
389 3581 445 3627 et
490 3575 710 3643 capellis
754 3577 1142 3647 perpetuaiiter
1184 3579 1507 3635 habeantur.
1557 3579 1784 3648 insuper

197 3662 506 3727 statuimus,
539 3675 594 3720 et
634 3668 930 3736 apostolica
979 3670 1304 3725 auctoritate
1353 3671 1676 3735 stabilimus,
1724 3679 1784 3724 ut

190 3749 350 3821 juxta
375 3757 518 3825 quod
542 3759 711 3812 nostri
738 3759 1167 3828 prredecessores
1187 3771 1296 3815 tam
1310 3761 1600 3824 Adrianus,
1617 3775 1782 3830 quam

192 3884 3388 3917 ΜΨ

1891 3405 1962 3444 xv
2004 3389 2121 3443 Kal.
2179 3388 2300 3442 Maii
2346 3404 2444 3460 per
2481 3405 2700 3444 manum
2741 3388 2987 3460 Gregorii
3025 3389 3470 3450 nomenclatori»

1891 3481 2065 3545 missi,
2093 3489 2149 3535 et
2170 3479 2502 3550 apocrisiarii
2532 3489 2736 3535 sanctas
2761 3480 2906 3535 sedis
2935 3479 3268 3548 apostolicae.
3299 3479 3468 3548 impc-

1891 3583 2046 3627 rante
2070 3574 2267 3626 domno
2293 3573 2534 3642 piissimo
2561 3573 2798 3642 Augusto
2817 3571 3012 3629 Carolo
3039 3588 3070 3626 a
3092 3571 3202 3626 Deo
3213 3581 3484 3626 coronato-

1890 3681 2085 3734 magno
2132 3665 2480 3734 imperatore,
2543 3681 2688 3720 anno
2739 3663 2854 3733 ejus
2903 3666 3092 3735 quinto
3122 3705 3137 3731 ,
3179 3665 3472 3722 indictione

1892 3760 2071 3814 tertia.

3389 3895 3456 3903 Ὗ

1358 4027 1775 4114 ADRIAM
1832 3979 2118 4103 PAI’IE‘
2187 4024 2309 4101 III

859 4196 1150 4240 EPISTOLA
1197 4200 1280 4240 AD
1323 4199 1667 4242 SIGIBODUM
1714 4198 2187 4242 NARBONENSEM
2229 4197 2798 4242 ABCHIEPISCOPU“.

1475 4326 1640 4389 (Apud
1669 4325 1731 4374 υ.
1758 4325 2023 4387 Bouquet.,
2049 4326 2192 4387 ibid.)

345 4539 556 4605 Maneat
577 4537 874 4595 Girbemmt
909 4536 1320 4598 Nemausensem
1347 4539 1643 4608 episcopum
1697 4550 1752 4592 ut
1790 4539 1989 4619 nullam
2017 4539 2205 4609 inferat
2235 4540 2528 4595 molestiam
2555 4539 2869 4593 monasterio
2904 4538 3073 4592 sancti
3101 4537 3326 4608 Αἰθὲιιὶἰ.

267 4681 542 4737 Αυιιιλιωε
570 4676 874 4746 episcopus,
907 4686 1096 4728 servus
1123 4687 1403 4727 servorum
1457 4672 1576 4740 Dei,
1629 4688 1781 4729 reve-
1808 4678 1858 4736 Ι)
1883 4675 2034 4730 cibus
2055 4674 2424 4744 oppressionis
2445 4688 2633 4729 eorum
2665 4673 2949 4728 materiam
2974 4671 3314 4741 relinquere:
3339 4676 3472 4745 quia

193 4769 506 4828 rentisvimo
535 4776 589 4821 et
622 4764 965 4821 sanctissimo
1007 4761 1264 4833 Sigibodo
1303 4761 1646 4820 Narbonensi
1695 4780 1782 4820 ar-

191 4860 561 4929 chiepiscopo.
1241 4867 1249 4874 '

269 4950 553 5005 Sanctitati
587 4958 692 5004 tua:
717 4958 902 5003 notum
930 4963 1050 5004 esse
1077 4951 1327 5005 volumus
1354 4951 1480 5020 quia
1511 4958 1783 5006 monaste-

193 5045 339 5101 rium
374 5044 542 5098 sancti
572 5040 801 5112 Egidii,
833 5056 955 5097 cum
987 5042 1240 5097 omnibus
1265 5042 1377 5097 suis
1413 5042 1776 5113 pertinentiis,

191 5135 301 5190 sub
340 5142 527 5188 nostra
559 5131 852 5202 apostolica
882 5139 1149 5201 potestate
1184 5133 1454 5197 consistit,
1502 5149 1606 5188 una
1655 5149 1776 5188 cum

191 5226 376 5282 Leone
407 5224 658 5296 religioso
693 5225 888 5280 abbate
911 5232 966 5278 et
997 5223 1278 5279 monachis
1307 5224 1476 5293 ipsius
1503 5233 1779 5278 monaste-

195 5319 262 5373 rii
290 5333 304 5371 :
329 5318 448 5373 ideo
472 5332 754 5373 monemus
781 5315 1183 5372 fraternitatem
1205 5325 1444 5372 vestram
1473 5326 1531 5371 ιιι
1561 5315 1782 5372 Girber—

196 5419 312 5463 tum
339 5410 650 5480 episcopum
701 5405 1122 5464 Nemausensem
1164 5407 1430 5463 moneatis
1473 5415 1532 5460 ttt
1578 5406 1778 5461 nullam

197 5502 444 5567 forciam,
478 5501 786 5571 nullamque
829 5502 1272 5556 contrarietatem
1319 5507 1374 5554 et
1427 5497 1627 5552 nullam
1679 5513 1780 5568 op-

195 5591 532 5662 pressionem
561 5591 738 5647 facere
771 5600 1065 5662 praesumat
1088 5592 1140 5646 in
1169 5591 1285 5661 ipso
1309 5592 1662 5654 monasterio,
1685 5600 1778 5644 aut

196 5685 253 5739 lu
280 5684 582 5751 monachis,
611 5684 695 5741 vel
722 5686 776 5741 in
816 5683 1035 5740 familiis
1064 5686 1202 5754 ejus,
1245 5698 1421 5754 neque
1450 5683 1562 5738 suis
1588 5698 1780 5752 sequa-

1882 4764 2190 4819 certissinte
2237 4765 2412 4834 ipsum
2441 4763 2852 4826 monasterium,
2893 4778 3016 4817 cum
3061 4762 3316 4820 omnibus
3357 4768 3471 4822 suis

1781 4877 1784 4900 :
1884 4859 2064 4922 rebus,
2097 4857 2198 4911 sub
2225 4857 2431 4911 ditione
2463 4864 2521 4910 et
2565 4864 2836 4924 potestate
2864 4855 2922 4908 ll.
2951 4854 3097 4911 Petri
3147 4857 3384 4927 apostoli
3411 4869 3471 4912 et

1882 4959 2067 5004 nostra
2096 4948 2364 5004 consistit.
2393 4948 2462 5002 Et
2488 4947 2736 5002 volumus
2761 4957 2822 5001 ut
2838 4948 3014 5003 eidem
3039 4948 3296 5020 episcopo
3317 4948 3470 5005 dicas

1881 5050 1940 5093 ιιι
1967 5039 2150 5094 omnia
2184 5037 2409 5093 reddere
2455 5039 2671 5093 studeat
2707 5052 2828 5107 quae
2861 5037 2930 5092 ab
2974 5037 3093 5107 ipso
3137 5037 3469 5092 monasterio

1882 5147 1980 5202 per
2007 5132 2114 5185 vim
2142 5130 2386 5185 abstulit.
2417 5130 2483 5184 Et
2505 5131 2696 5186 sciatis
2715 5131 2844 5200 quia
2873 5131 3047 5200 ipsum
3075 5129 3465 5184 monasterium

1886 5223 1937 5276 in
1969 5229 2233 5290 potestate
2262 5221 2454 5275 Ameiii
2501 5221 2802 5290 presbyteri
2841 5219 2954 5287 jam
2982 5220 3356 5274 concessimus
3395 5219 3464 5273 ad

1881 5313 2274 5386 protegendum
2300 5324 2356 5368 et
2386 5314 2453 5368 ad
2474 5313 2888 5368 defendendum.
2921 5311 2986 5366 Et
3015 5314 3058 5366 si
3094 5313 3204 5380 ipse
3245 5310 3466 5366 Girber-

1884 5415 1971 5460 tus
1996 5406 2283 5474 episcopus
2311 5403 2658 5474 acquiescere
2687 5402 2921 5457 noluerit
2952 5403 3154 5457 nostris
3181 5410 3236 5455 et
3264 5399 3464 5456 vestris

1884 5498 2132 5561 monitis,
2199 5498 2386 5554 sciatis
2441 5497 2594 5552 illum
2641 5509 2763 5550 esse
2827 5495 3357 5550 excommunicatum
3407 5503 3464 5546 et

1887 5591 2198 5646 damnatum
2228 5585 2749 5656 inrecuperabiiiter.
2779 5583 2888 5639 Vos
2914 5583 2986 5639 ita
3009 5584 3153 5654 agite
3175 5579 3337 5638 sicut!
3360 5592 3462 5650 nos

1885 5698 1983 5752 per
2011 5697 2103 5736 vos
2142 5682 2278 5735 bene
2309 5676 2650 5732 conﬁdimus.
2681 5676 2824 5732 liene
2843 5674 3035 5731 valete.

2271 5888 2570 5904 ﬂ
