4026 6308
1666 369 1955 450 Αριιεριι).
1983 355 2087 424 Ἀιι
2122 371 2180 424 s.
2219 367 2650 426 Βειιτριιειυιι.

3682 363 3787 454 ξε)

944 727 1536 880 APPENDIX
1642 731 1800 880 All
1910 730 2100 882 ιιι

2209 733 2442 882 ."l‘ll
2523 731 2621 884 S.
2758 731 3346 882 BEll'l‘Allll.

799 995 1191 1124 VITA
1304 1000 1430 1125 S.
1555 998 2681 1128 SCHOLASTICIE
2788 997 3508 1132 VIRGINIS

1745 1216 1801 1271 S.
1845 1215 2205 1271 BENEDICTI
2244 1215 2577 1272 SORORIS.“

641 1349 748 1412 Ex
774 1350 1032 1410 homilia
1063 1352 1126 1410 in
1161 1351 1289 1430 ejus
1320 1351 1518 1410 natali
1549 1349 1784 1421 habita,
1822 1369 1955 1430 quin
1988 1349 2166 1411 Beda:
2205 1350 2550 1412 Venerabili
2582 1350 2796 1428 vulgo,
2830 1349 2937 1411 sed
2965 1348 3297 1422 immerito,
3332 1347 3656 1410 tribuitur

601 1634 648 1687 Ι.
681 1633 815 1701 Quia
842 1633 1013 1688 beate
1043 1631 1390 1688 Scholastica:
1429 1633 1669 1687 uatalitia
1708 1633 1953 1695 colimus,
1995 1632 2107 1686 fra-
2139 1635 2184 1694 Α
2214 1631 2490 1687 midabas?
2511 1648 2578 1686 an
2605 1647 2800 1687 munus
2821 1630 3052 1702 parabas
3071 1631 3214 1703 quod
3237 1631 3450 1688 ferres?
3471 1647 3543 1686 an
3573 1628 3806 1690 forsita

526 1733 637 1780 tres
663 1726 994 1792 eharissimi,
1026 1726 1157 1780 libet
1183 1727 1248 1780 de
1276 1727 1392 1795 ejus
1416 1727 1541 1780 vita:
1578 1727 1787 1781 meritis
1814 1727 2013 1797 aliquid
2041 1727 2107 1782 de

525 1817 635 1869 vita
664 1816 959 1872 beatissimi
989 1817 1263 1872 Benedicti
1297 1817 1420 1872 lmic
1451 1817 1710 1887 opusculo
1741 1819 2106 1881 introducere,

526 1917 587 1960 ut
612 1916 828 1976 quantae
853 1909 1188 1962 excellentiae
1219 1910 1520 1964 sanctitatis
1550 1908 1729 1974 fuerit,
1759 1909 1972 1964 silentio
2000 1924 2109 1963 non

524 1996 890 2069 tegatur.Sed
917 2000 1164 2070 primitus
1193 1995 1544 2072 omnipotenti
1580 2002 1688 2058 Deo
1711 2019 1898 2074 preces
1929 2005 2110 2058 mitta-

528 2104 679 2152 mus,
725 2089 814 2158 qni
861 2091 1041 2146 omnia
1092 2093 1143 2146 in
1197 2093 1457 2162 sapientia
1490 2093 1645 2158 fecit,
1678 2104 1735 2147 ut
1768 2094 1879 2164 ipse
1909 2095 2112 2148 donare

523 2179 794 2248 dignetur,
822 2182 945 2250 quia
982 2182 1234 2254 dignatus
1265 2191 1349 2237 est
1377 2183 1555 2238 dicere
1585 2198 1598 2235 :
1631 2184 1736 2249 Qui
1764 2186 1871 2237 sitit
1894 2186 2062 2238 reniat
2088 2225 2102 2251 ,

521 2280 570 2322 et
599 2270 760 2336 bibat,
787 2281 835 2326 et
866 2274 931 2327 de
955 2285 1125 2328 ventre
1155 2275 1267 2345 ejus
1293 2276 1454 2347 ﬂuent
1478 2294 1629 2346 aqum
1655 2279 1782 2330 viva?
1805 2277 1986 2347 (Joan.
2012 2289 2110 2344 vu,

523 2361 640 2435 37),
670 2354 730 2420 ut
759 2375 938 2437 coepta
967 2369 1046 2422 sic
1073 2369 1233 2440 digne
1256 2384 1666 2441 prosequamur,
1695 2379 1751 2424 ut.
1773 2380 1935 2425 tantae
1964 2372 2116 2426 festi-

521 2455 709 2510 vitatis
752 2457 1024 2527 pertineat
1069 2459 1134 2512 ad
1185 2460 1477 2526 honorem,
1523 2470 1579 2515 et
1623 2471 1815 2516 vestrre
1861 2463 2112 2520 charitati

521 2545 763 2612 praebeat
795 2549 1206 2604 incrementum.

598 2635 653 2688 2.
687 2635 854 2691 Soror
891 2655 1123 2710 namque
1160 2641 1277 2710 ejus
1323 2629 1658 2697 Scholastica
1703 2646 1787 2710 (ex
1822 2644 1981 2716 Grcg.
2017 2645 2111 2710 Μ,

523 2723 620 2778 lib.
653 2741 688 2779 ιι
731 2726 966 2798 Dialog.,
1011 2747 1062 2784 e.
1106 2731 1200 2797 9'5)
1239 2733 1592 2802 omnipotenti
1631 2734 1861 2788 Domino
1895 2739 1962 2791 ah
2001 2739 2114 2807 ipso

524 2813 771 2871 infautim
802 2829 1043 2890 tempore
1070 2823 1276 2886 dicata,
1309 2825 1373 2878 ad
1410 2840 1532 2878 eum
1566 2827 1730 2881 semel
1781 2844 1875 2898 per
1912 2845 2110 2883 annum

533 2908 722 2962 venire
751 2922 1124 2967 consueverat.
1156 2914 1416 2969 Primitus
1451 2919 1667 2986 quidem
1697 2919 1950 2974 virtutem
1980 2922 2110 2976 tanti

2216 1734 2426 1780 tantum
2475 1724 2744 1778 etsetnel
2788 1724 2842 1778 in
2883 1740 3026 1779 anno
3067 1724 3393 1781 fecundabat
3421 1723 3605 1779 bonus
3634 1723 3808 1783 frater

2215 1829 2341 1870 rore
2387 1815 2537 1870 verbi
2583 1814 2822 1869 caelestis
2845 1853 2862 1879 ,
2891 1823 2953 1868 ut
2991 1813 3296 1869 madefacta
3345 1815 3617 1870 mentium
3644 1824 3802 1885 prata

2213 1905 2484 1961 sufficeret
2517 1906 2585 1960 ad
2629 1904 3024 1959 incrementum
3049 1903 3278 1959 salutis?
3307 1919 3378 1958 an
3409 1904 3468 1958 in
3492 1916 3669 1960 mente
3695 1905 3802 1961 ha-

2213 1997 2381 2053 bebas
2411 1997 2542 2051 illud
2565 1996 2893 2062 Salomonis,
2920 1995 3150 2051 Prohibe
3175 1997 3358 2067 pedem
3383 2009 3540 2052 tuum
3563 1999 3802 2055 desim

2213 2091 2438 2158 proximi
2466 2092 2563 2154 tui,
2593 2105 2655 2144 ne
2677 2090 2812 2159 forte
2835 2091 3060 2144 satiatus
3086 2091 3254 2144 oderit
3279 2091 3368 2144 te?
3397 2090 3589 2162 (Prov.
3618 2107 3807 2158 nvn,

2215 2183 2294 2252 6.)
2312 2182 2376 2236 Et
2402 2181 2528 2235 illud
2555 2201 2568 2236 :
2602 2181 2707 2236 Mel
2734 2183 2995 2248 invenisti,
3015 2183 3094 2252 [ili
3112 2184 3206 2248 mi,
3220 2183 3432 2237 comede
3451 2185 3596 2255 quod
3618 2185 3806 2255 uicit

2215 2273 2328 2336 tibi,
2362 2289 2425 2326 ne
2452 2273 2587 2342 forte
2613 2276 2837 2328 satiatus
2863 2289 3070 2328 evomas
3093 2273 3269 2328 illud?
3294 2271 3480 2344 (Prov.
3517 2291 3666 2338 xxv,
3691 2275 3807 2344 16.)

2217 2364 2307 2418 Sic
2335 2365 2414 2420 sic
2437 2373 2600 2434 agant
2627 2379 2818 2420 omnes
2857 2380 3110 2431 sorores,
3149 2380 3257 2420 non
3295 2365 3486 2419 densis
3528 2366 3813 2433 gressibus

2216 2458 2448 2512 fratrum
2479 2459 2664 2512 limina
2698 2458 3076 2528 frequentent,
3109 2473 3217 2514 non
3258 2457 3504 2512 carnalia
3539 2457 3696 2512 basia
3726 2472 3810 2512 re-

2217 2553 2467 2620 quirant,
2498 2567 2603 2606 non
2631 2554 2842 2620 ineptas
2884 2559 3144 2607 resonent
3171 2549 3414 2616 fabulas,
3459 2566 3575 2606 non
3607 2565 3811 2605 munus

2218 2643 2462 2699 deferant
2505 2651 2752 2705 tantum,
2797 2643 2940 2712 quod
2987 2642 3092 2697 tela
3135 2642 3397 2713 depingit,
3423 2641 3508 2697 vel
3543 2642 3811 2714 magistra

2219 2749 2410 2790 manus
2431 2733 2702 2787 adornat:
2735 2748 2842 2787 non
2867 2731 3226 2796 oliaetoriola,
3248 2747 3354 2786 non
3385 2732 3669 2787 variorum
3695 2731 3812 2802 pla-

2217 2839 2402 2885 centas
2419 2843 2696 2898 saporum,
2723 2827 2817 2882 sed
2838 2842 2960 2882 cum
2984 2821 3318 2882 scholastica
3336 2842 3498 2882 saera
3521 2827 3812 2882 Benedicti

2220 2923 2402 2977 fratris
2449 2922 2711 2990 requirite
2749 2920 3028 2984 scholam,
3073 2928 3136 2973 ut
3181 2919 3354 2990 magis
3399 2919 3526 2974 cibo
3570 2919 3814 2986 caelesti,

527 2998 763 3053 nominis
788 3002 1144 3071 inquiramus.
1169 3015 1226 3058 ιιι
1257 3021 1356 3060 suo
1385 3008 1579 3062 decore
1609 3009 1784 3063 oratio
1828 3011 2100 3065 decurrat.
2142 2990 2188 3050 Β
2217 3029 2380 3084 quam
2405 3013 2548 3068 dono
2571 3021 2789 3067 terreno
2817 3012 3033 3077 satiati,
3058 3010 3258 3066 reverti
3287 3011 3358 3065 ad
3383 3011 3609 3081 propria
3633 3026 3814 3082 quea-

521 3088 860 3146 Scholastiea
887 3093 1028 3147 enim
1054 3111 1083 3148 a
1109 3095 1302 3151 Schola
1329 3098 1620 3160 derivatur.
1646 3115 1765 3168 qua!
1787 3109 1868 3153 est
1899 3103 2104 3170 sapien-

517 3178 610 3234 tite
635 3182 813 3236 nutrix
843 3201 856 3237 :
887 3184 954 3236 ab
981 3185 1095 3254 ipsa
1122 3187 1376 3242 virtutum
1400 3191 1639 3244 omnium
1672 3206 1858 3244 norma
1881 3205 2103 3245 concre-

517 3271 645 3334 scit,
676 3282 731 3327 et
764 3283 872 3328 tota
901 3277 1072 3332 virtus
1118 3279 1310 3333 anima:
1352 3296 1552 3351 procax
1586 3281 1642 3336 fit
1683 3285 1748 3336 ad
1785 3283 2100 3338 discendum

521 3363 664 3419 bona
692 3362 748 3421 et
797 3368 956 3433 mala,
987 3378 1045 3422 ut
1077 3381 1226 3424 recto
1271 3371 1440 3427 limite
1482 3389 1700 3428 currere
1747 3376 1915 3444 possit
1957 3377 2100 3429 viam

517 3457 740 3522 salutis,
767 3461 999 3530 qualiter
1027 3465 1265 3532 peritura
1299 3465 1479 3518 mutuli
1513 3466 1805 3535 despiciat,
1849 3483 1915 3520 ne
1950 3467 2102 3521 ober-

517 3562 646 3603 rans
675 3549 871 3605 bonum
902 3555 1064 3610 ducat
1093 3571 1188 3624 pro
1221 3556 1380 3619 malo,
1412 3557 1610 3610 malutn
1645 3574 1739 3627 pro
1763 3559 1920 3622 houo,
1956 3568 2102 3614 tene-

497 3639 646 3695 ‘bras
674 3657 774 3711 pro
803 3643 920 3698 luce
941 3686 954 3709 ,
985 3655 1038 3699 et
1070 3646 1240 3699 lucem
1283 3662 1380 3716 pro
1413 3647 1682 3713 tenebris,
1722 3665 1962 3702 amarum
2002 3665 2100 3720 pro

515 3729 683 3796 dulci,
707 3733 762 3786 et
790 3734 945 3789 dulce
974 3752 1073 3806 pro
1100 3753 1283 3790 amaro
1304 3778 1318 3800 ,
1357 3748 1412 3792 et
1439 3740 1746 3794 discernere
1780 3742 1949 3808 possit
1981 3757 2100 3810 qua?

516 3822 687 3879 virtus
708 3825 779 3879 sit
807 3828 1053 3897 spiritus,
1084 3845 1202 3898 qum
1225 3830 1411 3883 carnis
1431 3871 1444 3891 ,
1492 3847 1557 3884 ne
1593 3831 1880 3886 indiscrete
1907 3842 2097 3886 cuncta

515 3916 803 3985 peragens,
835 3919 906 3972 ibi
941 3920 1138 3974 [mnum
1173 3921 1372 3987 eligere
1399 3931 1601 3990 speret,
1633 3921 1717 3974 ubi
1746 3931 1851 3974 tota
1881 3932 1966 3975 est
1988 3939 2098 3978 ma-

517 4005 647 4061 litias
677 4023 862 4063 norma
896 4022 952 4064 ut
990 4021 1072 4065 est
1103 4013 1228 4066 illud
1257 4031 1267 4065 :
1301 4013 1400 4079 Qui
1441 4029 1545 4067 non
1594 4012 1756 4066 fuerit
1803 4013 2098 4084 discipulus

513 4094 782 4163 veritatis,
813 4102 916 4154 erit
943 4104 1201 4173 magister
1227 4105 1450 4158 erroris.

587 4191 640 4244 5.
662 4192 766 4248 Sed
794 4195 1072 4251 videamus
1097 4199 1218 4267 quis
1235 4197 1394 4262 huius
1409 4207 1570 4253 tanta:
1582 4199 1783 4255 sororis
1797 4203 1964 4271 possit
1979 4218 2099 4257 esse

513 4297 806 4354 germanus
833 4302 930 4357 per
953 4290 1132 4344 omnia
1161 4288 1483 4346 Benedictus
1509 4309 1613 4346 non
1641 4293 1810 4348 solum
1847 4295 2095 4360 nomine,

514 4373 608 4429 sed
639 4391 836 4446 opere,
859 4395 964 4432 non
993 4379 1163 4435 solum
1199 4383 1248 4435 in
1283 4383 1475 4445 terris,
1510 4385 1602 4438 sed
1633 4387 1794 4439 ctiam
1838 4386 1888 4439 in
1922 4386 2095 4442 caelis.

512 4463 620 4520 Ista
652 4484 758 4522 non
785 4470 836 4523 in
862 4471 1305 4542 philosophormn
1335 4476 1516 4530 schola
1557 4477 1892 4532 Scholastica
1923 4477 2060 4532 facta
2080 4519 2094 4541 ,

513 4562 609 4615 sed
639 4563 864 4628 Christi,
889 4566 1070 4620 mutuli
1107 4567 1334 4624 ludibria
1368 4569 1436 4621 ab
1469 4569 1692 4622 infantia
1727 4571 1952 4640 fugiens,
1983 4587 2089 4627 cm-

515 4651 704 4708 lestem
738 4657 836 4710 sibi
871 4674 1124 4727 sponsum
1175 4664 1418 4729 aptavit:
1456 4663 1556 4716 istc
1603 4678 1731 4715 vero
1778 4679 1806 4716 a
1853 4663 2097 4732 puerilia:

514 4756 627 4794 sua:
667 4752 904 4814 tempore
939 4749 1164 4818 abrupta
1200 4750 1450 4804 vitiorum
1497 4760 1552 4804 et
1600 4751 1899 4805 litterarum
1945 4769 2097 4806 mun-

514 4831 779 4890 danarum
827 4837 1014 4896 Roma:
1057 4840 1232 4895 studia
1283 4857 1544 4904 cernens,
1577 4842 1731 4896 senili
1781 4843 1944 4896 corde
1973 4858 2095 4897 eum

515 4941 674 4998 quem
703 4926 756 4980 in
789 4929 1031 4999 ingressu
1065 4931 1247 4984 mundi
1291 4941 1583 5001 posuerat,
1615 4933 1843 4985 retraxit
1881 4933 2091 5000 pedem.

515 5020 686 5087 Quam
717 5019 841 5075 felix
871 5019 1079 5076 Nursiae
1113 5022 1291 5085 tellus,
1326 5023 1458 5076 tales
1483 5038 1603 5092 qua:
1625 5024 1791 5076 mittit
1814 5023 2090 5079 alumnos!

512 5103 650 5166 Nam
700 5112 972 5183 Canopica
1018 5127 1180 5182 regna
1224 5128 1384 5166 aurea
1437 5116 1656 5168 mittunt
1703 5124 2006 5186 tyrannos:
2043 5127 2094 5171 ιιι

513 5202 732 5258 Christo
762 5202 942 5272 proles
985 5218 1147 5272 super
1168 5203 1370 5256 {ethera
1399 5203 1608 5273 dignos.
1639 5204 1683 5258 0
1714 5206 1888 5259 felicia
1933 5216 2096 5261 tantze

510 5292 724 5347 viscera
755 5293 965 5356 matris,
998 5307 1118 5362 qua:
1139 5293 1230 5346 tali
1256 5296 1500 5363 germine
1527 5295 1740 5350 soboles
1779 5298 1978 5350 mundo
2005 5297 2096 5350 dc-

509 5383 665 5447 dere,
696 5381 746 5437 id
777 5391 862 5437 est
885 5382 1279 5438 benedictionis
1307 5391 1363 5437 et
1391 5385 1686 5453 sapientiai.
1715 5384 1855 5439 Vere
1882 5385 1982 5440 ista
2015 5396 2098 5439 est

513 5475 598 5528 illa
641 5473 838 5530 fertilis
862 5475 1052 5546 gleba,
1085 5492 1205 5546 quae
1235 5487 1452 5546 sumpto
1482 5479 1688 5533 semine
1730 5478 1875 5532 aliud
1912 5487 2094 5532 cente-

510 5564 728 5630 simum,
755 5564 898 5621 aliud
929 5567 1324 5636 sexagesimum
1351 5567 1585 5623 fructum
1612 5567 1884 5638 produxit.

2211 3108 2300 3162 tis.
2332 3106 2590 3176 Sequitur
2616 3121 2630 3160 :

2278 3198 2332 3253 5.
2364 3198 2444 3250 Ad
2471 3213 2633 3265 quam
2661 3195 2748 3250 vir
2782 3195 2877 3250 Dei
2921 3211 3028 3250 non
3077 3195 3234 3264 longe
3276 3202 3432 3248 extra
3475 3192 3711 3261 ianuam
3754 3192 3813 3249 in

2205 3288 2546 3358 possessione
2572 3285 2890 3340 monasterii
2921 3283 3302 3339 descendebat.
3338 3281 3514 3348 Quam
3543 3293 3813 3347 sanans,

2205 3395 2365 3450 quam
2391 3379 2649 3450 pudicus,
2673 3392 2836 3447 quam
2863 3377 3129 3432 discretus
3173 3377 3458 3430 accessus!
3491 3385 3554 3428 ut
3594 3373 3818 3445 fragilis

2204 3487 2368 3526 sexus
2405 3484 2510 3524 non
2560 3469 2908 3532 lascesseret,
2959 3469 3151 3522 obvius
3198 3467 3367 3521 frater
3411 3467 3695 3530 occurrit,
3745 3483 3816 3522 ne

2205 3561 2348 3618 forte
2378 3561 2535 3615 labor
2564 3561 2773 3614 itineris
2802 3561 3082 3629 frangeret
3101 3557 3300 3613 mentis
3325 3558 3700 3612 devotionem.
3725 3559 3811 3610 An

2197 3655 2452 3710 illicitum
2485 3653 2764 3715 cernebat,
2795 3659 2855 3705 ιιι
2885 3651 2937 3705 in
2965 3653 3102 3705 tanti
3135 3651 3297 3705 limen
3326 3649 3574 3703 Cmnobii
3598 3650 3812 3705 calcari

2203 3746 2442 3802 femineo
2485 3745 2621 3814 pede
2661 3743 2970 3798 debuisset?
2993 3759 3058 3794 an
3085 3741 3309 3794 forsitan
3344 3740 3692 3794 sateularium
3727 3740 3816 3794 la-

2205 3849 2375 3896 tratus
2401 3841 2626 3904 vitabat,
2651 3838 2743 3909 qui
2775 3838 2945 3892 honos
2974 3835 3360 3890 monachorum
3389 3847 3573 3886 mores
3599 3833 3813 3886 canino

2203 3946 2354 3985 more
2384 3931 2663 3984 devastant
2689 3971 2702 3992 ,
2737 3937 2792 3983 et
2835 3929 2939 3982 hoc
2988 3928 3216 3982 credant
3262 3926 3314 3979 in
3345 3925 3452 3978 illis
3493 3924 3638 3993 quod
3689 3927 3814 3978 suis

2203 4023 2362 4078 malis
2391 4022 2601 4078 actibus
2632 4036 2790 4092 agere
2813 4036 2919 4074 non
2944 4027 3198 4074 reensant
3221 4036 3233 4071 :
3260 4027 3315 4071 et
3341 4017 3385 4071 si
3419 4017 3522 4071 hoc
3546 4017 3611 4070 de
3643 4026 3813 4071 tanto

2204 4115 2362 4170 Patre
2380 4130 2598 4185 sperare
2614 4111 2859 4167 illicitum
2873 4119 3038 4175 esset,
3055 4110 3123 4163 de
3141 4107 3500 4162 tenerioribus
3513 4107 3808 4175 discipulis

2205 4207 2388 4261 inﬂato
2419 4214 2636 4276 gutture
2666 4204 2971 4272 crisparent
3003 4199 3338 4255 cachinnos?
3359 4197 3563 4251 Idcirco
3587 4211 3706 4249 non
3745 4197 3807 4251 in

2205 4296 2542 4353 saecularium
2562 4337 2575 4354 ,
2607 4294 2700 4349 sed
2734 4293 2786 4348 in
2817 4293 3051 4363 propriis
3091 4289 3524 4360 possessionibus
3551 4287 3806 4340 descen-

2203 4385 2367 4441 debat
2393 4385 2556 4439 Pater
2583 4382 2866 4437 almiticus.
2899 4381 3160 4450 Sequitur
3187 4397 3201 4433 :

2273 4477 2325 4531 6.
2357 4477 2598 4542 Quadam
2627 4489 2760 4530 vero
2787 4473 2875 4528 die
2901 4475 3050 4528 venit
3079 4487 3142 4527 ex
3176 4487 3346 4536 more,
3378 4483 3541 4541 atque
3568 4469 3637 4523 ad
3668 4483 3803 4524 earn

2201 4584 2323 4622 cum
2355 4565 2632 4635 discipulis
2660 4563 2984 4619 venerabilis
3012 4564 3130 4633 ejus
3163 4562 3331 4616 frater
3374 4559 3676 4615 descendit.
3717 4558 3802 4614 Ex

2202 4673 2352 4712 more
2379 4657 2524 4709 enim
2551 4655 2720 4719 venit,
2751 4654 2879 4723 quia
2907 4669 2974 4707 ex
3001 4653 3140 4707 bona
3171 4650 3560 4707 consuetudine
3577 4649 3801 4704 mentis

2201 4745 2685 4816 appropinquabat,
2709 4753 2766 4799 et
2794 4745 2900 4798 [ide
2925 4757 3034 4797 non
3066 4741 3210 4796 ﬁcta.
3235 4742 3407 4807 Quam
3443 4748 3670 4793 sanctus
3706 4754 3802 4793 ac-

2199 4851 2406 4899 cessus,
2435 4849 2597 4904 quam
2625 4841 2848 4888 sanctus
2881 4833 3175 4895 adventus,
3211 4845 3372 4898 quam
3409 4829 3527 4898 pius
3554 4843 3796 4892 cursus,

2199 4930 2289 4999 qui
2319 4929 2488 4999 magis
2508 4941 2693 4982 amore
2715 4927 2913 4981 mentis
2934 4925 3189 4980 currebat
3209 4925 3280 4978 ad
3298 4922 3592 4982 Christum,
3619 4936 3794 4990 quam

2199 5021 2482 5075 devotione
2525 5018 2721 5088 pedum
2770 5018 2836 5070 ad
2884 5016 3110 5070 fratrem
3131 5056 3145 5079 ,
3176 5016 3287 5069 imo
3313 5022 3370 5067 et
3409 5013 3475 5066 ad
3501 5011 3794 5067 Christum

2201 5110 2422 5165 fratrem
2448 5111 2464 5164 ι
2497 5109 2631 5165 Nam
2668 5119 2723 5163 ct
2751 5111 2867 5180 ipse
2890 5109 3022 5164 dicit
3050 5127 3063 5163 :
3101 5109 3162 5164 Si
3187 5111 3303 5178 quis
3340 5102 3516 5177 fecerit
3540 5104 3803 5158 volunta-

2197 5212 2298 5254 tem
2327 5200 2502 5254 Patris
2525 5202 2645 5263 mei,
2667 5201 2832 5269 quiin
2851 5200 2992 5254 caelis
3015 5207 3110 5261 est,
3133 5199 3242 5267 ipse
3259 5212 3402 5250 meus
3421 5196 3601 5264 frater,
3635 5213 3801 5251 soror

2195 5301 2242 5344 et
2274 5301 2441 5346 mater
2461 5301 2534 5345 est
2563 5289 2778 5359 (Matth.
2801 5306 2898 5353 xu,
2927 5289 3043 5354 50).
3065 5289 3172 5344 Sed
3198 5288 3342 5358 quali
3367 5287 3664 5342 devotione
3689 5287 3798 5341 ista

2197 5389 2403 5445 ettrrat,
2445 5380 2729 5434 Psalmista
2781 5379 2911 5434 dicit
2945 5396 2959 5433 :
2991 5376 3138 5433 Sicut
3170 5375 3364 5431 cervus
3397 5376 3673 5429 desiderat
3722 5376 3798 5430 ad

2196 5473 2362 5541 fontes
2389 5488 2670 5542 aquarum,
2697 5472 2772 5524 ita
2799 5469 3060 5524 desiderat
3088 5468 3268 5521 anima
3294 5482 3409 5520 mea
3430 5465 3500 5518 ad
3529 5475 3604 5527 te,
3643 5466 3797 5520 Das

2195 5559 2365 5631 (Psal.
2391 5577 2477 5621 st,
2499 5561 2576 5631 9.).
2603 5559 2709 5614 Sed
2731 5573 2900 5629 quare
2920 5558 3208 5613 Psalmista
3234 5556 3614 5626 metaphorice
3635 5557 3792 5612 cervi

579 5657 630 5710 4.
671 5648 776 5714 sed
807 5672 908 5715 cur
933 5659 1098 5715 semel
1128 5660 1181 5716 in
1216 5673 1359 5715 anno
1393 5671 1578 5716 sancta
1609 5675 1767 5716 soror
1802 5660 2091 5715 veniebas?
2118 5691 2170 5751 Β
2194 5651 2533 5724 proposuerit
2583 5653 2912 5708 mentionem
2938 5693 2952 5714 ,
3003 5659 3063 5705 ut
3118 5652 3191 5706 ita
3243 5657 3430 5705 currat
3471 5649 3670 5704 anima
3723 5651 3794 5704 ad

511 5746 736 5802 lorsitan
761 5749 1092 5820 longitudine
1121 5750 1329 5806 itineris
1363 5768 1393 5804 a
1420 5761 1508 5805 tua
1541 5761 1726 5807 tenera
1761 5751 1941 5820 planta
1978 5747 2085 5804 lor-

2197 5748 2362 5802 Deu‘m
2388 5787 2403 5812 ,
2435 5755 2492 5799 ιιι
2521 5760 2711 5800 cervus
2759 5745 2824 5798 ad
2869 5742 3102 5805 fontem,
3137 5758 3240 5796 non
3285 5756 3450 5795 vacua
3499 5741 3793 5810 mysteriis
