4026 6308
1224 377 1384 432 ἯΤΛ
1422 371 1713 430 SANCTJE
1754 371 2246 430 Sf'ﬂOLASTlCE
2285 373 2469 430 VIBC.

3375 375 3496 434 983'

235 500 474 548 manent.
507 489 760 561 Nunquid
784 490 929 545 solus
958 504 1149 546 cervus
1177 497 1232 544 et
1257 505 1359 544 non
1388 487 1657 551 columba,
1693 495 1808 538 tur-
1837 488 1880 544 Δ
1912 500 2090 554 rogas,
2115 495 2167 540 ut
2203 486 2451 541 insolitus
2485 494 2639 542 extra
2667 487 2857 542 cellam
2891 503 3159 552 maneam,
3208 490 3350 558 quod
3381 491 3481 544 im-

234 593 327 637 tur
348 590 405 637 et
433 595 621 651 passer
649 580 852 634 fontem
904 580 1226 650 requirunt?
1251 578 1359 650 Sed
1398 577 1554 634 aliter
1577 592 1770 631 cervus
1788 614 1804 639 ,

233 673 391 726 aliter
433 671 712 734 columba,
758 671 827 725 ad
873 669 1037 726 fontis
1083 686 1297 726 amnem
1350 677 1651 724 recurrunt.
1701 667 1809 722 lste

233 777 396 816 cursu
427 761 644 830 pedum,
675 762 776 816 ista
803 762 949 816 aerio
980 761 1158 816 volatu
1185 760 1464 817 descendit
1490 778 1502 813 :
1533 760 1632 814 iste
1662 758 1806 814 inse-

234 861 396 906 cutus
417 849 730 919 frequenter
757 859 876 905 arte
899 859 1213 905 venatorum
1243 849 1602 905 lassabundus
1639 849 1811 904 currit

235 940 307 994 ad
327 955 544 1009 aquam,
575 941 689 995 lucc
718 955 846 994 vero
877 939 1152 1009 infatigata
1176 940 1331 994 solita
1350 941 1576 996 accedit.
1593 939 1741 1007 Quod
1762 940 1808 994 si

237 1032 465 1104 mystice
491 1047 721 1101 pensare
751 1031 1036 1095 volumus,
1058 1031 1345 1086 invisibilis
1363 1034 1542 1086 anima
1583 1030 1811 1086 visibilis

237 1121 494 1180 animalis
508 1121 670 1174 habet
681 1119 930 1184 formam,
945 1135 1050 1188 qua
1066 1136 1172 1175 uno
1185 1136 1344 1176 cursu
1361 1120 1706 1190 fatigationis,
1723 1123 1810 1177 hic

239 1213 414 1284 pergit
435 1213 503 1266 ad
519 1211 719 1266 fontem
743 1221 1038 1275 terrenum,
1063 1212 1178 1265 haec
1193 1213 1258 1266 ad
1279 1211 1480 1266 fontem
1499 1212 1770 1267 calestem
1792 1231 1806 1266 :

241 1304 345 1358 iste
357 1302 611 1373 fatigatus
629 1303 850 1357 vocibus
868 1317 1084 1367 canum,
1099 1303 1201 1358 ista
1223 1311 1508 1358 consecuta
1532 1304 1812 1373 spiritibus

241 1394 520 1465 malignis,
549 1409 648 1464 pro
677 1409 782 1464 quo
821 1394 886 1448 ad
918 1393 1120 1449 fontem
1156 1394 1304 1449 illum
1341 1397 1663 1452 currendum
1694 1406 1810 1460 est,

239 1484 332 1552 qui
359 1491 442 1538 est
470 1482 590 1537 fons
611 1483 778 1540 vivus.
804 1491 996 1550 puteus
1019 1483 1212 1537 domus
1231 1481 1418 1548 Jacob,
1443 1500 1510 1541 ex
1531 1499 1639 1553 quo
1661 1499 1814 1553 aqua:

242 1587 380 1628 vena
401 1571 642 1627 salientis
663 1572 850 1626 ebullit
879 1573 932 1626 in
975 1573 1138 1628 vitam
1167 1583 1442 1628 aeternam.
1476 1574 1635 1628 Certe
1669 1582 1815 1628 tanta

239 1675 399 1715 soror
428 1661 521 1714 tali
554 1661 655 1715 fide
685 1661 831 1715 venit
879 1664 945 1715 ad
999 1663 1247 1716 fratrem.
1279 1663 1411 1717 Nam
1453 1663 1612 1718 aliter
1651 1678 1810 1732 inger,

235 1751 400 1805 aliter
424 1765 609 1820 sospes
637 1751 703 1804 ad
735 1752 998 1806 medicum
1023 1753 1202 1807 vadit:
1233 1755 1332 1808 iste
1359 1763 1418 1807 ut
1438 1769 1600 1808 sanus
1621 1768 1813 1808 sanum

1908 575 2054 645 plere
2082 576 2301 630 minime
2324 591 2561 646 possum.
2610 577 2655 632 0
2680 578 2979 632 sanctitatis
3031 587 3258 642 amator,
3312 593 3482 646 quare

1908 680 2178 734 germana:
2215 665 2447 736 denegas
2493 670 2635 736 quod
2678 669 2843 723 etiam
2901 671 3175 724 extraneis
3231 671 3438 738 praebes
3457 670 3496 724 τ’

1910 754 2002 808 sed
2037 755 2139 809 hoc
2161 754 2351 825 religio
2378 754 2526 820 facit,
2561 773 2664 812 non
2689 774 2850 813 causa
2873 759 3092 817 doloris.
3124 759 3243 815 Seis
3269 761 3482 816 Domini

1911 856 2234 915 praeceptum
2264 866 2277 901 :
2308 847 2411 915 Qui
2429 847 2600 918 diligit
2624 859 2824 918 patrem
2852 861 2944 905 aut
2987 864 3206 906 matrem
3254 863 3343 908 aut
3370 854 3484 922 fra-

1911 945 2058 998 trem,
2094 937 2167 989 ret
2196 953 2425 991 sororem
2452 937 2569 1007 plus
2596 955 2754 1007 quam
2781 955 2879 1004 me,
2920 957 3022 994 non
3051 951 3128 994 est
3170 959 3251 1000 me
3294 943 3492 1012 dignus.

1911 1023 2126 1093 (Matth.
2159 1041 2211 1086 ι.
2251 1025 2361 1096 57).
2393 1025 2625 1096 ideoque
2647 1027 2712 1082 ad
2740 1038 3013 1084 assuetum
3066 1032 3304 1086 recurris
3353 1047 3482 1087 ora-

1915 1114 2073 1168 tionis
2104 1114 2298 1178 locum,
2353 1117 2440 1170 ubi
2473 1119 2644 1187 magis
2675 1119 2784 1172 Deo
2815 1135 2977 1188 quam
3008 1122 3180 1177 sorori
3209 1122 3399 1178 solitus
3422 1138 3518 1181 es.-

1913 1206 2207 1259 adhazrere.
2239 1204 2343 1260 Sed
2379 1209 2718 1275 praesumenti
2756 1225 2888 1265 voce
2925 1211 3154 1266 dicimus
3187 1231 3200 1266 :
3232 1212 3483 1283 Nunquid

1913 1309 2016 1347 non
2053 1294 2189 1348 Deus
2220 1295 2306 1348 hic
2327 1307 2429 1358 est,
2459 1297 2546 1350 ubi
2595 1300 2731 1351 bona
2781 1315 2935 1354 soror
2995 1311 3331 1356 sacramenta
3388 1304 3505 1360 Deis

1912 1383 2196 1452 perquirit,
2231 1399 2351 1438 cum
2380 1387 2490 1455 ipse
2517 1388 2660 1441 dicat
2691 1405 2702 1440 :
2743 1387 2845 1442 Ubi
2865 1389 2970 1444 duo
2995 1390 3069 1444 rei
3115 1401 3240 1452 tres,
3273 1409 3486 1462 congre-

1911 1475 2021 1544 gati
2045 1473 2236 1541 fuerint
2285 1475 2337 1528 in
2385 1479 2590 1531 nomine
2632 1495 2765 1541 meo,
2820 1481 2872 1532 in
2919 1482 3086 1534 medio
3134 1499 3313 1536 eorum
3341 1485 3494 1538 sunt?

1915 1562 2129 1634 (Matth.
2156 1581 2308 1628 xvut,
2336 1567 2462 1636 20.)
2494 1569 2630 1623 Ecce
2660 1584 2766 1622 non
2790 1579 2962 1638 rogat,
2996 1580 3055 1625 ut
3075 1572 3236 1644 longo
3257 1583 3308 1627 te
3351 1582 3484 1630 teme

1915 1669 2045 1726 pore
2070 1666 2257 1711 cernat
2287 1674 2436 1711 more
2457 1670 2757 1728 parentum,
2791 1665 2887 1718 sed
2934 1663 3094 1719 unius
3144 1667 3318 1722 noctis
3365 1683 3488 1737 spa-

1920 1746 2052 1799 tium
2095 1748 2289 1814 poscit,
2335 1764 2443 1818 quo
2487 1751 2730 1818 ptmbcas
2772 1753 3035 1822 colloquia
3088 1770 3263 1810 sacra.
3314 1755 3526 1824 Quam:

237 1841 450 1904 .visitet,
469 1842 568 1896 iste
591 1841 1005 1910 utlanguentem
1029 1857 1192 1898 sanus
1215 1851 1484 1913 procuret.
1509 1842 1643 1896 Nam
1669 1850 1724 1896 et
1747 1841 1814 1895 ad
1847 1827 1894 1887 Β
1921 1837 2053 1891 dum
2079 1839 2333 1904 allelldis.
2363 1850 2548 1894 Sancte
2572 1841 2759 1905 Mller.
2779 1858 2968 1912 Preces
2995 1847 3218 1912 εοτοτίεο
3267 1849 3338 1903 0b
3384 1857 3492 1903 ιυω

235 1931 445 1984 fonnem
491 1930 650 1985 aliter
687 1931 878 1986 sitiens
930 1932 1175 1994 festinat,
1229 1933 1386 1988 aliter
1435 1932 1744 2002 crapulatus
1782 1947 1814 1988 a

239 2023 392 2075 vino.
422 2021 528 2076 Iste
551 2032 608 2074 ut
630 2022 823 2077 hausto
855 2021 1116 2078 refocillet
1146 2032 1379 2079 mentem
1401 2064 1417 2089 ,
1459 2025 1550 2079 ille
1578 2032 1636 2078 ut
1666 2032 1816 2080 recto

241 2114 438 2168 itinere
465 2113 710 2168 insitieus
731 2122 950 2185 pergat.
971 2114 1140 2170 Soror
1163 2131 1292 2171 vero
1321 2117 1425 2171 ista
1452 2117 1504 2171 in
1539 2125 1686 2171 tanto
1709 2117 1820 2170 fra-

241 2215 332 2258 ene
360 2205 545 2259 ambas
573 2206 776 2274 gratias
803 2221 1062 2270 cernens,
1093 2207 1333 2276 sapiente
1361 2209 1496 2276 pede
1535 2206 1816 2278 infatigata

245 2295 396 2350 venit
423 2311 437 2348 :
467 2295 648 2364 prius,
676 2305 734 2350 ut
761 2311 895 2350 sana
937 2311 1127 2352 sanum
1171 2298 1385 2363 visitet;
1419 2307 1729 2367 sequenter,
1761 2308 1819 2353 ut

242 2405 447 2461 egram
477 2407 581 2445 non
611 2405 859 2461 corpore,
881 2393 974 2447 sed
999 2402 1178 2448 mente
1201 2404 1354 2449 curet
1374 2393 1701 2450 docmnento
1729 2410 1819 2450 sa-

243 2484 411 2547 lutis,
436 2483 562 2552 quia
604 2497 704 2538 nec
743 2484 854 2553 ipsa
885 2493 1032 2537 astra
1062 2487 1259 2539 munda
1291 2493 1415 2539 sunt
1445 2487 1499 2540 in
1528 2495 1818 2554 conspectu

246 2575 364 2637 Dei,
396 2583 451 2629 et
477 2574 770 2630 secundum
793 2575 1134 2644 Apostoium,
1163 2591 1263 2632 nee
1293 2575 1470 2632 infans
1499 2578 1656 2632 unius
1689 2577 1818 2633 diei.

242 2667 506 2735 Sequitur
529 2683 541 2720 :

321 2756 373 2808 7.
409 2753 507 2821 Qui
532 2763 700 2809 totum
723 2755 864 2811 diem
888 2756 941 2810 in
965 2757 1060 2811 Dei
1084 2757 1329 2812 laudibus
1359 2760 1634 2828 sacrisque
1658 2759 1822 2814 collo-

245 2845 417 2914 quiis,
445 2845 724 2908 ducentes,
744 2846 1180 2902 incumbentibus
1197 2844 1310 2914 jam
1337 2850 1510 2902 noctis
1563 2849 1818 2914 tenebris,

246 2935 411 2991 simul
441 2950 698 3005 accepere
721 2935 922 2990 cibum.
967 2935 1130 2990 Beata
1178 2936 1298 2990 talis
1337 2937 1471 2992 visio
1515 2949 1822 3006 parentum,

251 3043 364 3098 pra:
394 3027 564 3081 oculis
612 3027 872 3082 habentes
915 3027 1124 3081 Domini
1178 3038 1499 3098 prmceptum
1535 3048 1547 3083 :
1587 3030 1825 3086 Primum

251 3116 466 3185 qua-rite
493 3131 705 3184 regnum
728 3115 846 3179 Dei,
875 3126 921 3169 et
943 3117 1208 3184 justitiam
1254 3118 1389 3186 ejus,
1418 3129 1464 3172 et
1489 3120 1599 3174 hazc
1645 3122 1821 3174 omnia

251 3208 572 3276 adjiciantur
589 3205 731 3260 vobis
753 3205 968 3275 (Matth.
993 3223 1063 3269 v1,
1088 3208 1200 3275 55).
1239 3208 1402 3263 Beata
1429 3210 1554 3262 talia
1598 3210 1818 3275 fercula,

254 3295 344 3350 ubi
375 3295 535 3365 prius
551 3296 768 3364 ponitur
797 3296 952 3363 panis
991 3295 1303 3364 angelorum
1329 3312 1489 3365 quam
1514 3299 1817 3351 hominum:

254 3386 420 3439 etubi
467 3386 615 3454 prius
665 3385 994 3441 refocillatur
1037 3401 1189 3440 mens
1233 3401 1392 3454 quam
1434 3395 1640 3442 venter.
1688 3387 1822 3442 Nam

255 3477 348 3532 hic
367 3477 645 3546 reponitur
669 3477 844 3542 cibus,
873 3477 964 3547 qui
989 3477 1202 3546 placere
1226 3479 1396 3547 possit
1427 3493 1624 3534 mensa:
1671 3479 1826 3534 cale-

257 3571 327 3626 sti
354 3587 366 3623 :
396 3570 467 3625 ibi
499 3585 630 3626 vero
655 3584 782 3625 esca
807 3578 1008 3633 manet,
1039 3584 1198 3638 quam
1248 3570 1538 3640 indigeries
1585 3571 1826 3640 corporis

258 3662 444 3716 mittit.
475 3661 541 3715 Et
569 3661 761 3715 beatus
787 3677 966 3736 sermo
994 3661 1085 3730 qui
1115 3671 1226 3715 toto
1246 3661 1352 3716 diei
1382 3664 1556 3732 spatio
1593 3665 1825 3731 protela:

259 3761 349 3806 tur
376 3753 531 3809 laude
559 3755 840 3818 tiivina,,et
865 3754 956 3822 qui
987 3768 1019 3807 a
1044 3754 1218 3824 primo
1245 3753 1379 3809 lucis
1417 3765 1537 3810 ortu
1568 3771 1736 3824 usque
1764 3757 1828 3812 ad

259 3857 536 3906 occasum,
571 3842 877 3900 alternatim
914 3843 1314 3912 reciprocantur
1337 3845 1713 3911 praedicamina
1745 3861 1832 3900 sa-

258 3943 564 3988 crosancta.
596 3934 852 4004 Sequitur
876 3952 889 3986 :

333 4023 386 4077 8.
419 4022 660 4092 Cumque
685 4024 863 4078 adhuc
879 4022 944 4077 ad
971 4039 1214 4079 mensam
1241 4025 1601 4092 considerent,
1623 4037 1676 4082 et
1694 4029 1834 4083 inter

259 4126 420 4168 sacra
452 4111 718 4182 colloquia
752 4112 952 4166 tardior
973 4127 1032 4166 se
1063 4113 1194 4167 hora
1237 4118 1595 4184 protraheret,
1644 4121 1831 4174 eadem

260 4202 689 4257 sanctimonialis
716 4202 914 4258 femina
956 4219 1112 4258 soror
1137 4204 1254 4275 ejus
1301 4223 1423 4261 cum
1465 4208 1705 4278 rogabat,
1749 4211 1831 4262 di-

261 4312 396 4352 cens
429 4313 440 4349 :
469 4297 660 4362 Quaeso
693 4305 743 4350 te
772 4310 838 4348 ne
867 4295 967 4350 ista
992 4306 1148 4352 nocte
1171 4313 1258 4354 me
1279 4299 1524 4365 deseras,
1560 4311 1619 4355 ιιι
1667 4318 1835 4371 usque

263 4401 425 4442 mane
447 4385 648 4454 aliquid
672 4385 738 4439 de
765 4385 1006 4440 caelestis
1028 4387 1150 4442 vitae
1177 4389 1387 4457 gaudiis
1417 4389 1717 4458 loquamur.
1755 4391 1835 4444 Ad

263 4492 506 4532 mensam
532 4477 738 4542 sedent,
765 4477 942 4531 cibum
969 4487 1206 4541 sumunt,
1233 4496 1338 4533 uno
1374 4481 1531 4535 dente
1559 4481 1837 4535 cbaritatis

265 4567 547 4622 rnminant
572 4580 766 4636 panem
787 4574 843 4620 et
873 4565 1135 4634 colloquia
1159 4583 1331 4631 sacra,
1378 4577 1438 4622 ut
1482 4586 1643 4626 unum
1698 4579 1842 4624 esset

265 4671 354 4721 os,
382 4671 488 4726 quo
519 4665 788 4711 terrenum
831 4671 1026 4726 panem
1069 4657 1404 4729 frangerent,
1452 4669 1506 4713 et
1547 4661 1837 4716 cmlestem.

249 4747 407 4803 Nam
450 4756 639 4803 venter
667 4748 856 4817 plenus
879 4748 1020 4811 cibo,
1073 4765 1225 4804 mens
1270 4758 1388 4804 erat
1435 4751 1611 4806 adhuc
1651 4751 1838 4819 jejuna

269 4837 441 4892 verbo
477 4835 666 4892 salutis
694 4855 709 4891 :
736 4837 937 4893 idcirco
963 4841 1117 4908 quasi
1147 4838 1392 4894 famelica
1423 4851 1574 4910 rogat
1597 4883 1611 4905 ,
1665 4851 1721 4894 ut
1764 4843 1843 4896 di-

271 4930 415 4986 vinis
437 4930 657 4984 cibariis
673 4939 906 4985 mentem
933 4933 1159 4986 satiaret
1197 4930 1559 5000 perjucundus
1600 4933 1840 4988 ccclesiis

275 5019 522 5090 usquein
544 5017 747 5085 lucem,
766 5028 826 5074 ut
847 5019 940 5088 qui
970 5020 1147 5074 fuerat
1175 5021 1291 5076 luce
1308 5020 1410 5075 dici
1440 5021 1711 5092 magister,
1751 5024 1843 5076 tie-

276 5119 364 5166 εει
381 5111 546 5166 etiam
570 5111 709 5166 inter
733 5110 984 5165 tenebras
1005 5111 1191 5165 doctor
1223 5111 1425 5166 herilis.
1458 5110 1713 5181 Sequitur
1745 5132 1756 5166 :

349 5203 402 5256 9.
421 5201 520 5257 Cui
540 5203 628 5258 ille
651 5203 953 5273 respondit:
978 5203 1116 5270 Quid
1138 5206 1371 5267 estquod
1387 5206 1640 5276 loqueris,
1657 5211 1844 5263 soror?

282 5309 504 5350 manere
538 5303 688 5349 extra
727 5295 918 5350 cellam
947 5294 1248 5350 nullatenus
1270 5312 1505 5365 possunt.
1565 5298 1702 5354 Ecce
1722 5316 1843 5369 pcr-

275 5396 531 5442 contatur
557 5386 726 5442 frater
753 5403 1018 5452 sororem,
1062 5388 1314 5457 magister
1347 5389 1682 5458 discipulam,
1729 5408 1847 5446 sau-

280 5487 401 5529 ctus
421 5484 682 5539 sanctam,
715 5477 868 5544 quasi
900 5493 1006 5532 non
1049 5479 1228 5532 sciens
1251 5477 1379 5546 quid
1435 5479 1632 5532 dixerit
1670 5496 1844 5535 soror.

256 5568 390 5621 Sed
422 5568 523 5622 ista
551 5567 829 5636 inquisitio
857 5569 1334 5639 magisirascentis
1363 5578 1468 5633 est,
1499 5584 1662 5639 quam
1684 5571 1850 5626 inter-

203 5715 210 5722 ,
283 5658 541 5722 rogantis,
577 5657 701 5711 dum
730 5659 864 5712 bene
893 5657 1052 5712 Pater
1080 5660 1317 5714 audisset
1361 5660 1506 5728 quod
1553 5676 1714 5714 soror
1761 5677 1849 5714 ro-

282 5751 507 5818 gaverit.
535 5748 812 5818 Tanquam
843 5751 886 5805 si
913 5751 1146 5806 diceret:
1174 5751 1286 5807 Non
1317 5754 1453 5808 bene
1478 5761 1560 5808 est
1587 5755 1685 5808 hoc
1712 5753 1850 5822 quod

1917 1941 2134 1981 causam
2165 1943 2333 1983 sacrm
2364 1931 2660 2001 religionis.
2699 1932 2793 1988 illa
2820 1936 2956 1990 bene
2996 1938 3210 2004 quaerit,
3269 1949 3328 1994 ut
3365 1955 3396 1994 a
3437 1949 3493 1995 te

1917 2016 2131 2080 habeat,
2161 2027 2211 2073 tu
2245 2019 2494 2075 similiter
2521 2033 2579 2076 nt
2603 2025 2825 2079 redeas:
2861 2026 2946 2079 illa
2979 2026 3101 2093 fide,
3137 2037 3194 2083 tu
3223 2029 3328 2100 fide
3359 2048 3372 2082 :
3403 2030 3496 2086 illa
3531 2078 3533 2082 .

1919 2121 2104 2162 antOre.
2145 2108 2258 2171 Dci,
2293 2121 2346 2162 ιιι
2379 2113 2584 2179 pariter
2609 2123 2666 2167 ut
2693 2115 2777 2168 illa
2803 2134 2816 2168 :
2847 2116 2934 2170 illa
2971 2127 3026 2171 ιιι
3047 2134 3171 2174 cum
3209 2135 3397 2176 sorore
3437 2124 3490 2176 itt
3527 2153 3534 2157 -

1916 2199 2302 2266 prmdicatione
2333 2211 2542 2272 tempus
2564 2207 2736 2260 noctis
2761 2208 3025 2273 exsolvas,
3056 2220 3112 2265 tu
3153 2220 3210 2265 ut
3237 2228 3358 2268 cum
3383 2213 3496 2267 fra-

1920 2289 2094 2344 tribus
2136 2291 2324 2346 solitas
2372 2292 2596 2350 Domino
2634 2294 2837 2351 referas
2883 2296 3086 2353 laudes.
3149 2299 3256 2356 Sed
3311 2302 3432 2370 quis
3461 2318 3494 2356 e

1920 2382 2126 2438 duobus
2158 2385 2366 2449 melius,
2396 2401 2626 2455 sequens
2678 2391 2943 2443 sententia
2997 2399 3280 2446 monstrat.
3321 2391 3502 2458 Tanta.

1921 2486 2048 2526 vero
2071 2483 2189 2526 erat
2210 2473 2334 2527 coeli
2358 2476 2646 2539 serenitas,
2689 2487 2744 2530 ut
2791 2478 2934 2532 nulla
2963 2481 3015 2534 in
3052 2495 3180 2535 aere
3205 2483 3375 2537 nubes
3402 2498 3494 2554 ap—

1915 2571 2157 2636 pareret.
2189 2563 2324 2616 Vere
2353 2562 2498 2617 nulla
2537 2564 2705 2620 nubes
2737 2581 2858 2622 esse
2885 2569 3080 2637 potuit,
3113 2569 3204 2622 ubi
3233 2580 3352 2624 erat
3402 2571 3496 2628 lux

1922 2665 2071 2715 vera,
2103 2667 2226 2720 qua:
2247 2650 2510 2706 illuminat
2547 2667 2764 2708 onmem
2790 2655 3062 2711 hominem
3083 2659 3387 2714 venientem
3439 2662 3492 2716 in
3531 2699 3538 2710 ι

1923 2743 2065 2798 hunc
2086 2745 2366 2798 mundum.
2400 2745 2656 2815 Sequitur
2679 2764 2692 2802 :

1918 2909 1920 2911 b
1998 2838 2082 2890 10.
2112 2837 2542 2892 Sanctimonialis
2565 2847 2742 2894 autem
2768 2839 2963 2895 femina
3003 2858 3126 2897 eum
3172 2843 3336 2898 verba
3388 2846 3510 2900 fro--

1926 2925 2026 2980 tris
2049 2927 2292 2998 negantis
2323 2927 2576 2991 audisset,
2606 2928 2837 2983 insertas
2878 2930 3060 3002 digitis
3090 2948 3282 2986 manus
3336 2948 3498 3002 super

1926 3032 2167 3071 mensam
2195 3018 2393 3087 posuit,
2424 3027 2478 3072 et
2505 3027 2666 3088 caput
2692 3019 2744 3073 in
2779 3021 3028 3076 manibus
3071 3023 3496 3093 omnipotentem
3523 3074 3535 3080 -

1928 3107 2211 3162 Dominum
2251 3119 2499 3179 rogatura
2529 3109 2835 3166 declinavit.
2876 3112 2988 3179 Dic,
3014 3115 3166 3184 virgo
3194 3116 3375 3179 beata,
3410 3133 3501 3170 cu-

1917 3199 2008 3267 jus
2041 3211 2092 3254 te
2123 3202 2301 3254 schola
2329 3203 2528 3260 docuit.
2559 3218 2679 3270 qua:
2710 3213 2897 3258 contra
2927 3207 3241 3275 magistrum
3287 3217 3503 3264 sentcn-

1924 3291 2053 3343 tiam
2084 3290 2375 3360 proponis?
2425 3291 2673 3357 Nunquid
2702 3309 2805 3346 non
2837 3294 3002 3348 dicit:
3039 3293 3306 3364 Perfectus
3333 3299 3502 3350 omnis
3542 3328 3545 3331 —

1922 3367 2208 3448 discipulus
2229 3381 2348 3444 erit,
2369 3381 2414 3434 si
2433 3380 2500 3433 sit
2522 3383 2654 3434 sicut
2680 3384 2926 3453 magister
2939 3384 3050 3452 ejus
3065 3384 3254 3455 .°(Luc.
3283 3401 3359 3449 Vt,
3386 3387 3504 3456 40.)

1924 3469 1992 3524 ΕΙ.
2021 3470 2072 3523 in
2100 3469 2386 3540 Evangelio
2411 3470 2582 3539 inquit
2609 3485 2622 3522 :
2651 3470 2868 3524 Nesciat
2894 3473 3110 3526 sinistra
3144 3484 3234 3528 tua
3267 3476 3391 3546 quid
3420 3477 3502 3544 fu-

1927 3560 2027 3612 ciat
2059 3559 2270 3612 dextera
2298 3571 2386 3612 tua
2419 3559 2634 3629 (Matth.
2658 3575 2731 3624 νι,
2755 3560 2810 3630 5)
2836 3579 2848 3614 :
2875 3570 2930 3615 ct
2975 3571 3028 3616 tu
3082 3563 3270 3617 ambas
3312 3580 3504 3618 manus

1929 3652 2194 3705 inuectis?
2245 3660 2297 3705 et
2327 3651 2712 3706 illud:Mittite
2754 3652 2809 3706 in
2853 3652 3122 3707 dexteram
3165 3656 3359 3726 navigii
3399 3666 3505 3709 rete

1931 3741 2111 3810 (Joan.
2147 3758 2258 3806 xxi,
2290 3742 2366 3812 6),
2389 3752 2444 3796 et
2474 3752 2528 3797 tu
2562 3754 2789 3812 utroque
2821 3742 2987 3799 latere
3018 3755 3162 3800 recte
3196 3746 3508 3816 immergis?

1933 3831 2018 3884 ille
2050 3847 2079 3884 a
2109 3833 2325 3886 dextris.
2342 3848 2470 3886 oves
2516 3833 2763 3896 collocat,
2818 3845 2874 3889 tu
2927 3837 3090 3890 etiam
3142 3837 3197 3890 in
3245 3836 3510 3890 sinistra?

1931 3923 2215 3978 Psalmista
2247 3925 2371 3979 hinc
2401 3941 2430 3977 a
2462 3927 2664 3980 dextris
2715 3927 2865 3994 ponit
2889 3927 3075 3983 dicens
3099 3943 3113 3980 :
3139 3927 3284 3982 Dixit
3327 3928 3507 3983 Domi-

1932 4035 2028 4073 nus
2060 4017 2284 4072 Domino
2313 4034 2448 4080 meo,
2473 4017 2606 4072 Sede
2634 4035 2663 4070 a
2693 4020 2891 4073 dextris
2920 4021 3045 4072 meis
3069 4019 3244 4090 (Psal.
3267 4035 3376 4085 (ιιι,
3413 4022 3462 4089 l)
3489 4039 3502 4074 :
3536 4052 3539 4055 -

1934 4126 2030 4164 nec
2054 4126 2158 4162 non
2183 4108 2398 4163 dextera
2437 4109 2650 4163 Domini
2680 4110 2801 4180 fecit
2831 4112 3091 4175 uirtutem,
3149 4113 3360 4167 dextera
3404 4113 3510 4166 Do-

1933 4200 2060 4252 mini
2083 4198 2327 4252 cxaltavit
2362 4216 2439 4253 me
2487 4197 2657 4267 (f’sat.
2684 4217 2852 4266 cxvu,
2885 4203 3005 4272 16);
3036 4213 3092 4259 et
3134 4205 3186 4258 iu
3234 4204 3457 4261 Cantico
3493 4223 3505 4256 :

1933 4288 2160 4342 Dextera
2185 4300 2298 4354 tua,
2326 4288 2564 4353 Domine,
2587 4289 2875 4360 glori/iectu
2902 4305 2975 4348 est
3007 4295 3060 4347 in
3086 4295 3270 4348 virtute
3311 4295 3511 4365 (Exod.

1938 4395 2025 4443 xv,
2053 4380 2125 4446 6),
2152 4387 2256 4431 etc.
2290 4387 2381 4438 :et
2413 4388 2466 4432 ιιι
2489 4378 2589 4434 ista
2618 4380 2902 4452 derogans,
2950 4400 3054 4438 non
3111 4385 3282 4439 solum
3320 4401 3516 4439 manus

1941 4467 2225 4537 implectis,
2250 4469 2340 4521 sed
2365 4469 2522 4522 etiam
2553 4470 2747 4538 digitos
2771 4472 2997 4527 inseris?
3019 4475 3278 4529 Dominus
3302 4475 3434 4531 dicit
3457 4478 3508 4530 iu

1946 4555 2232 4623 Evangelia
2262 4573 2274 4608 :
2313 4555 2387 4608 Tu
2417 4567 2589 4610 autem
2617 4563 3000 4624 cumoraveris,
3038 4563 3176 4616 intra
3204 4564 3256 4616 in
3299 4566 3502 4618 cubicu-

1944 4647 2050 4701 lum
2074 4658 2242 4714 tuum,
2265 4658 2311 4701 et
2337 4647 2513 4703 clauso
2536 4650 2668 4704 ostio
2690 4667 2782 4705 ora
2802 4649 3012 4707 Patrem
3035 4664 3179 4707 tuum
3196 4655 3411 4726 (Matth.
3434 4674 3512 4722 Vt,

1944 4743 1998 4813 6)
2027 4762 2038 4796 :
2064 4752 2120 4798 et
2140 4753 2195 4797 tu
2227 4743 2292 4796 ad
2319 4760 2530 4799 cmnam
2581 4747 2796 4809 sedens,
2825 4757 2973 4818 aute
3019 4749 3284 4807 humanos
3330 4755 3524 4809 oculos.

1946 4852 2130 4908 preces
2161 4838 2533 4909 iacrymasque
2563 4838 2774 4896 fundis?
2800 4841 2905 4896 Sed
2931 4859 3089 4911 quam
3112 4843 3372 4902 laudanda
3392 4858 3519 4903 sunt

1947 4941 2034 4982 tua
2063 4928 2221 4994 facta,
2250 4945 2284 4984 o
2310 4930 2648 4985 sanctissima
2674 4929 3029 4989 feminarum!
3059 4935 3196 5003 Quid
3223 4946 3274 4991 tu
3307 4937 3359 4992 in
3387 4952 3518 4993 cou-

1949 5021 2083 5076 clavi
2122 5021 2276 5087 facis,
2306 5025 2517 5092 quando
2539 5024 2662 5078 talia
2699 5029 2898 5094 patenti
2928 5027 3065 5083 coelo
3085 5029 3333 5101 peragis?
3383 5029 3524 5084 Nam.

1951 5112 2070 5166 ideo
2106 5113 2197 5166 tibi
2228 5131 2328 5167 una
2354 5125 2436 5170 est
2467 5117 2651 5170 dextra
2677 5118 2914 5188 lmvaque
2933 5135 3081 5189 pars,
3107 5120 3232 5189 quia
3260 5119 3518 5177 fabricam

1949 5203 2183 5258 attcudis
2211 5203 2367 5267 illius,
2422 5205 2511 5274 qui
2546 5208 2744 5261 nullam
2780 5208 2938 5263 habet
2985 5211 3283 5276 sinistram,
3332 5221 3390 5266 ut
3441 5215 3522 5269 di-

1950 5292 2065 5344 cit:
2104 5290 2243 5345 Vidit
2274 5293 2410 5346 Deus
2449 5307 2633 5348 cuncta
2672 5315 2788 5366 qua:
2827 5298 3042 5366 fecerat,
3090 5310 3138 5354 et
3184 5312 3332 5356 erant
3375 5304 3526 5358 valde

1949 5381 2082 5435 bona
2107 5380 2258 5452 (Gen.
2285 5383 2344 5454 l).
2371 5385 2436 5440 Et
2464 5385 2514 5438 in
2549 5385 2771 5440 Cantico
2812 5388 3141 5444 canticorum
3173 5407 3187 5442 :
3219 5389 3371 5447 Latna
3409 5391 3524 5460 ejus

1947 5475 2040 5528 sub
2066 5478 2232 5544 capite
2256 5488 2429 5531 meoet
2453 5479 2666 5532 dextera
2687 5479 2828 5532 illius
2848 5481 3224 5550 amplexabitur
3242 5499 3324 5537 me
3342 5483 3524 5552 (Cant.

1947 5568 2008 5638 ι).
2041 5569 2106 5622 Ει
2133 5570 2184 5624 in
2209 5569 2420 5634 Psalmo
2451 5585 2465 5622 :
2497 5571 2686 5632 Manus
2727 5572 3117 5636 tute,,Domine,
3155 5573 3382 5642 fecerunt
3421 5589 3526 5645 me‘

1951 5660 2274 5727 plasmavere
2301 5660 2583 5725 mei(Psal.
2605 5662 2776 5731 cvm).
2800 5663 2866 5718 Et
2893 5663 3100 5718 illudin
3130 5664 3382 5722 Canticﬁ:
3412 5665 3528 5718 Me-

1958 5766 2054 5802 nus
2080 5766 2204 5803 tuca'
2225 5749 2480 5804 stiliarere
2507 5752 2770 5820 myrrham
2797 5752 2970 5824 (Cant.
3005 5751 3164 5824 v,-5):
3189 5751 3547 5826 Hac-quing-
