4026 6308
521 375 630 442 983‘

1587 408 1589 411 -
1627 337 1940 432 Arcano.
1980 365 2176 423 itu-8.
2207 359 2634 419 BElt‘l‘ARlllM.
2716 426 2718 428 ,
2751 383 2766 422 ς

3678 348 3784 402 εει

529 500 851 553 auctoritate
872 474 1050 568 Aquam
1105 496 1340 567 pulchra)
1381 505 1486 550 tuae
1551 507 1742 548 atauus
1809 484 2100 554 complexae
2128 481 2176 538 Α
2203 476 2363 532 lectio
2387 489 2541 530 sacra
2563 477 2742 528 sonat.
2764 470 2904 530 Ecce
2918 469 3034 537 iam
3062 464 3412 522 Scholastiae.
3437 477 3638 519 nomen
3673 463 3783 514 vir-

529 591 849 650 consistunt,
877 603 1037 658 super
1056 603 1191 658 quas
1219 596 1383 658 caput
1415 586 1701 644 reclinatis,
1736 581 1962 635 imbrem
1983 589 2098 627 cm-

539 678 666 733 litus
693 679 997 749 lacrymans
1015 677 1270 733 ei'l'udisti.
1298 676 1404 732 Sed
1433 677 1574 747 quod
1604 683 1788 744 caput,
1815 669 2102 740 Apostolus

527 771 672 823 dicat
704 789 716 822 :
749 768 919 838 Caput
940 769 1176 824 mulieris
1198 771 1296 835 vir,
1319 779 1473 838 caput
1497 766 1598 821 uiri
1620 765 1762 820 Deus
1808 762 1994 834 (Zach.
2023 775 2099 823 νι,

524 858 636 924 12).
679 857 812 910 Nam
841 860 998 930 cujus
1026 860 1125 914 viri
1153 860 1253 914 nisi
1287 860 1451 924 illius,
1479 858 1625 911 unde
1643 856 1914 924 Propheta
1942 851 2095 906 dicit:

536 948 627 1001 δίεν
650 947 838 1004 Oriens
858 966 1042 1005 mea
1067 952 1222 1021 ejus?
1247 949 1298 1022 (l
1321 949 1443 1006 Cor.
1488 944 1561 1013 ιιι,
1587 949 1665 1018 3.)
1717 948 1852 1002 Ecce
1896 946 1982 1001 ille
2013 943 2105 1014 qui

537 1042 839 1108 prorsalute
859 1044 1097 1098 omnium
1131 1045 1182 1098 in
1206 1057 1370 1098 cruce
1399 1042 1655 1096 inclinato
1682 1040 1860 1108 capite
1886 1035 2107 1090 tradidit

535 1135 804 1202 spiritum,
831 1149 931 1189 suo
956 1135 1130 1204 capite
1159 1149 1299 1188 nunc
1325 1143 1444 1188 tuas
1465 1131 1754 1187 declinavit
1787 1130 1841 1183 in
1875 1126 2105 1196 palmas,

534 1235 592 1279 ut
617 1227 699 1280 sui
721 1227 964 1297 mySIerii
994 1227 1133 1296 quod
1160 1233 1339 1282 mente
1354 1223 1637 1295 qumrebas
1667 1235 1946 1281 arcanum,
2007 1217 2118 1273 tibi

540 1326 785 1372 manaret
814 1316 882 1371 ab
906 1316 1088 1371 astris.
1121 1315 1252 1383 Quae
1299 1323 1506 1370 tantum
1539 1312 1756 1368 insertis
1775 1310 1956 1382 digitis
1995 1308 2109 1379 egi.-

535 1407 604 1460 sti
634 1403 974 1470 miraculum,
999 1406 1127 1475 quid
1149 1406 1355 1461 faceres
1382 1406 1427 1460 si
1449 1405 1666 1475 (palmas
1683 1403 2017 1457 extendisses
2037 1399 2107 1453 ad

537 1497 763 1565 preces?
787 1495 1030 1566 Cumque
1052 1497 1257 1553 levaret
1276 1497 1342 1552 de
1362 1511 1544 1551 mensa
1566 1503 1750 1565 caput,
1796 1501 1960 1548 tanta:
2017 1505 2110 1547 co-

545 1589 863 1645 rnscationis
887 1598 942 1644 et
991 1590 1213 1644 tonitrui
1265 1591 1438 1643 virtus
1463 1630 1478 1654 ,
1531 1599 1789 1657 tantaque
1817 1585 2108 1640 inundatio

539 1677 732 1745 pluviae
753 1680 948 1750 erupit,
975 1689 1036 1734 ut
1065 1694 1238 1750 neque
1267 1679 1589 1734 venerabilis
1623 1676 1964 1739 Benedictus,
2014 1684 2109 1728 ne-‘

539 1785 645 1837 que
673 1769 869 1826 fratres
889 1776 980 1840 qui
1004 1787 1128 1827 cum
1151 1787 1216 1827 eo
1241 1773 1485 1835 aderant,
1511 1774 1663 1825 extra
1694 1770 1793 1825 loci
1817 1768 1978 1823 limen
2000 1781 2109 1837 quo

533 1863 905 1929 consederant,
927 1864 1118 1932 pedem
1141 1877 1358 1919 movere
1379 1863 1702 1931 potuissent.
1753 1859 1923 1928 Quam
1967 1873 2102 1913 nova

536 1954 799 2044 miracula
828 1956 1047 2021 mundo,
1086 1971 1249 2027 quam
1278 1955 1489 2010 cunctis
1524 1941 1789 2008 laudanda
1841 1951 2106 2022 praeconia

535 2042 741 2101 smclisl
770 2048 858 2102 ubi
887 2047 1029 2102 nulla
1051 2055 1168 2104 erat
1192 2045 1380 2102 umbra
1405 2047 1583 2110 nubis,
1615 2053 1713 2100 aer
1754 2042 2110 2099 in‘tonat’cla-

539 2133 781 2222 moribus
803 2139 992 2195 omnes
1025 2155 1039 2193 :
1071 2148 1126 2194 et
1146 2138 1309 2194 densa
1335 2139 1568 2193 tonitrua
1599 2145 1810 2199 sonant,
1857 2134 1948 2189 ubi
1992 2131 2116 2186 nul-

544 2221 648 2280 lius
670 2235 787 2281 erat
811 2223 1094 2283 concussio
1121 2228 1288 2282 venti.
1323 2226 1456 2281 Nam
1475 2225 1612 2281 unus
1636 2225 1755 2280 fons
1803 2223 2110 2289 oculorum,

537 2325 593 2370 et
617 2331 857 2400 mensam
882 2313 1087 2388 rigabat
1106 2318 1380 2390 lacrymis,
1410 2328 1462 2372 et
1482 2318 1653 2372 aether
1678 2315 1934 2370 imbribus
1959 2327 2107 2367 arva.

539 2406 657 2463 Stet
689 2424 831 2464 nunc
851 2405 1034 2464 sancta
1064 2403 1304 2464 Charitas
1330 2410 1458 2470 fixa,
1487 2416 1630 2463 stent
1665 2403 1971 2460 immobiles
2015 2418 2110 2473 pe-

541 2500 636 2590 des
665 2499 888 2554 fraterni
928 2520 939 2553 :
973 2501 1115 2571 quod
1141 2515 1296 2554 soror
1315 2500 1508 2569 poscit,
1556 2513 1660 2552 non
1706 2494 1935 2566 deneget
1976 2493 2120 2547 'dile-

541 2586 650 2671 ctio
681 2590 865 2646 fratris
893 2609 905 2645 :
931 2591 1020 2657 da,
1049 2591 1236 2645 volens
1264 2590 1475 2653 uolens,
1497 2603 1702 2658 pernox
1751 2601 1906 2641 sacra
1951 2583 2125 2638 ωηο-ι

542 2681 688 2763 quia,
711 2677 892 2734 Pater.
922 2680 1197 2736 ‘Ecce'ista
1225 2686 1550 2749 princeptnm
1601 2677 1810 2732 Domini
1855 2673 2111 2744 complet,-

545 2770 679 2838 petit
708 2780 765 2824 ut
787 2772 1258 2841 accipiat,'quaarit
1287 2781 1345 2824 ut
1376 2771 1632 2834 inveniat,
1658 2769 1833 2840 pulsat
1883 2774 1942 2821 ut
1989 2781 2124 2837 ape-

544 2862 713 2914 riatur
733 2862 803 2915 ei.
829 2860 966 2930 Quid
996 2863 1157 2930 petit,
1182 2862 1293 2932 ipsa
1317 2863 1475 2915 dicat.
1507 2859 1574 2914 Ut
1600 2874 1769 2928 usque
1807 2873 1964 2913 mane
2019 2857 2126 2911 alia

541 2950 670 3017 quid
702 2950 767 3005 de
789 2950 1023 3005 caelestis
1045 2951 1170 3004 vitae
1188 2950 1394 3019 gaudiis
1417 2949 1707 3018 loquamur.
1738 2946 1871 3002 Nam
1895 2947 2015 3002 ideo
2034 2946 2123 3000 de-

546 3040 800 3096 scendisti
844 3041 1056 3106 obvius,
1103 3049 1164 3094 ut
1216 3041 1320 3095 ista
1363 3042 1500 3095 dona
1542 3039 1814 3110 proferres
1855 3053 1870 3091 :
1922 3038 2119 3108 perﬁce

544 3134 686 3202 quod
713 3133 943 3203 cmpisti.
972 3131 1105 3187 Nam
1132 3147 1236 3188 non
1259 3132 1411 3189 initio
1460 3132 1738 3202 praemium
1769 3140 1967 3196 exstat,
2019 3131 2113 3185 sed

545 3223 733 3311 inline
757 3237 978 3294 operum
1002 3222 1290 3279 banorum.
1322 3223 1530 3278 Idcirco
1555 3237 1586 3277 e
1612 3223 1822 3292 superis
1847 3222 1982 3276 fudit
2009 3223 2115 3276 Do-

545 3312 725 3372 minus
753 3317 1001 3381 imbrem,
1031 3324 1180 3370 ut'tn
1209 3331 1336 3396 non
1389 3314 1623 3385 deneges
1676 3312 2114 3383 pmdicaminuut

545 3417 780 3460 amnem.
804 3405 942 3460 Vere
973 3419 1078 3460 non
1103 3405 1276 3473 pos‘cit
1298 3417 1492 3459 munus
1515 3404 1798 3468 caducum,
1831 3403 1925 3456 sed
1965 3402 2115 3473 regni

546 3497 783 3553 cmlestis
805 3496 1007 3566 expetit
1029 3497 1259 3551 lucrum.
1288 3495 1592 3567 Sequitur:
1773 3501 1778 3504 '

616 3590 704 3644 ll.
731 3588 1170 3644 Sanctlmonialis
1194 3598 1373 3643 autem
1410 3588 1628 3650 femina,
1669 3593 1830 3657 caput
1859 3586 1908 3640 in
1941 3584 2120 3638 mani-

548 3684 646 3737 bus
671 3681 966 3746 declinans,
999 3680 1569 3754 lacrymarumﬂuvios
1589 3681 1640 3734 in
1672 3695 1856 3734 mensa
1880 3678 2116 3743 fuderat,

548 3780 646 3846 per
667 3790 801 3844 quos
828 3775 1172 3830 serenitatem
1199 3775 1342 3830 aeris
1390 3774 1456 3828 ad
1505 3772 1738 3844 pluviam
1784 3772 1946 3827 traxit
1976 3789 1989 3824 :
2020 3785 2118 3825 nec

547 3864 707 3932 paulo
756 3865 958 3920 tardius
983 3873 1104 3935 post
1134 3865 1430 3920 orationem
1471 3863 1747 3918 inundatio
1797 3861 1883 3915 illa
1933 3870 2117 3915 secuta

548 3967 631 4007 est
668 3955 798 4009 :sed
823 3957 968 4009 tanta
991 3955 1094 4010 fuit
1115 3953 1484 4010 convenientia
1515 3953 1779 4007 orationis
1803 3959 1857 4005 et
1893 3950 2120 4005 inunda-

551 4046 730 4109 tionis,
764 4054 823 4099 ut
846 4045 911 4099 de
941 4060 1120 4099 mensa
1150 4054 1310 4115 caput
1337 4045 1448 4114 jam
1479 4059 1601 4099 cum
1650 4043 1848 4098 tonitru
1899 4041 2116 4102 levaret,

553 4145 815 4202 quatenus
838 4149 1002 4189 linum
1027 4136 1275 4205 idemque
1300 4144 1442 4190 esset
1470 4140 1820 4195 momentum,
1845 4141 1899 4186 et
1944 4131 2122 4186 levare

556 4233 717 4295 caput
744 4225 1064 4296 ct.pluvlam
1091 4229 1376 4294 deponere.
1403 4222 1572 4290 Quam
1593 4223 1762 4277 bonus
1792 4222 1933 4276 Deus
1959 4221 2121 4276 Israel

555 4320 715 4374 rectis
763 4318 925 4374 corde
957 4360 969 4381 ,
999 4325 1182 4390 quam
1244 4309 1366 4387 pia!
1394 4317 1585 4371 animze
1635 4313 1895 4386 quwrenti
1939 4313 2124 4368 illum?

556 4413 693 4467 Ecce
722 4412 813 4482 qui
840 4401 1226 4466 scrutator‘est
1254 4409 1513 4464 mentium
1571 4416 1626 4463 et
1678 4408 1839 4461 corda
1882 4407 2121 4462 omnium

2205 576 2379 621 tutum
2429 565 2588 619 laude
2635 569 2922 620 coruscat:
2953 574 3104 614 ecce'
3136 557 3279 612 illius
3317 553 3585 610 miraculo
3631 553 3786 622 plebs

2204 667 2387 712 sancta
2414 655 2718 725 congaudet
2746 670 2760 707 :
2791 666 2923 709 ecce
2939 665 3100 720 quam
3139 649 3354 704 cultasu
3402 645 3624 701 sarculo
3670 659 3792 698 cte-

2204 749 2344 813 lesti,
2381 748 2588 803 fructus
2615 746 2718 800 fert
2742 745 3038 816 signorum.
3076 740 3333 809 Sequitur
3364 756 3379 792 :

2274 841 2360 895 12.
2400 840 2550 895 Tunc
2573 837 2658 892 vir
2683 835 2777 890 Dei
2807 835 2950 890 inter
2967 845 3226 889 coruscos
3252 830 3481 884 tonitrus
3506 835 3681 894 atque
3707 825 3792 878 in-

2206 931 2382 1000 gentis
2424 928 2618 998 pluvi-ae
2643 925 3070 986 inundationem,
3097 921 3286 974 videns
3310 933 3370 972 se
3395 917 3463 972 ad
3499 923 3788 970 monaste-

2207 1020 2346 1075 rium
2373 1033 2480 1073 non
2507 1031 2666 1087 posse
2713 1028 2978 1074 remeare,
3005 1010 3168 1081 erepit
3197 1007 3452 1077 conqueri
3483 1006 3787 1061 mutrista—

2208 1122 2313 1175 tus,
2354 1111 2536 1166 dicens
2575 1127 2586 1161 :
2628 1107 2821 1160 Pareat
2868 1105 2962 1158 tibi
3001 1101 3339 1170 omnipotens
3380 1097 3558 1159 Deus,
3603 1111 3788 1163 soror,

2207 1207 2336 1276 quid
2377 1212 2462 1258 est
2501 1202 2648 1272 quod
2673 1199 2884 1254 fecisti?
2921 1196 3100 1264 Quare
3124 1194 3342 1263 quaeris,
3378 1191 3463 1244 vir
3489 1188 3629 1253 Dei,
3654 1189 3788 1257 quid

2208 1311 2363 1352 somr
2387 1293 2614 1350 fecerit?
2643 1289 2891 1359 Nunquid
2937 1302 3044 1341 non
3091 1284 3268 1339 cernis
3316 1281 3446 1351 quid
3493 1279 3614 1349 ipsa
3643 1278 3791 1332 tece—

2206 1387 2316 1442 rit?
2352 1383 2599 1454 Nunquid
2646 1395 2753 1436 non
2809 1379 2958 1433 vides
3021 1373 3214 1446 pluvia:
3260 1371 3474 1442 guttas?
3533 1368 3792 1437 Nunquid

2207 1484 2312 1539 non
2357 1480 2512 1536 audis
2551 1481 2941 1544 concrepantes
2981 1469 3216 1539 mugitus
3247 1464 3500 1520 aetheris?
3533 1458 3794 1528 Nunquid

2209 1573 2512 1631 non'sent-is
2541 1566 2798 1624 miracula
2829 1576 3140 1625 coruscare,
3167 1560 3320 1628 signa
3353 1555 3550 1617 ﬂuere,
3595 1551 3796 1605 {sanda-

2208 1667 2353 1722 min’a
2383 1665 2574 1719 domus
2607 1655 3024 1718 contremiscere
3047 1683 3078 1716 ,-
3109 1662 3164 1706 et
3211 1649 3348 1704 dicis
3388 1647 3520 1716 quid
3569 1642 3796 1698 fecisti!

2209 1753 2460 1822 Nunquid
2490 1752 2602 1820 ipsa
2629 1751 2731 1803 hoc
2754 1746 2899 1805 fecit,
2931 1742 3071 1811 quod
3097 1740 3268 1808 magis
3295 1748 3382 1791 tua
3407 1743 3604 1790 sancta
3629 1747 3796 1802 nega-

2135 1829 2182 1889 Β
2211 1847 2288 1901 tio
2315 1843 2442 1899 fecit
2471 1859 2486 1896 :
2514 1842 2637 1910 quia
2666 1839 2710 1893 si
2745 1852 2849 1891 non
2881 1847 3148 1903 negasses,
3177 1826 3644 1884 mirandumst»
3665 1835 3796 1879 ele-

2209 1937 2368 1991 niret.
2401 1932 2513 1987 Hoc
2541 1929 2792 1986 Christus
2817 1924 2986 1995 gessit
3026 1921 3243 1992 pietatis
3273 1911 3674 1978 amatorJiaua
3699 1925 3800 1982 po»

2209 2027 2342 2082 lenti
2371 2024 2678 2079 Chananea:
2704 2014 2930 2072 mulieri
2975 2024 3165 2081 preces
3209 2006 3398 2062 audire
3442 2000 3706 2067 distulit,
3735 2006 3798 2054 ι

2209 2118 2326 2188 ejus
2357 2116 2514 2171 fidem
2557 2112 2762 2166 iaceret
2805 2106 3135 2168 acutiorem,
3174 2109 3252 2156 ut'
3275 2088 3798 2168 querenti-.93“

2212 2181 2401 2268 micas,
2428 2204 2521 2259 ﬁlii
2550 2203 2772 2256 daretur
2792 2197 2964 2268 panis.
2998 2193 3104 2248 Sed
3129 2191 3216 2246 illa
3244 2197 3303 2244 ut
3325 2195 3596 2242 extranea
3616 2199 3648 2237 a
3675 2181 3798 2236 [ini-

2211 2299 2313 2354 bus
2335 2307 2462 2352 tunc
2485 2293 2650 2357 venit,
2669 2290 2780 2360 jam
2805 2304 2910 2342 ιιοιι
2931 2293 3190 2340 extranea
3211 2295 3242 2334 a
3259 2276 3538 2334 consortio
3551 2273 3762 2328 Christi
3777 2288 3796 2324 :

2211 2393 2313 2447 ista
2341 2402 2470 2441 vero
2496 2401 2526 2438 a
2553 2359 2832 2438 cunabulis
2855 2376 3072 2432 Christo
3095 2372 3294 2432 dicata,
3321 2381 3444 2422 cum
3473 2361 3646 2418 naria
3673 2359 3798 2428 glo-

2212 2482 2353 2538 riosa
2388 2478 2606 2546 Virgine
2649 2472 2833 2528 audire
2874 2466 3106 2522 meruit:
3133 2461 3398 2532 Optimam
3437 2464 3654 2528 partes.
3687 2451 3798 2506 ele-

2213 2572 2285 2642 git
2333 2544 2570 2639 (Lucis,
2609 2562 2726 2633 ﬂ).
2757 2561 2822 2616 Et
2847 2571 3019 2629 «inure
3046 2555 3204 2611 Pater
3229 2544 3756 2642 contristatus'dids
3777 2559 3798 2597 :

2214 2629 2412 2714 Pareat
2436 2657 2530 2711 tibi
2555 2629 2896 2721 omnipotens
2919 2645 3080 2704 Deus.
3107 2656 3278 2697 soror.
3294 2638 3423 2707 quid
3436 2643 3522 2690 est
3547 2633 3694 2702 quod
3719 2629 3798 2684 fe-

2215 2751 2378 2808 cisti?
2415 2743 2728 2807 Ovir-Dci,
2757 2739 2851 2796 tibi
2905 2735 3180 2793 hominum
3228 2737 3436 2784 mentes
3483 2730 3799 2794 patescunt,

2219 2845 2312 2902 tibi
2356 2857 2452 2897 aer
2474 2838 2798 2894 nnmismata
2844 2830 3048 2889 fundit,
3090 2813 3184 2879 tibi
3229 2822 3381 2880 arida
3428 2817 3570 2872 dolia
3609 2813 3798 2868 oleum

2219 2943 2454 2997 manant,
2491 2933 2584 2988 tibi
2611 2930 2722 2986 alta
2765 2923 3018 2998 profundi
3064 2921 3167 2974 laci
3194 2917 3396 2974 ferrum
3421 2913 3690 2978 reducunt
3725 2908 3801 2962 ab

2220 3032 2348 3094 imo,
2379 3028 2478 3097 ipsi
2511 3023 2666 3097 inferi
2696 3020 2932 3076 animam
2960 3013 3210 3072 reddunt,
3233 3016 3289 3065 et
3313 3019 3456 3060 nunc
3473 3001 3626 3070 quasi
3655 3013 3798 3053 cou-

2222 3091 2465 3178 t'risl’atus
2493 3091 2739 3173 nesciens
2767 3112 2925 3172 dicis,
2956 3106 3084 3176 quid
3116 3100 3329 3158 fecisti?
3349 3097 3398 3153 ο
3427 3095 3577 3151 Pater
3598 3091 3790 3152 litate,

2217 3217 2259 3270 si
2290 3213 2370 3268 fas
2393 3222 2474 3266 est
2502 3211 2698 3263 dicere.
2729 3213 2987 3274 quantum
3015 3197 3187 3250 fuerat
3207 3189 3409 3259 iustius
3436 3186 3630 3244 dicere,
3649 3178 3793 3234 Par-

2216 3313 2303 3361 cat
2329 3302 2457 3357 mihi
2493 3271 2835 3368 omnipotens
2863 3293 3026 3352 Deus,
3047 3286 3138 3356 qui
3163 3294 3282 3338 tuas
3308 3282 3476 3336 bonas
3495 3290 3602 3329 non
3627 3271 3798 3325 audio

2216 3414 2406 3471 preces
2433 3415 2447 3451 :
2471 3365 2894 3466 quam—diceres,
2917 3386 3110 3440 Pareat
3137 3378 3229 3433 tibi
3258 3373 3598 3442 multipotens
3623 3365 3798 3422 Deus,

2217 3458 2344 3562 quid
2389 3458 2670 3556 esbquod
2725 3477 2937 3535 fecisti?
2990 3473 3100 3528 Hoc
3141 3479 3224 3524 est
3280 3465 3409 3520 illud
3460 3458 3801 3517 Salomonis.

2220 3545 2389 3649 Argue
2431 3545 2710 3648 sapientem
2753 3581 2800 3624 et
2849 3566 3025 3636 diliget
3070 3573 3118 3616 te
3159 3556 3452 3631 (Prona,
3477 3550 3556 3620 8).
3592 3545 3801 3614 Sequi-

2220 3683 2354 3727 ιιιιε
3166 3705 3170 3708 .

2291 3763 2380 3817 15.
2417 3759 2514 3814 Cui
2552 3758 2636 3811 illa
2678 3751 2954 3821 respondit
2985 3765 2999 3802 :
3031 3746 3171 3800 Ecce
3198 3751 3250 3795 te
3283 3734 3485 3808 rogavi,
3517 3739 3576 3787 et
3603 3727 3804 3783 audire

2221 3871 2307 3911 me
2335 3851 2574 3916 noluisti,
2620 3846 2800 3917 rogavi
2828 3841 3115 3898 Dominum
3144 3849 3343 3894 meum,
3371 3838 3428 3885 et
3454 3824 3662 3880 audivit
3689 3836 3802 3874 me.

2222 3914 2586 4004 Subaudiatur
2615 3960 2628 3995 :
2661 3914 2738 3994 'fe
2776 3936 2993 4006 quidem
3023 3928 3204 4000 rogavi
3234 3934 3294 3978 ut
3338 3921 3585 3982 fratrem,
3607 3914 3712 3968 sed
3745 3922 3804 3964 tu

2221 4051 2279 4096 ut
2316 4048 2624 4111 germanam
2654 4028 2873 4087 noluisti
2919 4024 3125 4080 audire.
3173 4015 3464 4088 Sperabam
3513 4018 3572 4061 ut
3610 4013 3806 4058 mente

2223 4133 2452 4189 haberes
2497 4127 2705 4182 viscera
2756 4117 2981 4179 matris,
3034 4119 3221 4184 partus
3264 4105 3501 4161 dolorem
3525 4139 3543 4162 ,
3593 4097 3808 4149 lacteas

2225 4233 2506 4282 mammas,
2535 4230 2702 4272 cunas
2731 4209 2976 4268 nutricis,
3007 4204 3220 4258 lavacra
3245 4191 3570 4252 obstetricis,
3595 4185 3807 4240 fascias

2225 4275 2549 4382 temporales
2575 4345 2590 4368 ,
2634 4301 2828 4372 quibus
2862 4294 3087 4352 infantia
3116 4291 3244 4346 olim
3291 4282 3533 4340 nutrivit.
3579 4275 3696 4331 Sed
3749 4284 3806 4326 tu

2225 4422 2312 4461 me
2340 4372 2559 4459 noluisti
2589 4397 2808 4456 audire,
2835 4401 2890 4447 et
2927 4389 3098 4458 magis
3127 4381 3418 4439 festinabas
3462 4375 3528 4429 ad
3572 4372 3807 4431 fratres,

559 4503 752 4565 cernit,
786 4502 875 4570 qui
899 4515 995 4570 per
1015 4499 1356 4555 Psalmistam
1382 4499 1511 4553 dicit
1536 4515 1547 4551 :
1570 4497 1836 4553 lnrocabit
1862 4513 1943 4552 me
1963 4509 2009 4551 et
2031 4514 2123 4567 ego
2151 4514 2198 4573 ι)
2225 4513 2361 4568 quos
2388 4493 2483 4548 tibi
2513 4489 2623 4545 sola
2656 4485 2891 4540 charilas
2919 4478 3119 4535 Christi
3162 4473 3290 4528 facit
3315 4477 3630 4540 germanos,
3663 4474 3810 4527 quos

549 4595 830 4648 exaudiam
852 4610 990 4658 eum,
1023 4609 1139 4646 cum
1162 4593 1272 4660 ipso
1311 4608 1424 4644 sum
1467 4592 1520 4643 in
1560 4590 1892 4645 tribulatione
1947 4587 2119 4661 (Psal.

551 4699 641 4751 xc,
665 4686 753 4755 12)
781 4704 795 4739 :
820 4700 949 4741 ecce
991 4701 1095 4739 non
1129 4683 1354 4744 dlstulil,
1378 4699 1481 4737 non
1502 4684 1696 4737 multas
1715 4683 1985 4753 expedivit
2004 4697 2124 4751 pre-

551 4791 660 4836 ces.
690 4777 783 4831 sed
803 4777 856 4830 in
897 4777 1004 4831 ictu
1037 4775 1175 4830 oculi
1222 4784 1277 4831 et
1301 4785 1500 4844 puncto
1557 4776 1737 4830 cordis
1785 4774 1987 4845 petenti
2028 4775 2128 4829 tri-

551 4870 668 4927 buit
698 4869 918 4925 donum.
956 4867 1088 4923 Nam
1142 4867 1316 4923 levato
1364 4866 1431 4924 dc
1471 4870 1718 4923 manibus
1764 4869 1959 4938 capite,
2015 4884 2122 4923 una

555 4961 656 5018 fuit
689 4959 1060 5016 convenientia
1090 4959 1348 5014 orationis
1392 4967 1443 5013 el
1480 4958 1864 5016 innndationis.
1936 4957 2122 5013 Gaude

553 5066 609 5110 et
634 5051 1099 5119 lmtare,virorum
1122 5050 1480 5113 sanctissime,
1517 5050 1640 5118 quia
1665 5057 1792 5104 ecce
1819 5058 1967 5104 tenes
1981 5050 2123 5119 quod

549 5146 808 5211 voluisti,
855 5159 982 5200 ecce
1025 5141 1192 5197 habes
1236 5141 1377 5211 quod
1435 5155 1649 5210 semper
1693 5141 1971 5209 quaesisti:
1999 5157 2127 5197 ecce

555 5239 814 5295 miracula
863 5236 1041 5292 cernis
1087 5235 1335 5305 insignia,
1387 5233 1523 5287 cado
1586 5243 1837 5302 terraque
1877 5232 2124 5303 probata.

553 5331 694 5385 Vere
715 5331 757 5385 si
798 5344 902 5383 non
930 5341 1186 5398 negasses
1225 5325 1367 5396 quod
1410 5325 1722 5394 expetehas,
1781 5340 1886 5377 non
1918 5325 2130 5379 fuerant

559 5426 711 5495 signa
745 5420 996 5478 humanis
1017 5417 1186 5475 oculis
1213 5426 1358 5480 nata,
1386 5433 1506 5488 qua:
1531 5424 1642 5471 toto
1664 5430 1876 5486 semper
1930 5419 2129 5472 mundo

627 5595 655 5622 ιι
698 5581 865 5662 Erant
893 5574 1284 5662 ‘ergo‘gemel‘li
1319 5573 1638 5660 Benedictus
1688 5585 1744 5630 et
1771 5575 2128 5662 scholastica,

558 5666 666 5707 uno
700 5651 908 5706 scilicet
954 5657 1104 5716 partu
1149 5647 1278 5716 editi
1308 5663 1321 5700 :
1354 5663 1458 5701 non
1499 5649 1644 5702 enim
1679 5663 1788 5701 una,
1829 5649 1896 5700 iis
1931 5647 2126 5701 alicubi

561 5721 767 5800 mansio
805 5728 885 5773 est
904 5761 926 5800 ,Ι
955 5715 1046 5787 qui
1079 5716 1209 5800 sibi
1231 5715 1280 5769 in
1315 5717 1564 5800 eumdem
1604 5717 1776 5772 locum
1821 5726 1938 5800 post
1969 5719 2131 5772 inter-

565 5792 699 5843 valla
736 5786 1046 5842 suere-hiut.
1079 5787 1404 5841 'l'rithentius
1435 5788 1484 5840 in
1513 5787 1601 5841 lib.
1640 5805 1676 5853 ι,
1709 5788 1774 5841 dc
1801 5786 1939 5841 Viris
1964 5787 2121 5841 illust.

2226 4553 2386 4643 etiam
2420 4582 2598 4637 nescis
2625 4593 2654 4631 a
2687 4590 2793 4645 quo
2823 4571 2992 4626 limite
3017 4566 3084 4620 ad
3107 4575 3194 4617 tua
3221 4555 3485 4617 cunabula
3513 4553 3606 4607 hos
3637 4565 3811 4601 Inun-

2227 4679 2327 4732 dus
2353 4673 2700 4729 transmittat.
2737 4665 2946 4720 Idcirco
2969 4656 3152 4729 rogavi
3183 4651 3467 4709 Dominum
3493 4658 3676 4700 meum
3701 4682 3720 4702 ,
3757 4649 3814 4693 et

2227 4768 2433 4824 audivit
2480 4780 2585 4820 me.
2631 4761 2709 4816 Tu
2761 4773 2867 4814 non
2910 4749 3227 4810 attendebas
3269 4743 3413 4815 quod
3460 4752 3596 4794 unus
3648 4745 3812 4804 pater

2228 4860 2506 4913 amborum
2537 4851 2762 4908 contulit
2803 4845 3068 4903 membra,
3101 4849 3156 4893 tu
3198 4851 3305 4890 non
3335 4831 3592 4887 cernebas
3635 4838 3812 4877 unam

2229 4947 2382 5001 nobis
2406 4941 2740 4997 mansionem
2769 4948 2796 4976 ιι
2818 4947 2938 4989 esse
2961 4929 3056 5002 [aL
3079 4923 3269 4994 fuisse]
3291 4923 3432 4976 inter
3449 4915 3588 4970 uteri
3611 4922 3807 4981 septa:

2231 5039 2432 5094 idcirco
2461 5033 2527 5086 ad
2555 5031 2702 5085 illum
2735 5036 2939 5096 patrem
2984 5016 3234 5077 cucurri,
3258 5011 3351 5081 qui
3382 5007 3538 5062 nobis
3565 5003 3808 5056 animata

2231 5129 2396 5192 dedit,
2424 5125 2514 5196 qui
2545 5094 2758 5178 terrena
2787 5115 2996 5177 tribuit,
3022 5120 3078 5166 et
3102 5105 3340 5164 cmlestia
3367 5116 3471 5155 non
3497 5094 3810 5164 denegavit.

2232 5189 2391 5275 Modo
2413 5189 2544 5286 ergo
2572 5215 2614 5269 si
2641 5221 2817 5282 potes,
2837 5208 3115 5279 egredere,
3141 5209 3196 5254 et
3221 5214 3308 5252 me
3325 5194 3568 5254 dimissa,
3591 5189 3664 5242 ad
3687 5201 3814 5239 rmo-

2233 5309 2528 5364 nasterinm
2555 5303 2692 5358 redi.
2721 5300 2876 5354 Modo
2901 5295 3048 5350 enim
3081 5287 3364 5361 praesentis
3385 5292 3472 5338 est
3500 5277 3772 5346 temporis
3793 5291 3812 5324 :

2236 5401 2394 5455 modo
2423 5397 2598 5460 enim,
2642 5391 2858 5462 quando
2903 5387 2997 5441 tibi
3042 5382 3382 5451 omnipotens
3425 5375 3572 5428 Delus
3609 5369 3818 5423 itinen

2233 5576 2363 5632 0rd.
2391 5574 2448 5627 S.
2474 5573 2560 5633 8.,
2583 5587 2635 5627 c.
2665 5570 2712 5632 I,
2737 5568 2804 5621 de
2825 5560 3373 5633 Abundantia-eomm
3399 5557 3578 5632 matre

2234 5615 2387 5706 Ῐίειια.
2430 5615 2639 5712 inquit,
2684 5615 3080 5712 periclitatam
3126 5638 3280 5712 partu
3335 5621 3579 5699 geminos
3618 5615 3810 5712 eéiiitit,

2236 5687 2401 5770 filiuni
2444 5685 2647 5769 scilicet
2685 5685 3062 5766 Benedictum.
3099 5685 3152 5756 οἰ
3192 5685 3367 5752 filiani,
3391 5689 3609 5746 nomine
3642 5685 3813 5739 Scho-

2234 5788 2490 5841 laslicam.
