4026 6308
249 355 361 412 983
387 397 390 400 -

1246 353 1407 412 νιτΑ
1444 326 1744 412 sanam:
1783 350 2289 415 scnousrtcg
2321 359 2502 417 Viae.

3397 355 3520 414 εει

247 469 445 524 clausit
473 466 686 522 {modo
705 505 719 528 ,
765 466 980 534 quando
1023 465 1225 522 aditum
1276 468 1438 524 eundi
1495 465 1778 538 denegavit
1807 481 1824 519 :
1852 465 1902 524 A
1928 471 2182 525 erantad
2209 472 2460 528 invicem.
2489 472 2596 528 Sed
2623 475 2736 528 haec
2758 483 2840 530 est
2865 468 3098 543 perfecta
3120 471 3362 528 charitas
3383 483 3509 541 qua:

248 561 433 624 modo,
479 557 525 612 si
571 566 748 628 potes,
787 573 875 612 me
901 557 1142 620 dimissa,
1175 559 1240 612 ad
1271 560 1656 612 monasterium
1687 556 1822 610 redi.

247 651 319 706 Et
339 663 461 714 cur,
484 646 666 711 Pater,
683 645 959 716 fatigat-is?
977 645 1226 716 Nunquid
1243 663 1349 701 non
1364 648 1450 701 hic
1463 655 1544 701 est
1557 656 1827 701 monaste-

249 740 390 794 rium
422 737 511 791 ubi
554 745 611 791 tu
652 750 742 797 es,
772 735 862 804 qui
899 745 1062 805 caput
1092 751 1152 791 es
1195 737 1437 792 omnium
1475 739 1828 791 mouiasterio-

253 843 410 890 nam,
440 835 496 882 et
543 826 734 880 doctor
778 826 1018 880 omnium
1074 827 1493 889 monachorum,
1543 827 1668 879 dum
1718 839 1822 878 non

250 920 401 974 locus
431 918 735 981 hominem,
782 917 875 972 sed
923 916 1087 971 homo
1129 916 1432 970 sanctificet
1468 915 1683 968 locum?
1730 913 1826 968 Sta

247 1016 412 1072 nunc,
442 1007 604 1063 Pater
631 1007 995 1069 sanctissime.
1025 1008 1245 1071 invitus,
1273 1005 1580 1060 tit-alterius
1603 1005 1708 1059 diei
1743 1002 1825 1060 sol

249 1100 348 1155 tibi
376 1098 610 1168 praebeat
639 1111 876 1167 gressus.
901 1096 1157 1164 Sequitur
1184 1112 1199 1148 :

317 1188 439 1259 ipse
480 1196 658 1242 autem
698 1187 848 1241 exire
885 1195 1037 1240 extra
1073 1195 1271 1240 tectum
1314 1203 1421 1240 non
1467 1186 1687 1251 valens,
1732 1187 1824 1256 qui

245 1279 472 1334 n‘ianere
524 1287 716 1348 sponte
747 1275 918 1329 noluit
943 1276 995 1328 in
1025 1275 1161 1338 loco,
1191 1277 1385 1329 utansit
1413 1276 1629 1330 invitus.
1653 1275 1824 1342 Quam

242 1368 434 1424 multis
479 1369 682 1421 sanctis
721 1366 852 1419 viris
898 1365 1074 1420 factus
1101 1379 1162 1419 es
1191 1366 1270 1419 vir
1309 1365 1404 1420 Dei
1435 1382 1689 1435 compar,
1733 1366 1824 1432 qui

242 1459 404 1514 inviti
451 1457 693 1512 fecerunt
742 1455 1005 1510 bonorum
1045 1455 1205 1510 facta.
1255 1455 1386 1510 Nam
1427 1454 1594 1509 Jacob
1628 1455 1830 1508 invitus

243 1552 474 1605 fratrem
506 1548 661 1617 fugit,
689 1547 778 1614 qui
816 1555 1002 1616 postea
1028 1547 1190 1602 rediit
1223 1562 1345 1600 cum
1375 1545 1579 1600 multis.
1614 1545 1705 1601 Sic
1731 1543 1827 1598 Jo—

243 1642 386 1711 seph
417 1642 613 1696 invitus
642 1639 817 1710 pergit
865 1640 932 1691 ad
967 1639 1183 1701 sedem,
1212 1647 1272 1692 ut
1307 1640 1496 1694 doctor
1533 1639 1684 1691 fieret
1728 1653 1825 1706 po-

241 1735 378 1805 pqu
403 1733 515 1790 Dei.
558 1733 648 1788 Sic
683 1731 870 1786 Daniel
899 1730 1040 1784 vadit
1073 1730 1398 1801 Babylouam
1439 1733 1505 1784 ad
1535 1746 1735 1794 arcem,
1767 1740 1824 1785 ut

1928 559 2071 614 Deus
2112 570 2228 624 est,
2271 578 2374 631 qua
2423 564 2512 617 hic
2539 563 2682 633 plus=
2700 580 2805 618 una
2837 565 3010 632 potuit
3041 579 3202 632 quam
3231 562 3370 618 alter
3397 579 3412 616 :
3439 562 3512 618 de

1926 666 2032 720 qua
2062 653 2188 708 dicit
2219 653 2506 723 Apostolus
2531 674 2550 709 ς
2581 655 2826 711 Charitas
2859 656 2952 710 Dei
2978 657 3173 724 diﬁ'usa
3203 665 3277 708 est
3301 656 3364 709 in
3383 669 3508 710 cor—

1925 743 2078 795 dibus
2095 746 2284 797 nostris
2296 762 2390 813 per
2409 745 2668 815 Spiritum
2683 759 2949 811 sanctum,
2969 748 3059 816 qui
3077 747 3332 800 datu-est
3357 745 3510 802 nobis

1927 830 2106 899 (Rom.
2135 849 2190 896 v,
2215 834 2293 901 5).
2327 833 2586 902 Sequitur
2615 852 2628 889 :

1998 923 2085 977 15.
2123 923 2364 994 Cumque
2390 927 2476 980 die
2505 926 2674 980 altero
2711 927 2900 982 eadem
2943 925 3267 980 venerabilis
3303 924 3506 982 femina

1927 1014 1992 1067 ad
2018 1013 2205 1068 cellam
2233 1016 2504 1084 propriam
2538 1017 2872 1080 recessisset,
2896 1017 2979 1069 vir
3007 1016 3100 1071 Dei
3131 1017 3200 1070 ad
3229 1027 3503 1072 monaste-

1928 1103 2066 1158 rium
2097 1105 2257 1158 rediit
2286 1124 2300 1160 :
2331 1115 2386 1159 et
2415 1121 2540 1162 ecce
2567 1123 2691 1164 cum
2722 1117 2848 1176 post.
2869 1108 3103 1160 triduum
3133 1106 3186 1161 in
3211 1106 3347 1162 cella
3371 1122 3512 1162 con-.

1927 1193 2143 1257 sistens,
2171 1194 2394 1250 elevatis
2423 1196 2474 1248 iu
2503 1211 2628 1250 aera
2651 1196 2844 1262 oculis,
2873 1195 3004 1249 vidit
3032 1184 3272 1262 ejusdem
3304 1197 3508 1252 sororis

1928 1301 2039 1339 sine
2066 1287 2298 1340 animam
2330 1287 2396 1341 de
2434 1287 2552 1356 ejus
2579 1303 2804 1354 corpore
2833 1301 3128 1358 egressam,
3161 1286 3214 1340 in
3242 1285 3508 1348 columba:

1927 1377 2107 1445 specie
2149 1376 2273 1431 caeli
2321 1387 2531 1432 secreta
2579 1389 2886 1446 penetrare.
2933 1377 3102 1444 Quam
3150 1374 3339 1432 felices
3379 1384 3508 1430 sunt

1926 1466 2067 1519 Ot'ull
2095 1464 2188 1533 qui
2235 1466 2446 1519 animas
2486 1474 2711 1534 possunt
2751 1465 3102 1535 contemplari
3152 1466 3367 1527 beatas,
3413 1463 3504 1532 qui

1927 1553 2128 1608 carnali
2171 1553 2362 1607 intuitu
2393 1553 2653 1622 spiritalia
2683 1568 2906 1608 cernere
2937 1555 3175 1626 queunt?
3203 1554 3309 1607 Ista
3344 1553 3503 1606 lumi-

1929 1647 2079 1700 naria
2126 1660 2232 1700 non
2279 1643 2524 1713 adjacent
2567 1646 2617 1698 iu
2646 1645 2958 1700 fundamine
2996 1645 3207 1707 frontis,
3238 1645 3331 1702 sed
3364 1644 3508 1698 intus

1930 1736 2262 1792 renitescnnt
2291 1736 2358 1792 ad
2385 1735 2564 1790 cordis
2589 1735 2851 1790 fenestras
2875 1738 2941 1790 de
2968 1736 3168 1804 quibus
3197 1734 3324 1787 dicit
3353 1751 3366 1786 :
3399 1732 3506 1800 Qui

245 1825 457 1894 primus
487 1823 639 1878 fieret
666 1821 997 1890 sapientibus
1027 1822 1254 1874 cunctis.
1281 1821 1373 1874 Sic
1403 1819 1596 1876 Saulus
1623 1821 1822 1873 invitus
1855 1813 1897 1873 Β
1925 1837 2046 1881 sunt
2075 1827 2160 1880 isti
2181 1828 2272 1898 qui
2305 1828 2549 1900 attrahe:
2579 1826 2749 1880 volunt
2768 1865 2783 1888 ,
2814 1835 2860 1878 et
2889 1825 3019 1878 sicut
3043 1824 3295 1900 columba:
3329 1821 3396 1874 ad
3425 1823 3505 1890 [es-

243 1919 424 1970 factus
466 1923 549 1968 est
597 1913 835 1977 Paulus,
885 1921 943 1965 ιιι
992 1911 1143 1967 fieret
1194 1913 1433 1982 geritiutn
1481 1913 1820 1980 praulicator.

243 1997 477 2076 Ideoque
521 2014 610 2059 tua
662 2019 764 2058 non
809 2005 1110 2074 requiescat
1152 2005 1394 2059 cbaritas
1423 2044 1440 2060 .
1485 2015 1673 2060 sancte
1713 2007 1820 2070 vir,

240 2091 393 2151 stare
422 2095 640 2156 invitus,
674 2102 732 2147 ut
774 2094 974 2149 Christi
1016 2093 1223 2148 tribuas
1247 2094 1568 2148 documenta-
1607 2093 1816 2148 salutis.

243 2184 506 2250 Sequitur
537 2199 550 2234 :

319 2275 405 2327 il.
445 2272 641 2343 Sicque
671 2274 868 2327 factum
895 2281 998 2335 est,
1032 2282 1091 2327 ιιι
1125 2283 1335 2328 noctem
1378 2283 1543 2336 totam
1588 2273 1822 2345 perrigi-

243 2361 364 2418 letu'
390 2364 679 2426 ducerent,
720 2372 879 2430 atque
905 2377 1001 2431 per
1028 2380 1180 2418 sacra
1223 2366 1482 2434 spiritalis
1512 2367 1630 2419 vita:
1659 2366 1823 2420 collu-

240 2455 371 2522 quia
399 2469 517 2508 sese
540 2455 735 2508 vicaria
765 2454 1023 2509 relatione
1044 2457 1324 2512 satiarent.
1353 2456 1488 2511 Ecce
1516 2473 1656 2510 nunc
1685 2474 1819 2510 nova

244 2547 510 2616 spiritalia
552 2548 740 2615 gaudia
772 2554 1016 2617 surgunt,
1048 2551 1171 2618 quia
1203 2565 1404 2619 negans
1447 2550 1614 2617 prius,
1645 2548 1819 2604 factus

242 2649 326 2692 est
373 2634 513 2690 nunc
560 2640 848 2693 attributor
875 2641 1114 2694 caelestis
1160 2661 1174 2693 :
1221 2648 1276 2694 et
1321 2641 1605 2711 colloquiis
1649 2642 1824 2696 sacris

243 2729 447 2783 vicaria
479 2728 732 2784 relatione
761 2746 822 2785 se
855 2733 1074 2794 satiant,
1105 2732 1195 2801 qui
1229 2731 1376 2802 prius
1419 2743 1577 2786 erant
1620 2749 1649 2786 a
1689 2749 1818 2787 con-

245 2821 431 2875 cordia
462 2821 754 2875 discordes.
785 2822 991 2889 Quauta
1019 2833 1145 2876 sunt
1173 2823 1511 2892 omnipotens
1549 2835 1634 2878 tua
1666 2827 1824 2880 mira-

246 2913 402 2981 bilia,
429 2912 600 2968 Deus!
636 2912 766 2967 Nam
818 2916 997 2969 omnia
1044 2917 1206 2983 proba
1259 2915 1507 2980 voluisti,
1541 2915 1738 2980 fecisti,
1768 2927 1822 2971 et

246 3019 355 3058 non
379 3005 571 3074 estqui
607 3005 820 3058 resistat
846 3015 949 3060 tute
971 3007 1266 3076 majestatis
1293 3010 1567 3076 potestati.
1594 3008 1824 3078 Ideoque

249 3094 468 3150 laudant
493 3105 542 3147 te
574 3095 718 3160 cmli,
751 3111 864 3160 aer,
895 3106 1062 3159 terra,
1095 3113 1264 3160 mare,
1293 3108 1348 3150 et
1377 3109 1569 3154 cuncta
1607 3115 1729 3168 qua:
1767 3101 1818 3154 in

250 3283 366 3341 ttta,
388 3285 446 3329 ιιι
473 3286 526 3329 te
549 3285 690 3331 totus
716 3278 863 3331 orbis
891 3288 1147 3344 agnoscat
1177 3294 1332 3331 suum
1357 3294 1476 3332 esse
1503 3278 1823 3348 Redempto—

251 3384 384 3422 rcm.
419 3367 493 3421 Da
534 3367 645 3435 jam
679 3371 798 3438 pius
834 3372 924 3440 pio
952 3370 1096 3424 Patri
1122 3369 1413 3425 Benedicto
1441 3371 1543 3426 iter
1569 3373 1829 3428 redeundi-

251 3460 318 3516 ad
356 3460 568 3528 cellam,
601 3463 805 3532 stringe
834 3461 1038 3518 aerium
1067 3476 1301 3527 amnem,
1333 3462 1458 3519 tolle
1487 3463 1676 3536 pluviae
1702 3474 1823 3534 gnt-

252 3561 367 3616 tas,
415 3552 482 3608 da
527 3555 834 3608 serenitatis
884 3555 1083 3618 solem,
1135 3561 1193 3606 ut
1239 3554 1330 3624 qui
1375 3547 1534 3610 laetus
1575 3558 1820 3621 accessit,

250 3646 489 3715 gaudens
534 3646 750 3700 recedat
795 3663 811 3700 :
858 3655 918 3700 ut
959 3643 1118 3700 simul
1159 3647 1277 3714 ejus
1325 3662 1482 3701 soror
1521 3647 1824 3703 valedicens

247 3735 433 3799 fratri,
482 3735 545 3790 ad
578 3737 787 3806 propria
820 3746 1144 3801 revertatur,
1172 3747 1232 3790 ut
1261 3737 1419 3791 simul
1449 3739 1743 3807 gaudentes
1770 3748 1826 3794 et

247 3826 604 3886 exsultantes,
638 3836 728 3878 tuo
759 3827 825 3881 de
857 3842 1077 3880 munere
1117 3827 1182 3880 ad
1213 3842 1324 3880 sua
1367 3836 1506 3881 tecta
1537 3829 1819 3883 vehantur.

248 3915 508 3984 Sequitur
538 3931 555 3968 :
582 3915 698 3982 Qua
729 3917 796 3969 de
825 3931 884 3970 re
910 3915 1018 3970 dixi
1051 3931 1172 3970 enm
1201 3915 1433 3971 voluisse
1461 3915 1690 3986 aliquid,
1728 3918 1821 3972 sed

244 4005 471 4059 minime
515 4007 752 4074 potuisse
793 4023 807 4059 :
849 4007 973 4098 qyia
1017 4007 1061 4060 si
1095 4006 1415 4062 venerabilis
1443 4009 1544 4062 viri
1593 4017 1819 4062 mentem

243 4096 538 4164 aspicimus
560 4137 574 4159 ,
605 4097 824 4151 dubium
852 4096 957 4152 non
983 4107 1097 4160 est,
1123 4099 1262 4168 quod
1285 4099 1532 4154 eamdem
1563 4101 1820 4156 serenita-

241 4194 356 4242 tem
385 4188 652 4250 voluerit,
687 4189 740 4242 in
770 4201 871 4255 qua
904 4188 1294 4253 descenderat,
1324 4205 1643 4258 permanere
1674 4209 1688 4245 :
1725 4193 1818 4248 sed

239 4283 431 4331 contra
463 4277 565 4331 hoc
591 4277 734 4346 quod
763 4278 956 4341 voluit,
986 4279 1036 4332 iu
1064 4280 1264 4333 virtute
1302 4281 1688 4350 omnipotentis
1725 4284 1817 4337 Dei

236 4382 308 4421 ex
339 4367 570 4422 femineo
595 4376 814 4436 pectore
851 4370 1169 4424 miraculum
1209 4371 1434 4424 invenit.
1481 4370 1589 4424 Nec
1621 4371 1815 4425 mirum

236 4457 384 4524 quod
415 4456 531 4526 plus
563 4457 652 4510 illo
676 4457 895 4520 femina,
920 4475 1038 4528 qtae
1063 4460 1151 4512 diu
1183 4459 1403 4513 fratrem
1430 4459 1614 4514 videre
1643 4460 1817 4528 cupie-

1924 1929 2124 1974 uestras
2176 1920 2342 1974 tuas?
2393 1918 2528 1989 (lea.
2588 1934 2676 1982 ιι,
2728 1916 2808 1989 8.)
2858 1917 2995 1973 Ecce
3043 1914 3508 1984 jam,Benedicte

1922 2010 2118 2075 Pater,
2164 2010 2265 2064 ista
2293 2009 2538 2064 columba
2583 2009 2649 2077 ad
2683 2017 2810 2062 tuas.
2835 2004 2948 2075 jam
2975 2006 3155 2084 cordis
3185 2003 3327 2058 volat
3357 2003 3507 2058 fene-

1922 2111 2097 2164 stras,
2142 2109 2200 2160 ιιι
2238 2110 2346 2169 tua:-
2375 2100 2582 2162 sororis
2619 2102 2799 2172 anima
2833 2113 3056 2168 pereas
3101 2097 3402 2159 transiens,
3435 2093 3504 2147 ad

1925 2191 2202 2257 ecclesiam
2233 2191 2378 2246 illam
2405 2190 2610 2246 deferat
2638 2199 2887 2258 portam:
2914 2198 2972 2240 ιιι
3000 2186 3086 2241 illa
3115 2185 3266 2240 fieret
3290 2183 3506 2239 doctrix

1923 2283 2357 2351 anitntcttantze,
2401 2296 2520 2350 qua:
2547 2279 2649 2333 fuit
2679 2279 2797 2350 avis
2824 2278 3092 2352 quondam
3132 2277 3395 2346 portatrix
3434 2273 3504 2328 ad

1923 2385 2103 2426 arcam
2131 2370 2336 2426 reddita
2365 2370 2533 2439 pacis.
2565 2369 2736 2442 Quam
2774 2366 2902 2422 felix
2927 2367 3037 2446 ales
3071 2365 3266 2446 talibus.
3293 2373 3492 2436 myste-

1924 2462 2021 2516 riis
2039 2471 2276 2530 compta,
2298 2476 2418 2530 qum
2435 2461 2640 2531 meruit
2662 2441 2824 2514 etiam
2849 2441 3010 2526 super
3035 2441 3319 2510 Dmuinum
3345 2453 3502 2510 Chri-.

1925 2564 2066 2612 stum
2115 2553 2372 2622 Spiritum
2410 2561 2656 2624 sanctum
2699 2550 2878 2605 ferre!
2908 2550 3011 2604 Ista
3054 2547 3304 2616 frequens
3347 2544 3506 2600 obse-

1923 2646 2067 2716 quiis
2105 2645 2265 2699 instat
2293 2644 2453 2714 chis
2484 2644 2692 2705 tcterui,
2726 2644 2827 2698 ista
2856 2641 3084 2697 assuetis
3125 2639 3316 2709 pennis
3343 2639 3503 2693 dear-

1924 2736 2156 2806 gcntatis
2209 2752 2342 2790 auro
2397 2735 2556 2790 dorsa
2626 2733 2933 2804 refulgens,
2997 2732 3248 2802 paradiso
3312 2729 3500 2785 nuntia

1925 2829 2117 2884 defert.
2162 2828 2240 2882 De
2276 2829 2378 2882 hac
2421 2829 2472 2881 in
2514 2825 2736 2882 Cantico
2775 2825 3117 2882 Canticorum
3161 2823 3332 2876 dicit:
3369 2820 3503 2877 Sur-

1924 2938 2009 2991 ge,
2059 2923 2228 2975 amica
2273 2937 2387 2974 mea
2435 2937 2644 2988 spuma,
2684 2929 2730 2973 et
2784 2919 2898 2972 veni
2939 2933 2957 2971 :
3003 2915 3240 2970 columba
3291 2931 3403 2967 mea
3448 2913 3502 2967 in

1927 3012 2272 3082 foraminibus
2313 3021 2508 3080 patrie,
2562 3009 2617 3062 in
2663 3025 2884 3062 caverna
2930 3007 3168 3061 ntaceria:
3205 3003 3381 3075 (Cant.
3429 3018 3503 3067 ιι,

1874 3172 1876 3174 _
1927 3102 2038 3169 14).
2081 3101 2338 3170 Sequitur
2375 3116 2390 3154 :

244 3184 329 3242 eis
357 3194 482 3240 sunt
518 3203 529 3238 :
561 3187 683 3254 quia
731 3201 944 3255 semper
988 3187 1212 3240 innovas
1256 3188 1405 3257 signa
1454 3197 1508 3240 et
1547 3189 1820 3242 mirabilia
1847 3197 1897 3255 ρ

1999 3191 2088 3243 16.
2129 3189 2227 3258 Qui
2276 3199 2439 3244 tanta:
2484 3188 2602 3258 ejus
2628 3187 2812 3258 gloria:
2838 3185 3212 3256 congaudens,
3254 3183 3500 3253 omnipo—

1927 3281 2056 3335 teuti
2088 3281 2196 3334 Deo
2227 3281 2277 3333 in
2309 3279 2522 3350 hymnis
2543 3288 2598 3333 et
2625 3277 2871 3331 laudibus
2899 3277 3099 3344 gratias
3125 3275 3252 3344 egit,
3279 3272 3502 3341 ejusque

1929 3373 2132 3426 obitum
2163 3370 2420 3425 fratribus
2453 3368 2808 3424 denuntiavit.
2833 3364 3180 3420 Denuntiavit
3203 3361 3344 3418 enim
3369 3375 3498 3415 san-

1925 3476 2044 3522 ctus
2071 3463 2228 3520 Pater
2251 3462 2536 3525 fratribus,
2571 3461 2712 3533 quod
2755 3460 2952 3514 meruit
2981 3471 3138 3512 sacro
3166 3455 3358 3510 intuitu
3382 3468 3501 3509 cer-

1927 3573 2055 3612 nere
2090 3567 2357 3609 secretum
2392 3571 2405 3608 ε
2444 3564 2500 3606 et
2539 3549 2732 3607 talibus
2764 3549 3108 3621 congaudens
3134 3547 3292 3606 votis,
3319 3546 3492 3599 omni~

1924 3649 2126 3717 potenti
2173 3647 2283 3700 Deo
2310 3647 2512 3713 gratias
2547 3646 2691 3714 egit,
2721 3644 2846 3713 quia
2893 3655 3053 3713 quam
3085 3648 3208 3693 ante
3261 3637 3495 3715 triduum

1926 3753 2047 3790 rore
2091 3737 2238 3803 verbi
2279 3736 2513 3789 cmlestis
2551 3734 2897 3804 perfuderat,
2945 3730 3286 3786 adtetherea
3333 3743 3495 3797 regna

1924 3826 1976 3880 in
2015 3827 2274 3880 columine
2318 3826 2495 3895 specie
2534 3823 2794 3878 scandere
2832 3821 3027 3877 cernit.
3071 3819 3366 3887 Sequitur:

1998 3918 2084 3971 17.
2116 3918 2262 3984 Quos
2286 3919 2448 3972 etiam
2487 3917 2731 3986 protinus
2760 3914 2929 3978 misit,
2957 3922 3015 3966 ut
3051 3909 3168 3977 ejus
3203 3923 3398 3976 corpus
3428 3905 3494 3959 ad

1922 4010 2306 4064 monasterium
2345 4006 2644 4069 deferrent,
2667 4017 2830 4074 atque
2859 4006 2914 4059 in
2949 4001 3194 4072 sepulcro
3220 3998 3360 4069 quod
3391 3996 3492 4052 sibi

1920 4099 2035 4168 ipse
2093 4108 2408 4169 paraverat,
2455 4106 2737 4168 ponerent.
2787 4098 2904 4164 Quo
2949 4095 3092 4150 facto
3137 4091 3388 4162 contigit,
3438 4098 3495 4143 ut

1921 4207 2148 4264 quorum
2180 4207 2331 4247 meus
2357 4207 2461 4245 una
2490 4206 2703 4260 semper
2742 4191 2794 4244 in
2827 4189 3050 4244 Domino
3081 4188 3276 4250 fuerat,
3305 4197 3493 4237 eorum

1919 4298 2132 4352 quoque
2157 4298 2381 4350 corpora
2421 4297 2518 4336 nec
2547 4282 2819 4350 sepultura
2850 4289 3146 4349 separaret.
3185 4278 3322 4331 Ecce
3341 4315 3356 4339 ,
3386 4275 3494 4329 ira-

1921 4385 2030 4429 tres
2047 4415 2061 4436 ,
2087 4375 2374 4443 margarita
2396 4373 2634 4428 cmlestis
2652 4389 2682 4424 a
2703 4373 3034 4440 negotiatore
3067 4369 3262 4424 dudum
3291 4375 3490 4435 empta,

1919 4475 2138 4535 aptatur
2165 4463 2475 4518 coelestibus
2508 4462 2860 4524 ornamentis,
2897 4462 3008 4530 jam
3042 4460 3179 4513 inter
3209 4459 3328 4511 lilia.
3364 4472 3492 4512 can-

236 4546 370 4608 bat,
419 4548 471 4600 in
518 4553 703 4601 eodem
752 4559 990 4616 tempore
1032 4549 1200 4602 valuit
1240 4568 1253 4603 :
1303 4551 1426 4619 quia
1474 4550 1617 4603 etum
1659 4550 1810 4620 juxta
1844 4538 2095 4610 Ddentia
2145 4570 2394 4624 pascens,
2448 4555 2692 4623 sequitur
2719 4555 2930 4622 Aguum
2979 4565 3298 4620 quocunque
3347 4549 3488 4602 ierit.

232 4633 462 4692 Joannis
490 4652 670 4691 vocem
692 4678 705 4699 ,
741 4638 878 4691 Dens
907 4639 1140 4692 riterite:
1183 4649 1256 4692 est
1303 4639 1353 4708 (I
1384 4638 1547 4694 Joan.
1577 4657 1648 4704 IV,
1681 4641 1768 4710 16)
1795 4657 1808 4694 :

227 4727 382 4798 justo
408 4729 562 4782 valde
584 4730 789 4798 judicio
816 4731 904 4784 illa
930 4732 1266 4802 pluspotuit.
1299 4749 1419 4803 quae
1445 4735 1564 4803 plus
1589 4737 1810 4792 amavit.

229 4816 394 4873 Brevi
443 4833 691 4874 sermone
737 4822 803 4874 de
843 4822 925 4875 his
951 4822 1324 4878 disserendum
1374 4839 1479 4877 nou
1523 4833 1625 4879 est.
1679 4825 1810 4880 Nam

231 4909 532 4963 secundum
572 4912 970 4978 grammaticos,
1003 4911 1241 4968 charitas
1271 4913 1445 4968 media
1475 4915 1684 4983 species
1708 4923 1810 4976 est,

231 5001 362 5055 dmn
410 5001 555 5055 inter
583 5003 748 5057 bonos
775 5012 832 5057 et
857 5003 1026 5057 malos
1065 5005 1301 5059 cbaritas
1339 5019 1458 5060 esse
1503 5007 1710 5075 possit,
1755 5014 1810 5058 et

231 5091 376 5147 inter
395 5093 635 5149 latrones
653 5106 708 5150 et
733 5098 850 5165 pios
877 5115 890 5152 :
925 5106 983 5151 ut
1010 5106 1094 5151 est
1121 5099 1248 5152 illud
1274 5117 1286 5153 :
1315 5097 1556 5168 Perfecta
1577 5101 1806 5154 charitas

230 5182 379 5251 foras
405 5185 560 5238 mittit
598 5187 835 5241 timorem
864 5188 1036 5258 (ibid.,
1063 5190 1170 5257 17).
1201 5189 1362 5243 Certe
1388 5190 1433 5244 si
1463 5190 1696 5260 perfecta
1725 5199 1808 5245 est

231 5274 358 5340 ista,
385 5289 507 5343 qua;
536 5275 678 5330 inter
706 5277 874 5333 bonos
902 5278 1048 5334 foras
1083 5275 1250 5339 mltit
1288 5279 1534 5335 timorem
1562 5297 1576 5336 :
1609 5280 1805 5349 imper—

230 5361 368 5417 fecta
418 5364 764 5422 nihilominus
793 5367 906 5423 fore
937 5370 1197 5434 creditur,
1225 5384 1348 5438 qua!
1374 5372 1516 5426 inter
1545 5370 1712 5427 ιιιιιοδ
1741 5388 1806 5428 ac

231 5457 498 5522 superbos
536 5457 788 5526 nequitia:
825 5460 1170 5514 concordiam
1201 5470 1439 5530 praestat.
1471 5461 1562 5518 Sic
1590 5462 1642 5517 in
1679 5477 1804 5532 pas-

231 5543 384 5610 sione
421 5544 634 5600 Domini
677 5545 881 5602 Pilatus
906 5547 1087 5605 Jesum
1117 5552 1338 5608 mittens
1371 5551 1602 5616 Herodi,
1636 5569 1664 5608 a
1699 5567 1808 5622 quo

230 5631 390 5689 Jesus
419 5636 483 5690 ad
515 5636 742 5692 Pilatum
778 5640 969 5694 iterum
1001 5645 1259 5698 remissus
1282 5685 1297 5706 .
1341 5646 1502 5699 amici
1529 5644 1652 5698 facti
1680 5655 1803 5700 sunt

237 5724 473 5781 llr-rodes
501 5737 554 5782 et
595 5728 796 5786 Pilatus
843 5731 895 5785 iu
939 5731 1048 5802 ipsa
1095 5734 1180 5789 die
1211 5753 1224 5788 :
1256 5750 1381 5791 nam
1413 5744 1568 5790 antea
1601 5735 1800 5790 inimici

1917 4645 2056 4700 Ecce
2085 4645 2136 4699 in
2167 4645 2416 4714 paradiso
2454 4644 2665 4700 Domini
2692 4645 2758 4698 ab
2789 4641 2991 4713 angelis
3019 4641 3334 4706 collocatur,
3361 4655 3491 4696 ecce

1917 4737 1970 4791 in
2011 4738 2170 4792 terris
2213 4738 2596 4792 monachorum
2640 4737 2887 4791 matribus
2925 4743 3140 4806 aptatur
3189 4733 3241 4787 in
3285 4731 3489 4786 tumulo

1915 4830 2122 4892 fratris,
2158 4838 2216 4884 ut
2243 4845 2438 4885 munus
2463 4829 2605 4898 quod
2633 4844 2735 4881 una
2767 4836 2940 4881 mater
2963 4824 3206 4890 contulit,
3239 4837 3337 4878 nec
3363 4820 3488 4875 cmli

1908 4921 2097 4989 janua,
2122 4937 2222 4976 nec
2245 4930 2402 4974 terra:
2426 4919 2699 4989 sepultura
2730 4926 3008 4989 separaret
3035 4935 3049 4971 :
3075 4925 3132 4970 et
3161 4917 3354 4986 quibus
3381 4928 3486 4966 una

1913 5008 2015 5064 fuit
2057 5025 2268 5080 semper
2315 5025 2468 5065 mens
2514 5009 2564 5063 in
2593 5008 2828 5074 Christo,
2860 5026 2963 5064 una
3008 4999 3150 5063 esset
3199 5017 3483 5072 corporum

1913 5115 2058 5154 arca.
2090 5100 2225 5154 Ecce
2254 5107 2498 5170 reparata
2529 5109 2653 5154 sunt
2691 5087 2780 5153 tua
2813 5101 3025 5161 damna,
3055 5095 3320 5165 paradiso.
3347 5091 3484 5146 Ecce

1914 5186 2065 5256 virgo
2085 5185 2176 5242 Dei
2207 5205 2365 5242 manu
2397 5189 2647 5254 formata,
2673 5204 2832 5258 quam
2861 5188 2924 5241 de
2951 5188 3040 5238 tuo
3072 5181 3293 5254 pestifer
3316 5182 3485 5236 hostis

1912 5278 2130 5334 abstulit
2157 5277 2292 5340 loco,
2325 5280 2436 5349 jam
2469 5281 2608 5334 redit
2644 5264 2732 5334 ad.
2755 5277 2984 5332 culmina
3017 5275 3161 5339 caeli,
3187 5273 3300 5343 jam
3329 5289 3482 5327 reco-

1912 5368 2122 5438 gnoscit
2151 5369 2228 5422 sui
2267 5369 2497 5436 palmam
2541 5369 2855 5429 structoris;
2885 5365 2994 5433 jam
3027 5365 3150 5434 quia
3190 5365 3328 5418 victa
3361 5362 3480 5427 fuit,

1913 5458 2103 5513 victrix
2139 5458 2312 5513 calcat
2356 5459 2526 5514 hostis
2554 5458 2686 5512 colla
2733 5457 2967 5527 maligni.
3001 5455 3124 5521 Dic,
3149 5456 3256 5520 dic,
3290 5451 3482 5508 inferni

1914 5553 2179 5617 minister,
2212 5553 2320 5617 die,
2361 5561 2598 5608 tartaree
2622 5553 2807 5617 miles,
2842 5554 2950 5618 die,
2975 5554 3286 5621 orcigeuum
3315 5563 3484 5622 genus

1909 5647 2148 5701 omnium
2170 5660 2500 5701 venenorum
2529 5644 2716 5700 fraude
2741 5645 3030 5715 repletum,
3063 5643 3189 5715 quid
3237 5644 3329 5699 tibi
3356 5641 3486 5697 fecit

1911 5737 2110 5806 plasma
2158 5734 2554 5793 sanctissimum
2589 5736 2707 5801 Dei,
2751 5737 2876 5808 quid
2923 5735 3019 5791 tibi
3048 5734 3242 5810 pocuit
3287 5732 3483 5789 femina
