2013 3154
272 182 324 211 987

597 179 742 212 ᾹΡΡΕΝΒ.
763 184 857 215 ADS.
882 183 1095 212 BEltTAltlUil.
1117 183 1160 210 DE
1179 183 1411 216 JEJUNHSPEB
1432 186 1563 215 ANNUM.

273 242 343 268 bene
363 240 499 269 formata?
523 240 615 274 Quave
638 247 720 269 causa
745 241 818 268 ultro
843 245 869 268 te
897 240 1067 270 consiliarius
1081 242 1104 272 Λ
1120 240 1198 275 phis;
1215 241 1337 274 exsulta,
1351 241 1498 270 Benedictc
1511 242 1592 270 Pater
1603 244 1776 273 sanctissime
1789 244 1916 278 Patrum,

275 287 390 322 injecisti
404 308 412 320 ,
437 292 467 314 ut
480 287 655 315 munducaret
675 288 746 322 quod
763 292 837 315 tuum
852 295 904 316 non
921 287 990 315 fuit?
1010 287 1068 320 Dic,

274 333 387 369 pestifer
400 333 452 365 fur,
465 334 528 368 quia
554 341 607 361 non
629 334 740 369 potuisti
760 341 854 369 rapere
873 338 977 369 partem
992 334 1068 369 regni

275 380 335 412 Dei,
348 379 409 407 ideo
426 379 532 406 voluisti
558 387 653 413 rapere
675 387 721 413 per
745 384 895 414 serpentem
914 384 1068 406 creaturam

276 426 333 457 Dei,
351 426 405 453 imo
416 426 504 460 qualis
522 426 659 456 Dominus,
676 426 754 452 talem
776 425 903 451 famulam
920 425 1011 451 mittit.
1029 424 1068 451 Tu

275 477 387 510 serpens
406 470 535 502 lubricus,
561 471 604 497 ille
626 479 737 505 serpens
764 476 916 503 tortuosus;
944 475 971 497 tu
997 472 1068 498 omni

275 518 368 546 dolore
380 518 484 552 plenus,
509 518 553 545 ille
573 519 645 545 omni
663 526 782 550 veneno;
800 523 827 544 tu
848 519 943 545 mortis
957 519 1068 545 consilia

276 563 352 594 dans,
370 563 415 590 ille
433 564 489 590 suis
502 564 609 597 organis
629 564 750 595 sibilans,
771 564 867 590 mortis
881 564 991 590 consilia
1007 572 1069 598 pro-

276 610 363 644 pinat.
381 609 506 643 Nunquid
532 617 584 635 non
610 610 719 644 potuisti
736 610 762 636 in
779 610 903 644 paradiso
926 610 971 636 Dei
997 610 1068 636 aliud

277 656 376 683 nimnl
397 656 529 687 invenire,
546 656 615 689 quod
640 656 692 683 tuis
713 656 782 682 votis
807 656 994 687 concordaret,
1017 656 1069 682 nisi

277 702 449 735 serpentem?
463 702 531 729 Vere
553 710 615 727 non.
632 702 670 727 Tu
687 702 810 728 callidior
828 702 929 735 angelis
953 702 1068 731 sanctis,

276 747 321 774 ille
342 747 463 774 callidior
486 747 667 774 animantibus
681 748 801 778 cunctis;
818 752 844 773 tu
862 748 947 774 bonus
962 748 986 773 in
1003 747 1070 773 cmlo

277 793 408 821 formatus
423 801 453 820 es
463 814 469 825 ,
493 797 589 828 sponte
605 793 691 819 malus
704 792 815 819 eﬂ'ectus
826 800 870 823 es;
889 792 932 818 ille
945 793 1030 819 bonus
1045 792 1070 818 iu

276 841 403 875 paradiso
421 845 529 867 creatus
552 845 603 872 est,
620 847 667 874 per
683 844 707 866 te
720 847 782 866 reus
795 838 905 866 etfectus
919 843 969 864 cst.
990 837 1070 872 Virgo

278 886 336 917 Dei.
349 886 451 921 plasma
466 886 521 916 Dei,
542 886 639 912 femina
654 886 699 912 Dei
719 886 786 911 bona
802 889 891 911 creata
907 888 956 915 cst,
982 890 1030 917 per
1046 887 1071 908 te

1123 286 1218 315 doctor
1234 286 1392 315 dulcissime
1415 287 1557 316 doctorum
1583 297 1589 314 :
1615 289 1690 323 quia,
1717 296 1920 319 consummatis

1120 334 1248 368 operibus
1269 334 1383 366 sanctis,
1401 334 1503 368 pariter
1525 335 1701 370 congaudens
1722 343 1806 371 super
1835 344 1920 372 reg-na

1120 380 1262 406 caelorum.
1280 379 1441 406 lnterceditc
1453 388 1502 414 pro
1516 381 1592 407 vobis
1604 381 1767 413 commissis,
1779 382 1921 416 postulate

1120 434 1169 461 pro
1185 427 1261 453 nobis
1279 426 1399 459 afﬂictis,
1417 432 1511 462 rogate
1532 435 1581 461 pro
1605 428 1705 455 nostris
1728 429 1851 459 delictis.
1874 436 1920 463 po-

1122 472 1187 498 scite
1202 471 1339 498 Christum
1353 480 1406 499 non
1423 473 1509 499 solum
1531 480 1580 507 pro
1596 473 1735 500 monachis
1748 474 1919 503 commissis,

1121 519 1167 544 sed
1182 519 1264 544 etiam
1279 526 1333 552 pro
1341 519 1437 545 vestris
1461 519 1576 550 ancillis,
1592 524 1622 546 ut
1635 520 1725 547 omnis
1734 524 1813 548 atlas.
1829 520 1926 546 omnis

1121 572 1211 594 sexus.
1226 565 1313 591 otnnis
1327 565 1409 593 Ordo.
1423 565 1468 599 qui
1482 566 1580 592 vestris
1602 566 1742 600 praeceptis
1762 564 1835 593 colla
1858 566 1922 594 sub

1122 609 1241 640 mittunt,
1256 610 1374 643 peritttra
1391 610 1482 637 mundi
1505 611 1672 645 despiciant,
1697 612 1794 647 gaudia
1815 618 1923 640 artem:

1122 656 1326 690 concupiscant,
1348 664 1430 690 regna
1447 657 1525 683 beata
1547 661 1699 690 appetant,
1715 665 1846 692 prospera
1861 658 1922 684 ani-

1122 710 1226 728 marum
1256 707 1283 728 et
1314 710 1458 737 corporum
1487 703 1647 736 percipiant.
1672 702 1751 730 Nulla
1782 703 1920 731 diabolica

1122 748 1215 774 fraude
1229 748 1414 779 molestentur,
1428 748 1507 775 nullis
1522 748 1721 775 incursionibus
1734 749 1922 783 malignorum

1123 792 1295 827 afﬂigantur,
1323 793 1458 827 nullisque
1488 793 1688 820 calamitatibus
1719 794 1922 822 annibilentnr.

1123 839 1205 873 Euge,
1222 839 1301 866 l’aler
1325 839 1405 870 beate
1417 860 1423 871 ,
1442 840 1502 866 fave
1516 840 1702 874 precantibus.
1720 847 1829 874 appone
1839 848 1923 869 aures

1124 884 1249 917 precibus
1274 885 1436 912 famulorum
1461 890 1584 917 tuorum,
1600 885 1632 912 (la
1656 886 1764 912 veniant
1785 887 1923 921 pusculi-

277 934 305 957 et
319 936 472 965 serpentem
493 930 585 956 illicita
602 931 734 965 gustando
754 929 848 956 effecta
863 934 903 955 est
922 929 1069 962 peccatrix.
1087 923 1108 951 Β
1123 929 1184 959 bus.
1206 930 1238 955 da
1252 930 1321 956 dona
1336 930 1529 964 qmerentibus,
1544 938 1624 965 parce
1638 931 1820 964 peccantibus
1834 940 1843 958 :
1858 932 1923 966 qui:

278 977 347 1009 Quid
363 977 473 1003 demens
487 977 518 1003 de
536 977 578 1003 his
594 977 640 1003 tibi
663 976 780 1010 profuit?
794 975 833 1001 Τιι
859 975 904 1001 tibi
928 979 1070 1009 perpetuos

277 1022 354 1058 ignes
367 1022 521 1053 cumulasti,
536 1022 580 1049 ille
592 1027 691 1049 terram
703 1022 825 1048 comedet
838 1022 941 1048 cunctis
955 1021 1050 1047 diebus
1063 1029 1069 1047 :

278 1074 306 1096 ιιι
332 1070 435 1096 catenis
460 1070 545 1104 igneis
570 1069 702 1103 illigatus;
734 1068 777 1095 ille
802 1068 921 1094 otnnittm
947 1068 985 1093 ira
1011 1074 1073 1101 pre-

278 1114 376 1148 tnitur,
403 1114 537 1142 calcaneis
566 1115 704 1145 tunditur,
732 1113 890 1140 verberibus
912 1112 1069 1146 ﬂagellatur.

279 1160 336 1192 Vae,
351 1168 392 1188 Vae
406 1168 454 1196 per
477 1160 566 1187 omnia
587 1160 672 1187 vobis.
688 1160 757 1186 Ecce
770 1159 867 1185 femina
884 1164 1008 1192 reparata
1032 1163 1073 1185 est

277 1203 407 1242 Sanguine
430 1205 544 1237 Christi,
566 1213 629 1232 ecce
644 1213 692 1240 pro
710 1205 855 1232 amissione
874 1204 972 1230 terreni
993 1212 1073 1238 para-

278 1251 340 1284 disi,
356 1251 400 1278 illa
422 1259 493 1279 nunc
515 1251 631 1278 culmina
647 1251 706 1278 etrli
732 1251 844 1281 retinet,
860 1250 930 1276 ttnde
952 1256 1072 1283 praeceps

272 1293 368 1325 ‘ruisti.
388 1297 500 1324 Versum
516 1301 557 1323 est
572 1297 606 1323 fel
631 1301 705 1323 tuutn
731 1296 756 1322 in
783 1295 950 1322 dulcedinem
975 1295 1072 1326 mellis,

279 1343 354 1369 fraus
369 1343 483 1378 maligna
503 1348 548 1369 tua
564 1344 589 1369 in
614 1343 812 1377 reparationem
826 1342 946 1368 omnitun
960 1346 987 1367 et
1003 1340 1074 1366 saltt-

279 1394 345 1416 tem.
364 1388 502 1416 Perforata
518 1394 560 1415 est
582 1389 689 1415 maxilla
716 1388 832 1421 gutturis
858 1387 894 1413 tui
908 1407 914 1419 ,
939 1386 1072 1413 netuinem

280 1435 417 1466 mordens,
442 1435 575 1461 nemiuem
597 1442 695 1460 vorans
716 1434 773 1460 sine
796 1433 850 1459 Deo
870 1432 985 1458 volente.
1002 1431 1035 1457 Et
1050 1431 1072 1457 si

281 1486 360 1513 quem
380 1480 530 1510 vorm-eris,
556 1480 655 1513 pietate
670 1479 716 1505 Dei
742 1478 901 1512 pra-fucatus
925 1485 985 1504 cutn
1010 1485 1072 1503 san-

281 1525 363 1559 guine
376 1524 481 1558 rcjicies
497 1525 581 1557 illtttn,
599 1530 625 1552 et
647 1525 679 1551 de
694 1525 842 1552 visceribus
859 1524 910 1551 tuis
935 1524 1074 1550 abstrahet

281 1570 357 1597 illum
371 1571 450 1600 Deus.

318 1617 361 1645 18.
377 1618 469 1646 Gaude
477 1619 544 1653 jatn,
560 1619 635 1655 virgo
651 1619 709 1651 Dei,
723 1620 804 1646 tantis
819 1619 963 1646 sublimata
979 1619 1075 1645 trium—

1126 979 1152 1000 tu
1170 979 1261 1008 pastor
1274 983 1320 1005 es,
1346 983 1393 1002 nos
1416 983 1480 1002 vero
1495 982 1570 1007 Oves,
1585 975 1647 1002 audi
1663 980 1690 1002 tu
1707 975 1817 1003 balatus
1831 977 1922 1004 ovium

1125 1024 1241 1051 tttarutu,
1259 1021 1335 1047 trahe
1350 1028 1398 1047 nos
1420 1026 1481 1055 post
1506 1026 1540 1053 te,
1567 1027 1596 1048 ut
1611 1022 1754 1048 veniamus
1778 1022 1813 1049 ad
1839 1028 1880 1054 te,
1895 1027 1923 1050 ut

1125 1066 1179 1092 illic
1193 1074 1254 1092 vera
1271 1074 1369 1100 pascua
1386 1067 1566 1099 inveniamus,
1581 1068 1625 1094 ubi
1648 1072 1712 1094 sunt
1734 1076 1801 1095 vera
1828 1068 1921 1103 gaudia

1125 1113 1300 1146 sempiterna.
1327 1112 1418 1139 Redde
1434 1112 1489 1139 Deo
1512 1113 1612 1140 talenta
1631 1113 1773 1140 cumulata
1790 1113 1826 1141 de
1838 1113 1920 1145 nobis.

1126 1165 1232 1194 reporta
1247 1167 1308 1186 cum
1332 1160 1421 1186 usuris
1435 1160 1537 1187 credita
1552 1159 1620 1187 dona
1645 1160 1857 1192 doctrinarum,
1872 1168 1922 1187 me-

1125 1214 1178 1240 que
1204 1206 1340 1240 indignum
1372 1206 1450 1241 hujus
1474 1206 1565 1240 operis
1594 1210 1848 1240 przesumptnrem,
1874 1207 1922 1233 tuis

1126 1250 1258 1285 coniunge
1284 1250 1398 1278 servulis
1422 1252 1518 1282 sacris,
1538 1255 1567 1277 ιιι
1582 1257 1642 1277 cum
1655 1251 1731 1278 omni
1750 1258 1838 1286 grege
1851 1258 1920 1277 com-

1126 1296 1208 1322 misso
1230 1296 1292 1322 vitm
1314 1296 1425 1330 praemia
1449 1303 1641 1330 assequamur,
1664 1300 1693 1321 ut
1716 1295 1766 1321 tibi
1789 1295 1921 1322 dicatura

1126 1342 1180 1368 Deo
1196 1351 1201 1367 :
1218 1342 1298 1376 Euge,
1313 1349 1391 1368 serve
1406 1342 1475 1368 bone
1490 1346 1517 1368 et
1535 1341 1636 1371 ﬁdelis,
1659 1341 1724 1375 quia
1741 1348 1830 1375 super
1844 1347 1921 1375 pauci

1127 1387 1199 1414 fuisti
1214 1388 1310 1418 ﬁdelis,
1327 1395 1408 1421 supra
1424 1387 1506 1413 mttlta
1522 1391 1548 1414 te
1561 1386 1743 1417 constituam;
1771 1386 1845 1412 intra
1865 1393 1922 1412 cum

1127 1435 1170 1462 liis
1192 1435 1317 1462 omnibus
1335 1436 1381 1462 tibi
1407 1435 1516 1462 creditis
1541 1435 1566 1461 in
1591 1434 1718 1468 gaudium
1740 1433 1851 1460 Domini
1877 1432 1921 1463 tui,

1126 1486 1272 1515 prmstnnle
1287 1482 1343 1514 ipso
1358 1482 1402 1515 qui
1419 1481 1499 1515 (ligna
1514 1480 1673 1515 promittere
1684 1479 1787 1514 gaudia
1801 1478 1924 1513 dignatus

1127 1533 1168 1554 est
1183 1528 1239 1554 suis
1254 1527 1370 1559 famulis,
1386 1528 1430 1560 qui
1445 1526 1510 1552 vivit
1531 1529 1560 1552 et
1574 1529 1668 1560 regnat
1688 1532 1741 1559 per
1757 1529 1855 1552 cuncta
1873 1531 1922 1550 ςε-

1127 1573 1184 1599 cula
1201 1573 1369 1599 saeculorum.
1385 1572 1482 1598 Amen.

287 1698 1908 1710 —__—_—__.——.._—_—_—_____————_

682 1763 884 1801 QUOMODO
902 1765 978 1795 PER
1002 1764 1141 1796 ANNUM
1159 1763 1424 1803 gJEJUNANDUM
1444 1764 1517 1794 SIT.

516 1837 563 1869 (Ex
576 1839 722 1872 mgnum-ip.
736 1838 788 1862 eod.
802 1837 948 1867 Causineusi,
961 1836 1023 1868 apud
1032 1835 1122 1861 Mablll.
1139 1840 1198 1861 tom.
1212 1835 1220 1860 l
1233 1834 1322 1861 Annal.
1334 1835 1388 1860 ord.
1401 1835 1426 1860 S.
1441 1834 1536 1860 Beued.
1549 1840 1604 1866 pag.
1616 1833 1686 1865 τοι.)

318 1969 440 2003 Quatuor
453 1973 585 2003 tempora.
608 1972 725 2003 quatuor
749 1971 812 1994 sunt
833 1967 953 2002 legitima
972 1965 1076 2001 jejuuia

283 2017 310 2044 in
326 2023 408 2047 anno,
428 2014 529 2042 scilicet
555 2014 656 2041 mensis
679 2013 759 2048 primi
787 2012 955 2039 hebdomada
976 2011 1074 2046 prima,

285 2062 349 2088 feria
364 2067 460 2095 quarta
474 2064 501 2087 et
513 2065 590 2086 sexta
605 2065 633 2086 et
651 2059 764 2086 sabbato
779 2059 806 2085 in
821 2058 961 2085 duodecim
980 2057 1075 2085 lectio-

284 2115 333 2135 ucs
343 2106 611 2140 jejuuandumusque
624 2106 657 2131 ad
667 2111 818 2139 vesperum.
831 2103 931 2131 Mensis
941 2103 1075 2138 tptarti,id

272 2158 325 2183 ‘est
337 2153 419 2185 Junii,
433 2152 600 2181 ltcbtlomatla
611 2151 741 2184 secunda,
760 2150 828 2178 feria
847 2154 943 2184 quarta
957 2154 985 2176 et
998 2156 1075 2177 sexta

282 2206 309 2229 et
323 2202 439 2229 sabbato
456 2201 482 2227 in
501 2200 641 2227 duodecim
660 2199 791 2226 lectiones
801 2195 978 2232 jejunandum
991 2203 1075 2230 usque

281 2249 315 2276 ad
334 2257 441 2276 nouam.
455 2248 545 2275 Mense
559 2247 739 2282 Septembrio,
756 2247 782 2273 id
796 2250 839 2274 est
852 2246 954 2273 mensis
967 2244 1074 2280 septimi

283 2295 449 2323 hcbdoniada
467 2295 557 2326 tertia,
575 2294 643 2321 feria
656 2298 753 2328 quarta
774 2298 802 2320 et
823 2298 899 2320 sexta
915 2297 943 2319 et
963 2292 1075 2319 sabbato

283 2344 310 2368 In
322 2342 462 2368 duodecim
480 2341 609 2368 lectiones
620 2339 795 2375 jcjunandum
816 2346 902 2372 usque
914 2338 947 2365 ad
963 2346 1072 2365 nonam.

283 2387 375 2414 Mense
396 2387 500 2414 decimo
523 2387 691 2414 hcbdomada
715 2390 823 2420 quarta,
844 2383 911 2411 feria
937 2388 1033 2420 quarta
1047 2388 1075 2411 et

282 2441 359 2463 sexta
375 2441 402 2462 et
413 2435 525 2462 sabbato
540 2435 566 2462 in
583 2434 725 2462 duodecim
747 2434 878 2461 lectiones
896 2430 1073 2467 jejunandum

282 2488 424 2517 estusque
437 2482 470 2509 ad
484 2490 635 2517 vesperum.
660 2481 712 2509 Ista
733 2480 873 2508 duodecim
896 2479 1013 2513 legitima
1034 2476 1075 2512 je-

279 2529 354 2563 junia
371 2537 419 2563 per
433 2536 533 2555 annum
549 2532 680 2555 excusant
693 2535 743 2562 pro
757 2526 875 2561 peccatis
888 2529 996 2553 centum
1011 2523 1074 2550 soli-

282 2576 331 2603 dos
347 2576 371 2602 in
387 2582 453 2602 auro
469 2579 556 2602 cocto.
573 2573 694 2608 Cumque
705 2573 824 2599 studiose
840 2572 898 2598 luce
915 2571 983 2598 duo.
994 2589 1017 2596 ..
1027 2588 1034 2595 .
1046 2587 1052 2594 .
1064 2589 1071 2595 .

282 2630 318 2648 no
333 2621 408 2657 pellit
426 2642 433 2648 .
448 2641 455 2648 .
473 2641 480 2647 .
503 2620 628 2648 liberabit
649 2639 657 2646 .
681 2638 689 2645 .
715 2638 722 2645 .
745 2638 751 2645 .

278 2667 393 2702 jcjunia,
410 2675 470 2702 qua:
485 2667 562 2694 Prior
576 2665 703 2693 indixerit
718 2672 766 2700 pro
782 2671 942 2699 quacunque
958 2662 1070 2690 tribula-

282 2713 364 2741 tione.

529 2777 569 2804 Dc
585 2777 692 2812 reliquis
707 2776 829 2812 jejuniis.

317 2844 346 2872 ln
367 2845 456 2881 vigilia
483 2845 569 2873 sancti
595 2844 713 2872 Matthmi
738 2849 765 2872 et
788 2843 892 2871 Natalis
916 2842 1021 2870 Domini
1046 2845 1075 2868 et

271 2886 430 2926 'Epiphauia
449 2890 625 2925 ieiunandum
639 2899 724 2925 usque
740 2891 772 2918 ad
786 2896 940 2925 vesperum.
955 2888 984 2915 lu
1005 2884 1074 2922 vigi-

1127 1965 1160 1992 lia
1189 1965 1362 1994 Ascensionis
1395 1965 1519 1997 Domini,
1548 1964 1748 1995 Pentecostcs,
1776 1970 1805 1992 et
1837 1965 1921 1993 sancti

1126 2011 1237 2039 Joannis
1260 2011 1405 2046 Baptistze.
1427 2016 1455 2039 et
1473 2011 1559 2038 sancti
1582 2010 1667 2043 Petri,
1686 2016 1714 2038 et
1738 2012 1829 2039 sancti
1851 2010 1918 2038 lau-

1126 2059 1217 2091 rcntii,
1230 2063 1259 2086 et
1271 2063 1372 2086 sanctte
1390 2058 1497 2091 Mariis;
1519 2059 1546 2086 in
1560 2058 1658 2094 vigiliis
1675 2059 1775 2086 barum
1791 2058 1918 2086 festiviu-

1127 2110 1182 2132 tum
1206 2113 1313 2140 semper
1336 2104 1510 2139 ieiunandum
1534 2110 1575 2132 est
1600 2112 1686 2139 usque
1705 2105 1739 2132 ad
1767 2113 1876 2136 nonam,
1892 2110 1919 2131 et

1126 2152 1229 2186 expleta
1246 2152 1328 2178 missa
1344 2151 1477 2178 reﬁciant.
1491 2150 1520 2178 Si
1540 2151 1687 2179 nominata:
1705 2151 1861 2185 vigiliarum
1879 2158 1917 2176 re-

1125 2196 1216 2230 liquiaa
1229 2197 1272 2223 die
1293 2196 1435 2224 Dominico
1446 2197 1626 2228 oceurrerint,
1644 2204 1697 2223 non
1713 2195 1914 2230 licctjcjunare.

1126 2242 1226 2268 Octava
1246 2240 1349 2268 Natalis
1373 2241 1492 2273 Domini,
1516 2245 1612 2268 octava
1629 2241 1800 2276 Epiphania,
1825 2241 1916 2267 Puriti-

1126 2287 1242 2314 cationis
1259 2291 1362 2314 sanctae
1376 2286 1477 2319 Mariae,
1501 2287 1548 2314 sed
1562 2291 1591 2314 et
1609 2291 1711 2314 sanctae
1730 2287 1917 2316 Scholasticr,

1126 2336 1284 2359 sanctorum
1302 2331 1425 2358 Faustini
1440 2335 1468 2359 et
1481 2330 1579 2359 Joviue
1591 2331 1677 2358 sancti
1693 2330 1837 2363 Germani,
1848 2331 1918 2358 dedi-

1124 2379 1196 2406 catio
1218 2378 1304 2406 sancti
1322 2378 1460 2406 Benedicti
1474 2385 1596 2410 sursum,
1613 2382 1642 2405 et
1655 2377 1793 2405 dedicatio
1815 2378 1920 2405 Domini

1126 2424 1275 2451 Salvatorie
1290 2428 1318 2451 et
1337 2428 1437 2451 sanctae
1455 2423 1547 2450 Maria:
1559 2424 1696 2451 deorsum.
1715 2422 1746 2449 ιιι
1760 2423 1821 2450 istis
1834 2423 1918 2449 ornati-

1125 2470 1176 2497 bus
1189 2469 1379 2497 festivitatibus
1394 2477 1447 2496 nou
1460 2468 1600 2503 ieiunatur
1613 2476 1699 2503 usque
1712 2469 1748 2495 ad
1764 2476 1916 2503 vesperum.

1125 2517 1178 2544 nisi
1193 2517 1216 2543 si
1230 2517 1351 2544 evenerit
1371 2521 1473 2543 sancta:
1488 2515 1674 2546 Scholasticaa,
1690 2520 1738 2542 aut
1760 2520 1921 2542 sanctorum

1125 2561 1249 2589 Faustini
1271 2566 1299 2588 et
1319 2560 1426 2593 Joviue.
1443 2561 1485 2588 vel
1499 2561 1585 2588 sancti
1608 2559 1729 2587 Matthia:
1749 2560 1868 2594 apostoli
1892 2560 1917 2585 in

776 2618 905 2645 animam
933 2616 1016 2644 Exlm
1041 2622 1071 2642 ea
1085 2609 1111 2638 D
1124 2606 1358 2642 quinquagesima,
1368 2611 1415 2633 aut
1427 2606 1452 2633 iu
1465 2605 1682 2640 quadragesima.
1695 2605 1810 2637 Quodsi
1826 2612 1919 2632 evene-

1126 2653 1220 2685 rit,sic
1231 2657 1327 2688 agatur
1338 2653 1409 2680 sicut
1424 2651 1516 2681 itutliis
1529 2650 1717 2685 sacrisjejunii
1729 2651 1839 2678 diebus.
1854 2650 1923 2677 Nam

1126 2699 1212 2727 cilicia
1230 2703 1260 2726 ut
1274 2699 1375 2733 reliqua
1386 2698 1476 2726 omnia
1488 2698 1522 2725 de
1535 2703 1617 2732 supra
1630 2697 1741 2731 scriptis
1763 2696 1918 2724 festivita-

1125 2747 1176 2774 bus
1187 2747 1223 2773 ita
1234 2737 1358 2781 agantur,
1372 2744 1507 2780 quomodo
1516 2744 1646 2775 diximus.
1659 2744 1729 2770 sicut
1745 2748 1773 2769 et
1786 2743 1815 2769 iu
1832 2743 1919 2769 Domi-

1126 2793 1188 2820 nico
1203 2793 1256 2819 die.
1277 2791 1305 2819 In
1320 2792 1408 2819 sancti
1433 2798 1498 2818 vero
1521 2789 1645 2825 Gregorii
1670 2795 1698 2816 et
1719 2790 1809 2816 sancti
1835 2788 1916 2815 Bene-

1126 2838 1202 2870 dicti,
1236 2844 1264 2865 ct
1297 2837 1509 2865 Annuntiatione
1534 2839 1633 2863 sancta
1659 2833 1751 2861 Maria:
1775 2832 1916 2860 duodecim

1125 2886 1258 2914 lectiones
1279 2881 1355 2919 fiunt,
1382 2889 1410 2912 et
1434 2892 1520 2918 gerula
1543 2883 1568 2910 iu
1595 2882 1715 2910 oratione
1739 2881 1841 2908 fratres
1865 2887 1919 2909 ncu
