4026 6308
257 325 364 418 ass
1277 362 1656 419 IIABMOTUS
1697 360 1823 415 sax

1927 322 2203 416 umis
2241 362 2479 422 nonas.
3402 359 3507 418 9so

225 468 502 535 'ﬂectunt,
553 444 647 529 sed
686 472 949 544 jejunium
991 490 1162 545 usque
1201 475 1268 530 ad
1312 491 1596 546 vesperum
1640 475 1829 529 obser—
1861 479 1906 536 Α
1937 476 2059 531 licet
2103 479 2356 533 dividere.
2389 480 2434 531 Α
2470 475 2643 532 Natali
2685 475 2895 531 Domini
2941 489 3112 546 usque
3148 474 3502 545 Epiphaniam

259 572 421 630 vant;
459 573 637 619 tamen
673 575 793 636 post
834 581 1090 635 vesperas
1132 565 1477 621 refectionem
1520 565 1722 620 faciunt
1766 565 1834 618 de
1933 579 2104 641 genua
2135 587 2236 624 non
2277 567 2602 624 ﬂectuntur:
2651 567 2898 622 Miserere
2940 567 3060 629 me",
3103 566 3266 630 Deus,
3297 566 3350 619 in
3379 581 3504 619 om-

255 663 408 708 cotto
447 661 503 707 et
527 654 673 708 vino.
717 655 772 709 ln
801 657 972 710 sancti
1016 656 1272 726 Stephani
1310 665 1364 710 et
1391 657 1564 711 sancti
1611 655 1832 710 Joannis

255 742 624 813 cvangelistzn,
665 751 721 798 et
761 743 814 797 in
860 743 994 800 feria
1033 746 1290 809 secunda,
1320 754 1378 799 et
1414 747 1468 804 in
1499 744 1634 800 feria
1676 745 1831 798 tertia

255 840 380 902 post
404 832 629 897 Pascha,
656 850 847 888 novem
887 836 1101 904 quidem
1133 836 1394 891 lectiones
1437 835 1672 902 faciunt;
1704 851 1830 891 nam

253 924 422 978 missa
444 925 517 978 ita
546 927 741 996 agitur,
773 928 913 981 sicut
940 928 992 981 in
1021 927 1108 981 die
1141 927 1442 983 Dominico.
1487 929 1544 982 In
1578 929 1695 984 istis
1715 944 1832 984 om-

251 1012 414 1066 nibus
437 1029 600 1074 supra
629 1016 846 1085 scriptis
896 1015 1280 1072 festivitatibus
1309 1032 1520 1088 semper
1559 1019 1626 1073 ad
1657 1028 1830 1072 matu-

247 1102 426 1158 tinum
467 1103 721 1160 Dominus
752 1108 982 1175 regnavit
1010 1109 1242 1171 canitur,
1275 1118 1331 1164 et
1369 1123 1544 1177 genua
1585 1125 1690 1163 non
1732 1107 1830 1163 fle-

244 1203 494 1257 ctuntur,
528 1205 583 1248 et
613 1197 906 1265 capitulum
933 1208 989 1252 et
1009 1198 1168 1254 lectio
1193 1201 1260 1254 ad
1302 1213 1479 1254 seram
1512 1216 1618 1254 non
1644 1199 1829 1271 legun-

248 1293 364 1340 tur.
390 1285 520 1340 Nam
547 1284 603 1342 in
629 1288 750 1343 aliis
774 1291 1026 1346 omnibus
1046 1303 1355 1346 sanctorum
1388 1308 1578 1348 novem
1610 1293 1826 1363 quidem

244 1374 510 1431 lectiones
554 1375 780 1444 faciunt,
833 1382 1155 1436 matutinum
1203 1391 1256 1435 et
1303 1381 1466 1437 missa
1511 1382 1582 1436 ita
1631 1383 1824 1452 agitur,

239 1464 395 1519 sicut
425 1465 478 1520 in
509 1468 839 1536 quotidianis
859 1470 1072 1537 diebus,
1104 1487 1276 1543 genua
1301 1472 1541 1539 nectent,
1562 1473 1824 1542 jejunium

239 1557 538 1612 observent
567 1573 736 1628 usque
760 1561 841 1614 ad—
864 1561 1048 1616 horam
1073 1572 1358 1629 statutam;
1412 1564 1662 1622 Miserere
1701 1566 1825 1630 mei,

238 1644 409 1709 Deus,
442 1648 510 1700 ad
535 1663 787 1719 vesperas
821 1661 876 1706 et
903 1655 1226 1708 matutinum
1267 1664 1323 1710 et
1350 1655 1416 1709 ad
1454 1655 1684 1726 primam
1717 1671 1822 1710 non

239 1749 503 1796 cantent:
555 1758 678 1796 nam
723 1745 936 1799 caneris
958 1747 1106 1822 horis
1152 1756 1424 1813 cantatur,
1464 1756 1663 1816 praeter
1689 1748 1734 1802 si
1771 1749 1823 1802 in

1937 666 2078 719 tione
2119 656 2333 734 publica
2357 663 2424 716 ad
2465 661 2666 715 nullum
2693 659 2925 716 cilicium
2970 666 3193 714 cantant
3237 672 3408 727 usque
3447 656 3502 711 in

1931 768 2177 814 octavam
2205 755 2426 824 [Natalis
2456 754 2689 810 Domini.
2728 753 2988 808 Similiter
3017 767 3044 804 a
3085 750 3293 804 Pascha
3332 761 3506 817 usque

1929 861 2173 907 octavam
2203 849 2596 911 Pentecosten;
2643 855 2827 914 postea
2870 857 2998 898 vero
3035 849 3269 897 cantent.
3313 839 3388 894 De
3416 855 3505 895 re-

1932 943 2157 1000 fectorio
2191 949 2371 996 autem
2396 939 2578 995 omnia
2617 935 2893 1006 adimpleri
2940 935 3154 995 debent,
3195 933 3337 986 sicut
3373 946 3501 984 san-

1931 1045 2049 1090 ctus
2071 1031 2394 1087 Benedictus
2440 1029 2590 1092 dicit,
2650 1028 2764 1082 sive
2825 1025 3046 1086 aestatis,
3114 1024 3229 1077 sive
3283 1021 3498 1084 hiemis,

1929 1126 2043 1181 sive
2072 1123 2513 1193 qrmdragesimar,
2546 1117 2724 1172 omnia
2763 1115 3058 1170 secundum
3088 1123 3298 1181 tempus
3319 1124 3499 1166 suum.

1929 1215 2132 1270 Praeter
2181 1212 2321 1281 quod
2389 1208 2720 1265 consuetudo
2773 1216 2885 1270 est,
2937 1207 3050 1260 sive
3097 1219 3333 1266 sursum,
3384 1201 3502 1256 sive

1929 1307 2203 1367 deorsum,
2233 1313 2294 1356 ut
2332 1316 2437 1356 non
2488 1300 2732 1354 reficiant
2777 1297 2844 1351 ad
2891 1310 3108 1356 nonam,
3158 1307 3327 1362 usque
3371 1291 3498 1344 dum

1928 1393 2398 1450 vindemiaverint.
2441 1389 2574 1446 Cum
2614 1398 2791 1442 autem
2833 1385 2987 1441 liberi
3029 1400 3057 1438 a
3085 1380 3350 1436 vindemia
3382 1379 3500 1434 fue-

1928 1489 2060 1552 rint,
2117 1486 2298 1540 statim
2355 1483 2422 1538 ad
2471 1497 2666 1536 nonam
2719 1481 2906 1534 horam
2956 1476 3223 1538 reﬁciunt,
3272 1481 3329 1526 et
3378 1479 3500 1540 post

1926 1589 2183 1645 vesperas
2225 1581 2448 1643 gustum
2494 1568 2859 1636 manducant,
2915 1575 2971 1619 et
3039 1563 3226 1618 bibunt
3277 1561 3494 1624 iterum,

1927 1667 2068 1736 quod
2099 1665 2152 1718 in
2193 1663 2374 1732 regula
2404 1676 2510 1715 non
2538 1667 2624 1714 est
2648 1659 2924 1727 scriptum.
2962 1654 3221 1709 Similiter
3249 1659 3305 1705 et
3340 1649 3501 1719 quin-

1927 1758 2237 1829 quagesima
2279 1762 2403 1824 post
2444 1751 2787 1807 refectionem
2818 1748 3110 1802 secundum
3154 1739 3498 1797 consuetudi-

243 1829 535 1885 Dominico
566 1833 653 1887 die
681 1836 909 1899 venerit,
937 1837 981 1892 si
1011 1837 1322 1909 contigerit,
1354 1837 1659 1892 celebratur
1687 1838 1826 1892 sicut
1856 1838 1899 1898 Β
1928 1866 2072 1916 nem,
2102 1857 2391 1917 antequam
2430 1845 2590 1899 lectio
2619 1842 2851 1912 legatur,
2886 1849 2994 1893 tota
3037 1833 3368 1890 hcbdomada
3412 1831 3499 1884 bi-

239 1918 542 1976 Dominica.
595 1923 671 1980 De
733 1926 994 1984 divisione
1028 1930 1274 1983 matutini
1324 1937 1381 1983 et
1433 1930 1682 1984 nocturni
1742 1929 1816 1982 ita

241 2012 446 2076 agitur.
500 2012 546 2065 Α
601 2014 855 2073 Kalendis
898 2019 1206 2074 novembris
1244 2033 1412 2088 usque
1465 2019 1520 2073 in
1574 2018 1812 2089 vigiliam

237 2100 422 2155 Cinna:
453 2102 683 2168 Domini,
734 2108 874 2162 sicut
919 2119 1137 2164 sanctus
1178 2109 1496 2164 Benedictus
1535 2109 1814 2178 przedesti-

235 2193 405 2245 navit.
437 2193 704 2250 Praeterea
734 2197 785 2251 in
819 2199 999 2268 vigilia
1030 2198 1233 2254 Natalis
1260 2200 1490 2264 Domini,
1521 2210 1568 2255 et
1598 2201 1650 2254 in
1691 2216 1809 2255 om-

235 2281 402 2335 nibus
430 2292 743 2340 sanctorum
771 2296 828 2344 et
851 2286 1147 2344 Dominicis
1179 2289 1386 2354 diebus,
1411 2289 1553 2358 quod
1589 2290 1811 2344 minime

1923 1947 2079 2008 bunt,
2101 1941 2244 2013 quod
2274 1955 2373 1995 nec
2399 1939 2537 1993 istud
2579 1937 2631 1991 in
2659 1933 2841 2007 regula
2883 1929 3096 1986 dicitur.
3137 1924 3362 1992 Quando
3398 1935 3497 1974 au-

1921 2048 2030 2093 tem
2077 2037 2385 2091 mandatum
2435 2033 2656 2094 faciunt,
2705 2031 2749 2082 si
2808 2026 3065 2080 Dominus
3110 2015 3493 2075 abundantiam

1918 2131 2029 2185 vini
2057 2129 2281 2192 dederit,
2307 2139 2520 2194 semper
2548 2124 2765 2186 bibunt;
2810 2120 2854 2174 si
2894 2125 3073 2173 autem
3101 2115 3352 2197 exiguum
3378 2107 3498 2162 fue-

1917 2222 2011 2286 rit,
2051 2219 2415 2274 abstinebant.

229 2423 3488 2486 Μ
597 2425 1786 2486 _..____'

238 2465 590 2482 —-——-——.

1385 2607 1550 2649 ANNO
1595 2605 1825 2649 DOMINI
1868 2603 2302 2648 DCCCLXXXIV.

1259 2781 2496 2989 HABMOTUS

1471 3045 1988 3104 SANGALLENSIS
2024 3043 2246 3100 ABBAS

639 3211 1432 3294 INSCRIPTIONES
1489 3213 1599 3291 IN
1656 3211 2079 3289 TEMPLO
2138 3205 2501 3288 SANCTI
2565 3203 3065 3280 OTHMARI.

1455 3367 1618 3430 (Apud
1651 3364 1894 3418 Canisium
1915 3361 2034 3414 lect.
2073 3361 2249 3425 antiq.)

401 3574 672 3655 Ternplum
694 3583 861 3638 sancti
890 3581 1134 3638 Othmari
1167 3583 1308 3653 pingi
1332 3582 1454 3652 fecit
1486 3573 1773 3635 "armatus
1823 3579 2004 3642 abbas,
2039 3588 2192 3649 atque
2222 3579 2276 3632 in
2303 3579 2500 3646 pariete
2534 3591 2638 3630 uno
2662 3574 2968 3646 pingobatur
3003 3571 3297 3646 Sapientia,

1497 3693 1614 3730 cum
1639 3678 1736 3730 hoc
1758 3673 1982 3729 Patrum
2012 3673 2198 3745 elogio.

919 3855 964 3912 0
1001 3870 1261 3925 generosa
1298 3868 1515 3924 parens,
1557 3853 1766 3907 cunctis
1795 3849 2098 3920 gratissima
2127 3849 2320 3903 doctis.

918 3944 963 4000 Ο
986 3946 1148 3998 decus
1179 3945 1406 4013 imperii,
1441 3943 1639 3997 rectrix
1665 3937 1978 4009 dignissima
2011 3939 2214 4002 mumli,

920 4035 1151 4104 Soleqne
1172 4036 1535 4106 splendidior,
1563 4033 1707 4088 fulvo
1732 4033 2020 4103 pretiosior
2049 4047 2182 4085 auro

913 4128 1082 4193 Quam
1110 4127 1368 4197 praeclara
1401 4128 1539 4183 nites
1562 4136 1693 4188 toto.
1722 4127 2020 4195 Sapientia,
2049 4125 2268 4178 lllttlltlﬂ.

912 4219 1106 4285 Aspice
1139 4234 1300 4288 quam
1323 4218 1546 4288 pulchro
1570 4220 1819 4272 decorata
1849 4225 1929 4271 est
1949 4218 2139 4271 ordine.
2167 4230 2337 4271 mater

917 4309 1197 4374 Natarum,
1228 4309 1374 4365 clare
1398 4309 1548 4364 dives
1574 4309 1845 4378 Sapientia
1878 4307 2107 4379 fulgens.

1127 4419 1192 4472 In
1221 4420 1414 4482 pariete
1444 4417 1606 4471 altera
1630 4429 1820 4488 septem
1846 4416 2141 4486 Sapientes.

909 4525 1160 4580 Continet
1181 4526 1266 4579 hic
1287 4526 1462 4594 paries
1479 4533 1718 4579 veterum
1742 4523 2416 4591 monunientaoozihorum,

907 4615 1066 4671 Claro
1093 4617 1182 4685 qui
1210 4625 1378 4670 totum
1412 4618 1708 4671 docuerunt
1737 4615 1951 4670 tramite
1975 4616 2252 4668 nnmdnm.

931 4727 1000 4783 In
1031 4728 1135 4781 alia
1174 4738 1320 4798 parte
1340 4728 1490 4781 turba
1520 4728 1785 4781 beatorum
1812 4727 1921 4781 Deo
1943 4727 2318 4781 assistentium.

904 4838 1129 4907 Agmina
1155 4845 1461 4892 sanctorum
1487 4837 1756 4891 laudantia
1783 4847 1915 4892 voCe
1944 4853 2134 4892 serena

905 4931 1043 4984 Ante
1080 4932 1331 4984 thronum
1379 4929 1587 4984 Domini
1616 4930 1814 4984 sistunt
1846 4945 1944 4999 per
1969 4929 2162 4986 saecula
2193 4936 2408 4985 cuncta.

1275 5043 1341 5098 In
1365 5046 1559 5116 pariete
1581 5062 1733 5114 super
1759 5047 1966 5100 ostium.

903 5153 1002 5209 llic
1026 5155 1167 5211 Deus
1193 5167 1273 5210 cst
1301 5173 1534 5228 prresens
1563 5173 1697 5228 puro
1727 5156 2066 5227 poscentibus
2092 5170 2206 5221 ore,

905 5249 1047 5306 Duos
1078 5249 1288 5304 miseris
1317 5251 1548 5314 veniam,
1585 5250 1830 5305 contritis
1856 5248 2016 5305 corde
2049 5247 2331 5306 medelam.

1358 5453 2250 5488 κτψ--οοοι--κ--α
