4026 6308
562 411 665 466 91:5

1627 401 1683 453 S.
1731 400 2068 454 liEMlilﬁll'l‘l
2112 399 2466 456 HAMBURG.
2512 402 2722 456 EPISC.

3716 411 3824 468 γε

563 529 817 587 sitationc
841 523 1166 577 certitlcatus
1193 521 1243 572 in
1275 528 1476 579 mente,
1501 517 1615 572 sine
1643 517 1986 570 cutictationc
2015 531 2133 586 quae
2161 521 2208 577 Α
2237 514 2512 584 qmcrcbat
2548 516 2808 578 cwlestia,
2841 532 2962 585 qua:
2986 532 3083 589 per
3114 518 3466 592 hyacinthum
3506 527 3829 594 significas.

565 621 767 692 agenda
795 624 974 677 erant,
999 612 1337 682 disponebat.
1373 631 1390 661 ι
1440 608 1565 663 llzec
1609 608 1675 661 de
1716 607 1831 660 Vita
1864 607 1981 674 ejus
2019 608 2133 661 ido-

564 727 695 766 neus
721 704 1010 761 inseruisse
1035 701 1202 755 lector
1226 699 1509 768 intelligat,
1533 706 1590 750 ut
1613 712 1675 750 ex
1703 698 1804 752 hoc
1828 696 2132 750 testimonio

563 797 1024 868 comprobaretur,
1062 790 1193 844 nihil
1222 805 1344 843 eum
1374 789 1438 840 ad
1476 786 1786 856 politionem
1819 783 1976 852 hujus
2003 799 2130 837 san-

562 887 787 942 ctiSsitni
836 882 1082 951 discipuli
1130 880 1212 934 sni
1264 877 1535 933 liemberti
1587 875 1970 943 respondisse,
2029 874 2130 927 nisi

562 978 702 1046 quod
733 978 785 1028 in
814 976 913 1028 hoc
939 971 1098 1026 tridui
1125 972 1298 1040 spatio
1325 969 1488 1023 menti
1517 968 1634 1037 ejus
1659 967 1891 1029 Spiritus
1915 974 2133 1020 sanctus

564 1069 778 1131 inludit,
810 1051 963 1135 juxta
1003 1063 1350 1124 sententiain,
1387 1073 1548 1128 quam
1583 1058 1743 1112 etiam
1778 1057 2026 1127 superius
2065 1055 2132 1109 de

560 1160 784 1216 Actibus
807 1155 1167 1228 apostolorum
1196 1150 1533 1222 protulimus.

1156 1285 1285 1340 CAP
1296 1283 1382 1340 UT
1424 1281 1531 1336 Vll.

631 1425 853 1480 Accedit
884 1423 1047 1476 etiam
1091 1420 1156 1474 ad
1200 1418 1521 1489 prtesagium
1549 1415 1807 1469 virtutum
1846 1415 1990 1468 beati
2026 1415 2138 1467 viri-

561 1521 697 1574 visio
726 1518 968 1588 quaedam
1001 1516 1064 1567 de
1093 1514 1208 1584 ipso
1235 1510 1469 1564 revelato
1502 1506 1835 1577 procuratori
1876 1506 2138 1560 antistitis:

559 1613 730 1681 prima
776 1625 900 1662 mox
947 1602 1102 1660 nocte
1147 1607 1407 1657 adventus
1459 1598 1574 1668 ejus
1632 1598 2127 1666 liammahurgum,

559 1716 681 1754 cum
709 1701 822 1770 ipse
853 1699 1026 1751 adhuc
1054 1697 1104 1749 in
1139 1695 1306 1764 prima
1337 1701 1492 1746 aetate
1521 1690 1894 1744 adolescentiae
1920 1688 2126 1742 fuisset.

564 1793 854 1846 Videbatur
883 1791 1023 1844 enim
1063 1789 1236 1841 eidem
1275 1782 1604 1852 procuratori
1652 1781 1998 1850 conspexisse
2039 1793 2126 1842 se,

2237 618 2353 674 tur;
2384 624 2482 678 pro
2521 608 2724 663 Christi
2771 611 2985 664 nomine
3022 626 3192 680 usque
3214 614 3278 668 ad
3309 618 3627 687 martyrium
3655 635 3828 688 pan—

2236 705 2341 760 tus,
2373 697 2513 764 quod
2549 698 2862 768 intelligitur
2889 699 2939 752 in
2971 715 3236 770 purpura;
3275 720 3462 759 amore
3489 706 3583 761 Dei
3611 717 3672 762 et
3700 725 3826 778 pro-

2236 787 2363 839 ximi
2414 786 2666 857 ﬂagrans,
2711 789 2854 857 quod
2893 803 2988 858 per
3015 806 3236 846 coccum
3266 794 3352 848 bis
3379 796 3609 850 tinctmu
3633 801 3826 870 expri-

2235 876 2416 929 mitur.
2440 877 2506 930 Et
2528 879 2666 930 sicut
2693 878 2886 948 byssus
2915 881 2979 933 de
3005 891 3148 935 terra
3167 893 3322 937 eruta
3345 884 3504 955 longe
3525 891 3819 955 exercitio,

2233 968 2494 1031 siccandi,
2537 970 2813 1034 tundendi,
2857 974 3140 1040 purgandi,
3179 977 3464 1044 coquendi,
3509 987 3568 1032 et
3598 983 3794 1046 nauli,

2231 1061 2567 1128 gramineum
2613 1061 2750 1116 solet
2786 1065 3033 1132 perdere,
3081 1075 3135 1120 et
3176 1069 3465 1123 candidum
3502 1072 3559 1125 in
3584 1087 3644 1127 se
3677 1077 3824 1130 rcci-

2233 1162 2360 1220 pere
2411 1150 2687 1204 colorem:
2741 1153 2819 1205 ita
2869 1153 2982 1223 ipse
3036 1169 3158 1208 cum
3213 1173 3408 1228 magno
3460 1164 3820 1221 continentia

2232 1240 2414 1295 labore
2447 1243 2600 1310 quasi
2645 1243 2885 1296 nativum
2923 1247 3195 1301 exsudans
3234 1249 3536 1316 humorem,
3559 1255 3626 1308 ad
3657 1256 3824 1313 deco-

2232 1347 2346 1385 rem
2389 1334 2560 1402 digna:
2600 1334 2706 1386 Deo
2741 1335 2990 1410 puritatis
3012 1331 3208 1390 isolerti
3235 1337 3558 1405 jejuniorum
3588 1353 3644 1398 et
3669 1346 3814 1413 vigi-

2231 1423 2424 1478 liarum
2487 1435 2542 1479 et
2597 1428 2903 1502 orationum
2959 1436 3011 1482 et
3064 1427 3352 1494 lectionis;
3421 1434 3705 1500 patientia:
3759 1447 3816 1492 et

2231 1515 2553 1569 humilitatis
2603 1518 2854 1573 instantia
2897 1521 3158 1588 pervenit.
3203 1521 3407 1588 Quibus
3429 1526 3682 1579 omnibus
3709 1526 3816 1580 tin-

2235 1605 2505 1660 tinnabula
2547 1608 2743 1663 habuit
2784 1599 3079 1678 perm'ista:
3111 1611 3234 1680 quia
3263 1627 3388 1665 raro
3431 1613 3578 1668 aliud
3613 1615 3692 1670 ab
3721 1616 3813 1671 illo

2231 1703 2390 1764 quam
2440 1700 2816 1768 pradictarum
2867 1701 3128 1755 virtutum
3187 1703 3543 1757 suavissimus
3592 1706 3814 1761 sonitus

2232 1786 2579 1860 audiebatur,
2629 1789 2719 1856 qui
2769 1803 2984 1842 rursum
3028 1805 3250 1859 operum
3299 1791 3418 1860 ejus
3469 1791 3815 1850 sublimitate

561 1882 734 1952 ipsum
780 1877 1125 1931 Πρηιυρι-ιιιηι
1167 1875 1368 1928 sedisse
1409 1872 1460 1924 in
1503 1870 1714 1938 fastigio
1758 1868 2014 1926 oratorii.
2061 1867 2135 1921 si-
2166 1859 2208 1918 Β
2237 1859 2570 1930 audientium
2643 1876 2911 1931 mentibus
2971 1859 3492 1942 commendabatur,
3554 1883 3702 1937 sicut
3757 1893 3815 1938 et

559 1983 830 2042 gnuinqnc
870 1967 1108 2020 ecclesia:
1148 1980 1332 2027 unum,
1373 1961 1512 2029 quod
1557 1976 1653 2013 nos
1693 1957 1928 2013 cloccam
1972 1972 2131 2010 voca-

559 2076 703 2123 mus,
740 2061 792 2112 in
835 2057 972 2111 cwlu
1011 2053 1356 2125 apparuisse,
1394 2067 1423 2104 a
1475 2064 1580 2120 quo
1621 2050 1848 2119 ligamen
1890 2048 2087 2102 lineum
2111 2079 2129 2110 ,-

557 2161 618 2206 ut
656 2151 888 2213 assolet,
941 2149 993 2201 in
1047 2146 1259 2199 modum
1311 2143 1454 2197 funis
1509 2140 1798 2195 demissum
1851 2151 2020 2207 usque
2060 2137 2178 2205 ad,

557 2243 729 2313 ipsum
766 2240 1092 2308 dependeret
1125 2235 1480 2295 Rimbertnm,
1525 2247 1618 2302 per
1655 2230 1794 2300 quod
1836 2230 1949 2298 ipse
1987 2228 2128 2282 idem

557 2336 767 2403 signum
820 2331 1059 2385 hilariter
1110 2327 1377 2388 traxisse,
1433 2332 1487 2377 et
1543 2337 1674 2376 sono
1730 2321 1844 2391 ejus
1898 2319 2130 2373 dulciter

555 2407 850 2481 delectatus
893 2437 1012 2476 esse
1061 2420 1361 2473 videbatur.
1419 2415 1515 2470 Cui
1574 2415 1779 2468 somnio
1834 2425 2126 2481 congruam

554 2535 619 2573 ex
673 2517 866 2571 divinis
925 2513 1221 2582 Scripturis
1277 2508 1772 2577 interpretationem
1831 2507 2127 2575 reperimus

555 2607 752 2679 (Exod.
795 2603 1010 2675 xxvut).
1054 2602 1372 2672 Prmcipitur
1414 2600 1543 2654 Mosi
1587 2615 1614 2651 a
1657 2598 1902 2659 Domino,
1944 2602 2003 2648 ut
2043 2595 2127 2648 in-

554 2709 636 2754 ter
673 2699 778 2753 alia
825 2698 988 2751 vestis
1028 2693 1377 2750 sacerdotalis
1415 2692 1640 2762 mystica
1667 2689 1982 2742 indumenta
2011 2685 2126 2738 haec

551 2790 715 2844 etiam
761 2790 890 2841 fiant
919 2805 932 2840 ι
959 2785 1236 2848 Deorsum,
1275 2784 1468 2851 inquit,
1499 2781 1565 2834 ad
1597 2780 1747 2848 pedes
1776 2778 2011 2847 ejusdem
2041 2785 2126 2830 tu-

553 2882 684 2934 nica:
731 2878 1138 2947 per‘circuitum
1180 2875 1327 2945 quasi
1392 2871 1532 2926 mala
1580 2868 1786 2923 Punica
1842 2869 2004 2937 facies
2059 2862 2125 2921 είιέ

553 2969 832 3040 hyacintho
871 2977 917 3020 et
950 2981 1184 3036 purpura
1212 2975 1257 3017 et
1287 2979 1436 3017 cocco
1467 2962 1541 3015 bis
1567 2963 1747 3021 tincto,
1779 2969 1850 3021 et,
1880 2969 1939 3011 ut
1964 2959 2014 3011 in
2042 2972 2124 3010 sc-

553 3058 842 3127 quentibus
866 3054 1151 3116 invenitur,
1179 3053 1241 3105 ex
1265 3054 1415 3121 bysso
1439 3060 1649 3112 retorta,
1680 3050 1856 3101 mixtis
1877 3050 1929 3101 in
1952 3047 2122 3100 medio

551 3145 936 3204 tintinnabulis.
978 3145 1155 3211 Quare
1190 3152 1368 3196 autem
1400 3141 1488 3195 hic
1524 3137 1882 3192 tintinnabula
1903 3137 2118 3207 adjungi

2232 1980 2468 2035 sequens
2521 1969 2586 2021 de
2621 1966 2711 2022 illo
2752 1965 2910 2036 hujus
2949 1969 3193 2039 opusculi
3239 1979 3416 2024 textus
3465 1971 3814 2028 manifestus

2231 2059 2503 2113 ostendet.

2815 2189 3042 2248 CAPUT
3080 2191 3211 2247 Vlll.

2297 2320 2430 2376 Cum
2453 2321 2631 2376 adhuc
2658 2331 2805 2376 esset
2831 2322 2882 2376 in
2905 2325 3163 2393 obsequio
3186 2326 3494 2382 decessoris
3516 2328 3602 2382 sui
3626 2327 3814 2386 domui

2227 2412 2507 2482 Ansgarii,
2559 2413 2806 2482 apparuit
2845 2414 2895 2468 ei
2943 2415 3226 2486 presbyter
3252 2417 3518 2473 Arnulfus
3560 2419 3680 2488 jam
3722 2421 3814 2476 diu

2227 2501 2531 2565 defunctus,
2571 2513 2625 2556 et
2657 2503 2996 2572 percontanti
3023 2505 3088 2557 de
3118 2504 3232 2574 ejus
3266 2521 3431 2560 causa
3487 2510 3544 2561 in
3588 2509 3816 2567 alterius

2227 2592 2407 2648 Steculi
2442 2593 2548 2646 vita
2586 2593 2832 2648 dolenter
2860 2593 3136 2661 respondit
3163 2614 3177 2648 ;
3205 2595 3338 2668 Ego,
3366 2597 3655 2666 inquiens,
3689 2600 3811 2653 dum

2227 2686 2402 2739 adhuc
2428 2686 2480 2738 in
2507 2700 2672 2740 carne
2695 2699 2892 2748 essem,
2931 2684 3255 2755 negligenter
3299 2688 3364 2740 de
3412 2688 3616 2742 animae
3673 2706 3807 2747 nica

2225 2773 2447 2843 agebam
2478 2773 2670 2838 salute,
2703 2774 3022 2844 gravitatem
3052 2790 3295 2844 persona:
3329 2792 3464 2832 mea:
3495 2792 3814 2849 competen-

2228 2870 2333 2916 tem
2375 2879 2480 2919 non
2518 2879 2760 2927 servans,
2793 2864 2904 2918 otio
2929 2866 3124 2934 smpius
3171 2881 3386 2927 vacans,
3434 2869 3812 2938 etaliqnando

2225 2958 2386 3012 etiam
2417 2957 2469 3011 in
2500 2957 2700 3012 indicto
2716 2956 2922 3027 jejunio
2943 2973 3160 3012 carnem
3184 2959 3540 3025 manducans,
3582 2963 3802 3032 aliaque

2224 3047 2470 3101 similiter
2501 3047 2785 3102 interdicta
2815 3048 2867 3102 in
2899 3062 3021 3102 esca
3046 3057 3101 3103 et
3126 3057 3248 3118 potu
3287 3049 3600 3118 frequenter
3634 3067 3801 3106 usor—

2225 3150 2379 3206 pans.
2428 3136 2532 3190 Pro
2572 3136 2768 3191 talibus
2799 3137 3103 3192 commissis
3143 3139 3397 3209 indignus
3434 3139 3507 3192 fui
3534 3142 3802 3195 hactenus

551 3247 820 3309 przecepta
867 3237 974 3291 sint
998 3277 1012 3301 ,
1063 3233 1287 3289 inferius
1340 3231 1640 3286 ostenditur
1679 3248 1692 3282 :
1733 3238 1788 3281 ut
1845 3229 2118 3291 audiatur,
2150 3220 2194 3281 C
2226 3227 2292 3280 ad
2314 3227 2653 3295 pmsentiam
2675 3226 2770 3281 Dei
2797 3228 2982 3292 venire
3007 3244 3021 3280 :
3046 3227 3140 3282 sed
3162 3227 3207 3282 si
3233 3241 3343 3293 tua,
3369 3231 3464 3292 ait,
3489 3229 3804 3301 fraternitas

551 3329 745 3397 inquit,
789 3321 996 3380 sonitus
1037 3323 1245 3393 quando
1285 3321 1576 3391 ingreditur
1611 3321 1844 3390 pontifex
1879 3329 2124 3372 sanctua-

552 3420 687 3471 rium
711 3417 764 3470 in
789 3424 1064 3484 conspectu
1092 3412 1323 3475 Domini,
1352 3421 1398 3465 et
1425 3427 1524 3464 non
1551 3412 1828 3476 moriatur.
1858 3408 2126 3462 Sacerdos

552 3519 785 3575 namque
808 3501 1113 3572 ingrediens
1135 3500 1217 3554 vel
1251 3499 1533 3569 egrediens
1562 3499 1807 3561 moritur,
1823 3499 1867 3550 si
1884 3499 1948 3551 de
1963 3512 2026 3550 eo
2043 3512 2126 3550 so.

548 3601 694 3656 nitus
711 3614 816 3653 non
834 3598 1081 3652 audiatur
1100 3613 1111 3648 :
1129 3595 1257 3665 quia
1281 3596 1412 3648 iram
1431 3603 1616 3647 contra
1633 3607 1691 3645 se
1710 3591 1902 3645 occulti
1918 3589 2123 3644 Judicis

549 3692 738 3760 exigit,
757 3690 800 3743 si
819 3689 932 3743 sine
955 3685 1350 3758 praedicationis
1373 3683 1550 3738 sonitu
1572 3682 1786 3736 incedit.
1811 3681 1946 3747 Quia
1963 3680 2124 3750 igitur

549 3779 787 3834 futurum
831 3785 968 3841 erat,
1013 3784 1070 3828 ut
1108 3788 1318 3828 sununo
1343 3772 1585 3826 ecclesia
1609 3770 1774 3841 gradu
1802 3783 2119 3831 conscenso,

548 3871 634 3925 vir
689 3867 899 3924 Domini
949 3866 1280 3920 ornamentis
1333 3863 1698 3933 spiritualibus
1734 3862 2003 3925 eniteret;
2061 3869 2122 3915 ut

549 3960 710 4016 etiam
760 3956 1154 4030 pra-dicationis
1195 3953 1427 4009 ofﬁcium
1468 3953 1749 4022 insigniter
1788 3951 1964 4020 egisse
1997 3965 2121 4018 pro»

547 4051 810 4113 baretur,
863 4058 1007 4103 recte
1055 4047 1106 4099 in
1151 4045 1366 4117 fastigio
1410 4045 1614 4114 templi,
1659 4043 1801 4113 quod
1849 4043 2119 4112 signilicat

549 4141 754 4210 apicem
806 4137 1187 4208 pontificalem,
1236 4153 1358 4190 cum
1405 4137 1663 4190 doctrinae
1709 4133 2037 4187 suavissimo
2065 4141 2121 4187 et

548 4227 761 4282 coalitus
803 4235 1034 4279 attracto
1087 4226 1262 4278 sonitu
1318 4224 1384 4277 ad
1437 4221 1838 4277 convocandam
1896 4222 2118 4275 servitio

549 4321 728 4376 divino
749 4333 956 4373 Sacram
987 4316 1183 4372 Christi
1213 4316 1421 4386 plebem
1449 4313 1654 4369 sedisse
1681 4313 1979 4366 videbatur.
2005 4311 2118 4368 Hoc

546 4411 691 4466 enim
719 4411 769 4463 in
804 4409 958 4479 hujus
980 4408 1286 4461 ostensione
1309 4405 1536 4459 visionis
1561 4418 1858 4473 personans
1883 4412 2115 4466 attracta

549 4501 666 4572 ejus
683 4503 889 4570 signum
914 4499 1134 4554 caeleste
1165 4497 1466 4566 significare
1494 4503 1688 4566 potest,
1717 4494 1858 4564 quod
1887 4494 1939 4548 in
1967 4504 2116 4548 veste

2224 3331 2360 3384 pane
2380 3325 2435 3369 et
2457 3317 2568 3370 sale
2593 3325 2649 3371 et
2681 3332 2820 3385 aqua
2859 3325 3108 3372 contenta
3130 3359 3144 3382 ,
3177 3333 3209 3372 a
3231 3322 3446 3374 caeteris
3472 3310 3801 3374 victualibus

2223 3404 2602 3460 abstinentiam
2651 3407 3005 3476 quadraginta
3065 3407 3248 3462 diebus
3303 3424 3403 3478 pro
3456 3424 3548 3464 me
3608 3409 3798 3463 facere

2222 3496 2399 3560 vellet,
2429 3497 2704 3552 crederem
2734 3512 2820 3552 me
2841 3512 2936 3565 per
2962 3498 3056 3552 Dei
3084 3497 3511 3553 misericordiam
3543 3500 3613 3552 ab
3638 3498 3797 3567 hujus

2223 3586 2540 3655 repulsionis
2583 3603 2715 3642 mea:
2750 3587 3015 3642 sententia
3061 3601 3154 3641 seu
3199 3601 3360 3657 pmua
3411 3587 3660 3642 liberari.
3701 3587 3798 3642 Cui

2223 3691 2345 3730 cum
2389 3676 2522 3745 ipse,
2579 3686 2638 3730 ut
2679 3676 2731 3731 ei
2783 3675 3088 3743 videbatur,
3137 3677 3208 3730 ita
3256 3693 3315 3732 se
3360 3676 3636 3733 facturum
3682 3694 3800 3733 esse

2220 3765 2582 3834 polliceretur,
2624 3764 3036 3836 expergefactus
3077 3767 3143 3822 de
3181 3782 3394 3832 somno,
3437 3783 3566 3822 mox
3599 3778 3662 3822 ut
3683 3750 3799 3837 epi¥

2219 3870 2439 3924 scopum
2466 3855 2662 3925 alloqui
2693 3856 2889 3925 potuit,
2919 3856 3180 3911 visionem
3202 3856 3252 3910 ei
3277 3872 3492 3911 omnem
3515 3858 3794 3928 exposuit:

2221 3957 2543 4018 acceptoque
2580 3949 2648 4004 ab
2681 3965 2747 4004 eo
2785 3950 3028 4012 consilio,
3061 3958 3172 4005 toto
3196 3950 3558 4020 quadraginta
3585 3952 3797 4005 dierum

2219 4039 2392 4106 spatio
2419 4039 2562 4094 nullo
2586 4039 2691 4094 alio
2716 4041 2839 4095 cibo
2874 4040 2954 4094 vel
2995 4051 3122 4110 potu
3169 4051 3252 4096 est
3296 4057 3444 4105 usus,
3503 4042 3614 4096 nisi
3659 4057 3798 4111 pano

2221 4137 2426 4182 tantum
2471 4139 2526 4184 et
2571 4145 2730 4198 aqua.
2790 4131 2989 4185 Eodem
3049 4142 3289 4202 tempore
3338 4142 3491 4186 tanto
3552 4133 3794 4188 dentium

2220 4217 2402 4271 dolore
2446 4219 2756 4282 vexabatur,
2802 4229 2862 4273 ut
2905 4220 3035 4289 ipsis
3069 4222 3172 4276 sibi
3210 4237 3404 4292 panem
3438 4223 3509 4276 ad
3539 4223 3794 4279 reﬁcien-

2220 4309 2345 4362 dqu
2410 4309 2656 4364 commoli
2703 4312 2971 4366 sustinuere
3019 4328 3125 4367 non
3169 4321 3367 4382 posset.
3423 4313 3795 4380 Quamobrem

2219 4400 2394 4470 ipsum
2424 4415 2615 4469 panem
2650 4402 3080 4456 comminutatim
3115 4404 3352 4468 terendo,
3399 4419 3492 4458 seu
3542 4409 3796 4466 manibus

2221 4495 2567 4550 confricando
2609 4496 2660 4549 in
2706 4495 2874 4565 ipsam
2922 4511 3116 4567 aquam
3164 4500 3549 4553 commiseebat
3578 4541 3594 4564 .
3641 4511 3698 4557 et
3731 4499 3796 4558 ad

547 4563 820 4666 pontiﬁcis
863 4563 1238 4644 tintinnabula
1267 4563 1570 4642 mnnstrare
1593 4563 1906 4657 probantur.
1934 4585 2113 4653 Quali-
2139 4563 2191 4623 Β
2218 4585 2461 4638 levamen
2507 4563 2746 4639 dentium
2791 4563 3184 4654 quodammodo
3235 4587 3404 4642 instar
3429 4563 3598 4656 pultis
3627 4591 3796 4646 emol~

550 4692 634 4737 ter
661 4685 822 4738 etiam
849 4693 1066 4746 caetera,
1091 4697 1210 4750 quze
1239 4682 1306 4734 de
1335 4680 1609 4749 Scriptura
1643 4693 1799 4733 sacra
1830 4678 2112 4748 proposui-

547 4787 689 4835 mus,
730 4772 1078 4826 sacerdotalis
1105 4770 1318 4824 babitus
1347 4778 1662 4824 ornamenta
1686 4768 2035 4837 spiritualiter
2060 4769 2112 4822 in

545 4876 666 4914 sese
697 4875 909 4928 semper
940 4860 1265 4922 exhibuerit,
1300 4859 1365 4913 ad
1403 4857 1702 4928 profectum
1728 4856 1886 4910 simul
1915 4866 1970 4911 et
1997 4856 2116 4910 imi-

550 4949 808 5004 tationem
855 4947 1152 5018 legentibus
1204 4962 1474 5016 exponere
1527 4946 1901 5015 judicavimus.
1965 4945 2116 5000 Malis

547 5041 734 5110 utique
767 5038 988 5092 Punicis
1034 5039 1305 5101 utebatur,
1352 5039 1629 5105 inquibus
1675 5037 1840 5092 multa
1886 5037 2110 5091 interius

545 5144 712 5202 grana
745 5144 849 5183 uno
890 5127 1022 5181 foris
1051 5127 1253 5182 cortice
1282 5135 1532 5195 teguntur
1558 5145 1568 5179 :
1601 5126 1728 5196 quia
1757 5127 1871 5196 ipse
1897 5141 2112 5195 semper

544 5214 896 5272 multifariam
950 5217 1208 5270 virtutum
1261 5216 1627 5284 operationem
1677 5231 1782 5270 uno
1829 5216 2111 5271 cbaritatis

542 5309 840 5362 munimine
896 5307 1346 5375 undiqueversum
1397 5316 1588 5361 tectam
1659 5308 1922 5377 gestabat.
1986 5305 2112 5362 llaec

542 5411 722 5454 autem
747 5399 882 5453 mala
905 5398 1104 5453 Punica
1129 5415 1198 5454 ex
1225 5414 1456 5468 purpura
1480 5407 1533 5453 et
1558 5399 1846 5470 hyacintho
1870 5407 1924 5453 et
1950 5413 2111 5454 cocco

538 5496 622 5550 bis
671 5494 840 5549 tincto
882 5503 936 5547 et
983 5493 1142 5564 bysso
1172 5501 1373 5545 retorta
1416 5502 1592 5558 erant,
1631 5509 1752 5562 qua:
1790 5502 1982 5548 cuncta
2033 5491 2107 5545 illi

538 5584 820 5654 aptissime
859 5583 1202 5638 conveniunt.
1239 5580 1394 5638 Omni
1433 5579 1576 5636 enim
1605 5567 1869 5637 desiderio
1895 5596 2107 5651 semper

2217 4673 2399 4729 liebat.
2434 4674 2492 4729 In
2521 4691 2626 4745 quo
2663 4675 2826 4730 etiam
2853 4677 2919 4730 ad
2951 4686 3291 4747 augmentum
3331 4677 3701 4740 abstinentiae.
3731 4694 3794 4734 ea

2217 4779 2336 4833 qua:
2359 4765 2411 4818 in
2437 4765 2666 4834 simplici
2692 4765 3001 4820 decoctione
3025 4765 3179 4834 panis
3205 4779 3324 4819 esse
3347 4777 3594 4835 possent,
3627 4767 3796 4837 pluri-

2218 4874 2365 4912 tuum
2381 4857 2714 4922 defecerunt,
2737 4870 2792 4912 et
2807 4859 2887 4912 vis
2902 4858 3110 4913 scilicet
3128 4857 3386 4923 alimenti,
3401 4868 3454 4912 et
3467 4859 3714 4914 suavitas
3731 4876 3796 4915 ac

2216 4947 2504 5004 delectatio
2565 4948 2794 5018 saporis.
2852 4947 3092 5018 Expletis
3144 4957 3324 5002 autem
3385 4947 3581 5002 diebus
3641 4950 3794 5004 istius

2213 5036 2565 5101 abstinentia,
2616 5038 2731 5107 ipse
2764 5039 3045 5108 presbyter
3075 5052 3172 5108 pro
3197 5053 3302 5107 quo
3324 5037 3440 5092 haec
3467 5039 3792 5106 agebantur,

2212 5141 2311 5196 per
2336 5128 2510 5183 visum
2530 5129 2778 5197 apparuit
2805 5128 3019 5183 cuidam
3051 5126 3284 5191 feminae,
3314 5143 3434 5197 qua:
3462 5127 3653 5182 multis
3682 5129 3796 5183 die-

2213 5218 2313 5273 bus
2336 5218 2622 5290 paralytica
2643 5216 2893 5286 jacebat,
2930 5217 3147 5274 nomine
3184 5217 3470 5284 llelahvih,
3508 5219 3599 5273 cui
3638 5219 3794 5290 long-1

2215 5311 2428 5378 quidem
2463 5310 2755 5365 infirmitas
2783 5310 3024 5366 membra
3055 5310 3335 5383 gravavit;
3367 5310 3460 5365 sed
3497 5321 3706 5376 tamen,
3734 5319 3792 5364 ut

2217 5403 2282 5457 de
2300 5404 2534 5473 quodam
2561 5404 2750 5458 beatus
2777 5401 3067 5478 Gregorius
3093 5416 3118 5444 α
3148 5403 3300 5468 dicit,
3344 5403 3460 5470 ipsa
3500 5403 3790 5456 infirmitas

2212 5494 2400 5548 eadem
2440 5495 2678 5549 membra
2704 5492 2752 5548 'a
2793 5495 2932 5549 bono
2973 5507 3137 5562 opere
3161 5507 3266 5547 non
3298 5492 3506 5562 ligavit.
3533 5490 3787 5558 Quotidie

2210 5583 2353 5638 enim
2402 5598 2460 5638 se
2503 5584 2569 5637 ad
2617 5583 2902 5639 ecclesiam
2951 5582 3224 5652 deportari
3269 5581 3510 5646 faciens,
3561 5581 3782 5636 verbum

617 5796 642 5822 ι
673 5784 889 5838 Scilicet
928 5771 1001 5839 de.
1023 5783 1264 5848 Servulo,
1299 5783 1351 5836 in
1377 5780 1591 5835 homilla
1623 5779 1687 5834 15
1715 5781 1767 5834 in
1789 5779 2094 5848 Evangelia,
2120 5788 2172 5835 et
2197 5778 2286 5833 lib.
2315 5777 2525 5850 tt‘ﬁial.
2553 5793 2673 5855 cap.
2701 5777 2784 5831 Η.
2875 5855 2878 5858 _
