4026 6308
218 396 359 453 ὀτι

1758 391 1940 451 VITA.

3367 404 3471 460 998

215 506 344 559 vita:
373 500 568 557 ibidem
606 497 975 556 delectabatur
1013 499 1219 574 audire,
1242 500 1574 570 hymnisque
1597 509 1650 555 et
1676 501 1795 554 lau-
1825 509 1871 565 Α
1898 516 2009 555 sum
2051 502 2262 558 defectu
2301 507 2410 560 voti
2442 506 2525 560 sui
2558 506 2719 563 verba
2751 511 3137 569 commendans
3162 511 3467 583 episcopus,

215 594 398 656 dibus,
424 599 583 663 prout
620 589 809 660 potuit,
850 590 935 643 die
976 598 1244 659 noctuque
1287 605 1498 647 vacare.
1542 591 1697 655 Huic,
1736 600 1792 646 ut

216 683 422 737 dictum
465 691 571 744 est,
619 694 716 749 per
762 679 933 731 visunt
977 694 1240 748 apparens
1275 681 1557 750 presbyter
1586 697 1797 753 mento-1

215 784 392 836 ratus,
435 770 636 825 famulo
663 769 758 824 Dei
795 769 1086 824 Reutberto
1126 772 1330 841 gratias
1370 772 1560 826 referri
1604 773 1799 842 petivit

130 902 139 910 .
214 867 284 919 de
328 863 656 933 parcimonia
688 877 785 932 pro
823 860 939 929 ejus
984 862 1281 918 salvatione
1310 874 1521 928 exacta,
1552 880 1714 934 quam
1737 873 1799 937 ιιι,

214 954 271 1007 in
315 962 518 1007 tantum
560 952 665 1007 sibi
713 952 1007 1023 profecisse
1049 956 1341 1021 mandavit,
1374 966 1435 1011 ut
1464 958 1790 1028 abuegatunt

212 1045 321 1099 sibi
349 1046 498 1114 prius
526 1045 594 1100 ad
622 1054 971 1115 conspectum
1002 1045 1097 1100 Dei
1127 1062 1402 1103 accessqu
1431 1057 1488 1103 et
1513 1048 1651 1103 aula:
1676 1066 1789 1104 cte-

212 1135 370 1192 lestis
395 1135 669 1190 introitum
692 1150 790 1205 per
813 1137 951 1193 hanc
972 1139 1328 1192 condonatum
1352 1149 1647 1213 constaret.
1670 1140 1791 1210 Ipse

212 1244 349 1287 vero
392 1228 711 1285 llembertus
765 1229 906 1284 inter
947 1244 1061 1293 eos,
1108 1230 1305 1300 inquit,
1348 1230 1672 1297 ascribetur,
1724 1233 1791 1289 de

211 1318 412 1387 quibus
460 1317 698 1372 dicitur:
735 1315 1029 1387 Fulgebunt
1066 1320 1221 1389 justi,
1263 1330 1311 1374 et
1351 1330 1602 1392 tanquam
1652 1323 1789 1376 sein-

212 1406 347 1463 tillte
383 1408 438 1462 in
479 1408 791 1461 arundineto
840 1408 1133 1465 discurrerit
1184 1410 1336 1481 (Sap.
1372 1427 1453 1477 Ill,
1490 1411 1574 1482 7);
1625 1422 1682 1467 ct
1721 1413 1790 1466 de

210 1498 412 1568 quibus
440 1495 724 1552 Psalmista
756 1498 833 1553 ait
861 1516 873 1550 :
908 1497 1173 1563 Ibuntde
1218 1501 1406 1555 virtute
1450 1503 1507 1555 in
1547 1504 1788 1556 virtutem

212 1584 394 1657 (Paul.
434 1601 663 1650 Lxxxut,
700 1587 777 1655 8).
823 1587 1126 1643 Istiusmodi
1151 1589 1448 1645 visionibus
1472 1590 1555 1644 vir
1580 1591 1673 1645 Dei
1713 1591 1786 1645 nil

211 1692 454 1747 unquam
486 1677 668 1731 anima
707 1678 894 1733 extolli
939 1678 1183 1734 solebat:
1211 1681 1303 1736 sed
1341 1695 1437 1749 per
1471 1681 1788 1736 humilitatis

212 1762 541 1829 tutissimam
564 1788 776 1844 semper
805 1774 945 1828 viam
976 1764 1255 1841 incedens,
1287 1775 1359 1829 ita
1389 1776 1785 1845 quodammodo

1893 604 1989 659 per
2006 606 2130 647 eum
2153 608 2210 647 se
2230 586 2582 666 compensare
2604 597 2855 664 credidit,
2877 600 3136 670 quidquid
3160 602 3273 671 ipse
3293 603 3471 659 minus

1891 682 2194 736 orationum
2222 682 2338 752 jam
2376 686 2613 740 moriens
2657 702 2916 758 peragere
2958 699 3179 759 posset:
3212 693 3467 763 quoniam

1890 780 1948 826 et
1976 782 2194 842 propter
2237 775 2358 829 vitae
2393 777 2510 847 ejus
2554 779 2805 832 meritum
2828 796 2924 850 pro
2950 796 3008 835 se
3033 781 3182 836 illum
3222 783 3467 839 exaudiri

1890 876 1998 915 non
2029 861 2319 929 dubitavit;
2348 874 2403 918 et
2442 864 2584 934 quod
2634 866 2721 921 ille
2760 867 2912 933 fecit,
2957 885 3065 925 non
3103 870 3361 928 discrevit
3396 874 3466 929 ab

1890 955 2192 1025 eoqquoda
2220 970 2280 1010 se
2322 956 2439 1027 ipso
2485 958 2686 1013 fat-tum
2730 960 2959 1016 fuisset:
2990 965 3116 1033 quia
3167 981 3263 1020 cor
3298 983 3463 1023 unum

1891 1054 1945 1100 et
1973 1047 2150 1101 anima
2174 1064 2299 1112 una,
2333 1066 2470 1104 unus
2500 1050 2723 1121 Spiritus
2746 1062 2802 1108 et
2829 1070 2933 1108 una
2960 1053 3093 1110 ﬁdes
3112 1069 3230 1112 erat
3254 1058 3470 1130 semper

1891 1153 1944 1190 Ill
1973 1151 2071 1196 eis.
3244 1158 3249 1165 ¹

2507 1273 2735 1329 CAPUT
2776 1275 2839 1330 Χ.

1960 1402 2201 1473 Denique
2246 1421 2366 1459 cum
2401 1406 2713 1462 inﬁrmitate
2755 1410 2890 1478 ipsa,
2946 1429 3050 1481 qua
3096 1415 3162 1466 de
3205 1414 3305 1468 hac
3352 1416 3464 1470 vita

1892 1493 2163 1564 migravit,
2214 1496 2495 1550 consilium
2539 1510 2874 1567 qumreretur
2917 1503 2985 1555 ah
3033 1504 3220 1558 eodem
3266 1507 3465 1559 domno

1888 1584 2155 1655 Ansgario
2200 1586 2265 1640 de
2309 1604 2620 1643 successore
2669 1590 2782 1658 ejus
2832 1593 3092 1663 eligendo,
3138 1606 3192 1650 et
3243 1597 3471 1666 quidam'

1888 1674 2053 1728 etiam
2094 1675 2159 1729 de
2203 1676 2489 1733 Remherto
2518 1679 2644 1749 quid
2683 1682 2729 1734 ci
2766 1681 3055 1747 videretur,
3093 1678 3469 1755 inquirerent;

1891 1765 2232 1835 respomlisse
2277 1768 2468 1835 fertur,
2511 1771 2652 1839 quod
2694 1771 2795 1827 hoc
2824 1774 2905 1827 sui
2944 1792 3049 1829 non
3102 1775 3262 1829 fuerit
3303 1777 3463 1831 mini-

206 1862 454 1934 quotidie
484 1854 740 1917 virtutum
770 1862 970 1934 gradus
997 1864 1259 1928 ascendit,
1310 1876 1371 1917 ut
1409 1879 1552 1934 saepe
1578 1862 1780 1918 dictum

1894 1853 2043 1906 stcrii
2092 1854 2402 1919 decernere,
2443 1858 2567 1926 quia
2620 1857 2844 1915 forsitan
2892 1863 3005 1932 ipse
3055 1864 3106 1916 in
3149 1860 3471 1932 cpiscopatu'

202 1966 426 2022 semper
450 1953 728 2006 attendere
755 1953 1028 2007 videretur
1062 1953 1279 2007 beatum
1321 1952 1660 2023 Gregorium,
1701 1954 1783 2009 di-

201 2053 465 2099 centem:
499 2060 519 2095 ε
543 2042 923 2113 Unusquisque
969 2053 1233 2110 vestrum,
1287 2042 1506 2109 fratres,
1553 2061 1782 2115 magnus

199 2148 330 2189 esse
371 2134 604 2198 studeat,
648 2134 740 2189 sed
784 2144 964 2189 tamen
1008 2150 1262 2205 magnum
1296 2150 1354 2190 se
1380 2150 1501 2191 esse
1521 2138 1782 2208 quodam-

198 2226 370 2282 modo
390 2227 595 2282 nesciat
614 2244 627 2279 :
645 2241 712 2281 ne
731 2226 857 2281 dum
879 2226 979 2282 sibi
1003 2226 1429 2297 magnitudinem
1458 2237 1782 2300 arroganter

197 2318 479 2384 attribuit,
510 2317 742 2372 amittat.

1892 1941 2186 1999 Inultorutn
2234 1946 2443 2000 animos
2470 1945 2702 2002 offensos
2742 1949 2984 2011 haberet,
3013 1954 3152 2021 quod
3175 1952 3463 2008 emendare

1886 2031 2057 2098 magis
2098 2032 2390 2097 debuisset,
2432 2051 2592 2103 quam
2630 2052 2726 2105 per
2759 2037 2861 2092 hoc
2900 2050 3100 2093 motum
3137 2040 3308 2109 ipsum
3340 2041 3469 2095 aui-'

1885 2135 2097 2174 morum
2121 2108 2497 2192 augere,quod
2516 2126 2628 2192 ipse
2655 2125 2811 2179 talem
2836 2128 3315 2198 adsuccessiouem
3340 2136 3471 2198 per-'

1883 2223 2072 2263 sonant
2128 2210 2517 2278 denomiuaret,
2557 2229 2676 2282 qua:
2729 2213 2977 2269 fortassis
3024 2217 3465 2272 incommoditate

1883 2314 1976 2355 sua
2003 2310 2251 2371 gravaret
2280 2301 2568 2369 subjectos,
2594 2312 2644 2357 et
2676 2319 2873 2358 amarm
2899 2304 3089 2359 fierent
3111 2317 3331 2374 propter
3356 2307 3461 2360 hoc

1780 2410 1785 2415 ·
1882 2402 2074 2445 contra
2116 2393 2286 2462 ipsum
2331 2395 2698 2464 querimoni-a2.
2747 2396 2863 2449 «De
2894 2396 3101 2450 meritis
3149 2407 3349 2457 tamen,
3380 2399 3461 2451 iud

802 2449 1031 2508 CAPUT
1082 2450 1175 2507 IX.

276 2579 520 2647 Quandiu
561 2594 691 2650 ergo
728 2578 909 2635 fuitin
942 2595 1172 2650 corpore
1202 2580 1285 2635 vir
1316 2579 1529 2637 Domini
1570 2582 1780 2654 Alis-ga—

198 2670 339 2735 rius,
389 2671 491 2726 iste
528 2685 717 2726 servus
748 2670 840 2725 Dei
874 2670 1202 2727 Rembertus
1234 2687 1348 2741 pra:
1382 2673 1591 2729 cunctis
1623 2672 1780 2728 fami—

196 2763 395 2819 liarius
422 2761 495 2817 illi
521 2762 572 2816 in
601 2761 853 2817 omnibus
879 2762 1067 2818 adesse
1093 2761 1320 2828 solebat,
1348 2765 1415 2819 de
1441 2780 1549 2835 quo
1570 2765 1781 2835 aliquo-

200 2856 308 2909 ties
338 2854 573 2909 nobisin
610 2854 713 2909 hoc
751 2853 1007 2924 epusculo
1043 2855 1246 2910 mentio
1274 2856 1483 2922 incidit,
1527 2865 1582 2912 et
1628 2858 1780 2913 libel-

197 2943 290 2999 lus
340 2954 611 3014 gestorum
658 2942 868 3013 prazfati
910 2943 1180 3015 pontiﬁcis
1219 2946 1287 3001 ab
1326 2946 1444 3015 ipso
1489 2947 1779 3004 Remberto

200 3033 417 3104 alioque
457 3034 827 3104 condiscipulo
877 3035 994 3105 ejus
1040 3038 1217 3093 editus
1273 3046 1524 3094 testatur.
1573 3041 1629 3096 lu
1670 3057 1779 3111 quo

199 3125 456 3183 videlicet
498 3126 637 3181 libro
680 3127 984 3197 ubicunque
1025 3131 1474 3184 commemoratio
1507 3130 1568 3186 ﬁt
1594 3131 1776 3202 cujus—

200 3219 332 3275 dam
381 3219 624 3275 ﬁdissimi
682 3219 928 3290 discipuli
974 3220 1111 3290 ejus,
1159 3221 1301 3290 quod
1346 3220 1658 3291 frequenter
1701 3224 1773 3277 ibi

198 3308 377 3365 lector
405 3311 660 3373 inveniet,
693 3311 865 3382 ipsum
896 3311 1030 3366 sciat
1067 3310 1230 3366 fuisse
1272 3311 1641 3367 Rembertum.
1673 3312 1781 3367 Sed

197 3400 354 3469 quia,
403 3407 463 3454 ut
510 3399 784 3463 diximus,
842 3400 955 3469 ipse
998 3415 1118 3454 cum
1170 3400 1276 3455 alio
1326 3404 1559 3470 quodam
1608 3402 1783 3457 editor

204 3490 524 3544 eorumdem
590 3490 801 3544 exstitit
865 3500 1132 3558 gestorum
1160 3532 1175 3556 ,
1236 3490 1439 3546 ideirco
1498 3495 1779 3548 veritatem

204 3579 308 3643 rei,
344 3595 633 3651 suppresso
693 3582 907 3635 nomine
950 3596 1085 3645 suo,
1121 3582 1423 3652 exprimere
1474 3582 1660 3645 voluit,
1713 3599 1781 3637 ne

199 3671 275 3727 de
321 3686 379 3726 se
419 3670 826 3727 familiariorem
874 3673 1099 3740 gratiam
1136 3671 1404 3740 jactanter
1447 3673 1687 3743 pmferre
1711 3676 1782 3728 vi-

196 3763 441 3821 deretur.
490 3762 582 3818 Sic
615 3764 761 3817 enim
802 3770 857 3818 et
894 3763 1084 3819 beatus
1109 3765 1433 3835 evangelista
1458 3763 1693 3819 Joannes
1722 3766 1775 3821 in

198 3851 496 3924 Evangelia
517 3868 616 3908 suo
639 3850 786 3914 fecit.
813 3851 903 3907 ubi
928 3866 1078 3905 suam
1112 3867 1325 3923 semper
1351 3868 1636 3921 personam
1663 3869 1781 3907 ma-

198 3941 309 3999 luit
344 3942 557 3998 indiciis
596 3957 778 3998 rerum
818 3942 1199 4007 accidentium,
1233 3957 1394 4012 quam
1427 3945 1646 4013 proprio
1684 3945 1777 3999 de-

197 4036 420 4107 signare
456 4034 738 4091 vocabulo.
765 4034 1039 4102 Quatenus
1068 4043 1245 4089 autem
1272 4034 1324 4087 in
1349 4034 1450 4088 hoc
1476 4034 1776 4089 devotionis

197 4127 325 4181 loco
361 4142 483 4182 cum
527 4127 780 4197 episcopo
807 4123 1147 4179 familiariter
1167 4133 1385 4179 sanctus
1410 4125 1493 4179 vir
1517 4125 1777 4179 Rcmher-

199 4228 294 4275 tus
332 4219 714 4289 perseverarit,
748 4234 814 4273 ex
849 4217 1033 4273 verbis
1058 4215 1270 4286 praefati
1299 4215 1461 4271 libelli
1496 4218 1781 4287 cogeosci-
1804 4241 1818 4255 -

199 4317 317 4373 tur,
347 4306 541 4377 quibus
568 4309 633 4363 de
659 4306 885 4362 transitu
931 4307 1111 4362 domui
1153 4306 1388 4378 episcopi
1434 4307 1505 4362 ita
1542 4322 1782 4362 comme-

198 4409 487 4456 moratur:
525 4420 542 4452 ι
568 4397 846 4469 Percepta,
881 4398 1077 4470 inquit,
1124 4399 1389 4454 Dominici
1436 4400 1680 4469 corporis
1723 4406 1778 4455 et

198 4493 484 4565 sanguinis
525 4492 924 4556 communione,
963 4500 1180 4547 sanctus
1220 4489 1458 4560 pontifex
1489 4490 1774 4545 Dominum

202 4583 597 4653 deprecabatur
625 4622 643 4648 ,
684 4592 745 4637 ut
790 4583 1099 4652 quicunque
1145 4581 1198 4636 in
1239 4595 1362 4635 eum
1403 4582 1778 4649 quoquontodo

196 4683 502 4745 peccasset,
542 4673 724 4728 divina
763 4673 867 4731 hoc
907 4672 958 4729 ei
995 4672 1169 4741 pietas
1215 4672 1533 4726 remitteret.
1576 4669 1779 4727 Deinde

200 4765 504 4821 versiculos
536 4765 668 4819 istos
700 4764 866 4834 cmpit
893 4761 1230 4833 frequentius
1260 4769 1507 4830 repetere
1536 4776 1550 4813 :
1581 4757 1782 4814 Serun-

201 4856 333 4911 dum
376 4854 787 4909 misericordiam
825 4868 969 4908 tuam
1005 4862 1259 4907 memento
1301 4851 1424 4916 mei,
1470 4859 1525 4903 tu
1570 4861 1781 4919 propter

205 4945 490 5000 bonitatem
527 4955 692 5007 tuam,
719 4944 939 4999 Domine
977 4942 1149 5014 (Psal.
1194 4958 1343 5008 xxiv,
1376 4940 1459 5012 7);
1487 4950 1582 4996 et:
1612 4939 1778 5006 Deus,

201 5034 459 5106 propitius
480 5043 596 5087 asto
628 5034 757 5087 mihi
784 5033 1043 5102 peccatori
1076 5031 1229 5100 (Luc.
1255 5046 1412 5095 xvttt,
1446 5030 1573 5101 l5);
1602 5038 1689 5085 et:
1714 5027 1783 5083 In

205 5140 395 5178 manus
440 5134 558 5177 tuas
585 5165 601 5189 ,
649 5124 909 5187 Domine,
960 5122 1260 5176 commendo
1312 5122 1551 5192 spiritum
1608 5135 1782 5175 meum

205 5210 381 5284 (Psal.
402 5231 534 5280 xxx,
562 5214 693 5269 Luc.
718 5215 831 5287 23).
859 5208 1099 5283 Cumque
1123 5214 1237 5268 haec
1263 5212 1460 5283 saepius
1487 5220 1780 5282 repeteret,

201 5311 264 5358 et
288 5300 556 5374 frequenti
588 5304 825 5358 anhelitu
845 5304 959 5375 jam
984 5317 1046 5357 ea
1071 5301 1416 5373 frequentare
1445 5317 1550 5356 non
1579 5309 1784 5371 posset,

203 5394 423 5451 cuidam
471 5394 623 5448 fratri
652 5396 929 5464 praecepit,
966 5403 1025 5449 ut
1051 5394 1165 5449 haec
1192 5393 1311 5447 vice
1342 5392 1487 5446 illius
1533 5392 1787 5462 frequen-

207 5486 375 5541 tando
411 5494 632 5539 caneret
660 5503 671 5537 :
704 5485 889 5555 sicque
920 5485 1092 5540 oculis
1118 5483 1168 5537 in
1202 5482 1399 5537 omium
1427 5481 1649 5536 intentis
1682 5481 1788 5535 Do-

207 5577 343 5631 mini
394 5577 581 5646 gratia:
642 5578 1075 5633 commendatum
1129 5576 1379 5646 spiritum
1431 5572 1776 5628 exhalavit.)

206 5666 312 5723 Hie
351 5682 482 5738 ergo
521 5683 680 5737 quem
711 5667 830 5723 vice
859 5683 953 5722 sua
981 5668 1145 5723 verba
1169 5666 1431 5720 orationis
1456 5678 1556 5735 pro
1591 5678 1649 5717 se
1673 5661 1782 5717 fre-

207 5766 472 5827 quentare
511 5758 785 5828 prtecepit,
833 5757 1155 5814 Rembcrtus
1184 5757 1321 5813 fuit:
1355 5757 1439 5812 cui
1473 5752 1525 5810 itt
1549 5753 1776 5826 loquelae

1780 2504 1783 2509 -
1881 2484 2013 2551 quit,
2045 2483 2318 2539 Rcmberti
2348 2487 2569 2547 sciatur,
2598 2487 2719 2556 quia
2760 2488 2973 2558 dignior
3025 2487 3138 2558 ipse
3192 2486 3462 2555 archiepi-

1880 2572 2105 2642 scopaii,
2133 2589 2293 2643 quam
2322 2590 2420 2646 ego
2451 2576 2873 2631 subdiacouatus
2901 2575 3092 2631 oﬁicio.
3113 2596 3131 2627 ›
3167 2575 3291 2631 Rrec
3320 2578 3463 2632 dese

1880 2677 2087 2733 magna:
2115 2664 2433 2720 humilitatis
2455 2665 2751 2720 intentione
2779 2676 2999 2721 sanctus
3026 2677 3341 2736 prosecutus
3374 2676 3459 2721 est

1879 2752 2186 2822 episcopus,
2221 2762 2473 2822 tanquam
2515 2768 2676 2809 verus
2699 2754 3013 2811 observator
3041 2754 3179 2822 ejus,
3218 2770 3378 2825 quam
3404 2762 3460 2811 et

1880 2840 1994 2911 ipse
2019 2842 2145 2896 olim
2176 2843 2229 2897 in
2261 2843 2597 2913 profectione
2627 2843 2812 2899 habuit
2840 2845 3229 2899 monachorum
3263 2844 3461 2914 regulae

1881 2929 2027 3001 (cap.
2075 2930 2152 3002 7),
2193 2932 2449 2987 dicentis:
2510 2932 2842 3002 «Septiihus,
2896 2932 3093 3002 inquit,
3136 2932 3465 2989 humilitatis

1879 3019 2078 3085 gradus
2101 3028 2205 3085 est,
2234 3020 2278 3075 si
2314 3036 2418 3075 non
2443 3023 2615 3076 solum
2644 3021 2896 3076 omnibus
2926 3036 2987 3076 se
3020 3022 3330 3077 inferiorem
3358 3034 3461 3077 sua

1878 3107 2061 3177 lingua
2119 3114 2430 3181 pronuntiet
2478 3113 2790 3174 monachus,
2841 3126 3029 3168 verum
3070 3115 3230 3168 etiam
3270 3114 3467 3169 intimo

1802 3189 1851 3251 C.
1881 3203 2059 3256 cordis
2100 3203 2287 3257 credat
2339 3203 2555 3269 affectu,
2599 3205 2891 3259 humilians
2934 3218 2991 3259 se
3025 3215 3081 3260 et
3111 3206 3295 3261 dicens
3335 3221 3461 3262 cum

1884 3288 2193 3360 Propheta:
2252 3289 2366 3359 Ego
2420 3304 2591 3345 autem
2642 3308 2759 3345 sum
2809 3294 2996 3346 vermis
3052 3301 3102 3347 et
3158 3310 3261 3347 non
3303 3295 3460 3348 homo

1882 3376 2053 3451 (Psal.
2099 3396 2212 3445 χχι,
2247 3382 2324 3453 7).
2369 3379 2555 3437 Solent
2592 3382 2733 3437 enim
2779 3383 2950 3438 sancti
2983 3383 3087 3438 viri
3129 3394 3251 3439 cum
3300 3383 3458 3439 fortia

1881 3480 2067 3544 agunt,
2109 3473 2175 3528 de
2223 3473 2529 3543 semetipsis
2582 3473 2708 3527 vilia
2747 3473 2971 3537 sentire,
3013 3470 3170 3540 juxta
3209 3473 3351 3544 quod
3393 3475 3461 3529 de

1881 3565 2171 3636 semetipso
2199 3559 2366 3620 David
2394 3580 2577 3620 coram
2615 3580 2741 3620 arca
2782 3564 2994 3620 Domini
3026 3566 3273 3621 saltando
3306 3567 3459 3635 regni

1880 3653 1963 3707 sui
2002 3654 2295 3724 potentiam
2317 3655 2621 3725 despiciens
2644 3652 2813 3711 dixit:
2843 3653 3049 3709 Ludunt
3080 3662 3132 3709 et
3158 3654 3315 3709 vilior
3331 3654 3459 3723 ﬁam

1876 3743 1995 3815 plus
2035 3761 2191 3816 quam
2225 3745 2395 3815 factus
2422 3760 2558 3809 sum,
2587 3758 2634 3798 et
2673 3760 2761 3799 ero
2808 3744 3021 3799 humilis
3064 3745 3119 3799 in
3145 3743 3461 3801 oculisnseis

1878 3835 1977 3907 (11
2016 3834 2144 3906 Reg.
2196 3848 2271 3899 vt,
2323 3835 2460 3905 22);
2503 3836 2570 3891 de
2613 3851 2721 3906 quo
2763 3844 2818 3890 et
2859 3835 3147 3907 Apostolus
3183 3836 3456 3900 admouet,

1877 3928 2098 3982 dicens:
2139 3926 2355 3996 Implete
2396 3927 2647 3997 gaudium
2684 3942 2879 3991 meum,
2922 3936 2981 3980 ut
3029 3925 3166 3979 idem
3206 3925 3455 3995 sapiatis,

1875 4019 2109 4071 eamdem
2144 4017 2451 4071 charitatem
2480 4019 2747 4081 habentes,
2778 4018 3053 4072 unanimes
3082 4018 3315 4087 idipsunt
3340 4032 3460 4072 sett-

1877 4110 2083 4174 tientes,
2118 4107 2248 4161 nihil
2270 4124 2362 4173 per
2385 4109 2763 4162 contentionem
2805 4122 2968 4179 neque
2986 4122 3079 4178 per
3105 4108 3314 4163 inanem
3344 4106 3459 4178 glo-

1876 4200 2035 4264 riam,
2090 4199 2180 4253 sed
2243 4198 2301 4253 in
2360 4198 2656 4252 humilitate
2712 4200 3004 4268 superiores
3077 4198 3178 4253 sibi
3239 4198 3459 4253 invicem

1879 4292 2193 4346 arbitrantes
2245 4287 2466 4361 (Philip.
2504 4290 2678 4360 11,2).
2709 4290 2947 4358 Quorum
2995 4291 3170 4360 prius,
3221 4291 3326 4345 hoc
3371 4297 3459 4346 est

1877 4380 2162 4451 Propheta:
2192 4379 2577 4445 testimonium,
2618 4380 2807 4433 beatus
2845 4381 2930 4433 vir
2956 4379 3255 4450 Ansgarius
3295 4380 3369 4433 ita
3399 4379 3457 4435 iu

1883 4484 1942 4527 se
1975 4470 2247 4525 custodire
2276 4469 2500 4534 solebat,
2529 4475 2589 4521 ut
2608 4468 2674 4522 de
2717 4469 3008 4536 semetipso
3054 4469 3198 4522 intus
3234 4467 3454 4522 humilia

1881 4563 2138 4624 sentiens,
2188 4560 2446 4616 honorem
2493 4559 2733 4615 exterius
2785 4574 2890 4612 non
2927 4558 3249 4627 requireret,
3300 4558 3453 4627 quasi

1883 4656 2072 4712 dicens
2097 4673 2111 4707 :
2142 4651 2347 4709 Ludam
2372 4661 2426 4709 et
2457 4651 2616 4706 vilior
2644 4650 2806 4717 ﬁam;
2838 4664 2938 4707 nec
2971 4665 3185 4705 rursum
3215 4663 3311 4718 per
3353 4649 3457 4704 hoc

1881 4745 2026 4815 quod
2062 4743 2222 4800 vilem
2269 4758 2330 4799 se
2372 4742 2610 4798 exterius
2638 4740 2888 4810 praebuit,
2931 4739 3177 4809 interius.
3202 4738 3457 4795 intumes-

1882 4844 2051 4902 ceret,
2113 4834 2379 4905 implendo
2440 4834 2621 4904 potius
2675 4831 2819 4902 quod
2888 4830 3187 4901 sequitur:
3245 4829 3314 4884 Et
3359 4843 3456 4884 ero

1883 4925 2103 4982 humilis
2143 4925 2197 4980 in
2237 4923 2407 4980 oculis
2448 4923 2603 4989 meis,
2635 4923 2687 4978 id
2712 4932 2797 4977 est
2836 4922 3051 4992 qualem
3090 4934 3175 4977 me
3216 4920 3456 4975 exterius

1889 5019 2190 5090 despiciens
2213 5017 2461 5081 exhibeo,
2490 5015 2649 5070 talem
2688 5032 2775 5070 me
2801 5015 3026 5072 interius
3066 5015 3300 5070 attendo.
3338 5011 3456 5081 Qua

1888 5108 2174 5179 deSpectus
2224 5108 2304 5162 sui
2355 5106 2649 5162 intentione
2692 5106 2933 5175 implevit
2976 5107 3136 5161 etiam
3188 5103 3334 5172 quod
3387 5100 3457 5158 de

1888 5197 2144 5270 Apostolo
2172 5182 2582 5267 proposuimus;
2614 5204 2674 5248 ut
2697 5195 2842 5249 omni
2867 5192 3211 5248 contentione
3235 5198 3290 5247 et
3310 5190 3456 5244 inani

1887 5290 2059 5365 gloria
2099 5304 2316 5358 carens,
2341 5302 2439 5359 per
2469 5285 2825 5342 humilitatem
2853 5282 2955 5338 sibi
2986 5281 3121 5337 alios
3149 5281 3458 5351 superiores

1888 5383 2280 5437 arbitraretur:
2308 5377 2450 5432 unde
2496 5386 2550 5432 et
2582 5375 2831 5444 superius
2871 5381 2956 5429 est
2996 5372 3278 5441 scriptum,
3314 5368 3457 5438 quod

1885 5470 2109 5544 potioris
2133 5483 2293 5539 quam
2322 5467 2436 5535 ipse
2455 5473 2599 5518 esset
2624 5462 2821 5527 meriti,
2849 5462 3007 5516 beato
3025 5459 3143 5513 viro
3170 5456 3458 5513 llcmberto

1885 5572 2163 5631 tantopere
2211 5558 2359 5613 dedit
2414 5554 2801 5610 testimonium.
2848 5552 2955 5607 Sed
2996 5565 3301 5621 quanquam
3345 5550 3457 5617 ipse

1880 5650 2203 5709 humilitatis
2264 5664 2427 5706 causa
2473 5648 2541 5704 de
2581 5662 2703 5702 sese
2749 5645 2872 5699 talia
2928 5644 3146 5705 dixerit,
3209 5649 3455 5697 nostrum

1880 5754 2064 5801 tamen
2106 5758 2212 5800 non
2241 5751 2323 5800 est
2371 5738 2663 5810 quemlibet
2704 5751 2892 5791 eorum
2918 5736 3073 5791 alteri
3118 5746 3452 5806 praeponere,
