4026 6308
244 321 380 383 Ιοῦι

1808 338 1989 399 νιτΑ.

3379 371 3525 430 1002

235 434 357 506 ipsa
402 440 733 497 monasteria
775 445 1091 517 viventium,
1140 451 1504 508 instrumenta
1561 453 1826 507 bonorum
1850 452 1902 512 Α
1931 466 2036 521 que
2058 455 2125 511 ad
2147 456 2250 513 hoc
2272 458 2444 529 ipsum
2467 462 2522 519 in
2546 478 2679 519 zona
2708 482 2806 523 sua
2827 473 3101 544 marsupio
3126 491 3249 533 cum
3283 486 3520 542 nummis

232 539 487 594 operum,
528 544 650 599 qua:
691 546 878 589 eorum
924 539 1109 609 regula
1140 553 1531 598 commemorat
1569 544 1705 616 (cap.
1745 544 1822 615 4),

231 627 389 683 atque
418 623 479 670 ut
508 617 622 703 ipse
648 622 1037 683 observaverit.
1063 629 1228 699 Cujus
1267 632 1407 689 facta
1426 636 1645 705 quidem
1675 637 1760 692 vix
1792 652 1823 692 a

232 704 396 761 nobis
432 700 692 779 explicari
722 727 977 783 possunt:
1020 721 1114 775 sed
1140 700 1510 792 quotidiana—ru
1552 726 1669 798 ejus
1698 744 1821 785 cum

229 793 347 851 Deo
389 802 878 874 conversationem,
929 817 986 865 et
1022 811 1261 868 animum
1303 814 1444 872 caelo
1485 832 1699 890 semper
1739 821 1823 877 in-

114 900 127 911 ’
228 894 462 954 lentum,
488 901 685 975 nostra:
715 897 955 958 tenuitas
979 902 1221 960 scientiae
1242 921 1582 980 nequaquam
1606 910 1820 970 edicere

221 976 314 1033 vel
355 977 547 1036 saltem
588 970 927 1056 perpendere
960 990 1122 1049 valet.
1160 970 1345 1052 Grave
1376 970 1605 1055 ducebat
1650 1001 1817 1059 ullum

220 1077 454 1163 tempus-
483 1062 715 1163 vacuum
757 1076 966 1150 absque
1002 1096 1165 1154 opere
1206 1086 1300 1142 Dei
1347 1090 1676 1163 transigere:
1719 1094 1814 1150 sed

216 1158 458 1216 orationi
481 1158 662 1230 lectio,
687 1163 904 1223 lectioni
933 1185 1152 1243 semper
1202 1176 1344 1246 apud
1369 1158 1815 1240 illum'successit

215 1254 428 1312 oratio:
455 1263 511 1311 et
550 1257 596 1313 si
629 1257 832 1331 aliquid
872 1267 1212 1337 accessisset,
1252 1271 1398 1342 quod
1423 1286 1545 1329 eum
1584 1275 1652 1330 ab
1687 1291 1816 1331 ora-

216 1346 367 1404 tione
398 1348 660 1422 impedire
696 1352 991 1423 videretur,
1026 1374 1240 1432 semper
1283 1372 1459 1418 tamen
1505 1381 1624 1436 qua:
1662 1367 1809 1437 justa
1914 1428 1921 1433 ,

212 1447 348 1495 sunt
373 1453 563 1511 agens,
587 1441 707 1500 sine
730 1443 1132 1505 intermissione
1155 1452 1470 1509 sentiendus
1493 1464 1807 1525 estorasse,

210 1536 276 1583 ut
328 1529 519 1588 beatus
567 1532 727 1591 docet
781 1537 1166 1610 Augustinus:
1208 1543 1307 1609 illi,
1362 1546 1552 1616 inquit,
1610 1551 1702 1621 qui
1753 1553 1804 1608 in

210 1616 398 1675 divino
446 1632 697 1681 versatur
730 1621 931 1694 oiiicio,
976 1632 1158 1689 omnia
1204 1643 1358 1705 gesta
1404 1635 1523 1705 ejus
1555 1616 1806 1712 dictaque

205 1722 312 1781 pro
335 1711 582 1771 oratione
607 1726 944 1788 reputantur.
984 1786 987 1789 η

796 1853 1028 1947 CAPUT
1068 1858 1202 1915 Xlll.

283 1976 600 2051 Vigiliarum
623 1997 779 2041 usum
800 1987 1150 2045 moderanter
1180 1991 1375 2063 agebat
1410 2012 1423 2049 :
1457 1995 1799 2056 abstinentiae

196 2069 429 2127 modum
450 2071 526 2128 ita
550 2076 818 2142 exercuit,
851 2088 910 2132 ut
937 2094 1151 2151 semper
1174 2083 1248 2138 illi
1275 2096 1459 2141 essent
1482 2089 1797 2157 quotidiana

187 2157 426 2232 jejunis,
457 2171 517 2219 et
542 2165 769 2224 refectio
800 2171 1110 2228 satietatem
1146 2174 1379 2245 fugiens.
1413 2178 1470 2233 in
1501 2195 1610 2249 quo
1641 2182 1794 2237 vide-

192 2251 334 2309 licet
358 2254 462 2311 hoc
497 2258 828 2327 attendebat,
867 2272 927 2316 ut
955 2263 1112 2335 juxta
1149 2268 1368 2323 beatum
1406 2268 1793 2343 Hieronymum

189 2340 277 2399 ita
293 2347 538 2417 corporis
552 2346 1158 2424 irangeretappetitum,
1175 2366 1235 2413 ut
1252 2366 1432 2415 tamen
1452 2360 1519 2416 ad
1536 2340 1794 2420 lectiones

187 2443 256 2491 et
292 2435 650 2506 psalmodiam
689 2450 852 2514 atque
896 2447 963 2502 ad
1001 2447 1194 2505 altaris
1230 2465 1294 2506 ac
1318 2453 1666 2521 pontiﬁcatus
1705 2458 1791 2514 sui

186 2521 430 2580 ol‘licium
455 2528 600 2586 vires
617 2530 669 2585 ei
688 2545 796 2587 non
819 2532 1132 2592 deﬁcerent.
1171 2557 1191 2589 ι
1212 2537 1355 2595 Nihil
1375 2542 1520 2598 enim
1544 2546 1787 2618 prodest,

186 2621 261 2669 ut
296 2612 377 2668 ait
423 2615 570 2671 idem
616 2616 976 2694 Hieronymus
1030 2625 1201 2696 (epist.
1250 2626 1322 2683 22
1362 2631 1433 2685 ad
1482 2612 1799 2710 Enetum),

184 2702 362 2760 biduo
387 2706 672 2779 triduoque
697 2725 930 2767 vacuum
957 2723 1180 2785 portare
1214 2729 1484 2788 ventrem,
1517 2725 1563 2779 si
1582 2702 1792 2796 pariter

188 2792 480 2862 obruatur,
511 2799 559 2853 si
588 2813 971 2873 compensetur
1002 2810 1291 2868 saturitate
1305 2792 1601 2882 jejunium:
1638 2818 1787 2878 illico

183 2888 339 2944 enim
393 2907 549 2948 mens
596 2894 804 2967 repleta
858 2902 1133 2972 torpescit,
1191 2915 1247 2961 et
1312 2907 1536 2982 irrigata
1589 2912 1786 2973 humus

181 2984 377 3053 spinas
397 2985 675 3069 libidinum
697 3002 939 3061 generat.
962 3014 982 3048 ι
1018 2996 1173 3063 Quod
1193 2997 1279 3055 vir
1296 2999 1415 3068 Dei,
1445 3012 1503 3059 ut
1522 3005 1780 3075 diximus,

182 3073 251 3131 in
267 3090 329 3133 se
347 3091 540 3135 cavere
556 3079 762 3148 volens,
785 3086 1132 3143 moderamen
1147 3090 1339 3162 jejunii
1369 3095 1443 3150 ita
1465 3100 1778 3169 custodivit,

184 3177 253 3223 nt
281 3168 541 3227 Dominus
564 3172 620 3229 in
646 3175 938 3247 Evangelia
966 3179 1183 3239 Judzeos
1209 3200 1469 3256 arguens,
1501 3190 1646 3259 quod
1674 3167 1776 3251 nec
1804 3167 1854 3236 θ

177 3256 449 3317 Joannem
486 3264 846 3339 jejunantetu,
907 3285 1013 3328 nec
1050 3273 1227 3344 ipsum
1268 3279 1687 3339 manducantem
1722 3295 1781 3342 et

178 3347 461 3408 bibentem
490 3357 848 3425 susciperent,
881 3360 1114 3431 subjecit
1133 3365 1320 3422 dicens
1348 3383 1362 3422 :
1394 3367 1463 3423 Et
1479 3370 1777 3447 justi/icata

176 3451 262 3498 est
290 3445 549 3515 sapientia
589 3465 623 3503 α
661 3443 791 3520 ﬁliis
816 3453 926 3509 suis
957 3444 1173 3528 (Matth.
1211 3475 1291 3528 x1,
1317 3463 1443 3536 l9);
1481 3443 1776 3529 ostendens

180 3547 285 3605 per
305 3533 408 3591 hoc
428 3535 569 3594 ﬁlios
587 3540 867 3612 sapientia:
886 3544 1208 3617 intelligere,
1231 3566 1335 3609 nec
1350 3533 1405 3609 in
1429 3556 1773 3631 abstinendo,

175 3643 289 3685 nec
314 3630 369 3685 in
399 3633 778 3693 manducando
797 3637 1221 3710 essejustitiam,
1253 3648 1348 3702 sed
1371 3648 1425 3705 in
1454 3655 1776 3723 aequanimi-

177 3731 301 3778 tate
324 3724 588 3784 tolerandi
615 3729 877 3801 inopiam,
917 3743 974 3792 et
1015 3742 1431 3809 temperantiam
1479 3762 1576 3817 per
1602 3748 1775 3806 abun-

177 3815 429 3872 dantiam
458 3835 581 3881 non,
608 3836 667 3879 se
710 3830 1114 3899 corrumpendi,
1163 3841 1326 3904 atque
1352 3815 1654 3907 opportune
1681 3858 1774 3900 su-

177 3905 368 3962 mendi
414 3908 499 3965 vel
541 3925 649 3966 non
679 3916 927 3971 sumendi
956 3932 1046 3986 ea,
1088 3934 1321 3989 quarunt
1350 3905 1458 3983 non
1493 3942 1645 3998 usus,
1674 3933 1773 3993 sed

174 3999 624 4071 concupiscentia
651 4008 1094 4078 reprehendenda
1125 4024 1229 4073 est.
1667 4032 1671 4036 '

706 4231 710 4235 g
776 4140 1007 4205 CAPUT
1044 4147 1179 4207 xw.

228 4269 526 4343 Quidquid
572 4290 705 4333 vero
749 4280 912 4338 etiam
962 4284 1029 4340 ad
1070 4302 1200 4345 usus
1241 4298 1299 4347 et
1344 4298 1768 4361 sustentationes

88 4442 96 4453 ‘
170 4378 478 4435 pauperum
507 4366 679 4426 beata:
704 4375 983 4432 memoriae
1011 4379 1264 4439 decessor
1287 4401 1418 4443 suus
1457 4388 1765 4452 institutum

1931 558 2146 615 semper
2176 551 2451 618 utebatur,
2495 566 2553 609 ut
2588 556 2632 611 si
2664 560 2880 629 quando
2915 563 3259 635 dispensator
3286 570 3522 630 eieemo-

1926 650 2074 705 synte
2095 653 2207 694 sua:
2236 639 2290 694 in
2321 641 2555 699 adventu
2580 651 2791 718 egentis
2826 651 3056 722 deesset,
3086 657 3200 727 ipse
3221 660 3337 716 sine
3364 679 3520 721 mora
3618 686 3637 695 ί

1925 730 2155 787 haberet
2197 737 2340 804 quod
2373 736 2548 794 daret.
2597 740 2777 799 inerat
2804 747 2949 802 enim
2977 750 3029 804 ei
3069 750 3401 822 sollicitudo,
3447 774 3519 815 ne

1923 824 2046 894 quis
2073 826 2258 882 talium
2289 845 2320 884 a
2364 846 2424 887 se
2461 834 2582 890 sine
2623 835 2890 896 levamine
2931 842 3250 915 abcederet;
3293 850 3520 921 suisque

1921 916 2119 974 similia
2135 920 2341 992 jugiter
2356 926 2792 988 adhortationem
2816 933 3043 1003 iaciens,
3067 938 3252 996 dicere
3271 916 3477 1000 solebat
3496 960 3514 1000 :

1925 1026 1944 1059 ι
1976 1006 2091 1065 Non
2129 1014 2450 1072 tardandum
2480 1024 2562 1075 est
2598 1029 2659 1076 ut
2696 1026 2908 1083 cunctis
2934 1030 3266 1100 pauperibus
3291 1048 3516 1091 succurr-

1918 1113 2123 1168 ramus,
2164 1104 2290 1172 quia
2336 1108 2460 1177 quis
2489 1110 2561 1166 sit
2598 1110 2869 1186 Christus,
2917 1117 3003 1175 vel
3032 1123 3250 1194 quando
3295 1126 3364 1182 ad
3410 1141 3516 1184 nos

1917 1188 2086 1257 venit,
2119 1191 2454 1264 ignoramus.
2485 1218 2506 1253 ι
3047 1188 3069 1194 ⁷
3169 1212 3174 1218 ’

2522 1331 2758 1422 CAPUT.
2792 1337 2907 1398 xv.

1984 1463 2192 1518 Interea
2214 1460 2370 1533 juxta
2406 1468 2833 1530 admonitionem
2866 1476 3013 1535 beati
3038 1480 3309 1557 Gregorii,
3337 1490 3504 1546 etiam

1910 1551 2305 1626 cleemosynam
2328 1560 2482 1617 verbi
2510 1562 2845 1625 incessanter
2863 1586 3050 1644 agens,
3076 1575 3336 1634 doctrinae
3359 1582 3505 1637 salu-

1911 1646 2043 1700 taris
2064 1647 2249 1703 'studio
2279 1649 2484 1721 jugiter
2513 1654 2769 1726 instabat,
2808 1662 3055 1721 recolens
3075 1668 3217 1739 quod
3246 1669 3388 1726 idem
3426 1671 3504 1727 ait

1908 1736 2096 1792 doctor
2128 1738 2292 1811 (hom.
2319 1741 2373 1816 6)
2410 1762 2423 1797 :
2455 1743 2583 1802 Plus
2615 1764 2736 1805 esse
2767 1761 2826 1806 ut
2855 1754 3007 1811 verbi
3050 1736 3248 1829 pabulo
3287 1761 3499 1819 victura

1827 1811 1875 1875 Β
1903 1828 1956 1882 in
1986 1841 2307 1902 perpetuum
2352 1811 2516 1893 'mens
2564 1834 2864 1911 reﬁcietur,
2898 1811 3077 1917 quamr
3101 1858 3292 1907 venter
3334 1855 3501 1911 mori-

1906 1927 2038 1976 turae
2066 1924 2247 1981 carnis
2288 1941 2427 1997 pane
2458 1939 2677 1989 terreno
2705 1937 2953 2017 satietur.
2999 1938 3172 2014 Hujus
3211 1944 3289 1999 rei
3318 1948 3499 2023 gratia

1903 2024 2218 2087 excerptum
2249 2018 2555 2088 legentibus
2581 2025 2712 2082 utile
2739 2028 2805 2083 de
2842 2030 2997 2087 libris
3025 2033 3204 2089 sancti
3243 2018 3497 2110 Gregorii

1898 2102 2049 2171 fecit,
2081 2116 2137 2161 et
2157 2109 2376 2178 propria
2402 2127 2568 2169 mauu
2590 2117 2939 2188 conscripsit,
2962 2123 3331 2195 epistulasque
3356 2102 3497 2189 non--~

1898 2194 2075 2252 nullas
2112 2197 2490 2258 :ediiicationis
2530 2204 2719 2274 plenas
2757 2208 2826 2263 ad
2876 2200 3122 2268 diversos
3164 2194 3492 2286 composuit,

1896 2301 2130 2357 quarum
2170 2280 2275 2345 una
2303 2300 2390 2347 est
2433 2294 2502 2350 ad
2539 2298 2830 2367 quamdam
2865 2298 2963 2357 Dei
2998 2304 3249 2360 ancillam
3280 2306 3337 2363 in
3372 2322 3494 2364 mo-

1894 2383 2138 2440 nasterio
2179 2385 2323 2456 quod
2366 2386 2564 2445 dicitur
2612 2390 2788 2448 Herisi
2834 2405 2861 2436 α
2903 2397 3280 2468 constitutum,
3327 2409 3495 2460 caete-

1894 2488 2093 2545 rasque
2121 2491 2339 2534 sorores
2365 2478 2565 2537 ibidem
2596 2482 2652 2537 in
2679 2483 2774 2540 Dei
2802 2483 3068 2557 famulatu
3098 2480 3483 2575 consistentes.

1892 2563 2022 2622 Haec
2047 2577 2228 2624 autem
2248 2567 2450 2626 famula
2478 2573 2596 2641 Dei,
2627 2575 2693 2631 de
2717 2592 2821 2647 qua
2845 2578 3134 2652 loquimur,
3164 2568 3343 2656 neptis
3366 2570 3489 2645 erat

1895 2657 2217 2714 venerabilis
2269 2662 2510 2746 episcopi
2556 2664 2859 2735 Liuthardi,
2918 2670 3074 2742 cujus
3123 2688 3287 2746 supra
3333 2676 3489 2735 mena

1893 2746 2096 2804 tionem
2125 2748 2376 2829 fecimus,
2405 2743 2495 2824 qui
2529 2770 2587 2813 se
2618 2768 2810 2831 sancto
2828 2760 2956 2831 Aviro
2979 2779 3101 2819 cum
3129 2766 3279 2833 omni
3321 2767 3486 2826 devo—

1891 2838 2055 2896 tionis
2112 2840 2309 2899 ali‘ectu
2346 2845 2421 2900 ita
2467 2847 2805 2929 devinxerat,
2860 2861 2920 2909 ut
2966 2869 3076 2910 non
3137 2858 3312 2913 solum
3368 2844 3485 2932 ipse

1886 2932 2196 2990 sanctitatis
2228 2934 2346 3003 ejus
2366 2924 2579 2995 amator
2599 2938 2858 3010 existere,
2881 2961 3071 3002 verum
3101 2948 3266 3006 etiam
3293 2966 3484 3010 omnes

1884 3020 1955 3077 ad
1997 3036 2058 3078 se
2101 3037 2319 3097 quoquo
2371 3028 2532 3083 modo
2590 3030 2925 3100 pertinentes
2972 3036 3050 3090 illi
3097 3030 3482 3098 commendare

1884 3111 2175 3178 studuerit,
2221 3116 2493 3186 praecipue
2524 3117 2684 3175 istam
2727 3125 2795 3178 de
2841 3140 2949 3199 qua
2983 3120 3258 3198 loquimur
3295 3128 3481 3188 abin-

1882 3202 2052 3259 l'antia
2078 3204 2191 3262 Deo
2220 3209 2481 3283 oblatam,
2521 3221 2579 3267 et
2616 3213 2673 3271 in
2713 3202 3021 3286 virginitate
3064 3213 3479 3305 permanentem

1882 3284 2101 3368 neptem
2122 3313 2306 3365 suam,
2344 3318 2467 3372 qua:
2500 3312 2555 3359 et
2583 3284 3117 3377 propria—devotione
3147 3300 3477 3385 promeruit,

1882 3395 1944 3442 ut
1980 3388 2197 3444 unicam
2244 3391 2546 3459 dilectionis
2598 3412 2709 3453 suae
2761 3398 2929 3458 tiliam
2972 3404 3054 3459 vir
3100 3400 3321 3471 sanctus
3347 3390 3489 3467 eam.

1879 3477 2165 3535 nominare
2181 3476 2382 3540 'solitus
2404 3485 2494 3541 sit.
2523 3484 2654 3554 Quae
2674 3485 2803 3562 licet
2826 3507 3024 3548 nomen
3050 3478 3206 3550 suum
3237 3498 3473 3577 vitandi:

1873 3564 2152 3637 iactantiae
2176 3586 2342 3629 causa
2371 3574 2553 3647 palam
2596 3579 2732 3634 nolit
2761 3582 2918 3651 edici,
2967 3584 3143 3659 ipsam
3172 3574 3355 3645 tamen
3399 3582 3470 3661 ad

1877 3654 2290 3747 aediﬁcationem
2320 3669 2493 3745 sacris
2520 3670 2846 3742 virginibus,
2872 3678 3122 3747 quamvis
3159 3672 3325 3763 tacito

1876 3734 2026 3813 mine
2062 3756 2197 3828 ejus
2243 3759 2310 3814 ad
2356 3740 2521 3831 quam
2573 3734 2905 3834 specialiter'
2931 3770 3134 3843 scripta
3184 3752 3307 3842 est,
3372 3755 3469 3853 hic

1876 3859 2084 3916 ponere
2110 3848 2452 3931 decrevimus
2476 3853 2760 3922 epistolam
2790 3857 2864 3913 ita
2890 3874 2951 3915 se
2980 3852 3269 3921 habentem
3292 3865 3343 3923 ι).
3406 3848 3428 3863 κ’

1864 3990 1870 3997 .
1950 3963 1969 3997 ι
1999 3944 2346 4003 Charissimae
2368 3948 2493 4006 illite
2505 3953 2827 4025 ueterisque,
2845 3950 3152 4045 virginibus.
3171 3973 3226 4019 et
3251 3948 3464 4035 sponsis

1740 4068 1747 4073 ι
1781 4114 1785 4118 ι
1871 4036 2078 4097 Christi
2104 4039 2456 4111 iisunum-us,
2487 4045 2668 4119 gregis
2688 4045 2785 4103 Dei
2824 4049 2949 4107 vilis
2964 4036 3251 4137 ‘senvulus,
3277 4057 3332 4113 in
3356 4056 3463 4137 Do-

1871 4129 2023 4187 mino
2040 4130 2269 4189 salutem

1862 4232 1865 4239 ‘
1944 4241 1967 4276 ι
1998 4221 2191 4281 Frater
2216 4206 2559 4301 Adalgarius’
2578 4245 2824 4305 nupera
2861 4196 3023 4299 vobis
3056 4196 3296 4313 rediens,
3327 4226 3460 4305 dixit

1869 4314 2003 4371 mihi
2030 4317 2269 4389 graviter
2296 4332 2393 4375 vos
2414 4317 2582 4387 ferre,
2606 4324 2931 4397 quodﬂparvi
2941 4330 3063 4402 tatis
3086 4346 3224 4389 mea:
3246 4334 3460 4396 litteras

1866 4424 1995 4475 raro
2015 4411 2342 4482 suscipiatis.
2365 4412 2521 4480 Quod
2536 4417 2698 4475 modo
2719 4418 2853 4475 mihi
2868 4422 3160 4480 emendare
3186 4427 3459 4499 cupienti,

1870 4456 1992 4475 -..εν
2015 4456 2342 4482 ---ηιμ--..σ-
2369 4456 2521 4480 κ-νυι
2536 4456 2697 4475 ψυυιν
2719 4456 2853 4475 uanus
2868 4456 3160 4480 υιιιυιιυαιιῠ
3186 4456 3450 4499 υιιιηυυιις

154 4456 439 4527 habet)“
470 4459 539 4543 in
584 4461 732 4517 "uno
773 4465 877 4522 hoc
923 4467 1040 4538 ipse
1087 4472 1354 4543 disiecit:
1402 4481 1497 4535 sed
1546 4498 1764 4542 omnem
1788 4503 2000 4596 D'QUid
2027 4504 2269 4560 scribere
2296 4506 2547 4574 debeam,
2581 4507 2718 4565 nihil
2746 4514 3158 4587 convenientius
3189 4523 3450 4587 occurrit.

170 4562 364 4596 curam
392 4561 449 4596 et
468 4552 804 4596 diliaonlinm
830 4559 1116 4596 ndhihnlmo
1169 4575 1220 4596 ..ι
1252 4572 1428 4596 .......:-
1473 4576 1537 4596 ,Α
1572 4577 1584 4596 ε
1609 4579 1621 4596 ι
1658 4588 1693 4596 γ.

1874 4552 2000 4572 1--..
2027 4552 2267 4560 ----σν--
2299 4552 2547 4574 ..νυν-νυ,
2581 4552 2718 4565 --σιιι-
2747 4552 3158 4587 wuvvuwuiauu
3189 4552 3450 4587 υυυιιιιιι,

170 4562 364 4604 cum"
392 4561 449 4684 li:
468 4552 807 4625 diligentiam
827 4559 1141 4631 adhibebat.
1169 4575 1226 4621 ut
1249 4572 1431 4628 omnia
1470 4576 1538 4630 ad
1569 4577 1622 4634 id
1647 4588 1762 4639 sta-
1788 4552 1845 4596 υ
1868 4606 2030 4663 quam
2055 4601 2115 4649 ut
2135 4608 2233 4649 vos
2262 4595 2329 4651 de
2357 4605 2550 4651 vestrae
2588 4600 2897 4658 sanctitatis
2925 4618 3297 4665 commoveam
3327 4628 3458 4684 pro-

171 4645 294 4684 lllm
335 4655 404 4684 IIII
451 4658 540 4684 nm
570 4645 684 4684 cuia
709 4650 1039 4684 lanarum-ilum
1063 4668 1317 4684 η........,...ι
1351 4662 1533 4684 ,ιη-μ,
1562 4683 1567 4684 ,
1624 4679 1634 4684 -
1974 4683 1977 4684 ,
2106 4682 2119 4684 -

171 4645 295 4692 tuta
335 4639 541 4698 nullum
570 4645 684 4701 suis
709 4650 1041 4719 temporibus
1061 4668 1321 4727 caperent
1345 4662 1756 4741 detrimentum,

170 4731 271 4786 sed
292 4733 473 4802 potius
493 4750 593 4791 suo
622 4737 864 4809 quotidie
885 4742 1065 4801 studio
1091 4747 1179 4805 his
1207 4752 1413 4823 aliquid
1441 4731 1755 4823 adderetur;

152 4821 310 4897 Erat
335 4826 485 4882 enim
514 4843 614 4897 pro
633 4829 1002 4922 indigentium
1042 4821 1315 4902 levamine
1339 4847 1604 4922 lepitale
1627 4821 1759 4913 con;

168 4916 439 5003 Stitutum
468 4919 525 4975 in
556 4921 871 4996 episcopatu
912 4927 1049 4998 ejus,
1095 4934 1166 4990 ad
1208 4939 1351 5008 quod
1400 4916 1545 5000 tanta
1584 4950 1762 5007 subsi-

150 5009 389 5087 diorum
419 5000 746 5087 suﬁcientis
772 5017 1030 5090 deputata
1053 5033 1156 5092 est,
1184 5000 1245 5084 ut
1279 5046 1545 5105 nusquam
1579 5000 1762 5114 copio-

173 5103 293 5161 sius
336 5103 447 5175 vel,
484 5107 788 5183 sapientius
847 5113 951 5170 hoc
1005 5116 1182 5187 ipsum
1235 5103 1584 5191 procuratum
1637 5103 1759 5194 esse

171 5196 433 5256 sciamus.
495 5198 604 5257 Sed
662 5211 719 5259 et
768 5215 923 5262 extra
966 5209 1344 5291 episcopatum
1371 5260 1386 5284 ,
1451 5222 1770 5298 ubicunque.

169 5289 389 5358 fuisset,
433 5308 650 5369 semper
687 5289 1009 5361 constitutos
1049 5307 1315 5391 habebat,
1347 5316 1437 5386 qui
1468 5289 1769 5401 pecuniam;

168 5380 229 5440 in
262 5386 512 5445 saccellis
535 5387 606 5445 ad
642 5388 878 5448 dandum
909 5399 1244 5469 pauperibus
1268 5380 1544 5473 gestarent
1571 5429 1587 5466 :
1610 5414 1755 5484 ipse-

242 5538 479 5647 :nr‘teg:
493 5541 640 5647 Novla
659 5544 898 5647 maesta,
931 5518 1433 5647 vulganlyienlterse,
1465 5526 1760 5647 ςοηρείυιήί

168 5620 577 5697 centuriarum,
598 5620 767 5697 trium
796 5620 1053 5697 horarum
1088 5626 1284 5684 itinere
1307 5630 1379 5685 ab
1408 5620 1542 5691 urbe
1568 5620 1752 5697 ait};

168 5681 403 5747 brunna,
430 5697 501 5739 ex
530 5684 892 5749 Henscitenio.
1042 5712 1047 5717 ί

241 5749 270 5792 δ
308 5753 520 5813 Abhinc
555 5759 846 5829 capitulum
880 5762 947 5819 l6
966 5766 1180 5822 orditur
1216 5769 1494 5848 Philippus
1524 5779 1742 5855 Caesar;

572 5852 841 5917 Ριτιιοι..
883 5856 1167 5924 CXXVI.
1248 5940 1257 5956 '

1866 4683 2063 4756 posito.
2098 4682 2154 4740 Si
2196 4684 2362 4757 igitur
2387 4688 2457 4743 ad
2484 4689 2851 4750 sublissnnam
2884 4694 3115 4765 gloriam
3139 4700 3305 4758 vultis
3327 4682 3456 4775 per-

1846 4774 2077 4841 -venire,
2123 4777 2291 4833 omni,
2317 4777 2515 4836 virtute
2559 4780 3029 4853 incorruptionem
3089 4774 3339 4864 corporis
3383 4812 3452 4853 ac

1842 4865 2089 4936 twiritus
2132 4867 2382 4925 excolere
2429 4871 2656 4927 debetis.
2706 4873 2989 4955 interioris
3030 4882 3175 4939 enim
3221 4884 3336 4940 fotu
3385 4904 3452 4946 ae

1865 4956 2062 5028 pabulo
2107 4960 2380 5030 puritatis,
2428 4964 2833 5027 subministrari
2881 4987 3105 5043 necesse
3150 4984 3235 5034 est
3283 4981 3448 5039 etiam

1863 5053 2153 5109 exterioris
2201 5055 2441 5114 hominis
2474 5060 2814 5132 castitatem,
2857 5080 3088 5137 eamque
3136 5068 3341 5142 jugiter
3382 5088 3451 5133 aa

1863 5147 2321 5212 perseverantiam
2381 5161 2656 5223 perpetuae
2701 5155 3123 5227 ineorruptionis
3188 5163 3448 5220 animari.

1830 5233 1970 5301 illae
2015 5254 2252 5311 namque
2286 5254 2416 5307 sunt
2441 5261 2585 5302 vera:
2629 5256 2792 5319 atque
2838 5250 3167 5326 incorrupta:
3207 5256 3451 5329 virgines

1860 5327 2081 5396 Christi,
2116 5348 2224 5390 non
2250 5350 2371 5405 qua:
2396 5347 2668 5407 metuunt,
2697 5342 2795 5399 sed
2818 5345 3015 5413 quibus
3036 5363 3147 5403 non
3177 5327 3317 5407 libet
3339 5334 3452 5406 lor-

1830 5444 1837 5453 ·
1863 5423 2057 5480 nicari.
2088 5423 2243 5492 Quod
2266 5429 2493 5496 donum,
2519 5430 2566 5486 si
2588 5445 2686 5501 per
2704 5432 2802 5489 Dei
2827 5437 3058 5507 gratiam
3094 5439 3320 5511 adeptas
3350 5456 3449 5538 vos

1856 5587 1913 5651 at
1934 5591 2166 5664 sequens
2191 5581 2414 5664 epistola
2434 5585 2673 5664 pertinet
2687 5588 2761 5664 ad
2779 5558 3072 5664 capitulum
3096 5591 3187 5657 l5,
3213 5601 3272 5648 ut
3293 5602 3445 5664 patet

1853 5644 1925 5706 cf
1951 5644 2178 5719 Adamo',
2222 5644 2306 5707 cui
2340 5644 2633 5725 capitulum
2679 5658 2748 5714 l6
2775 5644 2862 5714 est.
2901 5644 2960 5714 id
2994 5644 3442 5795 qu‘oll'biiét'égil

1853 5722 2042 5779 stolam
2066 5725 2332 5795 sequitur,
2357 5725 2623 5795 integrum
2646 5731 2716 5785 ab
2736 5730 2853 5795 ipso
2874 5731 3102 5788 relatum
3124 5735 3179 5790 in
3202 5749 3321 5795 cat).
3422 5776 3442 5795 .

1851 5722 2042 5779 stolam
2066 5725 2332 5797 sequitur,
2357 5722 2623 5799 integrum
2646 5731 2716 5785 ab
2736 5730 2853 5801 ipso
2874 5722 3102 5788 relatum
3124 5722 3321 5806 in‘cap.
3345 5722 3442 5795 i9.

2919 5889 2999 5954 32
