4026 6308
529 342 662 400 1051

1563 335 1894 394 AIMOINUS
1929 331 2306 392 MONACHUS
2345 334 2784 393 SANGERMAN.

3658 335 3799 392 103'!

527 458 642 513 suis
672 453 869 509 fuerint
896 452 1164 508 abstracta
1201 450 1482 520 sepulcris,
1508 458 1728 521 prepter
1764 458 1942 504 tamen
1974 448 2116 518 regis
2143 449 2191 508 Α
2218 457 2298 502 est
2316 490 2331 514 ,
2360 450 2580 506 minime
2609 462 2822 524 oportet
2849 454 3013 508 silere
3037 470 3052 508 :
3083 454 3234 524 cujus
3259 455 3500 525 exempla
3529 463 3802 526 actusque

525 548 888 620 prtesentiam,
936 561 1040 601 non
1077 554 1201 599 sunt
1249 553 1373 599 tunc
1421 545 1486 598 ad
1529 544 1630 598 alia
1677 544 1791 597 loca
1824 556 1848 582 ει
1883 541 2114 594 transire

523 641 817 712 compulsa.
848 639 1121 693 Statuerat
1143 639 1341 708 quippe
1373 653 1465 692 rex
1496 637 1691 708 p0pulo
1722 636 1969 689 videlicet
1998 649 2025 687 a
2051 649 2109 688 se

2215 541 2396 594 eximii
2447 543 2491 596 si
2542 555 2862 612 sequantur,
2900 546 3188 615 plurimum
3232 548 3487 616 prodesse
3537 557 3800 616 poterunt

2213 631 2278 684 ad
2319 631 2566 688 salutem.
2617 633 2762 688 Vidit
2802 636 2969 689 isdem
3013 638 3241 704 qnmlam
3290 648 3447 692 nocte
3487 639 3706 706 positus
3748 639 3800 692 in

521 735 762 797 labente,
798 739 857 784 ut
878 729 961 784 vel
996 731 1107 800 jam
1158 729 1286 784 dicti
1324 730 1498 784 sancti
1547 728 1802 798 martyris
1841 735 2115 780 monaste-
2213 741 2437 794 sopore,
2471 726 2690 780 beatum
2719 726 3046 781 Germanum
3088 729 3239 798 quasi
3279 745 3378 784 suo
3420 731 3800 800 egredientem

519 824 661 880 rium
715 821 1069 888 defenderet,
1121 836 1187 876 eo
1217 822 1357 891 quod
1408 820 1546 874 divae
1597 819 1871 873 memoria:
1901 818 2112 888 genitor

521 913 664 970 illius
717 928 864 978 eum,
897 928 1018 968 cum
1057 919 1202 967 esset
1247 910 1520 981 parvulus,
1552 910 1725 967 eidem
1760 917 1950 964 sancto
1985 922 2109 977 spe-

519 1003 644 1062 ciali
676 1004 968 1060 traditione
995 1003 1449 1060 commendasset.

1159 1132 1388 1190 CAPUT
1419 1132 1482 1186 ll.

546 1313 548 1315 ,
587 1249 704 1306 Hoc
741 1249 950 1305 interea
973 1246 1128 1317 juxta
1165 1245 1493 1302 narrationis
1519 1244 1763 1300 ordinem
1808 1242 2104 1308 inseratur,

517 1342 662 1412 quod
688 1341 816 1396 dum
866 1350 1111 1396 sanctum
1157 1337 1272 1407 ejus
1319 1345 1626 1392 moveretur
1662 1350 1876 1404 corpus,
1899 1333 2110 1389 cuncti-

515 1442 708 1504 potens
745 1430 1006 1486 Dominus
1041 1430 1290 1501 dignatus
1326 1434 1409 1482 est
1443 1426 1748 1482 ostendere.
1798 1425 1934 1478 Nam
1980 1424 2107 1476 dum

516 1527 574 1583 in
618 1524 903 1580 et‘fossione
950 1524 1139 1594 ipsius,
1169 1531 1222 1579 et
1270 1521 1539 1592 quomodo
1578 1519 1778 1590 portari
1826 1518 2111 1572 deberetur

512 1617 801 1672 unanimes
850 1615 1040 1670 intenti
1084 1629 1366 1678 essemus,
1423 1612 1599 1668 cereis
1657 1625 1756 1682 pro
1807 1608 2108 1664 reverentia

513 1706 777 1771 accensis,
831 1721 961 1760 casu
988 1706 1185 1761 accidit
1211 1714 1272 1759 ut
1297 1720 1454 1768 unus,
1507 1718 1665 1773 quem
1715 1717 1850 1773 puer
1896 1702 2111 1756 incaute

513 1795 750 1862 teuehat,
777 1811 808 1852 e
832 1796 1080 1852 manibus
1115 1796 1282 1866 ipsius
1311 1795 1496 1850 labens
1522 1802 1722 1857 rueret,
1757 1801 1974 1861 totoque
1994 1792 2105 1862 pri-
2132 1796 2180 1858 Β

511 1895 670 1942 vatus
695 1886 1128 1957 exstingueretur
1154 1885 1393 1939 lumine:
1426 1900 1585 1954 quem
1617 1898 1739 1938 cum
1767 1899 1797 1936 a
1820 1883 1934 1937 solo
1960 1882 2100 1937 idem

510 1994 648 2048 puer
688 1994 810 2034 cum
839 1978 986 2033 omni
1027 1977 1313 2032 velocitate
1357 1976 1607 2040 levasset,
1639 1975 1818 2030 lumen
1845 1974 2102 2030 amissum

510 2071 581 2126 ab
627 2070 798 2126 altero
841 2079 1089 2125 mutuare
1140 2069 1401 2140 cupiens,
1452 2067 1660 2122 meritis
1711 2066 1841 2120 tanti
1890 2067 2101 2134 patroni

510 2169 689 2216 actum
721 2170 826 2227 est,
857 2170 918 2215 ut
960 2159 1143 2216 statim
1175 2160 1225 2214 in
1257 2159 1506 2213 manibus
1532 2155 1646 2225 ejus
1676 2171 1865 2212 cereus
1905 2155 2104 2210 illumi-

510 2260 732 2308 naretur
756 2253 1073 2309 exstinctus.
1114 2251 1267 2318 Quod
1314 2251 1530 2320 quidem
1565 2250 1782 2316 mirum,
1815 2263 1915 2304 nec
1943 2249 2010 2304 ab
2043 2262 2100 2302 re

511 2353 692 2397 tamen
722 2344 988 2410 ducimus,
1027 2345 1074 2400 si
1105 2345 1302 2398 ibidem
1331 2343 1470 2413 ignis
1502 2343 1718 2398 divinus
1743 2341 2098 2411 resplenduit,

511 2436 621 2504 ubi,
653 2436 901 2506 quamvis
929 2437 1176 2508 lugubre,
1207 2436 1350 2491 [ilius
1374 2437 1737 2491 venerabatur
1761 2435 1914 2490 lucis.
1948 2434 2098 2490 Unde

510 2531 600 2600 qui
643 2532 870 2586 aderant
912 2531 1146 2586 universi
1189 2531 1391 2600 gratias
1434 2529 1544 2584 Deo
1596 2527 1892 2583 referentes
1936 2537 2098 2596 atque

511 2619 768 2691 prmelara
815 2621 1088 2692 pontiﬁcis
1133 2621 1325 2676 merita
1371 2620 1772 2685 collaudantes,
1813 2626 2098 2689 cmperunt

510 2709 682 2778 magis
727 2710 1003 2780 magisque
1031 2710 1084 2764 in
1127 2710 1436 2781 psalmodiis
1472 2709 1678 2780 Deique
1706 2709 1951 2764 laudibus
1976 2724 2097 2763 esse

510 2797 709 2864 devoti,
743 2816 1021 2871 quousque
1047 2816 1203 2871 opus,
1235 2800 1362 2856 licet
1406 2800 1580 2867 triste,
1628 2807 2095 2857 consummaretur

511 2888 754 2944 honeste.

1123 2959 1350 3016 CAPUT
1388 2961 1472 3015 Ill.

581 3059 721 3130 Num
745 3075 880 3132 visio
905 3075 996 3130 illa
1019 3090 1139 3146 qua:
1165 3075 1432 3146 aliquibus
1458 3075 1626 3147 ipsius
1648 3076 1958 3132 monasterii
1988 3075 2094 3130 fra-

513 3169 686 3225 tribus
733 3170 920 3225 cadem
957 3179 1146 3234 nocte,
1175 3185 1280 3239 qua
1330 3169 1700 3224 beatissimum
1747 3167 1863 3238 ejus
1899 3185 2095 3239 corpus

513 3260 769 3318 effossum
805 3271 928 3327 est,
959 3270 1249 3332 antequam
1284 3277 1477 3316 aurora
1513 3262 1892 3331 subsequentis
1927 3277 2095 3332 appa-

511 3360 655 3406 reret
694 3351 835 3416 diei,
872 3360 1088 3408 ostensa
1124 3361 1241 3418 est,
1276 3361 1335 3406 ut
1372 3368 1478 3406 non
1516 3353 1728 3407 dicatur
1777 3351 1950 3406 omitti
2002 3352 2096 3416 de:

509 3444 641 3500 bet?
671 3444 803 3498 Cum
835 3460 966 3516 ergo
995 3447 1062 3501 ad
1094 3444 1318 3500 fluvium
1347 3445 1612 3516 Sequana:
1639 3460 1734 3508 sua
1767 3459 1994 3513 quaeque
2026 3443 2094 3498 ad

439 3556 452 3564 θ
512 3554 679 3593 naves
728 3539 999 3604 ferentes,
1040 3539 1214 3608 prima
1249 3538 1417 3608 ipsius
1452 3537 1626 3592 noctis
1654 3537 1833 3607 vigilia
1873 3537 2094 3606 quidam

511 3631 881 3700 perrexissent
913 3630 1144 3695 fratres,
1186 3631 1420 3700 indeque
1459 3631 1527 3685 ad
1559 3629 1954 3686 monasterium
1978 3630 2093 3699 jam

517 3731 843 3788 remearent,
888 3723 1137 3794 apparuit
1160 3722 1242 3778 eis
1278 3737 1573 3792 secumque
1601 3722 1766 3776 etiam
1791 3721 2098 3776 comitanti—

517 3813 619 3868 bus
645 3812 859 3868 famulis
889 3823 1000 3869 tam
1032 3815 1331 3870 immensus
1353 3813 1617 3869 claritatis
1651 3814 1908 3884 Splendor
1935 3828 2096 3885 super

515 3919 636 3961 eam
669 3903 913 3959 ecclesia:
951 3915 1187 3974 partem,
1210 3921 1314 3975 qua
1350 3905 1592 3974 ejusdem
1629 3906 1958 3961 sanctissimi
1993 3906 2095 3961 viri

513 4009 710 4065 corpus
754 3995 992 4066 positum
1041 4003 1194 4061 erat,
1240 4005 1298 4050 ut
1332 3996 1566 4052 elaritati
1601 4006 1909 4066 :nquaretur
1948 3996 2090 4062 diei,

517 4085 814 4154 eademque
852 4086 1082 4143 ecclesia
1131 4086 1295 4142 veluti
1339 4087 1461 4155 igne
1500 4087 1778 4156 supposito
1826 4088 2098 4141 videretur

520 4174 774 4228 cremari.
815 4173 918 4241 Qui
957 4191 1080 4230 cum
1114 4176 1255 4230 intra
1294 4190 1354 4230 se
1397 4175 1624 4230 nimium
1656 4177 2005 4241 mirarentur,
2043 4184 2099 4232 et

511 4276 701 4318 eorum
730 4261 898 4318 corda
927 4261 1299 4334 hujuscemodi
1334 4262 1767 4319 consideratione
1798 4264 2099 4336 stupefacta

513 4355 815 4422 haererent,
862 4356 1000 4412 visio
1034 4355 1294 4428 paulatim
1337 4355 1596 4412 deficiens
1636 4357 1921 4427 disparuit.
1968 4357 2099 4411 Per-

510 4447 900 4517 veuientesque
934 4447 1002 4501 ad
1034 4446 1420 4502 monasterium
1449 4447 1708 4502 sciscitati
1737 4455 1894 4511 sunt,
1924 4448 1968 4502 si
2001 4447 2098 4502 ali-

512 4539 635 4607 quis
663 4537 914 4593 Fratrum
943 4553 1006 4592 ea
1038 4540 1173 4594 hora
1198 4553 1320 4594 cum
1352 4537 1553 4593 lumine
1578 4553 1739 4608 super
1769 4541 1939 4609 ipsam
1967 4540 2099 4595 fuis-

516 4640 599 4686 set
623 4633 929 4712 ecclesiam.
961 4632 1189 4689 Nemine
1217 4642 1394 4689 tamen
1426 4634 1516 4704 qui
1549 4633 1712 4690 fuerit
1743 4644 1977 4704 reperto,
2007 4652 2099 4691 co-

517 4733 816 4792 gnoverunt
841 4725 1105 4780 visionem
1133 4725 1431 4796 angelicam
1457 4725 1638 4780 divina
1666 4727 1864 4781 virtute
1892 4727 2098 4784 meritis

517 4813 694 4868 sancti
738 4823 1039 4884 patratam,
1089 4817 1181 4888 qui
1223 4832 1318 4872 sua
1363 4817 1658 4889 migratum
1701 4833 1822 4872 ossa
1866 4817 2096 4888 piosque

513 4904 726 4960 cineres
772 4904 894 4961 talis
923 4906 1029 4960 sibi
1062 4906 1330 4963 claritatis
1359 4922 1619 4964 concessa
1653 4909 1826 4980 gratia
1857 4908 2099 4964 invisere

517 4998 838 5055 curavisset.

1133 5087 1366 5145 CAPUT
1399 5088 1489 5145 IV.

586 5196 718 5254 Illud
746 5215 963 5272 quoque
994 5201 1204 5274 insigne
1231 5201 1551 5256 miraculum
1574 5244 1587 5267 ,
1621 5203 1765 5272 quod
1791 5213 1918 5260 ante
1948 5205 2100 5260 bien-

519 5289 680 5343 nium.
709 5308 816 5360 quo
863 5294 979 5348 haec
1018 5294 1364 5358 acciderunt,
1394 5293 1608 5349 cuidam
1633 5295 1897 5350 monacho
1929 5296 2098 5366 ipsius

517 5383 834 5446 monasterii
883 5392 1044 5440 aztate
1089 5386 1438 5456 moribusque
1488 5385 1776 5456 grandaevo
1821 5395 2098 5441 ostensum

589 5555 613 5582 υ
642 5541 786 5608 Lege
815 5547 990 5591 tamen
1033 5536 1440 5608 translationem
1475 5535 1840 5608 Reliquiarum
1867 5533 1946 5608 κεῖ
1979 5535 2100 5608 ὒὶοτ

521 5613 658 5680 n_sii
707 5605 759 5664 in
810 5609 948 5680 libro
990 5623 1048 5661 ιιι
1090 5608 1156 5662 de
1202 5606 1473 5661 Miraculis
1497 5607 1554 5660 S.
1589 5605 1826 5677 Dionysii
1865 5605 2000 5659 infra
2031 5607 2099 5661 ad

519 5679 717 5735 annum
745 5679 867 5734 784.

593 5752 619 5790 b
646 5749 792 5819 Cella
817 5747 1069 5818 Equilinq
1093 5747 1290 5806 dicitur
1315 5748 1368 5806 in
1396 5747 1581 5806 codice
1601 5745 1927 5812 lrminionis,
1956 5747 2100 5818 quod

2211 816 2279 871 de
2333 817 2615 886 sepulcro,
2667 820 2974 888 expeditum
3022 828 3186 888 atque
3240 822 3306 874 ad
3364 822 3470 875 iter
3520 822 3797 891 agendum

2209 898 2591 978 praeparatum.
2625 911 2723 978 Qui
2757 912 2916 966 veluti
2948 913 3124 968 sciens
3154 911 3404 968 eumdem
3435 928 3559 968 esse
3587 915 3800 968 beatis-

2210 1002 2407 1056 simum
2437 1001 2530 1057 Dei
2559 1003 2853 1070 famulum,
2891 1007 3243 1074 interrogavit
3269 1006 3455 1061 humili
3483 1022 3659 1070 voce,
3689 1021 3800 1074 quo

2210 1094 2301 1148 tali
2333 1109 2585 1166 processu
2612 1097 2764 1151 abire
2792 1097 3139 1166 disposuerit.
3180 1097 3249 1152 At
3290 1097 3382 1152 ille
3425 1098 3799 1168 migraturum

2215 1201 2274 1241 se
2320 1201 2389 1241 ex
2437 1187 2626 1241 eodem
2670 1187 2791 1242 loco
2840 1189 3138 1258 reSpondit.
3181 1187 3349 1255 Quem
3389 1203 3585 1242 rursus
3612 1188 3802 1243 animo

2210 1278 2429 1348 quidem
2459 1279 2669 1334 timenti
2700 1279 3035 1350 interrogans
3060 1279 3136 1334 ait
3168 1297 3180 1332 :
3219 1279 3475 1342 Domine,
3506 1287 3566 1334 et
3591 1283 3637 1333 si
3669 1289 3799 1334 tunc

2211 1371 2444 1436 abieris,
2489 1386 2588 1425 nos
2635 1372 2828 1425 tantilli
2875 1373 2950 1426 tui
2995 1371 3188 1426 servuli
3228 1371 3355 1441 quid
3397 1383 3591 1441 postea
3633 1371 3800 1426 faeie-

2211 1462 2376 1516 mus?
2405 1462 2501 1517 Cui
2535 1463 2687 1531 quasi
2716 1463 2854 1518 tristi
2889 1463 3033 1517 vultu
3061 1472 3117 1518 et
3145 1479 3267 1518 cum
3299 1478 3499 1532 magno
3531 1478 3796 1529 maerore,

2211 1565 2268 1608 ut
2299 1555 2473 1611 eidem
2503 1553 2658 1610 fratri
2691 1556 2989 1619 videbatur,
3021 1557 3098 1610 ait
3124 1573 3140 1610 :
3171 1556 3237 1610 Et
3265 1570 3362 1610 vos
3407 1571 3474 1609 ex
3530 1555 3644 1608 isto
3693 1555 3796 1609 mi-

2212 1648 2438 1718 grabitis
2467 1647 2616 1713 loco,
2652 1654 2891 1702 attamen
2919 1663 3046 1702 vere
3073 1646 3412 1718 cognoscetis
3441 1645 3713 1716 quoniam
3741 1654 3797 1700 et

2211 1753 2312 1810 ego
2339 1748 2604 1803 revertar,
2630 1754 2832 1808 vosque
2863 1737 3211 1793 miseratione
3235 1736 3416 1791 divina
3458 1735 3633 1790 simul
3671 1751 3793 1789 eum

2210 1839 2452 1900 tempore
2479 1830 2736 1900 disposito
2763 1830 3090 1886 remeabilis.
3119 1827 3289 1896 Quam
3314 1829 3592 1884 visionem
3624 1828 3794 1882 veris-

2207 1925 2400 1980 simam
2433 1924 2632 1990 fuisse,
2662 1939 2726 1979 ea
2758 1939 2880 1980 ante
2918 1921 3270 1993 consequenti
3307 1920 3419 1977 fine
3461 1929 3600 1976 sunt
3644 1935 3790 1974 com-

2203 2001 2346 2086 pleta
2375 2015 2737 2072 declararunt.

2827 2102 3054 2160 CAPUT
3085 2101 3153 2158 γ.

2274 2195 2386 2252 Nec
2409 2194 2536 2251 illud
2557 2195 2698 2264 quod
2711 2194 2928 2250 cuidam
2961 2194 3015 2248 in
3043 2193 3229 2248 eadem
3249 2192 3482 2249 ecclesia
3507 2193 3791 2248 revelante

2199 2287 2421 2346 Christo
2460 2286 2787 2358 patefactum
2828 2294 2939 2350 est,
2985 2295 3039 2342 et
3067 2285 3281 2341 silentio
3302 2288 3594 2356 pra:terire
3622 2288 3788 2341 debe-

2202 2395 2366 2434 mus:
2409 2380 2666 2449 quoniam
2708 2379 2831 2433 dum
2871 2377 3227 2448 prtedicamus
3264 2363 3428 2442 talia,
3469 2378 3788 2432 excitantur

2201 2470 2535 2524 audientium
2559 2469 2720 2523 corda
2741 2468 2806 2522 ad
2831 2467 3084 2522 mellillua
3109 2476 3419 2523 sanctorum
3436 2468 3783 2538 deposcenda

2200 2560 2473 2631 suffragia.
2491 2559 2720 2627 Quidam
2746 2574 2871 2614 vero
2898 2558 3177 2630 religiosus
3196 2557 3438 2629 ejusdem
3461 2556 3783 2612 monasterii

2199 2654 2392 2720 frater,
2421 2669 2543 2710 cum
2581 2652 2672 2706 alii
2717 2651 3066 2722 completorio
3101 2661 3320 2720 peracto
3358 2649 3694 2704 festinarent
3719 2645 3784 2700 ad

2199 2744 2439 2815 requiem
2461 2783 2476 2808 ,
2506 2758 2612 2812 quo
2641 2741 2778 2796 fessa
2807 2748 2929 2810 post
2954 2740 3059 2794 diei
3088 2739 3325 2793 laborem
3348 2753 3594 2809 corpora
3621 2738 3784 2792 lectu-

2201 2838 2270 2893 lis
2314 2835 2664 2901 reclinarent,
2697 2849 2816 2889 sese
2847 2833 2934 2889 ille
2963 2840 3086 2887 ante
3113 2818 3418 2902 Sepulcrum
3463 2832 3614 2886 beati
3647 2829 3784 2885 Ger-

2199 2929 2343 2986 mani
2368 2929 2656 3000 peculiaris
2674 2928 2937 2984 orationis
2960 2942 3121 2982 causa
3145 2923 3394 2996 proiecit.
3415 2923 3666 2994 Cumque
3692 2923 3782 2976 diu

2195 3023 2456 3080 caelorum
2481 3037 2546 3077 ac
2569 3024 2734 3078 totius
2760 3021 2944 3076 mundi
2971 3020 3257 3075 Dominum
3285 3033 3386 3086 pro
3404 3017 3521 3072 suis
3545 3032 3782 3070 exorans

2119 3146 2168 3212 α
2198 3095 2426 3174 delictis.
2456 3130 2612 3185 Opem
2641 3114 2780 3169 beati
2809 3112 3064 3169 Germani
3089 3121 3524 3178 czeterorumque
3553 3117 3777 3212 saneto-

2199 3222 2319 3260 rum
2345 3207 2552 3261 intento
2579 3206 2741 3261 corde
2782 3202 3028 3258 ﬁdelibus
3062 3202 3271 3257 cunctis
3294 3201 3609 3269 deposceret
3632 3195 3777 3267 (jam

2195 3296 2340 3352 enim
2370 3293 2628 3364 frequens
2658 3309 2986 3365 paganorum
3026 3307 3209 3346 rumor
3249 3293 3314 3344 ad
3341 3299 3562 3345 nostras
3588 3288 3783 3342 certis-

2196 3389 2334 3444 sime
2363 3387 2750 3458 percrebuerat
2771 3383 2993 3456 aures),
3025 3393 3152 3437 ante
3181 3381 3491 3452 quindecim
3519 3379 3640 3435 fere
3665 3379 3783 3433 dics

2202 3478 2462 3536 adventus
2491 3475 2702 3532 illorum
2726 3476 2839 3529 lucc
2857 3474 3122 3530 mirabilis
3142 3472 3243 3528 sibi
3264 3481 3485 3527 ostensa
3513 3481 3599 3525 est
3626 3470 3779 3524 visio.

2195 3568 2329 3624 Nam
2359 3569 2424 3624 ab
2449 3568 2695 3622 oratione
2724 3567 2814 3637 qui
2843 3566 3090 3638 jacuerat
3117 3578 3342 3634 surgens
3365 3604 3378 3628 ,
3409 3563 3622 3631 apertis
3655 3561 3786 3613 vidit

2195 3661 2386 3727 oculis,
2415 3667 2476 3714 ut
2501 3658 2629 3715 olim
2661 3665 2832 3714 totum
2863 3657 3120 3712 mundum
3139 3656 3301 3712 Pater
3322 3655 3678 3718 Benedictum,
3703 3669 3789 3706 se—

2194 3754 2444 3824 pulcrum
2474 3751 2769 3809 beatissimi
2803 3749 3060 3806 Germani
3098 3749 3265 3803 veluti
3299 3745 3677 3818 patefactum,
3710 3747 3792 3813 ip-

2199 3859 2426 3914 sumque
2479 3842 2878 3897 sanctissimum
2924 3854 3120 3908 corpus
3167 3834 3486 3905 iudisruptis
3542 3834 3792 3888 vestibus

2199 3937 2483 4000 indutum,
2521 3945 2687 4005 atque
2724 3931 3029 3988 ministerio
3066 3937 3124 3983 ut
3156 3929 3334 3984 fuerat
3360 3927 3551 3982 divino
3583 3928 3639 3980 in
3673 3925 3790 3993 ipso

2199 4029 2536 4099 sarcophago
2581 4026 2831 4082 ordinate
2879 4022 3236 4094 compositura
3263 4061 3278 4087 ,
3321 4018 3787 4090 quemadmodum

2199 4123 2313 4194 ipse
2338 4128 2461 4191 post
2499 4117 2774 4191 paululum
2809 4129 3107 4184 omnesque
3144 4112 3236 4182 qui
3268 4110 3432 4166 simul
3476 4108 3785 4169 adfuimus,

2199 4213 2487 4269 dolendum
2514 4209 2872 4281 inspeximus.
2900 4207 2992 4262 Sic
3013 4204 3279 4261 Dominus
3303 4218 3401 4258 suo
3426 4202 3626 4256 dilecto
3654 4214 3787 4252 sau-

2202 4313 2432 4374 ctusque
2468 4300 2775 4358 Germanus
2805 4297 3092 4354 ostendere
3126 4294 3327 4359 voluit,
3360 4293 3504 4364 quod
3534 4293 3583 4344 in
3623 4289 3782 4344 brevi

2209 4393 2450 4464 peccatis
2494 4390 2825 4464 facientibus
2860 4388 3062 4445 nostris
3101 4395 3224 4444 erat
3274 4383 3624 4456 implendum.
3671 4379 3788 4436 .N'ee

2123 4495 2177 4556 ι)
2201 4485 2340 4540 visio
2371 4484 2526 4556 prius
2562 4497 2726 4556 quam
2764 4480 2989 4538 visionis
3025 4476 3311 4550 sequentia
3349 4474 3604 4530 omnibus
3653 4487 3788 4545 pan-

2203 4579 2370 4637 ditur.
3000 4611 3002 4613 -

2813 4641 3044 4700 CAPUT
3086 4639 3176 4696 Vl.

2273 4743 2330 4799 In
2361 4748 2660 4797 memorato
2686 4737 2917 4807 denique
2937 4733 3335 4790 Caroli-venare
3359 4730 3480 4786 loco
3501 4728 3604 4798 ipsi
3633 4726 3792 4781 Nort-

2200 4849 2524 4894 mannorum
2553 4829 2735 4903 populi
2762 4844 2822 4884 se
2851 4829 3086 4883 victores
3111 4839 3274 4894 seque
3315 4822 3632 4892 superiores
3670 4833 3793 4873 esse

2203 4927 2630 4998 conspicientes,
2671 4922 2799 4978 dum
2841 4920 3016 4974 adhuc
3054 4925 3422 4979 morarentur,
3451 4924 3719 4968 exeuntes
3758 4927 3791 4964 a

2203 5019 2434 5076 navibus
2457 5015 2659 5072 Cellam
2682 5021 2922 5067 nostram
2943 5047 2957 5075 ,
2986 5024 3106 5079 qua:
3125 5017 3311 5063 contra
3339 5004 3421 5059 vel
3446 5019 3610 5057 secus
3642 5017 3795 5054 eum—

2202 5111 2325 5164 dem
2374 5107 2550 5162 locum
2596 5103 2770 5174 posita
2818 5108 2934 5166 est,
2982 5114 3143 5154 cursu
3190 5110 3422 5166 propero
3470 5094 3797 5147 festinantes

2202 5201 2564 5256 intraverunt.
2593 5194 2747 5250 Unde
2779 5189 3103 5247 miraculum
3126 5189 3269 5258 quod
3296 5187 3405 5241 illic
3431 5193 3565 5240 tunc
3589 5183 3797 5238 factum

2203 5291 2587 5363 comperimus,
2612 5287 2875 5357 optimum
2900 5285 2941 5340 si
2971 5291 3222 5338 narretur
3246 5290 3520 5353 putamus.
3545 5277 3800 5345 Namque

2207 5386 2264 5441 in
2309 5365 2500 5442 eadem
2543 5381 2689 5437 Cella
2731 5381 2758 5420 ιν
2789 5377 3037 5435 ecclesiis
3079 5373 3306 5445 apostoli
3353 5371 3505 5427 Petri
3553 5372 3801 5440 atmique

2210 5559 2313 5598 non
2348 5543 2505 5611 longe
2535 5539 2607 5591 sit
2637 5537 2830 5611 asilva
2860 5533 3126 5611 Equilina.
3159 5529 3387 5611 [largest
3411 5525 3561 5581 Cella
3582 5566 3597 5591 ,
3630 5539 3799 5594 quam

2209 5600 2633 5668 Wandreinarus
2661 5609 2841 5662 Abbas
2873 5600 2934 5658 SI
2963 5604 3236 5660 Germano
3271 5600 3483 5654 dedisse
3517 5611 3802 5668 intemera-

2208 5663 2608 5750 t'ur,“liactenus
2632 5680 2700 5738 de
2746 5691 2842 5732 ure
2868 5674 3116 5732 Catuobii
3143 5671 3312 5729 nostri
3362 5667 3522 5736 vulgo
3549 5665 3606 5750 In
3632 5663 3797 5720 (Ζευς.
