4026 6308
517 415 659 474 1055

1531 395 1859 454 ΑΙΜΟΙΝΕΞ
1899 385 2274 450 MONACHUS
2313 387 2753 445 SANGERMAN.

3649 379 3796 433 10513

525 534 750 586 fratrum
767 526 834 580 ab
861 521 1104 577 exsulatu
1131 530 1344 572 reversa
1371 513 1489 578 fuit,
1518 520 1726 581 gestum
1753 513 1853 567 est,
1881 501 2094 557 silentio
2122 500 2172 562 Α
2198 509 2390 566 gustus
2413 503 2465 556 in
2493 502 2608 573 ejus
2631 515 2859 572 corpore
2899 499 3134 555 discerni
3165 495 3419 569 potuerit.
3446 493 3660 563 Sicque
3689 489 3775 545 dif

525 637 769 696 premere
803 633 907 672 non
952 613 1227 671 debemus.
1274 606 1512 660 Necdum
1539 602 1683 656 enim
1733 593 2095 652 sacratissima

525 680 664 769 beati
702 707 802 761 viri
835 717 959 759 ossa
987 701 1052 755 ad
1077 697 1352 769 proprium
1378 691 1589 746 fuerant
1628 694 1898 757 reportata
1925 680 2098 749 sepul-

527 815 699 856 crum.
752 795 868 850 Uua
898 803 1134 860 namque
1182 785 1443 844 noctium,
1495 775 1812 832 custodibus
1859 769 2098 840 ejusdem

529 885 775 943 ecclesiae
817 857 1229 940 dormientibus,
1289 881 1576 940 antequam
1636 864 1833 918 fratres
1860 862 1926 914 ad
1965 857 2102 913 refe-

535 980 734 1036 rendas
753 977 864 1031 Deo
891 973 1076 1028 laudes
1104 980 1254 1022 more
1277 963 1434 1020 solito
1462 957 1860 1018 excitarentur,
1891 950 2106 1005 auditur

534 1071 601 1125 ab
633 1067 834 1122 eisdem
888 1075 1071 1118 coram
1120 1055 1275 1111 altari
1323 1049 1496 1107 sancti
1548 1043 1808 1116 Stephani
1851 1041 2108 1111 strepitus

533 1147 920 1214 dmmoniorum
967 1152 1180 1218 ingens,
1212 1145 1373 1200 veluti
1406 1141 1682 1196 hominum
1729 1133 2015 1191 multitudo
2040 1130 2108 1184 ad

536 1249 735 1320 aliquid
773 1253 1053 1318 putaretur
1077 1241 1404 1292 discurrens.
1446 1231 1548 1299 Qui
1575 1227 1861 1284 confestim
1887 1236 2110 1292 surgen-

536 1352 638 1404 tes,
670 1347 723 1394 ct
771 1352 891 1392 cum
923 1334 1124 1388 lumine
1180 1337 1345 1382 totam
1378 1322 1660 1380 ecclesiam
1714 1319 2112 1372 circumeuntes

538 1450 659 1509 cum
711 1429 978 1485 neminem
1031 1421 1378 1493 reperissent,
1433 1412 1816 1468 intellexerunt
1870 1403 2110 1459 fraudem

543 1506 918 1590 fallaciamque
953 1499 1254 1571 daamomun
1287 1509 1492 1570 fuisse;
1540 1501 1630 1572 qui
1669 1499 1924 1556 nimirum
1963 1493 2112 1548 dole-

540 1615 672 1668 bant
717 1626 776 1666 se
816 1583 1010 1678 expelli
1039 1620 1069 1658 a
1108 1601 1312 1658 sanctis
1340 1597 1562 1652 sedibus
1611 1588 1912 1659 templi,-in
1947 1583 2113 1654 quod,

543 1709 666 1760 dum
698 1718 728 1757 a
775 1675 991 1771 perfidis
1020 1693 1345 1765 permissum
1409 1687 1584 1741 fuerat
1619 1681 1802 1754 pollui,
1850 1676 1991 1732 haud
2021 1675 2115 1728 du-

550 1797 695 1851 bium
727 1766 855 1862 quin
891 1784 1278 1858 aliquantulum
1304 1781 1456 1850 juxta
1479 1775 1608 1830 illud
1642 1789 1656 1827 :
1691 1771 1753 1825 Et
1783 1769 1933 1842 pilosi
1954 1766 2116 1822 salta-

553 1888 679 1940 bunt
703 1859 772 1938 ibi
815 1881 949 1953 (Isa.
977 1862 1102 1938 xm,
1131 1876 1247 1944 2|),
1289 1869 1516 1925 intrandi
1564 1865 1768 1920 liCitum
1813 1859 2118 1916 habuerint.

549 1978 836 2044 Postquam
865 1981 1043 2026 autem
1071 1965 1211 2022 sacri
1261 1963 1376 2032 ejus
1405 1962 1615 2016 cineres
1641 1954 1794 2009 relati
1831 1960 1991 2020 atque
2027 1963 2125 2002 suo

551 2067 669 2120 loco
699 2037 932 2118 'Cbristo
983 2056 1196 2110 favente
1230 2061 1356 2108 sunt
1410 2045 1682 2106 restituti,
1748 2040 1880 2098 nihil
1932 2037 2040 2093 tale
2073 2037 2124 2090 in

555 2157 742 2213 eadem
788 2151 1007 2209 basilica
1065 2147 1236 2217 ipsius
1287 2122 1953 2206 sanctitate'promerente
1978 2129 2130 2184 audi-

555 2257 667 2303 llm
693 2253 797 2300 est.

1150 2324 1376 2382 CAPUT
1416 2321 1526 2376 Xll.

626 2427 905 2497 Siquidem
946 2421 1283 2489 Ragenarius
1331 2417 1440 2471 dux
1470 2420 1766 2480 auctorque
1815 2406 1979 2462 totius
2022 2417 2134 2458 meo

561 2518 754 2574 morati
783 2514 931 2578 mali,
962 2519 1086 2568 ante
1126 2506 1412 2578 profanum
1460 2500 1658 2558 Horicb
1680 2497 2134 2552 Nortmannorum

560 2607 862 2678 principem
904 2617 1024 2657 cum
1074 2597 1280 2668 ingenti
1331 2592 1582 2662 superbia
1623 2588 1873 2650 veniens,
1901 2582 2138 2639 ostendit

563 2700 611 2754 ei
633 2695 774 2766 quod
797 2707 980 2748 secum
1023 2690 1148 2745 hinc
1174 2690 1548 2756 asportaverat
1595 2693 1784 2734 aurum
1824 2683 2137 2744 argentum-

564 2763 669 2858 que
693 2783 917 2840 multum
949 2799 962 2834 :
994 2781 1235 2847 dixitque
1262 2776 1404 2846 quod
1427 2769 1856 2844 opinatissimam
1903 2763 2140 2818 Parisius

564 2878 839 2934 civitatem
861 2879 1071 2942 captam
1095 2869 1347 2929 haberet;
1373 2864 1623 2932 quodque
1650 2856 1983 2912 mansionem
2009 2852 2142 2906 Ger-

567 2967 714 3022 mani
763 2965 930 3024 senis,
955 2975 1074 3030 quze
1102 2959 1154 3011 in
1181 2957 1369 3010 eadem
1393 2961 1534 3006 terra
1565 2944 1947 3004 decentissima
1980 2940 2142 2995 habe-

570 3066 742 3118 retur,
774 3055 1056 3114 intrasset;
1079 3049 1295 3114 insuper
1311 3051 1365 3098 et
1384 3041 1527 3110 quod
1544 3052 1705 3095 omne
1724 3032 1901 3090 Caroli
1924 3044 2144 3100 regnum

573 3146 675 3201 sibi
707 3143 917 3198 ratione
954 3135 1140 3194 tributi
1167 3133 1508 3201 subjugatum
1550 3128 1793 3183 haberet.
1823 3121 2022 3177 Horich
2051 3135 2147 3172 au-

573 3248 680 3298 tem
710 3236 837 3302 dum
865 3232 990 3287 talia
1023 3245 1127 3285 non
1151 3226 1412 3286 crederet,
1439 3221 1599 3291 jussit
1620 3219 1732 3288 jam
1768 3217 1944 3272 dictus
1975 3215 2144 3282 Bage-

577 3329 760 3382 narius
805 3333 1010 3394 partem
1061 3319 1238 3373 incisi-
1269 3315 1438 3370 trahis
1476 3310 1786 3368 monasterii
1809 3305 1990 3364 domui
2017 3304 2150 3359 Ger-

579 3419 746 3480 mani,
778 3427 1058 3481 seramque
1088 3417 1255 3480 portm
1288 3405 1572 3459 Parisiacae
1612 3402 1760 3455 urbis
1793 3408 1916 3454 ante
1945 3413 2066 3451 eum
2094 3396 2146 3448 in

578 3505 939 3564 testimonium
964 3499 1174 3554 adduci.
1198 3496 1467 3551 Praeterea
1496 3490 1677 3547 retulit
1699 3490 1748 3544 ei
1773 3503 1932 3557 quam
1956 3487 2150 3540 bonam

577 3613 846 3672 quamque
886 3593 1114 3650 fertilem
1151 3590 1227 3643 uti
1251 3587 1501 3642 omnibus
1526 3583 1786 3654 repletam
1814 3579 1982 3649 copiis
2005 3577 2153 3631 inve-

579 3693 725 3746 nisse
777 3699 976 3742 terram
1007 3699 1020 3737 :
1050 3680 1302 3752 populum
1334 3691 1461 3730 vero
1513 3690 1632 3729 eam
1683 3671 2028 3734 incolcntcm,
2088 3667 2155 3721 ad

584 3776 952 3832 dimicandum
993 3771 1241 3840 pavidum
1272 3781 1334 3821 ac
1364 3772 1680 3820 trementem
1731 3779 1744 3815 :
1780 3759 2157 3826 referebatque

583 3871 767 3923 dicens
803 3864 946 3934 quod
993 3860 1248 3928 majorem
1279 3859 1348 3912 ibi
1381 3857 1574 3912 mortui
1604 3869 1764 3924 quam
1795 3852 2037 3905 viventes
2065 3850 2158 3902 ha-

585 3961 773 4014 berent
799 3956 1073 4013 virtutem,
1107 3950 1418 4018 nullumque
1459 3946 1722 4001 invenerit
1764 3943 1863 3998 sibi
1900 3943 2158 3996 resisten—

585 4059 713 4110 tem,
742 4053 936 4115 pneter
965 4042 1295 4096 Germanum
1335 4051 1516 4092 senem
1543 4042 1831 4089 mortuum.
1878 4031 2002 4086 llaec
2038 4045 2159 4085 cum

591 4137 814 4197 diceret,
859 4141 1098 4186 tremens
1123 4129 1266 4182 illico
1295 4142 1357 4180 ac
1396 4139 1599 4194 pavens
1628 4123 1829 4176 corruit
1861 4122 1910 4175 in
1939 4129 2160 4184 terram,

595 4234 756 4294 atque
783 4222 1018 4278 terrifica
1052 4220 1218 4288 carpit
1247 4231 1376 4270 voce
1422 4215 1678 4277 clamare,
1709 4211 2036 4267 Germanum
2065 4225 2159 4263 co-

593 4334 707 4372 ram
755 4315 1036 4376 assistere,
1089 4322 1320 4376 emnque
1373 4322 1430 4362 se
1478 4304 1668 4361 baculo
1697 4318 1857 4374 quem
1892 4317 2049 4356 manu
2078 4316 2166 4372 ge-

593 4409 770 4462 stabat
793 4404 1030 4475 graviter
1059 4399 1344 4470 ﬂagellare.
1392 4397 1542 4463 Quod
1573 4397 1814 4450 videntes
1841 4393 2038 4448 Horich
2065 4393 2168 4446 sci-

2199 597 2335 650 fusis
2379 595 2445 649 ad
2476 603 2808 663 postrcnmm
2843 588 3140 644 visceribus
3173 588 3381 643 medius
3411 583 3660 652 crepuit,
3715 579 3801 631 vi-

2203 696 2419 754 tamque
2449 681 2786 736 miserrimus
2815 695 2970 734 mane
3011 677 3202 732 ﬁnivit.
3232 676 3422 730 Statua
3459 685 3592 723 vero
3616 665 3800 722 sacris

2200 774 2563 830 oblationibus
2611 771 2849 840 indigna,
2898 784 2928 822 a
2977 768 3175 838 quibus
3202 764 3445 832 delegata
3482 759 3671 813 fuerat
3711 768 3802 808 re-

2206 872 2375 927 tenta,
2421 860 2580 915 veluti
2614 855 3044 914 immundissima
3078 871 3108 908 a
3140 852 3499 909 mundissimo
3543 845 3800 904 cordiu

2207 960 2512 1026 inspectore
2545 952 2777 1008 refutata
2813 949 3093 1004 remansit.

2791 1059 3017 1117 CAPUT
3055 1057 3192 1112 Xlll.

2267 1179 2390 1258 .Sed
2422 1178 2600 1232 adhuc
2627 1174 2862 1246 qualiter
2887 1172 2979 1241 qui
3001 1167 3203 1224 residui
3233 1165 3450 1220 fuerant
3478 1176 3548 1214 ex
3578 1160 3691 1214 hac
3713 1159 3808 1212 de-

2212 1253 2445 1326 fecerint
2484 1268 2617 1329 vita,
2648 1261 3022 1335 prosequendo
3072 1271 3378 1312 narremus.
3431 1253 3520 1306 Ab
3575 1267 3646 1304 eo
3676 1262 3810 1302 sane

2213 1362 2320 1425 die,
2345 1374 2453 1430 quo
2469 1353 2855 1411 monasterium
2887 1349 3011 1404 almi
3034 1346 3278 1417 praesulis
3302 1341 3569 1398 Germani
3596 1340 3811 1407 ingres-

2213 1453 2258 1506 si
2292 1428 2451 1511 sunt,
2497 1446 2668 1500 donec
2696 1439 2982 1511 pmnaliter
3022 1435 3202 1490 cuncti
3248 1432 3562 1489 interirent,
3605 1428 3706 1486 ita.
3753 1435 3810 1476 ut

2217 1543 2476 1602 diximus,
2503 1534 2741 1607 turgenti
2778 1539 2906 1586 sunt
2927 1527 3208 1601 (Kobbone
3235 1523 3398 1592 teste)
3422 1522 3704 1575 viscerum
3733 1517 3812 1568 in-

2216 1633 2432 1687 ﬂatione
2447 1626 2679 1699 perculsi
2700 1642 2713 1690 ;
2738 1632 3005 1694 quatenus
3025 1609 3202 1675 omnis
3221 1630 3412 1672 eorum
3438 1621 3632 1667 cretus
3645 1611 3809 1662 etiam

2219 1725 2272 1779 in
2299 1722 2474 1794 patria
2494 1717 2734 1789 quotidie
2765 1714 3002 1769 moriens
3036 1711 3257 1781 periret,
3295 1715 3506 1776 praeter
3531 1719 3677 1772 quos
3709 1700 3815 1753 llo-

2147 1836 2198 1896 B
2222 1791 2339 1869 rich
2383 1819 2566 1882 postea
2609 1807 2770 1878 jussit
2796 1804 2988 1861 occidi.
3031 1800 3250 1854 Timens
3277 1796 3483 1850 etenim
3515 1795 3638 1860 ipse
3666 1791 3808 1859 ejus-

2227 1918 2331 1974 que
2359 1899 2646 1970 optimates
2681 1903 2736 1950 et
2767 1892 2994 1964 populus
3021 1889 3222 1959 pariter
3244 1887 3539 1939 universus
3565 1882 3820 1951 hujusce-

2227 1969 2371 2047 modi
2396 1969 2593 2044 imorte
2624 1986 2858 2056 pessima
2899 1978 3162 2040 damnari,
3191 1974 3456 2048 praecepit
3502 1986 3706 2026 ornnes
3727 1969 3817 2038 qui

2229 2079 2429 2137 residui
2461 2085 2637 2141 erant,
2666 2072 2906 2142 exceptis
2932 2069 3118 2141 paucis
3164 2066 3285 2136 fuga
3329 2063 3526 2134 lapsis,
3557 2077 3702 2130 quos
3725 2072 3818 2112 nec

2230 2169 2417 2228 mortis
2438 2169 2712 2227 credimus
2735 2163 2978 2219 evasisse
3001 2160 3246 2221 exitium,
3271 2154 3534 2211 decollari
3562 2168 3576 2205 :
3605 2165 3824 2205 eorum-

2230 2282 2336 2338 que
2361 2264 2536 2335 capita
2562 2258 2728 2315 veluti
2759 2253 3099 2312 satisfaciens
3129 2249 3336 2310 inorbo,
3385 2243 3714 2300 Christiano
3732 2239 3822 2308 qui

2231 2333 2479 2428 captivus
2506 2351 2619 2406 illic
2648 2356 2769 2404 erat
2795 2343 2990 2416 populo
3031 2342 3188 2396 tradi.
3234 2339 3369 2392 Nam
3408 2339 3488 2389 ita
3520 2335 3716 2387 clades
3744 2333 3825 2384 in-

2235 2424 2477 2518 grassata
2532 2442 2645 2495 ι)εο
2693 2435 3044 2506 permittente
3096 2427 3350 2483 saviebat
3393 2426 3446 2478 iu
3499 2424 3715 2492 plures,
3769 2430 3827 2472 ut

2234 2510 2372 2609 pene
2447 2533 2756 2603 quicunque
2834 2521 3138 2578 morbidum
3204 2523 3501 2584 tangeret,
3579 2510 3828 2578 exemplo

2239 2602 2428 2682 eodem
2466 2602 2718 2677 adtactus
2757 2614 2946 2670 morbo
2995 2619 3051 2666 et
3102 2610 3216 2678 ipse
3264 2606 3551 2660 deﬁceret.
3605 2602 3828 2668 Insuper

2237 2715 2397 2785 jussit
2429 2719 2658 2768 cunctos
2693 2707 2938 2778 captivos
2978 2701 3070 2772 qui
3111 2695 3547 2754 Christianitatis
3569 2689 3830 2746 vocabulo

2243 2814 2619 2866 censerentur,
2671 2802 2724 2854 in
2754 2813 2920 2869 regno
2945 2811 3046 2850 suo
3077 2791 3340 2863 perquiri,
3366 2801 3578 2856 eosque
3613 2798 3739 2838 eum
3769 2780 3828 2830 l2-

2243 2900 2454 2953 bcrtate
2500 2902 2555 2946 et
2601 2891 2805 2945 honore
2833 2887 3036 2953 absque
3064 2879 3288 2948 alicujus
3315 2873 3753 2931 contradictione
3776 2869 3828 2920 in

2248 3004 2400 3045 suam
2430 2983 2666 3057 patriam
2714 2976 2933 3034 reverti.
2963 2975 3066 3040 Qui
3105 2972 3268 3026 etiam
3302 2969 3420 3022 haec
3453 2973 3512 3018 et
3554 2963 3667 3016 alia
3696 2959 3829 3012 ultra

2249 3097 2408 3151 quam
2431 3048 2548 3132 -sint
2575 3075 2777 3128 inserta
2805 3068 3076 3123 dicebant.
3123 3061 3231 3116 Nos
3255 3069 3436 3113 tamen
3463 3070 3531 3110 ea
3561 3068 3684 3122 qua
3707 3048 3832 3102 avi-

2175 3175 2221 3237 C
2252 3138 2503 3225 dentibus
2541 3161 2904 3234 percepimus,
2954 3151 3290 3210 solummodo
3311 3159 3523 3218 ponere
3561 3138 3833 3209 disposui—

2254 3275 2401 3321 mus;
2433 3269 2686 3326 magnum
2713 3252 2850 3307 satis
2879 3248 3160 3310 habentes,
3190 3241 3335 3311 quod
3361 3236 3657 3292 victoriam
3670 3245 3829 3300 quam

2249 3349 2431 3423 populi
2458 3321 2761 3410 multitudo,
2789 3339 3062 3399 communi
3084 3339 3333 3393 obstante
3364 3329 3618 3386 crimine.
3644 3340 3714 3379 ex
3736 3321 3833 3375 ini-

2257 3417 2410 3498 ini—cis
2439 3440 2639 3494 habere
2680 3451 2786 3490 non
2814 3433 3008 3504 potuit,
3041 3431 3234 3485 beatus
3263 3425 3574 3480 Germanus
3604 3417 3836 3485 inclytus

2257 3531 2487 3590 meritis,
2519 3527 2785 3598 gloriosus
2809 3521 3104 3582 miraculis,
3135 3517 3274 3589 apud
3293 3516 3464 3569 Deum
3493 3511 3590 3565 tali
3615 3511 3840 3563 donatus

2259 3625 2530 3692 triumpho
2559 3620 2804 3674 obtinere
2842 3615 3162 3686 promeruit.
3229 3652 3234 3654 -

2843 3743 3070 3801 CAPUT
3110 3739 3245 3795 XIV.

2329 3863 2464 3930 Quia
2492 3876 2618 3916 vero
2639 3861 2774 3915 duce
2799 3857 3014 3912 Christo
3046 3856 3322 3921 hucusque
3344 3851 3630 3920 signorum
3661 3844 3837 3896 dulce-

2265 3955 2440 4010 dinem
2491 3959 2780 4020 sequentes
2825 3947 3190 4016 processimus
3213 3984 3228 4007 ,
3285 3956 3428 3996 nunc
3457 3939 3710 3994 ordinem
3741 3950 3839 4002 quo

2266 4047 2433 4118 ipsius
2460 4041 2760 4098 beatissimi
2791 4053 2986 4108 corpus
3017 4035 3244 4090 relatum
3274 4034 3344 4088 sit
3369 4031 3554 4084 dicere
3574 4026 3840 4097 aggredia-

2267 4154 2410 4203 mur,
2445 4135 2529 4190 his
2557 4132 2850 4204 praemissis
2895 4144 3014 4200 quae
3051 4129 3107 4182 in
3144 4127 3268 4181 villa
3293 4122 3521 4179 Cumbis
3547 4117 3841 4175 accedenti-

2265 4231 2367 4288 bus
2411 4226 2664 4290 inlirmis,
2694 4224 2812 4294 ejus
2862 4218 3178 4292 patrociniis
3200 4217 3396 4272 donata
3447 4211 3838 4282 cognovimus:

2268 4336 2388 4392 qua:
2433 4334 2540 4389 quo
2567 4317 2740 4386 magis
2786 4320 3099 4374 narrantur,
3129 4323 3195 4362 eo
3241 4306 3477 4373 amplius
3512 4303 3659 4370 juvat
3686 4314 3717 4351 a
3743 4300 3842 4366 piae

2272 4408 2600 4466 narrationis
2615 4405 2830 4461 tramite
2853 4418 2957 4457 non
2983 4399 3277 4455 discedere.
3296 4397 3463 4465 Igitur
3484 4407 3602 4448 cum
3625 4390 3842 4460 quidam

596 4500 721 4552 licet
769 4494 1116 4562 universique
1161 4490 1260 4545 sibi
1322 4489 1656 4550 assistentcs,
1705 4487 1923 4554 ipseque
1982 4484 2167 4538 Kobbo
2196 4519 2248 4578 Β
2275 4519 2406 4573 puer
2432 4501 2680 4559 θηκεηηε
2710 4496 2946 4559 nomine,
2970 4509 3036 4548 ex
3069 4491 3274 4546 fam-Ilia
3303 4487 3550 4558 ejusdem
3578 4492 3846 4539 ωοηειειε,

597 4589 872 4644 Luduwici
904 4587 1048 4655 regis
1079 4584 1203 4638 illuc
1253 4582 1492 4635 directus
1536 4579 1764 4648 legatus,
1792 4592 1859 4632 ex
1904 4577 2006 4631 hoc
2028 4578 2169 4645 quod

600 4681 871 4734 acciderat
909 4686 1129 4744 stupore
1194 4672 1360 4726 nimio
1426 4669 1654 4740 permoti
1721 4667 1972 4722 admirati
2025 4676 2168 4719 sunt.

603 4770 771 4823 Isdem
813 4783 941 4823 vero
991 4764 1328 4835 ltagenarius
1358 4763 1436 4816 sic
1484 4759 1798 4814 humiliatus
1844 4774 1908 4814 ac
1955 4767 2174 4826 repente

603 4859 891 4921 contritus,
933 4858 1161 4912 aliorum
1210 4855 1456 4908 manibus
1494 4852 1599 4906 cito
1633 4849 1878 4906 sublatus
1928 4839 2195 4902 recessitf

610 4953 709 5020 Qui
769 4948 1018 5004 maximis
1069 4964 1166 5017 per
1222 4946 1455 4998 triduum
1501 4944 1783 4998 tormentis
1823 4940 2178 5012 ignominiose

610 5043 862 5104 aﬂlictus,
900 5038 1155 5108 pr:rcepit
1185 5035 1396 5088 tandem
1419 5049 1582 5088 unam
1610 5049 1825 5087 auream
1850 5047 1958 5086 suae
1980 5032 2174 5085 simili-

612 5135 811 5190 tudinis
839 5141 1071 5186 statuam
1100 5126 1212 5180 fieri
1237 5165 1251 5188 ,
1283 5135 1444 5194 atque
1469 5140 1566 5193 per
1591 5125 1837 5177 eumdem
1866 5122 2176 5177 Kobhonem

609 5224 881 5281 Germano
933 5221 1046 5275 seni
1093 5215 1312 5279 deferri,
1366 5215 1637 5284 spondens
1691 5230 1770 5278 se,
1825 5215 1867 5268 si
1901 5214 2184 5278 evaderet,

614 5315 978 5371 Christianum
1028 5311 1281 5379 deinceps
1313 5307 1572 5370 futurum,
1619 5305 1892 5374 Deumque
1927 5303 2186 5359 Christia—

615 5419 806 5475 norum
838 5389 1225 5456 indubitanter
1247 5397 1601 5459 crediturum;
1633 5395 1726 5450 sed
1754 5395 1882 5468 quia
1937 5410 2040 5448 non
2072 5401 2191 5448 erat

615 5513 678 5552 ex
711 5495 900 5548 ovibus
921 5491 1141 5553 Christi,
1163 5487 1365 5544 idcirco
1391 5485 1533 5555 quod
1559 5487 1773 5554 petebat
1817 5484 2061 5540 obtinere
2086 5500 2190 5537 non

621 5587 836 5642 meruit.
869 5577 948 5636 lta
991 5596 1210 5650 prorsus
1254 5577 1487 5640 inflatus,
1537 5577 1989 5644 quemadmodum
2040 5576 2195 5631 nobis

621 5681 761 5733 idem
821 5675 1006 5730 Kobho
1047 5671 1390 5732 manifestum
1445 5667 1586 5729 fecit,
1641 5683 1705 5722 ac
1755 5675 1895 5721 totus
1951 5665 2195 5734 turgidus

623 5768 851 5858 (prstitit,
877 5774 933 5818 ut
965 5778 1062 5817 nec
1095 5762 1324 5825 auditus,
1359 5775 1456 5815 nec.
1481 5760 1645 5824 visus,
1681 5773 1778 5816 nec
1804 5759 2082 5823 odoratus,
2117 5757 2195 5810 vel

2275 4593 2363 4657 rii,
2387 4591 2583 4646 surdus
2601 4597 2652 4644 et
2680 4595 2880 4665 mutus,
2907 4583 3256 4648 omniumque
3279 4576 3655 4631 membrorum
3681 4569 3847 4624 ofﬁcio

2277 4683 2587 4744 destitutus,
2612 4680 2678 4736 ad
2701 4662 2986 4749 praefatam
3014 4674 3194 4728 villam
3223 4670 3425 4724 auxilio
3452 4676 3742 4736 parentum
3765 4662 3847 4712 de-

2280 4783 2526 4846 portatus
2557 4771 2767 4835 fuisset,
2795 4769 2869 4824 ita
2903 4764 3190 4822 estsubito
3217 4759 3424 4816 meritis
3445 4758 3620 4827 ipsius
3642 4750 3851 4824 gloriosi

2280 4864 2554 4937 pontiﬁcis
2579 4862 2820 4932 pristinae
2842 4858 3085 4914 redditus
3111 4851 3353 4915 sanitati,
3381 4859 3442 4903 ut
3461 4857 3518 4925 et
3547 4846 3852 4914 loqueretur

2285 4933 2488 5027 pariter
2530 4962 2584 5009 et
2621 4952 2874 5010 audiret:
2905 4958 2962 5002 et
3005 4946 3098 5016 qui
3127 4942 3455 5014 paralyticus
3492 4937 3746 4990 manibus
3770 4933 3856 4984 de-

2289 5059 2472 5104 vectus
2517 5053 2739 5100 venerat
2786 5040 2998 5103 alienis,
3041 5051 3211 5092 ovans
3237 5049 3301 5087 ac
3329 5029 3671 5086 lzetabundus
3697 5025 3858 5077 tribus

2291 5141 2344 5195 in
2375 5154 2434 5194 se
2464 5137 2616 5192 miris
2632 5133 2887 5193 ostensis,
2917 5124 3278 5199 propriisjam
3307 5120 3474 5190 coepit
3501 5121 3577 5174 ire
3603 5114 3858 5182 vestigiis.

2291 5231 2534 5299 Namque
2573 5244 2602 5280 a
2633 5236 2776 5279 terra
2819 5229 2942 5291 post
2978 5217 3254 5288 paululutn
3289 5210 3576 5268 incolumis
3626 5219 3858 5276 surgens,

2295 5335 2417 5377 eum
2441 5333 2634 5388 magna
2655 5316 2832 5371 cordis
2859 5312 3142 5368 alacritate
3164 5309 3271 5363 illis
3291 5305 3386 5376 qui
3411 5305 3643 5360 aderant
3662 5301 3858 5354 aiebat:

2298 5415 2462 5477 Ecce,
2489 5425 2616 5466 ecce
2647 5408 2800 5462 adest
2817 5408 3005 5460 beatus
3029 5402 3355 5462 Germanus,
3379 5412 3476 5468 per
3495 5407 3664 5465 quem
3689 5406 3775 5445 me
3795 5399 3863 5441 to-

2299 5513 2412 5560 tum
2435 5503 2546 5557 Deo
2571 5499 2770 5569 gratias
2801 5508 3033 5563 agnoseo
3068 5499 3342 5546 curatum.

2892 5603 3117 5681 CAPUT
3157 5621 3276 5677 xv.

2373 5749 2484 5807 Nec
2506 5746 2633 5804 illud
2657 5743 2832 5801 omitti
2855 5742 3032 5805 debet,
3058 5739 3205 5808 quod
3232 5737 3477 5795 Christus
3499 5730 3564 5785 ad
3595 5727 3807 5783 laudem
3827 5732 3870 5773 et
