4026 6308
529 346 666 401 W39

1539 348 1864 406 AlMOlNUS
1903 345 2276 406 MONACHUS
2312 348 2758 406 SANGERMAN.

3618 366 3626 376 '
3655 361 3810 416 1040

526 464 724 518 tuenda
769 465 878 519 sint
917 464 1302 533 omnipotentis
1344 463 1440 518 Dei
1489 463 1729 535 judicia;
1781 473 1980 534 quanta
2029 465 2098 519 sit
2126 466 2175 527 Α
2216 495 2218 497 ν
2274 466 2372 524 Hic
2399 478 2483 523 est
2510 467 2846 535 Germanus,
2875 470 3042 526 voluit
3069 487 3231 542 quem
3263 484 3436 531 mater
3459 477 3514 532 in
3543 477 3671 533 alvo

526 555 905 624 longanimitas
935 562 1096 622 atque
1118 553 1327 623 justitia
1359 555 1585 624 piissimi
1614 556 1890 612 Creatoris
1909 556 2104 619 nostri,

525 660 651 699 vere
679 645 933 699 terribilis
959 645 1011 698 in
1036 644 1280 700 consiliis
1299 646 1432 707 suis,
1456 645 1666 715 patiens
1690 655 1745 699 et
1769 647 2105 714 aequissimus

527 734 578 787 in
606 734 871 788 universis
896 735 1153 802 operibus
1189 735 1303 790 suis
1330 753 1342 788 :
1373 735 1465 805 qui
1501 735 1548 789 si
1581 735 1752 791 iratus
1786 737 1958 791 servis
1993 738 2106 791 suis

527 824 920 893 negligentibus
938 824 1134 889 fuerit,
1167 825 1278 879 cito
1309 825 1414 878 illis
1443 825 1829 893 ptenitentibus
1865 826 2106 894 placatus

529 917 990 982 reconciliabitur,
1039 925 1204 986 atque
1251 917 1549 972 visibilibus
1591 917 1705 971 sive
1747 917 2104 972 invisibilibus

523 1007 805 1076 prostratis
834 1007 1096 1071 hostibus,
1123 1007 1580 1078 pacemcontritis
1603 1007 1765 1062 corde
1791 1021 1912 1061 cum
1937 1008 2106 1061 victo-

526 1097 603 1150 ria
631 1096 796 1150 dabit.
829 1095 921 1150 Sic
947 1098 1014 1150 de
1039 1096 1234 1165 populo
1261 1095 1556 1150 Israelitico
1576 1109 1716 1166 saepe
1743 1095 2001 1165 legimus;
2025 1097 2102 1150 sic

524 1187 725 1240 nostris
753 1186 1082 1254 temporibus
1115 1185 1422 1254 frequenter
1462 1186 1802 1250 audivimus;
1833 1187 2018 1255 sicque
2045 1185 2098 1240 in

524 1281 682 1334 nobis
715 1281 849 1348 ipsis
885 1277 1000 1346 ejus
1029 1279 1246 1347 pietatis
1291 1279 1460 1348 gratia
1491 1280 1699 1348 experti
1729 1294 1934 1333 sumus.
1985 1279 2100 1347 Ipse

521 1378 607 1424 est
639 1371 784 1423 enim
835 1369 978 1424 Deus
1014 1369 1280 1438 repellens
1318 1377 1369 1422 et
1412 1368 1720 1434 destruens,
1765 1369 2006 1422 irascens
2045 1376 2100 1420 et

523 1461 819 1524 miserans,
846 1465 1346 1526 commotorumque
1384 1457 1734 1512 contritiones
1763 1471 1974 1511 sanans.
2003 1455 2096 1509 At-

525 1553 845 1607 tendendum
888 1552 1050 1606 etiam
1097 1549 1442 1604 beatissimus
1488 1548 1787 1603 Germanus
1834 1555 2096 1616 quantum

519 1644 592 1698 sit
623 1641 1024 1714 glorificandus,
1065 1649 1434 1709 quantumque
1475 1637 1845 1700 venerandus,
1878 1636 1968 1705 qui
2011 1637 2093 1690 sic

519 1733 938 1788 misericorditer
960 1731 1114 1798 juvat
1139 1730 1208 1784 ad
1237 1744 1297 1784 se
1316 1745 1437 1784 cum
1465 1729 1658 1782 ﬁducia
1684 1727 2058 1798 confugientes
2075 1767 2090 1792 ,

519 1825 704 1892 sicque
733 1821 1044 1876 terribiliter
1065 1820 1248 1888 justis,
1281 1818 1425 1888 quod
1448 1826 1530 1872 est
1552 1816 1848 1880 fatendum,
1882 1817 2091 1871 meritis
2125 1802 2189 1863 Β

516 1915 750 1984 percutit
776 1913 1145 1966 adversantes.
1176 1911 1242 1964 Et
1266 1911 1392 1978 quia
1430 1908 1644 1978 longum
1675 1923 1740 1962 ac
1767 1906 1977 1962 difﬁcile
2010 1916 2094 1962 est

514 2020 614 2075 per
637 2004 842 2075 singula
872 2001 996 2071 ejus
1019 2003 1246 2056 virtutes
1280 2010 1562 2064 retexere,
1609 1999 1843 2052 maxime
1881 2013 2000 2052 cum
2037 2007 2094 2052 et

516 2105 804 2164 antequam
834 2100 1148 2147 nasceretur
1174 2093 1246 2145 ita
1289 2089 1518 2144 dilectus
1559 2096 1852 2158 gratusque
1892 2087 2001 2142 Deo
2033 2096 2094 2141 ut

513 2183 747 2238 Joannes
778 2184 830 2235 in
875 2190 1030 2234 utero
1073 2178 1259 2233 matris
1287 2177 1564 2233 exsultans
1604 2176 1852 2230 inventus
1881 2175 1979 2238 sit,
2003 2177 2090 2231 cui

517 2275 689 2328 virtus
718 2269 959 2326 miraculi
990 2267 1300 2324 famulatrix
1336 2265 1637 2329 exstiterit,
1684 2265 1857 2334 placet
1887 2265 1938 2319 in
1972 2264 2090 2336 ejus

512 2365 671 2420 laude
716 2365 818 2418 hoc
861 2362 914 2416 in
954 2362 1072 2417 loco
1115 2361 1300 2432 paucis
1346 2359 1530 2415 ludere
1584 2357 1865 2421 versibus,
1913 2355 2090 2425 sitque

510 2455 709 2524 prion’s
734 2452 898 2509 libelli
931 2452 1072 2507 finis.

2346 557 2601 622 Perdere,
2635 562 2976 630 praesumptis
3005 562 3285 620 haustibus
3316 567 3577 622 atriferis.

2280 645 2386 701 Sed
2422 647 2546 716 quia
2573 648 2722 701 vitali
2752 647 2931 703 fuerat
2962 666 3240 719 respersus
3259 654 3434 720 olivo,

2348 737 2463 792 Non
2489 738 2666 807 potuit
2693 748 2940 793 sanctum
2969 744 3361 797 commaculare
3388 745 3616 800 malum.

2278 828 2410 883 Nam
2436 830 2534 884 fuit
2564 831 2776 900 egregia
2805 832 3020 902 genitus
3047 832 3112 885 de
3142 834 3307 904 stirpe
3335 847 3654 905 parentum,

2345 922 2447 988 Qui
2477 924 2747 992 quondam
2777 927 2958 989 terris,
2984 942 3126 980 nunc
3156 943 3317 996 super
3341 939 3486 984 astra
3517 933 3688 983 nitet.

2274 1011 2434 1080 Optat
2453 1013 2598 1066 enim
2629 1013 2805 1080 fragili
2835 1014 2880 1068 si
2907 1016 3029 1084 quis
3051 1017 3176 1069 dum
3205 1030 3366 1070 carne
3390 1019 3654 1073 manebat

2345 1099 2511 1156 Nosse
2535 1102 2636 1155 fuit
2665 1103 2866 1172 qualis,
2890 1104 2978 1157 hic
3003 1119 3098 1158 sua
3122 1113 3270 1174 gesta
3303 1106 3465 1176 legat.

2271 1192 2335 1246 Et
2364 1193 2530 1270 enatos
2554 1202 2838 1264 postquam
2874 1195 3218 1260 conscendit,
3247 1207 3450 1265 quanta
3475 1214 3578 1267 per
3611 1199 3800 1267 ipsum

2341 1284 2581 1339 Gesserit
2611 1285 2980 1354 Omnipotens,
3011 1302 3259 1356 promere
3284 1288 3463 1358 lingua
3503 1290 3724 1358 nequit.

2270 1375 2557 1446 Linquitur
2580 1377 2684 1430 hoc
2705 1377 2778 1430 illi
2805 1372 3016 1433 bibulas
3042 1379 3131 1447 qui
3159 1380 3306 1434 solus
3331 1397 3530 1435 arenas
3551 1422 3568 1442 ,

2349 1466 2428 1520 Ac
2459 1466 2630 1536 pelagi
2659 1475 2838 1537 guttas
2863 1467 3210 1524 dinumerare
3239 1470 3400 1524 valet.

2267 1552 2464 1608 llortor
2492 1555 2637 1608 enim
2667 1565 2909 1619 cunetos,
2943 1557 3178 1611 maculat
3198 1573 3334 1626 quos
3354 1559 3501 1612 actio
3528 1558 3687 1623 vitm,

2339 1641 2507 1710 Hujus
2531 1658 2685 1712 opem
2711 1645 2961 1713 precibus
2997 1661 3220 1714 poscere
3243 1662 3384 1717 saepe
3411 1649 3542 1718 piis.

2267 1730 2470 1786 Debilis
2494 1732 2560 1786 ad
2586 1731 2738 1801 cujus
2769 1733 2915 1787 venit
2942 1734 2988 1788 si
3018 1735 3170 1788 turba
3200 1735 3548 1803 sepulcrum,

2337 1825 2464 1882 Inde
2488 1841 2674 1881 means
2701 1826 2862 1882 rediit
2886 1841 3018 1882 sana
3049 1826 3259 1884 favente
3291 1829 3422 1884 Deo.

2194 1971 2289 2026 Cui
2321 1985 2461 2025 nunc
2487 1979 2540 2025 et
2562 1983 2775 2040 semper
2797 1971 2997 2040 gratias
3033 1986 3253 2043 agamus
3275 2013 3292 2037 ,
3319 1973 3412 2041 qui
3442 1987 3550 2028 nos
3581 1975 3792 2031 meritis

2197 2057 2356 2126 hujus
2383 2057 2674 2112 fidelissimi
2702 2058 2783 2111 sui
2824 2059 3070 2127 praesulis
3109 2059 3177 2114 de
3215 2068 3292 2113 tot
3323 2063 3602 2130 tantisque
3635 2064 3792 2116 malis

2193 2147 2412 2216 eripuit,
2437 2147 2636 2215 quique
2663 2147 2819 2201 nobis
2840 2148 3082 2215 quotidie
3113 2149 3591 2204 innumerabilium
3621 2153 3790 2205 (torio-

2197 2252 2315 2290 rutn
2349 2235 2611 2290 beneficia
2642 2235 2760 2304 ejus
2793 2236 3059 2307 sullragiis
3084 2249 3319 2308 praestat,
3353 2239 3566 2294 faciens
3588 2257 3788 2311 magna

2195 2337 2252 2380 et
2279 2325 2544 2380 mirabilia
2570 2325 2686 2379 sine
2720 2340 2946 2380 numero
2974 2343 2987 2378 :
3017 2327 3104 2381 cui
3139 2327 3210 2380 sit
3236 2327 3412 2382 honor
3435 2339 3494 2382 et
3514 2339 3786 2397 potestis,

2191 2416 2362 2471 decus
2389 2423 2446 2470 et
2469 2414 2752 2484 imperium
2782 2429 2880 2483 per
2922 2414 3133 2470 inﬁnita
3171 2418 3367 2472 saecula
3413 2418 3788 2485 saeculorum,

2191 2505 2385 2559 Amen.

505 2639 3750 2670 *ν’-*Μ

1509 2723 1755 2784 INCIPIT
1791 2723 2162 2780 PREFATIO
2201 2720 2384 2780 LIBRI
2423 2725 2739 2784 SECUNDI.
3313 2731 3315 2734 ‘

579 2951 716 3018 Quia
745 2953 942 3022 prioris
971 2950 1132 3005 libelli
1167 2957 1367 3013 metas,
1392 2956 1632 3018 optatum
1659 2946 2083 3017 propinquantes
2111 2956 2155 3017 C
2185 2952 2419 3008 dationis
2459 2965 2669 3007 necnon
2708 2960 2765 3006 et
2803 2951 3037 3008 fructum
3082 2955 3440 3010 correCtionis
3488 2959 3779 3029 parvipen-

504 3054 744 3114 portum,
775 3043 991 3097 Christo
1021 3041 1284 3096 sermonis
1324 3039 1437 3093 vela
1476 3046 1720 3108 regente,
1763 3037 2078 3106 attigimus;

501 3140 780 3202 acceptum
808 3131 1053 3186 ducimus
1080 3145 1142 3184 ea
1170 3129 1330 3182 modo
1353 3126 1733 3181 miraculorum
1763 3125 2080 3180 subnectere

499 3227 674 3294 signa,
717 3240 836 3294 qua:
863 3233 1048 3294 postea
1091 3222 1346 3277 Dominus
1390 3237 1486 3290 per
1528 3218 1768 3288 ejusdem
1813 3216 2080 3286 pontificis

503 3301 694 3371 merita
733 3313 963 3385 gloriosa
1004 3315 1251 3383 dignatus
1297 3321 1379 3366 est
1424 3311 1677 3380 pandere.
1725 3307 1817 3362 llla
1863 3322 2077 3376 quoque

498 3422 619 3477 quae
650 3421 836 3459 rursus
865 3405 917 3458 in
943 3405 1108 3473 ipsius
1128 3402 1297 3457 sancti
1324 3411 1614 3469 nostraque
1640 3396 2076 3467 peregrinatione

497 3502 623 3548 sunt
649 3493 813 3555 facta,
846 3509 949 3546 non
979 3492 1271 3560 incongrue
1299 3490 1542 3544 addenda
1569 3495 1943 3548 censerentur,
1972 3483 2077 3538 nisi

498 3583 637 3637 forte
675 3581 894 3652 pudoris
931 3595 1050 3634 esse
1079 3580 1410 3634 viderentur.
1456 3575 1675 3631 Scilicet
1709 3574 1798 3642 qui
1846 3573 2076 3654 castiga-

499 3671 660 3726 tionis
683 3671 872 3725 divinae
891 3669 1214 3740 posthabitis
1233 3667 1647 3730 eruditionibus,
1661 3672 1878 3732 tempus
1897 3675 2078 3716 emen-

2185 3044 2398 3107 dentes,
2426 3045 2492 3097 ad
2521 3045 2623 3098 hoc
2650 3044 2846 3097 iterum
2871 3045 3106 3114 prolapsi
3145 3063 3354 3111 sumus,
3381 3061 3438 3102 ut
3473 3049 3770 3121 longiorem

2182 3136 2397 3190 demum
2426 3136 2816 3190 exsulationem
2843 3137 3157 3206 dignissima
3201 3140 3520 3207 expulsione
3547 3151 3762 3207 patere-

2177 3241 2319 3280 mur.
2357 3225 2463 3280 Sed
2492 3225 2632 3280 absit
2661 3235 2720 3279 ut
2745 3225 2827 3280 vel
2856 3236 3041 3280 nostra
3070 3230 3296 3282 tacendo
3318 3230 3631 3284 inaccusata
3653 3232 3772 3298 pat-

2177 3315 2339 3372 lietur
2368 3315 2653 3386 iniquitas;
2685 3323 2781 3370 aut
2804 3315 3042 3373 etelestis
3079 3333 3184 3386 qua
3227 3333 3573 3383 sanaremur,
3619 3322 3774 3375 nobis

2183 3408 2482 3463 clementer
2510 3408 2747 3461 adhibita
2787 3423 2898 3476 quo
2936 3423 3042 3462 non
3083 3419 3443 3478 pneeonetur,
3478 3411 3771 3464 retineatur

2187 3499 2518 3569 benignitas;
2549 3497 2632 3552 vel
2657 3498 2820 3554 etiam
2850 3499 2980 3552 tanti
3013 3499 3283 3568 pontificis
3311 3501 3566 3554 humanm
3609 3501 3768 3555 saluti

2186 3588 2378 3660 largita
2411 3588 2666 3643 virtutum
2693 3589 2865 3658 gratia
2897 3589 3271 3645 immemorata
3309 3591 3670 3645 transiliatur.

1439 3867 1841 3979 .INCIPIT
1903 3899 2202 3976 LIBER
2264 3896 2821 3975 SECUNDUS.

1009 4134 1236 4191 CAPUT
1273 4132 1561 4188 PRIMUM.

567 4227 751 4283 Sancti
784 4217 909 4280 vero
947 4241 1140 4294 corpus
1183 4226 1309 4279 dmn
1353 4233 1657 4288 revectum,
1690 4234 1853 4296 atque
1891 4227 2079 4282 ordine

495 4340 650 4394 supra
685 4321 890 4391 digesto
919 4333 1018 4373 suo
1058 4327 1141 4371 est
1181 4317 1232 4370 in
1266 4316 1384 4371 loco
1433 4317 1784 4384 restitutum,
1843 4319 2073 4373 accessit

2181 4137 2517 4210 :rgritudinis
2536 4132 2751 4189 vinculo
2765 4133 2828 4187 de
2844 4147 2939 4187 sua
2963 4133 3244 4203 desperata
3267 4130 3464 4198 salute,
3478 4136 3686 4204 putavit
3707 4151 3768 4192 se

2183 4245 2320 4285 vano
2343 4227 2516 4283 somni
2538 4226 2912 4295 phantasmate
2937 4223 3385 4292 deludinipsum
3410 4234 3465 4278 et
3487 4237 3765 4293 parentes,

2179 4320 2376 4390 quibus
2428 4319 2544 4373 hate
2596 4314 2874 4379 retulerat,
2923 4312 3189 4368 dicebant.
3243 4311 3354 4366 Sed
3404 4313 3504 4366 alia
3561 4315 3762 4370 iterum

489 4429 555 4467 ex
594 4425 730 4484 pago
778 4408 1055 4465 Oximensi
1088 4403 1418 4478 [d’Hyesme]
1455 4407 1702 4474 quasdam
1743 4405 2065 4478 paupercula

2180 4419 2333 4466 nocte
2360 4407 2632 4479 praedictae
2653 4405 2890 4474 virgines
2910 4403 3084 4457 eidem
3111 4411 3456 4471 apparentes,
3480 4417 3602 4456 cum
3629 4420 3760 4472 qua-

491 4503 701 4568 mulier,
728 4499 944 4556 nomine
977 4497 1380 4552 Hirmintrudis.
1415 4494 1540 4550 [hnc
1562 4511 1656 4565 per
1684 4512 1876 4551 novem
1899 4511 2067 4550 anno-

495 4609 612 4646 rum
643 4590 908 4647 curricula
934 4587 1318 4642 contractionis
1347 4585 1656 4640 calamitate
1679 4601 1935 4656 Oppressa
1955 4624 1970 4650 ,
2002 4586 2069 4639 de

491 4685 608 4740 loco
631 4685 697 4739 ad
727 4683 924 4745 locum,
947 4681 1050 4735 nisi
1080 4680 1308 4734 aliorum
1341 4680 1588 4733 manibus
1623 4680 1799 4733 delata
1820 4721 1834 4745 ,
1866 4695 2070 4749 nequa-

490 4789 653 4845 quam
698 4772 945 4828 incedere
986 4769 1215 4824 valebat.
1257 4767 1498 4837 Cumque
1525 4781 1646 4822 eam
1688 4767 1948 4822 Dominus
1974 4783 2069 4836 per

488 4866 779 4938 gloriosum
822 4862 1116 4914 antistitem
1166 4855 1492 4914 Germanum
1542 4863 1732 4911 curare
1775 4856 2063 4920 voluisset,

488 4963 648 5010 nocte
673 4952 906 5023 quadam
950 4947 1364 5017 superveniente
1385 4986 1398 5008 ,
1436 4946 1575 5012 vidit
1614 4945 1750 4999 duas
1778 4946 2067 5009 sanctimo-

484 5049 654 5104 niales
674 5045 913 5115 virgines
940 5039 1212 5110 prteclaris
1234 5040 1468 5092 vultibus
1495 5055 1678 5093 coram
1704 5055 1761 5094 se
1792 5041 2062 5115 assistere,

484 5141 791 5197 deferentes
819 5137 921 5192 sibi
955 5147 1147 5204 panem
1175 5145 1229 5186 et
1254 5131 1358 5193 lac,
1392 5132 1600 5199 signum
1629 5131 1822 5186 futura:
1866 5134 2066 5186 sanita-

481 5235 575 5297 tis,
622 5233 1010 5296 hortantesque
1055 5235 1111 5278 ut
1155 5222 1465 5277 cemederet
1503 5239 1514 5274 :
1546 5222 1787 5276 molestia
1832 5237 2066 5291 namque

481 5319 810 5377 infirmitatis
833 5316 1052 5385 fatigata
1075 5312 1457 5368 obdormierat.
1482 5311 1723 5388 Cumque
1744 5312 2068 5367 comedisset

478 5428 545 5464 ex
578 5411 661 5465 his
689 5422 810 5478 quae
842 5403 1152 5461 attulerant,
1186 5400 1440 5454 dixerunt
1485 5399 1558 5453 illi
1588 5415 1603 5452 :
1637 5400 1808 5469 Surge
1849 5409 1902 5454 et
1930 5415 2064 5468 quo-

481 5502 854 5568 modocunquc
899 5504 1086 5564 potes,
1146 5491 1386 5564 Paris-ius
1439 5490 1511 5545 ad
1563 5489 1878 5560 sepulcrum
1919 5490 2061 5545 beati

479 5592 729 5648 Germani
776 5588 1100 5646 ire:festina
1126 5603 1156 5642 ς.
1199 5585 1352 5652 cujus
1401 5598 1622 5647 munere
1657 5577 1860 5639 noscas
1901 5591 1952 5636 te
1993 5595 2060 5633 ex

478 5685 696 5755 propria
742 5682 984 5750 corporis
1030 5676 1309 5734 debilitate
1359 5675 1671 5732 curandam.
1725 5675 1852 5740 Qua:
1900 5672 2058 5740 longo

2174 4501 2298 4554 dam
2353 4498 2749 4569 indignatione,
2797 4494 2991 4572 blando
3052 4494 3267 4562 quidem
3337 4507 3592 4548 sermone
3640 4512 3760 4549 eam

2172 4589 2419 4644 alloculae
2448 4589 2738 4658 dixerunt:
2767 4583 2984 4645 Gaude,
3020 4583 3072 4636 in
3113 4583 3361 4655 proximo
3398 4593 3484 4637 est
3521 4585 3669 4637 enim
3703 4593 3764 4637 ut

2171 4677 2397 4734 cureris.
2424 4676 2491 4730 Et
2517 4687 2684 4744 quare
2705 4687 2811 4742 quo
2837 4672 2931 4726 tibi
2953 4671 3306 4739 pnecepimus
3332 4685 3437 4722 non
3465 4670 3594 4723 isti?
3624 4663 3760 4725 vade

2171 4771 2337 4838 igitur
2362 4768 2552 4822 saltem
2576 4781 2741 4829 nunc,
2765 4778 2863 4818 nec
2893 4779 3097 4816 moram
3130 4761 3341 4815 feceris.
3369 4760 3540 4815 Porro
3568 4776 3758 4830 exper-

2169 4858 2379 4928 gefacta
2405 4857 2619 4920 mulier,
2643 4855 2842 4908 auxilio
2867 4852 3081 4907 tandem
3111 4851 3295 4905 fratris
3319 4851 3489 4905 asello
3511 4850 3754 4913 levatur,

2169 4951 2355 5019 sicque
2375 4958 2507 5004 ante
2544 4946 2803 5002 tumulum
2834 4945 2965 4998 tanti
2994 4959 3029 5012 p
3069 4941 3206 4996 troni
3238 4942 3414 4995 delata
3442 4943 3750 5011 exponitur.

2169 5039 2437 5095 Permissa
2467 5038 2649 5108 itaque
2690 5045 2774 5092 est
2821 5036 2874 5090 iu
2915 5035 3054 5089 atrio
3084 5034 3322 5104 ejusdem
3367 5027 3616 5088 ecclesia:
3642 5036 3754 5102 ipsa

2167 5141 2327 5187 nocte
2359 5130 2720 5200 requiescere.
2745 5125 2850 5180 Sed
2873 5125 3184 5194 priusquam
3213 5123 3400 5176 media:
3433 5123 3613 5176 noctis
3634 5137 3752 5190 spa—

2169 5222 2300 5275 tium
2332 5219 2825 5296 transmitteretur,
2858 5214 3150 5283 evigilaus,
3185 5212 3338 5281 quasi
3367 5205 3605 5280 quodam
3637 5228 3752 5265 me-

2168 5294 2434 5366 dicamine
2461 5294 2829 5376 delibuta,per
2848 5304 3078 5372 scipsam
3107 5303 3415 5373 aggreditur
3439 5302 3750 5366 ecclesiam,

2165 5399 2423 5454 fratribus
2440 5391 2552 5469 'ja'in
2575 5399 2649 5452 ex
2673 5411 2824 5451 ntere
2848 5393 3152 5464 vigiliarum
3176 5392 3438 5448 solemnia
3467 5392 3751 5447 celebrano

2163 5491 2324 5546 tibus.
2357 5491 2568 5545 interea
2611 5487 2855 5543 membra
2894 5483 2996 5540 sibi
3043 5481 3183 5538 male
3221 5481 3547 5542 cohaerentia
3579 5496 3754 5548 cape

2147 5579 2291 5635 'runt
2312 5578 2525 5642 resolvi,
2544 5585 2706 5650 atque
2719 5575 2786 5630 -‘in
2806 5573 3084 5641 antiquum
3112 5585 3234 5626 mox
3257 5568 3490 5624 obiciunt
3513 5568 3745 5624 reverti:

2165 5661 2285 5743 qua:
2325 5687 2423 5744 pro
2460 5669 2742 5730 anxietate
2787 5665 2967 5722 cordis
3016 5663 3364 5732 corporisque
3415 5661 3751 5716 relaxatione
