3986 5366
198 297 332 355 ίθιῐ
367 305 375 313 ”

1073 300 1164 356 DE
1201 298 1568 355 NIR‘ACULIS
1603 299 1661 354 S.
1703 300 2030 356 GERMANI.
2064 332 2128 341 —
2166 301 2292 356 LIB.
2327 302 2387 356 ll.

3296 270 3438 356 me

197 428 417 484 magnas
444 412 634 469 institit
658 428 816 470 voces
843 413 1107 480 emittere,
1149 423 1211 468 ut
1234 428 1422 469 omnes
1447 414 1538 481 qui
1567 414 1758 468 adera-
1791 419 1834 478 Α
1865 416 2114 480 lcntibus,
2137 423 2416 485 coeperunt
2442 429 2561 469 mox
2592 413 2738 468 nervi
2766 423 2925 484 atque
2951 413 3073 467 nodi
3106 427 3134 465 a
3158 413 3456 480 nativitate,

198 522 315 560 IIIIIS
343 506 644 562 audivimus
682 524 696 560 :
738 506 986 576 factoque
1030 521 1220 571 mane,
1252 505 1325 559 illi
1368 505 1594 559 Domino
1622 505 1761 558 beati

193 597 451 652 Germani
479 597 727 666 precibus
752 597 1043 650 miserante
1085 596 1314 665 pr0priis
1341 609 1655 649 concessum
1681 602 1765 648 est

195 686 471 741 ambulare
505 687 743 756 vestigiis
773 701 787 738 :
830 686 1014 753 sicque
1051 700 1149 754 per
1172 685 1274 738 iter
1303 699 1408 753 quo
1435 693 1653 738 venerat
1680 699 1764 740 re-

193 775 367 839 diens,
397 775 646 830 omnibus
676 775 872 830 bonum
897 774 998 829 sibi
1023 774 1275 844 largitum
1311 775 1583 829 narrabat.

817 903 1042 961 CAPUT
1079 903 1142 958 ll.

265 1014 372 1070 Nec
419 1014 546 1070 illud
592 1014 868 1084 praeterire
907 1015 1166 1069 debemus
1211 1014 1351 1083 quod
1394 1012 1557 1069 simili
1606 1012 1764 1068 modo

193 1108 393 1160 factum
433 1107 656 1178 contigit
703 1107 1039 1161 miraculum.
1080 1106 1210 1159 Nam
1245 1106 1384 1159 inter
1428 1113 1652 1160 creteros
1696 1121 1763 1160 ex

191 1198 405 1249 diverso
431 1201 800 1264 properantes,
850 1196 993 1249 venit
1030 1195 1245 1264 quidam
1280 1195 1494 1263 juvenis
1526 1211 1590 1249 es
1631 1210 1764 1264 pago

189 1285 506 1351 itajoeasino
555 1285 640 1356 [de
685 1285 922 1356 Βαναία]
978 1285 1234 1339 vocabulo
1281 1285 1642 1349 Hildcmodus,
1670 1287 1762 1356 qui

188 1373 264 1426 ita
320 1375 537 1428 renibus
594 1383 902 1428 contractus
960 1375 1130 1428 tribus
1186 1375 1442 1429 continue
1485 1376 1766 1430 exstiterat

189 1462 366 1526 annis,
402 1471 464 1516 ut
503 1475 570 1516 eo
605 1462 718 1530 ipso
763 1463 947 1517 dolore
983 1478 1215 1533 genuum
1257 1479 1321 1518 ac
1366 1463 1618 1518 tibiarum
1666 1480 1765 1520 seu

187 1551 383 1618 pedum
413 1550 718 1620 privaretur
754 1551 967 1606 oﬂicio:
1005 1552 1157 1620 isque
1183 1552 1346 1605 multa
1376 1552 1760 1608 venerabilium

183 1649 497 1695 sanctorum
541 1642 866 1697 circumiens
894 1641 1033 1707 loca,
1078 1657 1186 1710 quo
1226 1642 1510 1711 pristinam
1551 1641 1761 1696 illorum

182 1730 458 1800 sntit-algiis
495 1740 836 1800 recuperaret
876 1732 1222 1802 sospitatem,
1273 1747 1304 1787 a
1348 1732 1494 1788 nullo
1539 1748 1759 1802 prorsus
1789 1756 1835 1816 Β

180 1819 488 1874 destinatus
509 1820 818 1874 est'sanari.
848 1819 1023 1888 Supra
1055 1821 1196 1876 dicta
1224 1829 1402 1876 autem
1431 1821 1758 1876 sanctissimi

182 1909 458 1975 pontiﬁcis
485 1909 798 1964 imminente
823 1909 1132 1964 celebritate
1152 1949 1168 1974 ,
1196 1925 1226 1964 a
1270 1911 1502 1978 quodam
1539 1925 1762 1965 venera-

181 1995 284 2050 bili
331 1996 445 2050 viro
489 2011 588 2064 per
616 2011 864 2065 soporem
907 2006 992 2053 est
1034 1999 1364 2062 admonitus,
1394 2009 1454 2053 ut
1491 2007 1760 2054 monaste-

177 2087 326 2139 rium
370 2085 606 2154 ejusdem
635 2089 911 2142 sanandus
940 2088 1132 2143 adiret.
1164 2088 1263 2155 Qui
1295 2089 1428 2143 nihil
1465 2090 1531 2145 de
1557 2091 1763 2144 visione

179 2173 463 2238 dubitans,
486 2188 554 2230 eo
575 2174 664 2232 die
683 2175 774 2243 qui
794 2176 1036 2230 capidem
1061 2178 1316 2246 praecedit
1345 2178 1761 2245 solemnitatem,

179 2279 328 2318 nono
371 2265 489 2320 Kal.
537 2266 832 2337 Augustas,
879 2283 1008 2324 cum
1045 2268 1394 2324 ascellaribus
1439 2270 1586 2324 venit
1634 2278 1762 2324 ante

175 2355 357 2409 sancti
379 2355 555 2411 Patris
581 2357 907 2426 sepulcrum,
923 2357 1131 2428 jaciens
1153 2373 1211 2412 se
1231 2374 1432 2427 pronus
1458 2359 1509 2412 in
1536 2368 1756 2414 terram.

177 2443 427 2512 Cumque
451 2445 653 2500 diutius
678 2461 776 2516 pro
801 2447 882 2501 sui
912 2449 1321 2517 recuperatione
1363 2448 1528 2502 Deum
1560 2449 1759 2503 beatis-

174 2535 487 2605 simumque
528 2539 811 2608 praesulem
859 2540 1219 2595 intentissime
1263 2549 1536 2605 exorat-ct,
1581 2540 1760 2595 subito

174 2627 347 2695 erepit
373 2643 552 2682 coram
580 2630 751 2685 oculis
770 2631 1008 2685 onmium
1032 2631 1140 2686 illic
1168 2631 1492 2686 adstantium
1517 2633 1758 2686 membra

175 2719 388 2786 prolixa
416 2722 734 2789 aegritudine
761 2725 1025 2792 torpentia
1065 2739 1288 2793 gemens
1315 2725 1622 2780 extendere.
1648 2725 1759 2781 Nec

178 2822 355 2861 mora.
396 2807 591 2864 Statim
636 2826 868 2880 namque
915 2813 1152 2866 surrexit
1197 2811 1522 2867 benedicens
1566 2813 1767 2878 Deum,’

177 2909 534 2969 sanctumque
579 2901 886 2972 gloriﬁcaus
932 2903 1261 2958 Germanum
1301 2911 1402 2958 :et
1431 2919 1538 2958 non
1581 2904 1756 2960 solum

177 2989 327 3056 ipse,
377 3004 562 3044 verum
613 2999 670 3044 et
712 2993 802 3059 qui
849 3003 1144 3060 praesentes
1180 3007 1432 3057 eramus,
1473 2994 1756 3062 omnisque

1865 508 2124 562 contracti
2153 506 2395 576 corporis
2422 505 2636 569 resolvi,
2669 519 2874 558 necnon
2896 512 2949 556 et
2972 503 3038 555 ad
3065 517 3219 557 usum
3246 503 3436 556 ambu-

1863 597 2007 653 landi
2053 597 2231 652 divina
2262 595 2607 650 miseratione
2656 609 2755 664 per
2802 593 2942 646 beati
2974 591 3072 645 viri
3120 590 3435 661 suffragium

1865 687 2036 756 aptari
2060 703 2073 740 :
2095 687 2185 755 qui
2211 701 2334 740 cum
2366 685 2468 739 llde
2495 684 2739 740 venienti;
2781 683 3068 752 impetrare
3097 683 3270 753 potuit
3292 681 3448 751 quod

1862 784 2053 832 natura
2079 777 2262 830 vitiata
2296 784 2604 845 negaverat;

2469 885 2695 941 CAPUT
2732 884 2814 941 IV.

1934 996 2048 1053 Non
2076 998 2218 1051 enim
2250 997 2444 1052 debent
2475 1012 2593 1052 esse
2622 996 2785 1066 (quod
2828 997 2981 1064 longe
3000 1012 3038 1050 a
3069 995 3315 1050 ﬁdelibus
3343 979 3444 1062 sit).

1862 1089 2033 1151 oneri,
2062 1103 2180 1155 qua:
2203 1085 2451 1140 Christus
2478 1087 2590 1139 suis
2621 1085 2822 1140 sanctis
2843 1086 3031 1138 amicis
3051 1085 3301 1154 dignatur
3326 1085 3433 1137 lar-

1864 1175 1984 1246 giri.
2017 1175 2146 1228 Nam
2186 1175 2274 1242 qui
2304 1183 2454 1244 gesta
2479 1174 2810 1241 virtutesque
2840 1189 3026 1228 corum
3056 1174 3146 1242 qui
3173 1174 3285 1242 jam
3313 1189 3435 1228 cum

1865 1265 2092 1320 Domino
2131 1266 2185 1318 in
2215 1265 2420 1319 caelesti
2475 1274 2700 1334 regnant
2741 1263 3072 1319 Hierusalem
3121 1265 3307 1318 audire
3352 1279 3440 1317 re-
3480 1303 3482 1305 μ

1865 1355 2000 1418 nuit,
2029 1356 2142 1425 ipse
2164 1354 2356 1425 procul
2388 1355 2550 1408 dubio
2575 1355 2673 1409 sibi
2706 1355 2861 1408 testis
2888 1355 3123 1418 exsistit,
3147 1355 3272 1422 quia
3299 1370 3433 1406 non-

1863 1444 1990 1498 dum
2018 1444 2080 1498 ad
2107 1443 2316 1498 illorum
2339 1443 2577 1514 perfecte
2601 1443 2836 1512 suspirat
2864 1445 3213 1497 consortium.
3237 1443 3436 1497 Contra

1864 1547 1994 1587 vero
2023 1533 2114 1601 qui
2145 1533 2360 1594 recolit,
2396 1533 2522 1604 legit
2551 1533 2636 1588 vel
2663 1534 2841 1598 audit;
2877 1534 2965 1587 ille
2993 1535 3200 1603 utique,
3233 1534 3357 1588 licet
3386 1535 3437 1588 in

1865 1625 2025 1679 terris
2051 1624 2225 1678 adhuc
2255 1625 2460 1694 positus
2481 1665 2495 1689 ,
2525 1625 2803 1679 concivem
2838 1625 3047 1679 illorum
3079 1641 3139 1679 se
3164 1626 3440 1680 evidenter

1863 1728 1982 1771 esse
2006 1713 2344 1767 demonstrat
2372 1714 2423 1766 in
2457 1713 2704 1768 excelsis.
2734 1713 2899 1782 Igitur
2927 1728 2992 1765 ex
3040 1714 3269 1780 quadam
3318 1730 3444 1782 pos-

1862 1804 2102 1859 sessione
2127 1803 2296 1874 ipsius
2323 1805 2464 1858 beati
2499 1804 2622 1868 viri,
2653 1820 2772 1874 qum
2802 1805 2853 1858 iu
2886 1821 3023 1875 pago
3045 1805 3380 1858 Pineiacensi
3412 1817 3436 1843 α

1859 1896 1960 1950 sita
2007 1895 2275 1951 Prunidus
2321 1895 2552 1958 dicitur,
2601 1895 2703 1950 fuit
2744 1896 2963 1963 quidam
3015 1897 3175 1949 bomo
3225 1895 3443 1948 nomine

1857 1986 2162 2052 Adoardus,
2192 1987 2264 2040 ita
2293 1985 2572 2040 oculorum
2605 1986 2848 2054 privatus
2873 1985 3096 2049 lumine,
3124 1993 3185 2039 ut
3211 1983 3283 2038 illi
3312 2000 3444 2037 cou-

1861 2075 2009 2129 tinua
2037 2090 2142 2130 nox
2173 2083 2339 2138 esset,
2370 2089 2469 2128 nec
2505 2074 2798 2143 quidquam
2829 2073 2966 2127 lucis
2994 2073 3211 2126 baurire
3239 2080 3439 2140 posset.

1860 2163 1959 2220 llic
1986 2165 2050 2219 ad
2079 2165 2249 2220 sancti
2273 2163 2546 2234 pontilicis
2569 2161 2918 2218 festivitatem
2946 2163 3225 2226 manibus,
3255 2168 3441 2230 utpote

1859 2269 2058 2318 caecus,
2089 2254 2316 2309 aliorum
2345 2253 2627 2317 deductus,
2651 2251 2717 2306 ad
2745 2266 2899 2307 sacra
2930 2251 3215 2305 missarum
3245 2250 3441 2304 solem-

1860 2343 1948 2398 nia
1977 2343 2116 2397 inter
2143 2342 2379 2413 reliquos
2399 2343 2491 2412 qui
2515 2349 2883 2398 convenerant
2905 2340 3131 2396 devotus
3155 2339 3438 2396 adstabat:

1859 2443 1914 2488 et
1943 2448 2071 2489 ecce
2099 2433 2278 2488 subito
2316 2442 2602 2502 antequam
2634 2431 2982 2500 Evangelium
3012 2430 3112 2498 legi
3157 2430 3444 2484 inchoare-

1861 2513 1969 2588 tur,
2002 2523 2167 2592 erepit
2200 2523 2268 2577 ab
2293 2521 2409 2591 ejus
2435 2522 2604 2577 oculis
2631 2536 2853 2591 magnus
2883 2521 3036 2589 quasi
3080 2519 3441 2590 lacrymarum

1858 2611 2034 2668 ﬂuxus
2081 2613 2276 2667 mirum
2323 2613 2377 2666 in
2429 2612 2643 2666 modum
2679 2625 2922 2666 manare.
2953 2608 3195 2677 Cumque
3222 2609 3314 2664 diu
3343 2609 3446 2662 hoc

1859 2713 2128 2774 ageretur,
2162 2711 2216 2757 et
2243 2704 2357 2772 ipse
2389 2701 2683 2756 rivuiorum
2728 2699 2932 2755 fontem
2957 2699 3023 2755 de
3069 2698 3182 2753 suis
3212 2695 3445 2752 maxillis

1857 2794 2050 2847 crebra
2099 2806 2288 2847 manus
2333 2790 2662 2846 adbibitione
2688 2797 3025 2858 extergeret,
3055 2800 3294 2857 superno
3316 2799 3443 2839 mox

1857 2871 2135 2954 respectus
2164 2883 2382 2948 intuitu,
2410 2883 2596 2951 incipit
2621 2881 2895 2952 paululum
2919 2879 3222 2952 splendoris
3270 2878 3442 2946 inspi-

1857 2987 2002 3028 cere.
2029 2971 2236 3028 Deinde
2283 2971 2487 3043 gratias
2531 2985 2699 3040 agens
2735 2979 2846 3026 toto
2886 2969 3189 3025 devotionis
3228 2965 3440 3027 aﬂ‘ectu,

179 3079 484 3149 frequentia
515 3082 690 3151 populi
716 3084 807 3150 qui
833 3059 1196 3143 couvenerat,
1243 3084 1444 3152 pariter
1481 3059 1758 3138 benedixi-

1866 3063 1976 3119 solo
2009 3072 2314 3133 prostratus
2346 3064 2545 3119 obnixe
2574 3062 2921 3133 precabatur,
2950 3071 3008 3116 ut
3049 3061 3149 3116 sibi
3180 3059 3292 3131 jam
3323 3074 3448 3128 par-

177 3185 301 3224 mus
326 3170 578 3234 Domino,
599 3172 691 3238 qui
725 3171 848 3226 talia
876 3172 1083 3227 meritis
1109 3173 1191 3226 sui
1221 3171 1550 3228 confessoris
1577 3173 1766 3242 digna-

177 3259 341 3315 batur
366 3260 682 3316 concedere.

798 3369 1026 3427 CAPUT
1062 3371 1147 3426 Ill.

249 3479 382 3535 illud
413 3495 628 3551 quoque
667 3483 808 3551 quod
840 3484 1016 3538 divina
1056 3485 1268 3539 bonitas
1312 3483 1502 3540 eodem
1538 3499 1764 3556 vespere

177 3574 246 3626 ad
281 3573 479 3625 famam
511 3573 745 3628 nominis
782 3576 912 3628 tanti
943 3576 1040 3630 viri
1080 3575 1372 3647 ostendere
1400 3575 1603 3640 voluit,
1637 3580 1764 3633 reti-

175 3666 290 3719 ceri
324 3681 427 3718 non
460 3665 618 3718 debet
645 3666 771 3735 quin
807 3667 947 3721 inter
975 3678 1169 3723 caetera
1201 3679 1453 3722 narretur
1480 3670 1765 3727 miraculo-

179 3769 300 3806 rum
331 3753 579 3823 insignia.
607 3753 726 3808 Fuit
747 3755 964 3825 quidam
990 3773 1124 3827 puer
1164 3759 1246 3827 (ut
1276 3757 1586 3829 putabatur)
1625 3759 1761 3814 duo-

176 3843 404 3908 deunis,
434 3843 500 3898 de
532 3859 666 3915 pago
692 3847 1063 3903 Aurelianensi
1103 3857 1155 3902 et
1186 3847 1388 3902 familia
1421 3850 1558 3903 beati
1587 3850 1764 3906 Patris

173 3933 493 3998 Benedicti,
539 3936 631 4004 qui
679 3937 744 3991 de
794 3939 982 3992 matris
1024 3938 1180 3993 vulva
1229 3938 1284 3993 in
1336 3939 1508 3993 lucem
1547 3941 1765 3998 renibus

174 4029 492 4077 contractus
519 4037 582 4078 ac
609 4026 834 4096 genibus
868 4036 1221 4096 proruperat;
1262 4043 1360 4082 nec
1391 4028 1547 4082 aliter
1572 4044 1630 4084 se
1658 4030 1764 4085 ullo

173 4117 340 4170 modo
366 4131 584 4172 movere
608 4128 840 4189 poterat,
872 4121 974 4176 nisi
1003 4121 1250 4178 manibus
1279 4123 1458 4178 nitens
1486 4124 1762 4180 semivali-

175 4209 308 4262 dum
352 4218 697 4276 promoveret
739 4211 1152 4281 corpusculum,
1202 4213 1422 4282 insuper
1469 4221 1524 4267 et
1575 4213 1651 4266 ita
1694 4216 1764 4271 ab

175 4303 397 4357 ineunte
428 4312 588 4360 aetate
609 4345 624 4370 ,
654 4304 828 4361 oﬂicio
859 4307 1111 4377 loquendi
1157 4310 1398 4378 privatus
1428 4309 1759 4373 adoleverat,

174 4401 235 4447 ut
271 4407 420 4447 more
460 4392 629 4462 ipsius
656 4396 838 4467 lingua
870 4399 1048 4467 potius
1085 4401 1367 4469 strepitum
1389 4441 1404 4466 ,
1434 4415 1596 4469 quam
1641 4415 1760 4455 ver-
1787 4433 1839 4492 Β

173 4483 368 4536 lorum
391 4485 725 4552 exprimeret
749 4502 986 4544 sensum.
1014 4489 1258 4556 Quicum
1281 4491 1347 4545 ad
1374 4491 1515 4547 beati
1537 4491 1761 4548 Caronis

175 4573 260 4644 [8.
287 4573 517 4647 Cltéron]
552 4575 805 4648 Martyris
830 4579 1158 4647 sepulcrum,
1185 4583 1278 4651 qui
1317 4582 1473 4652 juxta
1512 4583 1764 4654 oppidum

175 4663 340 4716 situm
369 4672 453 4718 est
495 4664 849 4720 Karnotinum
881 4665 1206 4740 [Chartres],
1237 4685 1268 4725 a
1311 4671 1549 4740 quolibet
1587 4672 1761 4742 gratia

173 4758 397 4826 pietatis
435 4759 748 4829 deportatus
788 4761 1011 4827 fuisset,
1061 4763 1362 4820 interventu
1393 4766 1560 4836 ipsius
1591 4767 1764 4822 sancti

172 4845 407 4903 Caronis
448 4851 611 4920 pedes
651 4849 790 4917 ejus,
835 4852 1208 4908 contractione
1251 4870 1479 4925 genuum
1520 4871 1765 4924 perseve-

175 4942 456 5004 rante,'a
502 4941 894 5008 posterioribus
935 4941 1273 5000 solummodo
1315 4957 1442 5002 sunt
1489 4947 1756 5013 disjuucti.

173 5026 308 5081 Inde
351 5044 478 5084 vero
507 5029 575 5082 ad
621 5031 921 5098 patrocinia
954 5032 1078 5087 almi
1129 5039 1340 5103 patroni
1385 5037 1556 5095 nostri
1593 5053 1761 5106 quan~

174 5117 357 5148 alanna
393 5118 684 5148 rus-Annuus
765 5121 982 5148 “tua”...
1033 5122 1361 5148 -..:..-..:..-..J!
1397 5146 1404 5147 κ
1463 5142 1608 5148 _.-.....

765 5121 982 5148 ΑιδιΑιὶοιο

1865 3155 1960 3209 tim
2008 3163 2309 3208 reseratum
2343 3153 2520 3206 lumen
2569 3153 2779 3223 plenius
2825 3154 3156 3207 redderetur.
3188 3151 3299 3206 Nec
3333 3150 3448 3217 ejus

1863 3254 1990 3301 sunt
2042 3258 2232 3314 preces
2275 3244 2414 3312 apud
2464 3242 2799 3298 Altissimum
2851 3243 3031 3297 cordis
3085 3243 3444 3311 inspectorcni

1863 3345 2218 3404 sanctumque
2256 3333 2529 3390 frustrata:
2555 3335 2748 3388 virum.
2789 3331 2987 3388 Statim
3018 3347 3252 3402 namque
3279 3348 3444 3387 exau-

1859 3426 2029 3500 ditus,
2056 3425 2344 3495 pristinum
2373 3424 2576 3495 recepit
2601 3425 2775 3479 visum
2816 3441 2832 3477 :
2885 3423 3281 3491 missarumque
3321 3437 3449 3490 per-

1863 3525 1982 3573 acta
2009 3515 2539 3578 solemnitate,‘venit
2559 3514 2672 3584 jam
2697 3514 2841 3568 clare
2867 3514 3055 3570 videns
3079 3522 3204 3568 ante
3234 3513 3447 3582 polian-

1865 3611 2018 3662 drum
2043 3605 2119 3679 [id
2144 3617 2218 3661 est
2247 3607 2577 3679 sepulcrum]
2607 3606 2901 3662 beatissimi
2930 3606 3258 3662 confessoris
3279 3606 3444 3676 glori-

1857 3700 2031 3772 ticans
2053 3698 2240 3763 Deum,
2265 3699 2355 3767 qui
2386 3698 2486 3753 sibi
2516 3697 2632 3766 ejus
2658 3697 2929 3768 precibus,
2955 3713 3052 3769 per
3077 3707 3155 3753 tot
3179 3713 3443 3754 annorum

1864 3791 2130 3846 curricula
2167 3789 2388 3845 luminis
2425 3790 2731 3860 ademptam
2770 3789 3065 3845 reddiderit
3103 3791 3441 3860 dignitatern.

2484 3921 2716 3978 CAPUT
2754 3920 2823 3974 V.

1936 4036 2007 4092 Ut
2040 4034 2204 4106 igitur
2235 4033 2551 4106 castigantis
2578 4047 2677 4088 nos
2707 4032 3097 4088 inaestimabilis
3127 4032 3321 4092 divinte
3353 4034 3446 4087 bo-

1864 4127 2050 4182 nitatis
2079 4125 2356 4179 miseratio
2379 4123 2680 4179 evidentius
2706 4123 3051 4191 praedicetur,
3079 4120 3167 4174 illa
3187 4135 3307 4190 quae
3327 4136 3450 4173 rur-

1864 4231 1958 4272 sus
1985 4217 2040 4271 in
2071 4213 2310 4283 ejusdem
2353 4213 2526 4268 sancti
2576 4227 2641 4267 ac
2683 4220 2865 4266 nostra
2895 4211 3352 4282 peregrinatione,
3391 4220 3449 4262 ut

1865 4307 2230 4368 meminimus,
2261 4303 2404 4359 facta
2445 4311 2573 4360 sunt
2611 4303 2870 4357 miracula
2907 4302 3448 4371 persequarnnr,.etsi

1865 4412 1972 4452 non
2021 4408 2272 4451 sermone
2313 4395 2600 4448 verborum
2644 4393 2800 4461 copia
2839 4391 3154 4461 phalerato,
3189 4389 3449 4444 virtutum

1867 4496 2048 4542 tamen
2074 4485 2422 4555 speciositate
2439 4483 2686 4539 colendo.
2710 4481 2826 4537 Non
2854 4491 2974 4552 post
3000 4479 3199 4534 multos
3220 4477 3448 4546 denique

1866 4592 2069 4641 annos,
2098 4576 2309 4630 iteratis
2336 4575 2538 4644 saepius
2580 4571 2768 4635 malis,
2798 4573 3080 4627 suscitant
3121 4568 3278 4625 nobis
3307 4568 3450 4622 Deus

1865 4669 2222 4727 savissimam
2253 4667 2571 4721 earumdem
2616 4664 2862 4731 gentium
2887 4659 3452 4733 persecutionemqua

1867 4775 1967 4814 nos
1995 4758 2189 4813 merito
2216 4753 2480 4828 afﬂigeret
2505 4793 2520 4816 ,
2564 4751 2899 4823 amictosque
2937 4761 2998 4808 ut
3045 4747 3276 4817 pietatis,
3307 4756 3456 4814 pater

1869 4846 2304 4904 emendationem
2363 4843 2737 4913 compelleret.
2804 4845 2945 4899 Nam
3007 4836 3457 4908 quemadmodum

1871 4953 2124 5010 prospera
2167 4951 2198 4990 a
2237 4948 2390 4994 recto
2423 4933 2642 4990 tramite
2673 4949 2770 5002 per
2800 4939 3000 4999 mentis
3045 4926 3332 4986 elationem
3368 4924 3464 4976 ali.

1871 5029 2084 5100 quando
2113 5026 2370 5094 deviant,
2404 5029 2476 5083 ita
2518 5032 2575 5080 et
2617 5026 2852 5084 adversa
2889 5043 2986 5098 per
3032 5014 3246 5072 contriti
3293 5014 3469 5066 cordis

1871 5119 2226 5148 ‘---M:I:Ialnn‘
2265 5120 2334 5144 σι..
2366 5115 2538 5144 ...Ακαυῖ
2575 5127 2672 5142 nun
2705 5119 3013 5142 A..AI-J!-M
3040 5111 3287 5138 οουηυαηι
3345 5100 3468 5136 ςηιιι
