4026 6308
517 321 656 375 1045

1539 317 1776 374 AIMOIN
1791 315 1875 372 US
1914 308 2289 370 MONACI'IUS
2327 309 2770 365 SANGERMAN.

3645 322 3783 374 ION

511 434 810 506 iacentium
836 447 1063 503 corpora
1096 445 1199 486 non
1228 431 1398 486 solum
1427 448 1455 486 a
1485 432 1745 500 sepulcris
1791 432 2088 485 instaurato
2115 431 2167 488 A
2194 426 2380 481 intima
2412 442 2620 498 ungues
2664 427 2914 494 producti
2953 436 3240 496 penetrare
3267 429 3604 486 viderentur.
3656 429 3788 498 Quae

516 526 701 580 dolore
731 524 944 587 effossa,
976 537 1165 577 verum
1203 523 1362 578 etiam
1393 533 1448 577 et
1494 522 1561 576 ad
1605 523 1852 592 proprias
1880 536 2093 590 posses-

515 619 700 673 siones
727 624 851 670 sunt
897 615 998 668 hac
1029 613 1261 682 illacque
1299 615 1540 668 devecta.
1574 613 1813 682 Cumque
1846 621 2090 680 paratum

513 707 705 761 fuisset
730 720 837 773 quo
867 704 1420 773 sanctissimi'corpus
1447 703 1700 758 Germani
1737 704 1802 756 ad
1847 705 2093 771 superius

514 798 711 851 dictam
736 796 914 850 villam
941 795 1162 850 Cumbis
1190 796 1384 849 iterum
1411 795 1538 849 ferri
1571 795 1806 858 deberet,
1839 795 1964 848 illud
1995 810 2094 850 nos

512 887 653 954 quod
692 895 817 940 tunc
849 886 1046 940 ibidem
1077 896 1285 954 gestum
1317 894 1401 939 est
1436 885 1754 940 miraculum
1790 875 1968 937 dicere
2001 885 2089 953 ju-

511 983 622 1028 vat.
681 975 907 1040 Quidam
958 983 1137 1028 autem
1185 984 1428 1028 nostrum
1458 1015 1472 1039 ,
1525 974 1742 1027 nomine
1789 974 2092 1037 Adalarius,

513 1065 814 1119 monachus
845 1074 901 1119 et
929 1065 1182 1118 sacerdos
1204 1105 1216 1128 ,
1249 1065 1324 1118 sic
1350 1079 1446 1132 per
1474 1073 1681 1132 tempus
1713 1063 1964 1116 continua
2004 1079 2093 1114 re-

510 1169 640 1208 num
679 1153 995 1222 fatigatioue
1043 1154 1234 1208 debilis
1263 1153 1436 1208 factus
1463 1155 1775 1217 exstiterat,
1806 1169 1912 1222 quo
1948 1153 2094 1207 nullo

509 1243 670 1295 modo
704 1258 798 1312 per
826 1257 883 1297 se
909 1241 994 1297 vel
1021 1243 1087 1297 ad
1119 1243 1408 1308 modicum,
1439 1243 1542 1296 nisi
1575 1258 1684 1295 uno
1713 1252 1766 1295 et
1793 1241 2090 1310 praisertim

511 1333 720 1390 duobus
747 1343 1076 1390 sustentatus
1103 1333 1331 1399 baculis,
1366 1335 1613 1388 incedere
1639 1333 1856 1387 valeret.
1888 1332 2092 1399 Quibus

510 1425 775 1478 adductus
802 1427 948 1480 venit
980 1427 1046 1479 ad
1075 1426 1356 1480 ecclesiam
1392 1426 1534 1478 inter
1565 1425 1800 1494 reliquos
1831 1437 2088 1493 gemens:

508 1514 879 1583 accedensque
903 1516 968 1569 ad
992 1517 1162 1569 sancti
1188 1515 1429 1586 przcsulis
1451 1530 1643 1583 corpus
1668 1513 1772 1580 jam
1790 1511 2096 1567 adeﬂ‘eren-

509 1602 634 1656 dum
666 1602 865 1659 feretro
896 1612 1163 1672 aptatum,
1193 1605 1397 1659 studuit
1442 1621 1578 1658 unus
1608 1619 1705 1657 nec
1742 1603 1944 1656 tardior
1970 1600 2092 1671 qui-

507 1692 628 1748 dem
650 1710 767 1750 esse
786 1697 1138 1764 portantium.
1166 1695 1233 1750 Et
1260 1696 1361 1748 hoc
1382 1695 1566 1748 divino
1589 1694 1913 1764 suffragante
1941 1693 2090 1746 auxi-

2195 530 2350 569 mane
2382 514 2526 568 facto
2550 515 2794 580 veniens,
2825 517 2951 571 dum
2979 527 3104 572 ante
3126 518 3297 572 altare
3323 520 3374 572 in
3401 535 3512 589 quo
3535 533 3786 574 sanctum

2193 605 2504 676 quiescebat
2541 618 2736 673 corpus
2765 615 2972 660 statuta
3005 609 3211 672 fuisset,
3243 609 3322 664 sic
3349 622 3468 678 post
3510 612 3790 665 modicum

2192 697 2477 751 emendato
2520 697 2754 763 delicto,
2803 709 2862 752 ut
2903 698 3082 753 fuerat
3126 702 3314 770 prius,
3361 718 3490 757 sana
3547 705 3794 772 regredi-

2195 796 2329 841 tur:
2365 801 2462 840 nec
2490 786 2723 856 gloriosa
2771 788 2989 842 domina
3035 790 3326 858 gloriosum
3373 793 3668 863 dedignata
3711 803 3792 846 est

2192 874 2518 929 Germanum
2562 886 2870 931 consortem
2917 894 3009 934 seu
3052 890 3420 949 reparatorem
3461 883 3550 937 sui
3587 884 3793 938 habere

2193 964 2463 1018 miraculi.

2785 1058 3014 1114 CAPUT
3049 1058 3184 1114 VIII.

2266 1144 2337 1200 Ut
2369 1155 2549 1203 autem
2579 1158 2856 1204 taceamus
2882 1151 2948 1204 de
2987 1150 3208 1220 reliquis
3233 1166 3294 1204 ea
3332 1159 3663 1220 tempestate
3699 1170 3794 1221 per

2195 1237 2440 1291 eumdem
2478 1248 2722 1294 sanctum
2759 1241 2814 1296 in
2844 1243 3033 1296 eodem
3062 1241 3178 1296 loco
3203 1243 3432 1310 patratis
3472 1243 3757 1298 miraculis
3777 1285 3794 1307 ,

2195 1327 2406 1380 dicatur
2432 1344 2574 1383 nunc
2613 1330 2740 1384 illud
2786 1333 2852 1387 de
2894 1333 3126 1400 quodam
3165 1348 3307 1387 caeco
3335 1334 3672 1388 mirabiliter
3702 1351 3797 1388 eu-

2195 1423 2330 1480 rato,
2359 1418 2452 1486 qui
2501 1419 2627 1472 dum
2667 1420 2827 1474 alieni
2875 1435 3092 1488 gressus
3138 1421 3332 1475 solatio
3371 1420 3574 1476 fuisset
3623 1435 3795 1478 attra—

2195 1513 2350 1569 ctus,
2400 1522 2552 1561 suam
2599 1509 2710 1563 illic
2757 1525 2854 1578 per
2891 1510 3005 1564 dies
3049 1511 3324 1565 exorando
3367 1512 3791 1581 prtestolabatur

2195 1600 2444 1655 salutem.
2499 1600 2631 1655 Nam
2679 1613 2734 1656 et
2772 1603 2964 1658 solitus
3006 1611 3123 1657 crat
3166 1604 3272 1658 alia
3319 1605 3511 1659 nescio
3555 1606 3790 1673 quadarn

2196 1692 2596 1746 intercurrente
2625 1693 2940 1747 inﬁrmitate
2959 1734 2973 1758 ,
3002 1693 3200 1749 multas
3227 1695 3477 1748 crebrius
3509 1709 3680 1760 qua
3706 1710 3792 1748 su-

505 1781 580 1835 lio
609 1782 862 1852 precibus
891 1786 1062 1838 sancti
1094 1785 1425 1850 sublevatus,
1471 1785 1678 1848 relicto,
1725 1785 1851 1846 imo,
1885 1793 1943 1836 ut
1981 1784 2091 1850 ipse
2122 1775 2167 1834 Β
2197 1784 2337 1836 bitas
2365 1799 2485 1836 cum
2523 1784 2724 1851 gemitu
2753 1783 2958 1838 doloris
2985 1782 3259 1838 effundere
3283 1799 3469 1837 voces.
3497 1781 3662 1838 Unde
3698 1783 3796 1836 ali-

506 1881 633 1940 post
669 1871 848 1926 aiebat
871 1913 886 1935 ,
915 1873 1084 1927 oblito
1113 1874 1423 1928 baculorum
1456 1874 1648 1938 ollicio,
1685 1861 1918 1928 vicissim
1967 1888 2087 1942 pcr-

513 1961 663 2030 egit,
698 1964 995 2030 usquedum
1029 1965 1094 2017 ad
1128 1964 1400 2032 praifatam
1431 1963 1649 2018 Cumbis
1671 1965 1846 2017 villam
1876 1964 2089 2018 vinculo

505 2051 839 2106 inﬁrmitatis
885 2054 1092 2108 solutus
1135 2056 1481 2124 pertingerct.
1517 2055 1633 2118 Quo
1675 2055 1729 2108 in
1779 2055 1898 2108 loco
1945 2053 2087 2108 beati

504 2142 744 2210 corporis
782 2142 934 2212 gleba
985 2159 1147 2212 super
1191 2144 1360 2199 altare
1403 2125 1765 2200 \'cnet'antltttn
1804 2147 2044 2215 exposita
2069 2187 2084 2212 ,

504 2233 622 2302 ipse
656 2234 858 2304 gratias
895 2251 1058 2304 agens
1099 2235 1163 2289 ad
1209 2252 1370 2291 omne
1405 2237 1666 2308 quidquid
1709 2237 1876 2292 voluit
1925 2252 2087 2292 sanus

503 2326 700 2379 evasit.

1126 2396 1354 2454 CAPUT
1392 2398 1477 2452 Vl.

577 2509 780 2564 Deinde
812 2511 1037 2581 contigit
1086 2521 1208 2580 post
1249 2510 1463 2580 aliquod
1509 2511 1779 2566 evolutum
1830 2512 2088 2581 temporis

504 2600 736 2666 spatium
759 2640 774 2666 ,
806 2611 863 2655 ut
894 2601 1018 2655 illuc
1048 2602 1310 2670 quispiam
1340 2604 1604 2657 dzemonio
1634 2603 1825 2672 plenus
1854 2604 2087 2656 adduce-

504 2700 677 2756 retur,
704 2706 867 2761 quem
898 2701 1128 2761 quatuor
1156 2692 1325 2748 ferme
1361 2694 1462 2748 viri
1514 2703 1700 2747 tenere
1726 2694 1810 2746 vix
1844 2701 2082 2762 possent.

502 2779 734 2849 Maligna
784 2783 978 2852 quippe
1009 2785 1220 2853 vigebat
1265 2786 1500 2850 virtute,
1537 2795 1764 2854 eratque
1806 2802 1871 2838 ex
1920 2785 2086 2856 ipsius

504 2873 678 2926 sancti
729 2873 945 2927 familize
976 2875 1256 2929 colonibus
1277 2916 1291 2939 ,
1320 2885 1482 2945 atque
1519 2877 1584 2930 de
1611 2876 1736 2928 villa
1780 2891 1939 2944 supra
1973 2891 2088 2930 mc-

503 2971 712 3015 morata
752 2961 1006 3016 Pruuido.
1040 2966 1269 3018 Advenit
1295 2981 1423 3034 ergo
1455 2967 1702 3020 manibus
1727 2967 2082 3020 violentorum

503 3050 796 3118 impulsus,
848 3052 1289 3122 tergiversatione
1340 3053 1640 3108 reluctante
1690 3056 1896 3119 hostis,
1945 3055 2082 3111 Justi

499 3140 841 3206 praesentiam
875 3141 1096 3195 nimium
1128 3140 1488 3198 formidantis.
1537 3144 1722 3214 Itaque
1765 3147 1962 3200 multas
2007 3147 2081 3201 illi

499 3223 863 3292 adjurationes
888 3225 1043 3293 juxta
1075 3231 1517 3284 consuetudinem
1551 3233 1837 3287 exorcismi
1866 3234 2082 3303 quidam

497 3314 669 3368 nostri
698 3314 962 3381 fecerunt,
987 3318 1179 3373 dantes
1208 3320 1426 3390 insuper
1450 3330 1504 3374 et
1530 3321 1780 3377 haustum
1813 3339 1965 3392 aqtue
1991 3324 2083 3378 be-

497 3403 746 3459 nedictae.
785 3405 889 3461 Sed
918 3418 974 3461 ut
1007 3409 1058 3463 in
1089 3425 1154 3465 eo
1179 3413 1360 3481 potius
1383 3413 1661 3482 apostolici
1689 3414 1790 3468 viri
1831 3413 2079 3468 meritum

492 3495 817 3565 praefulgens
844 3499 1189 3566 panderetur,
1216 3503 1481 3557 universis
1505 3505 1573 3558 ab
1593 3519 1657 3558 eo
1684 3504 1898 3558 tandem
1929 3506 2080 3575 quie-

493 3585 770 3638 scentibus
813 3589 1042 3642 accessit
1079 3591 1267 3645 ultima
1311 3591 1552 3660 ejusdem
1580 3595 2078 3650 exorabilis~medi~

493 3675 634 3728 cina.
653 3675 766 3742 Qua
789 3678 1006 3746 depulsa
1025 3681 1199 3736 callidi
1225 3684 1533 3752 pervasoris
1554 3686 1795 3740 morbida
1810 3685 2073 3753 fteditate,

492 3768 670 3820 onmis
697 3767 747 3821 in
762 3783 826 3821 eo
855 3757 1192 3826 incolumitas
1214 3777 1600 3844 sensusvigorc
1630 3777 1877 3830 restituto
1907 3777 2078 3831 infor-

493 3868 695 3910 matur.
749 3858 1400 3933 lt‘tiquissimo‘siquidem
1453 3867 1756 3921 habitatore
1807 3870 2069 3939 projecto,

487 3941 627 3998 liber
668 3947 833 4000 exivit
877 3950 1120 4018 captivus
1164 3953 1232 4006 ab
1270 3968 1442 4023 angue
1487 3971 1499 4008 :
1546 3957 1914 4026 remansitque
1965 3975 2070 4012 non

484 4036 662 4092 solum
700 4049 958 4108 quatuor,
1001 4043 1094 4097 sed
1144 4060 1248 4097 uno
1287 4047 1464 4100 minus
1503 4048 1720 4101 homine
1757 4049 1960 4104 valens.

1089 4154 1316 4210 CAPUT
1359 4155 1464 4210 VII.

554 4238 856 4293 Adducitur
900 4250 955 4296 et
1001 4243 1246 4310 quaidam
1291 4246 1491 4302 femina
1535 4258 1820 4321 utramque
1845 4269 2065 4309 manum

481 4337 700 4398 gestans
731 4331 956 4386 aridam.
993 4331 1120 4388 Hinc
1148 4335 1274 4389 olim
1309 4353 1409 4407 pro
1436 4341 1678 4407 qualibet
1705 4343 1808 4398 sibi
1836 4346 2067 4400 adlucsi-

477 4419 571 4474 bili
639 4420 953 4498 infirmitate
993 4424 1063 4479 ad
1109 4435 1308 4481 sancta:
1351 4427 1535 4484 Mariae
1578 4430 1769 4502 [Nam
1805 4432 1973 4490 Datne
1999 4438 2065 4492 de

475 4507 723 4583 Ησαίου]
754 4510 1058 4580 basilicam,
1083 4531 1204 4585 quae
1240 4518 1314 4572 ibi
1345 4535 1510 4589 prope
1537 4521 1639 4576 sita
1667 4532 1786 4590 est,
1835 4529 2064 4584 annuale

475 4611 662 4657 votum
702 4603 854 4672 juxta
903 4622 1015 4662 sua:
1061 4611 1396 4680 paupertatis
1441 4614 1714 4668 modulum
1745 4632 1810 4671 ex
1855 4618 2061 4674 dimidii

478 4689 690 4747 denarii
723 4697 1027 4763 quantitate
1056 4701 1433 4757 constituerat.
1464 4703 1571 4760 Sed
1613 4705 1932 4762 adveniente
1957 4710 2063 4764 Do-

478 4782 695 4839 minicae
720 4783 1158 4845 Resurrectionis
1194 4792 1312 4858 die,
1353 4796 1486 4848 emit
1532 4797 1684 4862 inde,
1718 4799 1909 4854 blanda
1952 4802 2057 4857 diei

479 4875 813 4946 subripicnte
848 4881 1158 4947 occasione,
1187 4885 1422 4938 edulium
1453 4888 1665 4951 carnis,
1713 4899 1872 4958 atque
1910 4907 2057 4946 com-

476 4964 607 5031 edit,
636 4968 1032 5038 parvipendens
1053 4971 1247 5028 melius
1272 4989 1377 5028 non
1410 4991 1620 5038 vovere,
1641 4994 1805 5046 quam
1825 4992 1942 5050 post
1965 4998 2059 5037 vo-

471 5066 585 5111 tum
629 5068 751 5113 vota
802 5077 906 5116 non
954 5061 1180 5117 reddere
1223 5082 1235 5116 :
1281 5067 1570 5137 statimque
1614 5079 1673 5123 ut
1719 5073 1830 5127 sole
1872 5075 2055 5130 clauso

473 5148 647 5216 gratia
675 5152 885 5220 soporis
910 5152 1105 5206 cubilis
1128 5153 1209 5207 sui
1234 5164 1442 5208 secreta
1471 5159 1677 5226 petivit,
1705 5162 1777 5215 ita
1805 5164 2053 5222 manibus

469 5243 578 5296 voti
610 5243 979 5300 violatricibus
1023 5263 1084 5300 ea
1136 5248 1185 5301 iu
1234 5256 1392 5302 nocte
1440 5254 1813 5317 contrahitur,
1864 5275 2055 5325 quem-

469 5333 756 5390 admodum
781 5347 1028 5392 emortuo
1062 5340 1112 5392 in
1139 5339 1218 5394 eis
1239 5343 1496 5410 operandi
1524 5344 1717 5411 officio,
1749 5349 2047 5417 palmarum

539 5477 564 5506 ι
599 5465 1135 5548 Innterpres‘Gallicus
1165 5471 1316 5548 hunc
1350 5471 1530 5548 locum
1573 5477 1958 5548 interpretatur
1982 5484 2048 5538 de

465 5535 585 5613 vico
634 5535 1119 5613 Batiamdicecesis
1164 5540 1471 5606 Senonicte,
1523 5546 1677 5613 cujus
1717 5535 1907 5604 'tamen
1943 5535 2045 5607 vici

469 5604 787 5687 ecclesias.
822 5607 1034 5687 Juliano
1056 5619 1192 5687 vota
1219 5620 1318 5687 est.
1365 5604 1548 5682 Neque
1586 5604 1940 5687 explicandus
1970 5604 2048 5675 vi;

471 5674 624 5728 detur
658 5678 743 5733 hic
775 5680 922 5734 locus
963 5681 1027 5736 de
1055 5680 1232 5737 Rioilo
1259 5683 1377 5738 vico
1423 5674 1540 5755 pagi
1575 5674 1940 5746 l‘in'ciaeensis
1977 5674 2044 5750 ad

2093 4477 2143 4536 Ι)

2191 1872 2404 1941 quando
2437 1872 2593 1939 quasi
2637 1872 3003 1942 importunus,
3050 1880 3104 1926 et
3141 1873 3230 1940 qui
3275 1872 3528 1926 ecclesiae
3559 1873 3791 1926 silentiis

2189 1969 2333 2014 esset
2379 1962 2682 2029 inquietus,
2715 1977 2744 2014 a
2775 1963 3097 2031 quibusdam
3123 1971 3428 2031 correptus,
3461 1964 3634 2018 nimis
3663 1979 3790 2019 mna.

2191 2064 2317 2104 rens
2345 2049 2602 2104 aliorsum
2646 2052 2726 2106 ire
2765 2053 3058 2121 disponens
3088 2054 3342 2118 recessit;
3378 2054 3790 2127 destinavith

2188 2140 2390 2202 animo,
2419 2149 2478 2194 ut
2513 2141 2576 2194 ad
2609 2144 2899 2210 quamdam
2949 2144 3232 2198 ecclesiam
3265 2146 3317 2198 in
3361 2145 3490 2198 villa
3536 2145 3736 2201 Bnoilo
3760 2159 3787 2187 ο

2187 2230 2242 2284 in
2291 2233 2460 2300 ipsius
2505 2235 2680 2288 sancti
2729 2235 2937 2290 honore
2983 2237 3250 2300 dicatam,
3282 2238 3410 2306 quia
3443 2252 3622 2306 prope
3649 2248 3783 2300 erat.

2186 2322 2514 2390 diverteret;
2549 2327 2732 2394 ibique
2756 2328 2883 2381 dum
2909 2337 3121 2397 tempus
3143 2329 3225 2382 sui
3249 2331 3465 2384 veniret
3489 2331 3784 2385 miserendi

2189 2424 2456 2468 maneret.
2489 2415 2641 2481 Quod
2683 2431 2806 2470 cum
2835 2419 3030 2486 praevio
3061 2434 3121 2473 se
3147 2418 3380 2473 ducente
3405 2419 3793 2483 fecisset,-an-

2195 2511 2413 2573 teqnam
2457 2505 2699 2573 ejusdem
2743 2508 2984 2562 basilica:
3026 2509 3244 2579 jannam
3276 2511 3555 2572 intraret,
3606 2512 3786 2565 lumen

2185 2593 2465 2649 Oculorum
2513 2597 2757 2666 recepit:
2791 2613 3025 2668 moxque
3071 2608 3213 2654 tanta
3260 2601 3481 2655 ctriitus
3513 2603 3620 2656 sibi
3661 2605 3782 2654 data

2185 2683 2492 2740 visitatione
2521 2685 2834 2753 jocundus,
2881 2690 2948 2742 ad
2995 2691 3244 2744 eumdem
3291 2701 3547 2744 sanctum
3597 2692 3785 2745 videns

2185 2771 2478 2842 laudesque
2503 2775 2810 2832 vociferans
2837 2778 3060 2833 Cumbis
3087 2781 3398 2835 revertitur.
3433 2780 3563 2834 Fuit
3597 2782 3780 2849 itaque

2179 2855 2440 2932 gaudium
2463 2865 2721 2922 fratribus
2744 2869 3119 2938 universisque
3146 2871 3275 2924 inibi
3299 2873 3778 2935 conversantibus,

2181 2966 2350 3024 atque
2373 2971 2470 3025 per
2491 2969 2680 3014 omnes
2709 2961 3130 3030 circumquaque
3157 2977 3264 3016 non
3294 2963 3507 3015 modica
3539 2964 3783 3016 admira-

2187 3049 2348 3103 tionis
2374 3050 2578 3103 laetitia.
2612 3051 2674 3104 Hi
2705 3065 2895 3122 ergo‘a
2923 3052 3118 3121 quibus
3143 3062 3504 3121 exasperatus
3532 3069 3776 3107 recesse-

2110 3118 2156 3182 ε
2190 3147 2293 3202 rat,
2325 3141 2649 3206 penitentes
2677 3118 2912 3204 aiebant,
2940 3118 3003 3196 se
3044 3151 3101 3196 et
3142 3118 3583 3197 alios'tali'facto
3618 3157 3778 3195 com-

2185 3228 2450 3294 monitos,
2483 3229 2550 3281 ad
2583 3244 2877 3298 pauperum
2918 3231 3286 3300 debiliumque
3333 3231 3776 3300 importnnitates

2183 3317 2451 3385 patientes
2483 3332 2604 3372 esse
2641 3319 2854 3373 debere.

2789 3431 3020 3488 CAPUT
3054 3432 3145 3488 IX.

2252 3518 2388 3575 Hinc
2413 3519 2708 3591 Helagiam,
2738 3523 2985 3592 generosi
3019 3522 3291 3592 sanguinis
3319 3521 3606 3585 feminam,
3635 3524 3772 3576 inter

2177 3610 2415 3679 reliquos
2452 3611 2578 3667 illuc
2606 3612 2818 3668 venisse
2862 3615 3157 3668 sanandam
3179 3655 3192 3672 .
3224 3614 3496 3682 simulque
3524 3626 3768 3667 sanatam

2176 3700 2403 3755 rediisse
2426 3701 2724 3757 videamus.
2748 3701 2873 3757 Haec
2895 3703 2966 3756 ita
2995 3702 3364 3758 suﬂ‘ocationis
3391 3704 3646 3757 molestia
3674 3719 3767 3772 lter

2175 3791 2370 3860 prolixi
2402 3795 2658 3862 temporis
2697 3809 2914 3849 cursum
2946 3795 3262 3863 elanguerat
3282 3835 3297 3857 ,
3330 3805 3387 3849 ut
3433 3811 3535 3848 nec
3575 3798 3768 3850 saltem

2175 3884 2371 3939 divinis
2398 3885 2688 3954 aliquando
2729 3887 2990 3941 interesse
3018 3888 3240 3956 cupiens
3269 3885 3481 3949 officiis,
3520 3886 3651 3939 dum
3680 3902 3763 3939 so-

2173 3972 2277 4027 lius
2302 3983 2506 4028 tantum
2529 3975 2798 4044 legeretur
2819 3975 3091 4045 Evangelii
3118 3975 3292 4037 lectio,
3319 3976 3519 4028 durare
3539 3976 3766 4043 pedibus

2172 4065 2363 4120 stando
2391 4066 2611 4122 valeret.
2641 4067 2825 4137 Neque
2862 4071 3002 4123 hanc
3043 4068 3299 4123 Dominus
3329 4070 3432 4137 piis
3469 4070 3645 4122 sancti
3675 4083 3762 4122 ca-

2171 4170 2293 4209 rere
2330 4156 2498 4210 voluit
2544 4158 2839 4212 beneficiis.
2887 4158 3018 4226 Quae
3064 4159 3256 4212 diebus
3299 4158 3551 4227 plurimis
3585 4157 3764 4211 alieno

2169 4254 2382 4314 portatu
2410 4246 2686 4312 subvecta,
2719 4263 2839 4302 cam
2869 4250 2920 4302 in
2952 4265 3058 4318 qua
3088 4249 3256 4319 ipsius
3283 4257 3403 4304 erat
3429 4265 3629 4317 corpus
3655 4251 3761 4303 fre-

2169 4346 2438 4405 quentans
2500 4337 2825 4404 ecclesiam,
2873 4355 2997 4394 cum
3047 4340 3220 4394 cereis
3269 4357 3478 4394 necnon
3521 4351 3579 4394 et
3637 4341 3760 4393 aliis

2168 4425 2531 4480 oblationibus
2555 4426 2853 4495 piissimum
2886 4443 2953 4482 ex
2980 4429 3161 4482 animo
3191 4431 3551 4483 venerabatur
3577 4439 3759 4498 patro,-

2168 4529 2318 4568 num.
2361 4515 2604 4584 Cumque
2650 4517 2912 4571 terminus
2959 4518 3212 4592 quoejus
3249 4519 3556 4574 devotionis
3605 4520 3758 4574 labor

2165 4611 2501 4664 remunerari
2532 4609 2771 4675 deberet,
2802 4611 3059 4666 divinitus
3097 4610 3208 4679 jam
3240 4613 3502 4681 praefixas
3547 4611 3756 4665 incum-

2162 4698 2355 4764 beret,
2410 4702 2594 4755 statim
2642 4702 2846 4757 caelesti
2891 4703 3107 4773 perfusa
3152 4704 3554 4765 medicamine,
3611 4714 3756 4756 tanta

2162 4793 2406 4860 corporis
2444 4794 2675 4848 valentia
2725 4803 2850 4846 ante
2893 4795 3130 4862 ejusdem
3182 4795 3355 4847 sancti
3404 4796 3750 4862 pnescntiauu

2161 4882 2411 4946 donatur,
2458 4895 2724 4952 quatenus
2773 4885 2884 4938 Deo
2928 4885 3139 4954 ipsique
3183 4885 3504 4938 beatissimo
3546 4886 3752 4955 gratias

2160 4987 2324 5044 agens
2367 4983 2612 5043 reparata
2649 4974 2805 5029 saluti
2841 4975 3116 5029 exsultans
3150 4974 3372 5028 rediret.

2776 5084 3005 5142 CAPUT
3043 5085 3112 5140 Χ.

2229 5177 2456 5246 Dignum
2480 5178 2725 5233 ducimus
2745 5179 2888 5246 quod
2919 5179 2972 5232 in
2995 5179 3346 5247 sequentibus
3374 5178 3598 5248 rythmo
3617 5192 3746 5230 oon-

2155 5265 2356 5320 tinetur
2371 5268 2708 5323 recolendum
2727 5268 3052 5323 interserere
3063 5267 3402 5322 miraculum.
3421 5267 3742 5321 Nortntauni

2153 5371 2283 5410 vero
2320 5358 2460 5426 apud
2490 5358 2736 5413 eumdem
2773 5357 2948 5412 locum
2980 5359 3068 5427 qui
3102 5359 3299 5413 dicitur
3331 5358 3576 5413 Oseellus
3605 5359 3655 5421 ιι,
3689 5358 3741 5411 in

2154 5483 2458 5555 Sequanam
2477 5529 2492 5551 ,
2521 5487 2674 5556 cujus
2703 5487 2808 5541 vici
2836 5488 2895 5542 fit
2925 5489 3128 5542 mentio
3156 5489 3207 5541 in
3238 5489 3532 5556 diplomate
3560 5487 3737 5540 Ludo-

2150 5557 2256 5610 vici
2283 5558 2536 5628 Augusti,
2570 5558 2743 5612 infra:
2767 5574 2891 5613 nam
2914 5558 3072 5613 istius
3095 5559 3200 5613 loci
3226 5560 3456 5613 ecclesia
3487 5557 3547 5610 S.
3577 5559 3740 5612 Petro

2151 5639 2362 5682 sacrata
2394 5630 2608 5682 dicitur.

2225 5697 2250 5736 ιτ
2283 5697 2438 5753 Istius
2466 5699 2567 5755 loci
2595 5697 2840 5753 meminit
2863 5697 3091 5755 Carolus
3112 5699 3303 5754 Calvus
3329 5699 3379 5752 in
3408 5698 3590 5752 libello
3613 5715 3736 5766 pm-
