4026 6308
272 361 407 421 ιοιες

1250 348 1336 402 DE
1370 340 1739 400 MIRACULIS
1779 339 1837 394 S.
1879 336 2205 393 GERMANI.
2243 366 2309 376 —
2340 336 2467 391 LIB.
2508 333 2572 388 II.

3376 329 3512 382 1040

269 470 502 541 quadam
542 466 802 536 Sequana:
843 462 1017 520 insula
1061 461 1375 522 residentes,
1413 457 1648 511 Parisius
1677 465 1839 520 saepe,
1870 453 1914 510 Α
1947 458 2149 504 teretur
2172 448 2307 503 facta
2332 447 2636 508 didicimus,
2676 446 2770 500 sed
2801 459 2904 498 non
2932 446 2998 498 ad
3016 453 3210 498 cuncta
3242 454 3514 499 vertamus

272 565 398 616 dum
419 573 642 630 prorsus
668 556 929 624 placebat,
955 553 1127 608 navali
1151 568 1379 606 excursu
1403 550 1711 604 veniebant.
1741 545 1846 600 [led

272 649 616 705 dimebantur
631 663 757 715 ergo
778 645 954 700 omnia
981 645 1030 696 in
1055 643 1282 697 circuitu
1305 642 1476 695 vicina
1501 637 1848 712 monasteria,

273 756 342 796 ne
365 739 577 796 illorum
599 738 800 792 saevitia
824 735 1086 806 impositis
1107 734 1316 805 ignibus
1334 739 1720 792 cremarentur;
1741 739 1848 783 stu.

275 833 577 900 debantque
600 839 856 898 praeterea
877 827 1113 882 vicissim
1138 827 1289 896 equis
1307 867 1321 890 ,
1346 833 1606 894 quatenus
1641 823 1848 889 aliquos

278 921 532 975 nobilium
549 919 719 992 gratia
737 918 975 986 pecuniae
988 933 1177 986 capere
1192 926 1429 986 possent.
1441 915 1590 970 Unde
1605 913 1764 968 veluti
1781 925 1846 964 ex

277 1011 543 1065 mitissimi
572 1011 680 1064 veri
696 1009 875 1064 domni
894 1007 1210 1062 Luduwicia
1229 1006 1435 1060 abbatis
1461 1003 1845 1073 redemptione,

278 1120 383 1158 non
432 1104 702 1158 modicum
744 1111 800 1156 et
851 1102 1270 1172 incomparabile
1314 1098 1665 1169 acquirebant
1713 1094 1848 1149 lucri

276 1195 570 1263 negotium.
624 1193 688 1246 Et
735 1194 1159 1262 quotiescunque
1209 1192 1313 1246 tale
1355 1192 1482 1262 quid
1530 1204 1689 1259 agere
1742 1189 1849 1243 dis-

275 1281 608 1351 posuissent,
664 1280 1075 1335 dissimulabant
1123 1296 1180 1336 se
1239 1279 1418 1334 multis
1467 1278 1652 1332 diebus
1701 1285 1844 1339 ante,

277 1365 583 1426 nullat'enus
629 1386 898 1440 quoquam
941 1371 1047 1432 ire,
1097 1387 1162 1425 ne
1207 1371 1292 1424 cui
1350 1369 1559 1424 illorum
1617 1367 1848 1421 furtivus

279 1462 635 1516 innotesceret
675 1461 953 1515 adventus.
994 1459 1227 1514 Proinde
1275 1460 1623 1512 decreverant
1663 1464 1845 1510 mutua

278 1550 562 1618 silentique
609 1549 1041 1604 consideratione
1080 1547 1314 1601 Parisios
1348 1547 1459 1600 sive
1491 1545 1557 1598 ad
1604 1552 1846 1597 nostrum

276 1639 564 1708 aliquando
594 1654 908 1710 percurrere
949 1639 1154 1703 locum;
1186 1651 1478 1706 onmesque
1519 1635 1714 1691 ibidem
1747 1635 1844 1690 sub

276 1728 522 1784 maleﬁda
552 1732 840 1785 securitate
862 1738 1256 1785 commorantes
1279 1729 1549 1797 insperate
1575 1727 1839 1797 decipere.

277 1821 610 1876 Restiterant
632 1822 894 1892 siquidem
921 1822 971 1875 in
997 1822 1182 1876 eodem
1210 1820 1534 1874 monasterio
1556 1818 1645 1887 qui
1673 1818 1846 1887 ipsum

276 1910 611 1965 custodirent
650 1908 846 1964 fratres
885 1909 994 1963 fere
1036 1908 1245 1978 viginti.
1275 1907 1479 1974 Quibus
1534 1905 1849 1960 matutinale

276 2007 398 2053 orto
427 1999 538 2067 jam
569 1997 888 2068 crepuscqu
917 1996 1188 2051 Paschalis
1209 2003 1564 2050 sacrosancta}
1594 1993 1850 2048 festivita-

279 2087 350 2140 tis
393 2085 623 2140 oIIicium
669 2086 1102 2150 celebrantibus,
1141 2086 1334 2139 adsunt
1370 2082 1709 2145 Nortmanni,
1757 2081 1848 2149 qui

276 2175 575 2230 Parasceve
613 2176 698 2230 die
743 2176 896 2243 cquis
943 2175 1181 2229 ascensis
1230 2175 1333 2228 iter
1369 2173 1709 2241 arripuerunt
1759 2185 1850 2224 ve-

278 2267 479 2321 niendi.
512 2265 657 2333 Quos
702 2267 919 2335 quidam
975 2272 1283 2319 nostrorum
1324 2263 1535 2331 equites
1582 2261 1852 2329 paulisper

278 2356 926 2426 pervenientes,.eorum
972 2355 1051 2408 eis
1092 2354 1339 2423 quamvis
1392 2367 1514 2406 sero
1560 2350 1850 2418 malignum

281 2445 662 2499 nuntiaverunt
690 2444 995 2496 adventum.
1019 2441 1126 2495 Illis
1150 2448 1326 2495 autem
1361 2455 1464 2494 non
1487 2438 1852 2502 credentibus,

283 2537 378 2590 sed
408 2536 579 2606 magis
607 2534 852 2589 laudibus
876 2533 1073 2587 divinis
1098 2531 1488 2595 insistentibus,
1519 2528 1710 2599 pagani
1740 2529 1856 2584 sine

282 2641 431 2679 mora
461 2626 803 2694 insequentes
834 2630 1118 2686 venerunt,
1154 2627 1486 2688 cunctosque
1527 2627 1584 2672 ut
1613 2625 1768 2672 erant
1796 2617 1850 2671 in

281 2716 508 2770 ecclesia
540 2713 963 2769 circumcinxere
999 2710 1305 2780 psallentes.
1345 2707 1522 2766 Tunc,
1558 2706 1700 2776 quod
1735 2719 1847 2758 ma-

283 2822 447 2876 gnum
489 2804 589 2858 fuit
625 2803 924 2857 declinandi
975 2801 1292 2864 subsidium,
1337 2798 1534 2853 clausis
1565 2798 1618 2850 in
1667 2808 1853 2852 eorum

284 2896 456 2950 oculis
495 2893 735 2948 ecclesiae
775 2893 964 2961 portis,
994 2905 1182 2946 omnes
1238 2902 1358 2944 sese
1386 2888 1438 2942 in
1464 2901 1691 2956 quaeque
1733 2885 1854 2939 lati-

286 2987 408 3039 l,ula
435 2986 517 3040 vel
545 2995 734 3054 puteos
761 2985 1141 3055 immergentes
1163 2981 1588 3044 absconderant;
1615 2993 1722 3048 quo
1749 2991 1854 3033 non

284 3091 350 3130 ex
380 3076 631 3129 omnibus
656 3075 760 3128 nisi
794 3089 956 3128 unum
981 3087 1120 3142 equo
1148 3071 1420 3135 fidentem,
1453 3071 1585 3124 tanti
1614 3068 1855 3138 praesulis

285 3164 698 3235 suffragantibus
713 3164 940 3228 meritis,
957 3163 1340 3216 interficerent.
1361 3162 1546 3228 Itaque
1561 3160 1850 3227 fugientes,

289 3265 415 3309 ante
451 3264 797 3324 conspectum
829 3253 1068 3322 ipsorum
1106 3251 1272 3304 ibant.
1307 3249 1416 3304 Nec
1446 3249 1604 3302 aliter
1638 3248 1855 3315 inquam

285 3341 606 3407 verissime,
656 3342 760 3398 nisi
801 3349 859 3396 ut
887 3339 1106 3410 quidam
1153 3338 1364 3391 illarum
1410 3346 1538 3390 ante
1594 3335 1858 3388 enudatos

285 3432 450 3498 etiam
496 3432 724 3502 gladios,
772 3445 894 3487 cum
943 3441 1088 3487 esset
1137 3431 1275 3494 dies,
1320 3428 1471 3482 illaesi
1505 3427 1854 3480 transierunt.

288 3519 496 3586 Quibus
524 3520 594 3574 ita
628 3520 870 3590 angelica
917 3519 1386 3574 administratione
1413 3515 1654 3579 saivatis,
1688 3516 1858 3568 inter-

291 3611 446 3664 fectis
491 3611 808 3680 prtenuntiis
836 3619 998 3679 atque
1027 3610 1148 3663 aliis
1177 3610 1229 3662 in
1257 3608 1484 3663 circuitu
1518 3617 1569 3660 et
1595 3607 1649 3660 in
1685 3605 1860 3659 medio

288 3699 603 3753 monasterii
649 3713 714 3752 ex
762 3699 960 3753 familia
997 3698 1264 3768 plurimis,
1293 3697 1472 3750 omnia
1511 3696 1672 3750 veluti
1703 3709 1860 3763 spur-

289 3787 490 3842 cissimi
524 3789 800 3842 invasores
827 3801 1053 3856 quaeque
1081 3787 1135 3839 in
1165 3785 1388 3840 ecclesia
1417 3785 1499 3839 vel
1525 3795 1678 3839 extra
1706 3786 1858 3838 inve-

272 3887 484 3934 nerant
538 3877 882 3947 diripientes;
938 3891 1059 3930 cum
1116 3883 1406 3944 proventus
1458 3873 1854 3937 exsultatione,

291 3969 509 4023 cellario
541 3968 768 4022 fratrum
811 3969 934 4038 igne
971 3965 1270 4034 supposito,
1306 3964 1504 4019 reversi
1535 3974 1682 4018 sunt.
1713 3964 1863 4018 Tunc

291 4057 528 4111 universi
572 4056 639 4111 de
685 4054 1150 4125 qualibuscunque.
1205 4048 1404 4121 quibus
1443 4065 1504 4105 se
1546 4051 1863 4105 abdiderant

290 4147 495 4216 egressi
523 4145 764 4210 latebris,
796 4151 1156 4200 concurrente
1175 4144 1341 4198 etiam
1370 4141 1497 4196 hinc
1527 4141 1649 4196 inde
1670 4142 1863 4211 populo

290 4234 545 4298 civitatis,
577 4233 959 4288 subverterunt
988 4242 1192 4286 tantum
1223 4231 1458 4302 Spiritus
1489 4231 1663 4286 sancti
1691 4231 1861 4301 gratia

292 4323 432 4391 ignis
458 4324 729 4386 ardorem,
769 4321 880 4390 jam
924 4322 990 4374 ad
1033 4329 1224 4376 cuncta
1272 4319 1652 4382 consumenda,
1688 4319 1862 4388 spatia

293 4416 483 4470 altiora
531 4424 822 4486 petentem.
861 4413 1063 4483 Neque,
1113 4413 1254 4481 quod
1295 4421 1478 4479 postea
1524 4410 1722 4466 nostris
1760 4411 1863 4464 ite-

294 4515 414 4560 rato
456 4507 683 4578 contigit
732 4505 962 4568 delictis,
1010 4507 1161 4558 locus
1199 4512 1325 4556 tunc
1353 4503 1565 4570 penitus
1594 4511 1862 4556 crematus

292 4597 553 4666 disperiit.

905 4722 1129 4778 CAPUT
1169 4722 1254 4775 XI.

362 4858 628 4910 Cancrum
674 4861 734 4907 ut
777 4853 850 4906 sit
881 4852 1137 4906 memoria
1172 4849 1308 4904 Justi
1339 4864 1457 4904 cum
1499 4847 1768 4913 laudibus,
1795 4848 1859 4902 ad

293 4962 358 5000 ea
388 4959 508 5013 qua:
537 4943 590 4997 in
621 4942 917 5012 Novigento
949 4942 975 4980 δ
1000 4941 1123 4994 villa
1155 4950 1337 4996 nostra
1377 4953 1538 5008 super
1569 4938 1862 4992 Maternum

294 5035 516 5090 fluvium
537 5033 640 5090 sita
667 5033 795 5096 dum
823 5032 898 5086 ibi
929 5042 1250 5095 moraretur,
1276 5031 1508 5099 dumque
1531 5028 1655 5083 inde
1684 5041 1865 5082 rever-

293 5205 635 5261 clamationis
676 5204 934 5258 adversus
981 5201 1317 5255 Wenilonem
1367 5199 1639 5254 Senonum
1690 5199 1869 5254 archi-

293 5273 855 5346 episcopum._Qeiride
891 5282 1072 5346 contra
1107 5283 1371 5346 paganos,
1400 5269 1596 5337 inquit,
1623 5268 1691 5322 ad
1719 5269 1866 5323 insu-

293 5339 400 5398 lrlm
433 5339 533 5398 loci
558 5344 645 5408 qui
677 5341 911 5395 Oscellus
938 5341 1132 5394 dicitur
1157 5339 1378 5408 perrexi.

366 5427 391 5452 ει
441 5405 669 5479 Quidam
718 5411 1000 5472 imperitus
1047 5410 1099 5463 in
1127 5405 1400 5479 codicibus
1422 5421 1562 5479 mss.
1609 5407 1712 5479 hoc
1747 5405 1869 5479 loco

299 5476 540 5550 reposuit
569 5480 835 5542 Hilduim’,
873 5481 1159 5533 advertens
1187 5477 1468 5550 nullumid
1507 5477 1738 5550 n_om_iuis
1762 5476 1864 5550 Lu-_

298 5545 546 5604 doricum
583 5551 831 5604 abbatem
866 5564 929 5602 co
971 5558 1208 5617 tempore
1235 5546 1492 5617 Cmnobio
1519 5545 1576 5617 S.
1597 5545 1864 5617 Germani

301 5621 598 5688 praefuisse.
639 5620 707 5672 At
731 5615 1290 5688 retincmium‘nomeu
1315 5615 1604 5688 Inuluwici
1634 5629 1728 5688 seu
1745 5615 1863 5688 ιλιι-

302 5683 476 5744 dovici
515 5690 724 5744 abbatis
762 5687 1070 5741 monasterii
1109 5685 1437 5756 Dionysiani,
1479 5686 1568 5753 qui
1605 5685 1670 5738 ab
1711 5683 1863 5738 Non.

1950 552 2272 593 sermonem.
2316 537 2449 591 Nam
2483 537 2527 590 si
2569 550 2753 591 eamus
2792 549 2888 603 per
2931 532 3169 602 singula,
3210 534 3520 588 exuberans

1947 629 2053 684 erit
2078 628 2265 684 modus
2296 628 2347 681 in
2377 628 2588 697 pagina.
2620 625 2928 694 Contigerat
2966 640 3095 692 ergo
3126 633 3329 677 terrore
3357 637 3522 690 paga-.

1948 733 2139 774 norum
2154 718 2292 772 ultra
2318 717 2555 771 Parisios
2568 715 2681 783 jam
2713 723 2764 770 et
2785 713 2990 769 castelli
3005 711 3273 765 Milidonis
3287 709 3518 781 [Melan]

1949 807 2206 863 terminos
2259 806 2700 870 excurrentium,
2758 803 3159 859 sanctissimum
3204 816 3400 868 corpus
3451 800 3518 852 ab

1946 897 2208 952 Acmanto
2233 894 2500 967 [Emam]
2531 909 2639 963 quo
2667 892 3096 962 nuperdelatum
3132 890 3360 951 abierat,
3393 887 3518 940 illuc

1948 986 2252 1042 transferri.
2286 984 2456 1040 Ilomo
2492 985 2655 1056 igitur
2680 999 2746 1038 ex
2777 984 2965 1037 eadem
3001 982 3122 1036 villa
3153 981 3227 1035 ita
3273 979 3521 1032 intirmus

1947 1091 2045 1149 per
2065 1092 2237 1133 annos
2283 1086 2342 1132 ut
2387 1079 2474 1131 vix
2526 1076 2773 1132 incedere
2815 1083 3015 1144 posset,
3046 1084 3265 1141 totoque
3294 1084 3521 1137 corpore

1950 1169 2092 1224 nulla
2139 1169 2238 1224 sibi
2291 1168 2643 1223 subveniente
2686 1166 2952 1221 medicina
3001 1162 3311 1220 debilitatus
3354 1159 3519 1212 adve-

1948 1258 2124 1322 niens,
2155 1257 2436 1311 candelam
2459 1270 2642 1310 secum
2665 1254 2876 1317 detulit,
2904 1266 3097 1306 munus
3116 1249 3262 1312 tidei,
3287 1247 3521 1316 pretium

1947 1346 2212 1402 sanitatis.
2265 1344 2370 1400 Sed
2412 1354 2700 1413 antequam
2747 1343 2890 1398 illam
2941 1339 3240 1395 accendere
3291 1346 3521 1391 conatus

1948 1436 2088 1505 quod
2125 1443 2362 1502 cmperat
2399 1434 2716 1502 peregisset,
2747 1432 3049 1500 quaesitum,
3093 1426 3396 1481 videntibus
3427 1423 3522 1493 qui

1948 1525 2172 1578 aderant
2197 1522 2483 1587 universis,
2514 1537 2543 1576 e
2568 1522 2706 1576 ccelo
2730 1527 3009 1589 respectus
3029 1517 3227 1571 donum
3259 1513 3519 1584 percepit.

1947 1613 2088 1681 Ergo
2115 1612 2156 1665 si
2183 1611 2333 1680 regni
2364 1611 2622 1664 cmlorum
2653 1606 3040 1664 inaestimabilis
3084 1603 3396 1674 magnitudo
3423 1616 3520 1653 cu-

1940 1700 2161 1770 juslibet
2195 1702 2493 1771 quantitate
2536 1700 2695 1770 pretii
2747 1697 2852 1754 emi
2897 1705 3098 1768 potest,
3147 1693 3314 1748 multo
3354 1690 3526 1758 magis

1877 1787 1922 1847 Β
1948 1805 2074 1844 vera
2103 1789 2208 1843 fide
2230 1789 2436 1843 sanitas
2461 1789 2722 1856 corporis.
2753 1786 2984 1840 Tantum
3010 1784 3154 1837 enim
3181 1779 3524 1838 Christianus

1951 1881 2166 1950 accipit,
2206 1889 2463 1950 quantum
2495 1880 2683 1935 credit.
2711 1876 3006 1933 Confestim
3046 1873 3310 1943 siquidem
3343 1871 3525 1924 oblato

1950 1985 2174 2026 munere
2213 1980 2451 2034 sanatur,
2507 1979 2668 2039 atque
2709 1969 2898 2024 domus
2919 1979 3031 2020 sua:
3073 1963 3258 2018 limina
3285 1961 3526 2031 gaudens

1951 2063 2157 2117 revisit.

2547 2165 2772 2224 CAPUT
2812 2166 2924 2220 XII.

2024 2281 2153 2335 Erat
2179 2279 2374 2336 ibidem
2404 2294 2536 2340 sane
2565 2291 2857 2333 concursus
2887 2274 3222 2330 infirmorum
3255 2273 3380 2326 hinc
3403 2269 3527 2325 inde

1954 2374 2332 2430 confluentium
2365 2375 2627 2445 plurimus
2659 2391 2670 2425 :
2715 2384 2942 2441 quorum
2975 2382 3166 2423 causas
3203 2374 3262 2418 ut
3302 2365 3380 2419 sic
3409 2363 3532 2416 bre-

1952 2468 2093 2521 viter
2119 2466 2384 2534 colligam,
2427 2464 2552 2521 caeci
2581 2461 2886 2532 gaudebant
2912 2461 3176 2520 videntes,
3208 2455 3383 2509 claudi
3413 2469 3530 2507 am-

1954 2557 2222 2622 bulantes,
2251 2556 2425 2612 curati
2463 2553 2658 2609 diversi
2693 2552 3087 2614 febricitantes,
3115 2558 3277 2616 atque
3308 2545 3524 2616 plurimi

1955 2645 2122 2699 variis
2169 2659 2453 2714 corporum
2498 2641 2762 2711 contagiis
2803 2639 3010 2695 liberati
3049 2636 3250 2710 gratias
3298 2635 3527 2704 agebant

1956 2735 2201 2791 laetantes
2241 2750 2255 2789 :
2296 2734 2629 2805 singulisque
2671 2732 2999 2803 largiebatur
3041 2729 3265 2785 remedii
3313 2726 3528 2798 gratia,

1956 2837 2118 2898 prout
2143 2825 2287 2898 digni
2332 2825 2748 2880 inveniebantur
2779 2821 3099 2877 medicantis
3120 2817 3427 2874 clementia.
3454 2817 3528 2868 Ita

1956 2931 2170 2986 quoque
2215 2916 2495 2971 dumtaxat
2536 2923 2594 2968 ut
2637 2912 2728 2982 qui
2758 2926 2985 2979 vespere
3011 2907 3203 2963 debilis
3231 2905 3530 2964 adveniret.

1957 3020 2114 3059 mane
2151 3005 2294 3059 facto
2334 3002 2631 3071 smpissime
2661 2999 2944 3055 ineolmnis
2987 2996 3181 3052 exiret.
3226 2995 3369 3049 Inter
3395 3008 3531 3062 quos

1959 3094 2212 3166 puerulus
2255 3094 2322 3148 de
2365 3107 2501 3162 pago
2551 3089 2856 3160 Stampensi
2910 3082 3259 3159 [d‘Etampes]
3313 3083 3532 3138 insanus

1957 3183 2198 3239 defertur
2243 3200 2256 3235 :
2318 3181 2549 3236 habebat
2612 3179 2754 3232 enim
2813 3175 3185 3231 contractione
3245 3187 3531 3227 nervorum

1960 3271 2200 3326 membra
2239 3271 2514 3325 damnata.
2556 3267 2660 3334 Qui
2708 3283 2737 3319 a
2768 3274 2940 3319 matre
2981 3264 3313 3332 deportatus,
3347 3262 3535 3330 depre-

1958 3369 2112 3414 catur
2132 3358 2243 3427 ipsa
2265 3357 2480 3419 obnixe,
2506 3364 2562 3409 ut
2586 3370 2643 3408 se
2666 3367 2788 3407 eum
2811 3365 2978 3420 puero
3002 3364 3066 3404 ea
3094 3349 3322 3404 noctein
3347 3350 3532 3402 eadem

1959 3451 2200 3512 basilica,
2235 3450 2286 3502 in
2318 3463 2422 3517 qua
2451 3445 2623 3502 sancti
2653 3442 2898 3514 praesulis
2921 3455 3119 3511 corpus
3148 3437 3527 3500 venerabatur,

1961 3554 2237 3596 remanere
2261 3538 2467 3594 liceret.
2495 3535 2700 3590 Deinde
2739 3534 2871 3587 hora
2899 3530 3139 3600 ejusdem
3165 3529 3340 3583 noctis
3364 3529 3530 3581 adve-

1963 3632 2167 3693 niente,
2228 3637 2289 3681 ut
2349 3626 2658 3696 putabatur,
2709 3620 2823 3689 jam
2882 3619 3078 3682 media,
3141 3631 3294 3686 puer,
3358 3623 3532 3668 matre

1962 3719 2250 3780 nesciente,
2284 3715 2431 3772 solus
2466 3715 2781 3784 adsurgens,
2817 3724 2916 3780 per
2960 3708 3208 3764 eamdem
3247 3704 3530 3761 ecclesiam

1959 3810 2152 3879 pedum
2183 3806 2483 3861 cohaesione
2533 3812 2805 3870 utcmique
2833 3799 3008 3856 soluta
3050 3794 3326 3850 a'mimlare
3362 3802 3536 3847 tenta-

1951 3903 2069 3958 bat.
2102 3899 2332 3967 Evigilat
2358 3897 2573 3961 mulier,
2614 3893 2914 3965 gaudetque
2937 3891 3006 3946 de
3030 3889 3142 3942 nati
3173 3888 3284 3943 visa
3317 3884 3489 3940 salute
3520 3901 3532 3934 :

1961 3992 2144 4059 sicque
2193 3989 2309 4057 ipsa
2359 3994 2520 4055 atque
2573 3982 2817 4052 sequenti
2863 3989 3022 4035 nocte
3072 3977 3260 4034 eodem
3317 3974 3368 4028 in
3420 3972 3537 4026 loco

1963 4087 2252 4139 transacta,
2297 4085 2440 4132 totus
2471 4081 2593 4146 post
2623 4073 2844 4128 biduum
2884 4082 3072 4140 sospes
3107 4065 3351 4129 affectus,
3384 4062 3536 4134 geni-

1963 4169 2095 4222 trita:
2117 4167 2352 4238 iocunda
2379 4163 2622 4222 recessit.

2541 4271 2766 4328 CAPUT
2803 4269 2933 4326 XIII.

2037 4392 2092 4445 In
2124 4391 2312 4445 eadem
2344 4388 2574 4457 denique
2614 4385 2910 4455 Novigento
2939 4383 3063 4437 villa
3094 4396 3214 4452 qua:
3246 4390 3298 4434 et
3338 4387 3534 4447 quanta

1894 4450 1940 4510 υ
1968 4483 2166 4536 fuerint
2194 4484 2274 4550 (ut
2317 4450 2683 4549 paulo-supra
2724 4450 3028 4543 retulimus)
3075 4450 3364 4526 sanitatum
3404 4471 3533 4523 elia—

1902 4649 1906 4652 _
1969 4576 2188 4630 rismata
2233 4572 2349 4642 ejus
2380 4570 2637 4625 bonitatis
2676 4581 2897 4622 munere
2939 4562 3347 4619 advenientibus
3389 4561 3515 4614 exbi

1967 4667 2103 4729 bita,
2162 4664 2278 4718 sine
2329 4661 2555 4717 crimine
2607 4658 2838 4714 fatemur
2896 4671 2996 4710 nos
3043 4654 3313 4722 ignorare.
3366 4648 3538 4717 Quam

1936 4769 2097 4810 vero
2149 4752 2364 4807 fuerint
2399 4751 2679 4804 innumera
2705 4772 2735 4811 ,.-
2774 4746 2861 4801 ille
2891 4745 2982 4814 qui
3032 4743 3179 4800 dedit
3225 4747 3537 4820 cooperator

1961 4847 2262 4919 piissimus,
2306 4843 2452 4898 solus
2471 4831 2627 4896 irovit
2655 4839 2833 4894 .Iesus.
2866 4837 2987 4891 Ideo
3016 4834 3084 4889 ad
3113 4832 3164 4887 id
3203 4833 3344 4902 quod
3386 4831 3537 4882 ardet

1969 4940 2180 4994 animus
2221 4941 2582 4997 transeuntes,
2629 4931 2744 4998 ejus
2783 4927 3142 4983 reversionem
3174 4930 3350 4977 mente
3383 4920 3538 4972 hilari

1967 5041 2234 5098 exponere
2270 5024 2605 5080 festi-nemus.
2638 5021 2858 5075 Fratres
2883 5018 3044 5088 igitur
3071 5014 3162 5084 qui
3186 5013 3295 5067 illic
3317 5011 3536 5064 aderan'

1971 5201 2184 5257 mannis
2207 5207 2402 5269 captus
2429 5211 2493 5269 ac
2522 5195 2695 5269 pretio
2717 5194 2839 5247 dato
2871 5191 3127 5246 liberatus
3151 5192 3252 5240 est.
3281 5166 3423 5253 Lege
3450 5179 3534 5234 Vi-

1972 5281 2081 5326 tam
2111 5270 2167 5324 S.
2193 5265 2419 5322 Faronis
2451 5268 2501 5320 in
2530 5265 2724 5320 saecqu
2751 5278 2808 5315 ιι.

2042 5317 2081 5381 δ’
2109 5317 2691 5406 ᾗὸξνίξζὲῖἧίῖηίλίιέεὶιλόί
2717 5328 3002 5406 appellant,
3021 5317 3536 5406 vernacnleoqeut

1968 5387 2889 5475 I‘Arlau'dfinhp—ago’Bricgio'ad
2937 5387 3232 5475 maternam
3282 5404 3398 5475 seu
3427 5387 3525 5475 aia.

1970 5461 2181 5533 tronam
2232 5461 2512 5537 'lluvi'un‘i’;
2576 5461 2802 5525 habetur
2853 5466 3158 5537 inr‘coxlice
3211 5461 3534 5518 Irminonis,

1970 5531 2142 5618 nuper
2193 5547 2390 5614 praedio
2443 5531 2599 5613 vulgo
2644 5540 2786 5594 dicto
2825 5531 3242 5590 Amblainrillers
3294 5541 3533 5580 continuo

1968 5627 2156 5672 talum.
