4026 6308
531 309 669 364 θοι-1

1509 301 1888 362 HAIMOINUS
1921 299 2296 358 MONACHUS
2331 300 2774 358 SANGEBMAN.

3642 307 3782 361 1048

530 419 871 475 sanctissima
897 417 1017 486 ejus
1042 417 1282 486 corporis
1309 416 1548 470 membra
1587 417 1970 481 custodientes,
1994 430 2099 468 una
2127 417 2177 476 Α
2203 415 2613 471 Circumdantes
2649 430 2706 471 se
2744 429 2982 486 paganos
3018 417 3156 471 miro
3196 416 3382 473 ludunt
3417 419 3634 476 ordine.

531 528 652 567 cum
706 512 824 580 ipso
879 511 984 566 loci
1035 511 1218 564 ruinas
1271 509 1460 564 saltem
1507 509 1739 564 invisere
1785 508 2102 569 festinantes

530 601 767 672 egressi;
796 599 1144 654 Nortmannis
1161 598 1278 668 jam
1306 600 1481 653 amico
1518 599 1668 666 pacis
1711 598 1913 653 foedere
1935 611 2101 666 regno

533 691 762 754 eductis,
793 690 898 744 iter
925 689 1253 744 reversionis
1282 688 1388 744 laeti
1413 688 1711 757 suscipiunt
1738 705 1751 741 :
1781 688 1987 757 fuitque
2021 687 2103 742 eis

530 783 582 834 in
639 781 959 836 revertendo
1011 781 1219 837 navalis
1257 783 1544 851 'congruus
1591 788 1899 850 apparatus.
1950 779 2103 836 Unde

531 869 784 923 Maternae
812 867 1030 924 ﬂuvium
1060 871 1372 940 pariterque
1398 871 1700 940 Sequanam
1731 871 2100 940 enavigantes,

527 968 794 1015 venerunt
819 960 956 1015 citra
987 960 1196 1016 Biberis
1223 977 1284 1016 ac
1328 960 1589 1031 Sequanae
1621 958 1944 1015 continentia
1971 975 2101 1029 pore

527 1058 641 1102 tum
671 1048 977 1104 facientes:
1005 1049 1366 1120 eductumque
1396 1051 1821 1106 sacratissimum
1849 1065 2045 1119 corpus
2068 1065 2101 1104 a

527 1137 678 1202 navi,
709 1138 1020 1206 excepimus
1059 1138 1186 1194 illud
1211 1139 1362 1193 multi
1393 1140 1670 1208 utriusque
1695 1153 1858 1196 sexus
1881 1148 1937 1193 et
1960 1139 2104 1193 ordi-

530 1228 615 1283 nis
658 1228 859 1284 ibidem
900 1231 1233 1301 congregati,
1262 1240 1322 1284 nt
1346 1232 1636 1286 miraretur
1664 1232 1752 1284 vix
1785 1231 2012 1287 clericos
2037 1231 2102 1286 ad

527 1333 652 1373 eum
677 1319 967 1374 tollendum
989 1320 1249 1376 accedere
1276 1337 1452 1391 posse.
1480 1321 1614 1375 Nam
1640 1337 1706 1374 ex
1729 1320 1810 1374 sui
1835 1320 2101 1388 quondam

529 1409 786 1477 episcopii
835 1410 1028 1472 domo,
1073 1411 1317 1464 canonici
1362 1411 1521 1479 primi
1566 1411 1642 1465 uti
1678 1409 1916 1479 pontiﬁci
1959 1409 2104 1464 adsi-

533 1506 744 1552 stentes
763 1499 1095 1568 exceptionis
1115 1515 1372 1570 peregere
1415 1501 1793 1566 ministerium,
1824 1499 1980 1568 hujus
2008 1516 2101 1554 an-

528 1587 766 1657 tiphonze
813 1603 1102 1658 congruam
1141 1588 1436 1656 jubilantes
1483 1589 1765 1644 melodiam
1807 1606 1820 1642 :
1867 1588 1910 1643 0
1944 1605 2102 1659 quam

528 1677 853 1730 venerandus
878 1695 958 1744 es,
975 1679 1174 1747 egregie
1196 1678 1238 1732 G
1243 1695 1452 1732 erumna
1474 1679 1756 1747 confessor,
1782 1679 1869 1746 qui
1898 1688 2100 1730 terrena

2202 507 2336 563 Nam
2373 519 2434 564 ut
2471 517 2696 564 cunctos
2731 508 3032 578 gloriantur
3070 525 3130 564 se
3166 511 3372 580 cepisse
3409 513 3638 577 miseri,

2203 597 2378 666 thue
2413 613 2545 668 gyro
2584 614 2708 653 mox
2745 597 3013 652 vallarunt
3047 613 3234 654 omnes
3273 600 3382 655 fere
3420 603 3716 670 proximo,

2203 687 2280 743 Te
2318 696 2572 758 precante
2610 688 2912 743 liberantur
2947 703 3114 758 prope
3152 691 3292 758 capti
3331 691 3552 745 servuli.

2202 776 2450 846 Dumque
2485 777 2666 832 nullus
2703 791 2824 832 sese
2859 786 3014 846 putat
3049 777 3250 832 habere
3288 779 3643 846 superstitem
3665 819 3684 842 ,

2149 864 2155 871 ’
2203 865 2503 922 Gladiatam
2540 867 2803 922 evasisset
2839 867 2933 936 qui
2970 867 3240 923 Danorum
3281 868 3482 933 aciem;

2204 957 2408 1014 Omnes
2446 973 2505 1012 se
2543 958 2609 1012 de
2646 957 2780 1012 locis
2818 968 3068 1028 mergunt
3106 959 3301 1013 abditis
3337 959 3665 1014 incolumes.

2203 1035 2469 1102 Cerneres
2507 1055 2635 1101 tunc
2674 1047 3034 1117 lacrymantes
3066 1063 3169 1102 non
3201 1047 3482 1117 loquentes
3522 1051 3792 1115 invicem.

2203 1135 2341 1189 Dum
2381 1135 2448 1190 de
2485 1137 2635 1191 necis
2678 1138 2830 1206 quasi
2872 1137 3022 1192 fauce
3048 1153 3105 1193 se
3146 1138 3388 1192 viderent
3426 1155 3676 1210 surgere.

2207 1226 2342 1281 Vota
2381 1227 2553 1282 solum
2592 1228 2773 1283 cordis
2803 1227 3004 1293 dabant
3043 1230 3206 1284 tacita
3243 1230 3582 1301 dignissime.

2206 1318 2356 1374 Unus
2397 1326 2603 1372 tantum
2642 1319 2966 1388 prmpeditur
3003 1334 3157 1375 caeca:
3193 1322 3386 1375 mortis
3417 1321 3577 1376 obice
3597 1359 3624 1387 ,_

2208 1412 2383 1480 Atque
2412 1409 2516 1464 telo
2542 1409 2847 1480 perforatur
2873 1411 3044 1466 hostis
3063 1411 3420 1476 velocissime,

2202 1497 2280 1552 Ne
2309 1507 2456 1551 tanto
2487 1513 2729 1553 summus
2760 1507 2970 1553 careret
2993 1497 3230 1567 pontifex
3260 1499 3538 1554 libamine.

2205 1587 2361 1642 Salve
2389 1588 2639 1654 clemens,
2672 1590 2799 1644 hinc
2823 1605 3129 1660 precamur,
3155 1591 3296 1646 salve
3321 1592 3520 1661 prmsul
3548 1592 3704 1662 agie,

2203 1677 2429 1732 Omnem
2452 1679 2653 1734 clerum
2685 1688 2736 1734 te
2758 1680 3016 1735 colentem
3047 1696 3168 1736 cum
3198 1682 3389 1736 devoto
3423 1681 3626 1752 papulo

529 1767 902 1836 contempsisti,
938 1777 986 1821 et
1008 1767 1123 1822 caeli
1147 1768 1372 1836 junuam
1398 1768 1662 1823 exsultans
1704 1768 1911 1836 petisti!
1939 1766 2101 1821 Modo
2136 1747 2179 1806 Β
2208 1768 2262 1821 In
2297 1769 2545 1838 praesenti
2575 1779 2631 1822 ut
2657 1783 2962 1823 mereamur
2988 1770 3062 1822 uti
3092 1784 3251 1840 prece
3274 1747 3588 1836 commoda,

530 1857 693 1911 victor
734 1857 902 1928 fulges
941 1859 996 1911 in
1040 1861 1226 1913 virtute
1265 1859 1476 1921 caelesti,
1514 1860 1729 1929 ideoque
1761 1858 2015 1927 supplices
2055 1868 2103 1912 te

531 1961 831 2008 exoramus,
859 1956 914 1999 ut
936 1947 1224 2000 intercedas
1242 1962 1337 2014 pro
1369 1947 1512 2000 nobis
1541 1948 1608 2000 ad
1633 1947 1913 2000 Dominum
1936 1947 2100 1999 Deum

529 2044 784 2089 nostrum.
813 2035 1084 2104 Factaque
1112 2036 1526 2106 geniculatione,
1558 2051 1621 2091 ac
1649 2037 1894 2092 oratione
1921 2036 2106 2090 Domi-

529 2125 648 2178 uica
687 2133 743 2180 et
783 2125 947 2180 missa
986 2143 1086 2196 pro
1136 2126 1400 2182 universis
1449 2126 1759 2182 solemniter
1803 2126 1942 2180 dicta
1970 2165 1986 2191 ,
2035 2141 2101 2181 ex

533 2217 863 2272 monasterio
903 2218 1074 2272 sancti
1117 2216 1262 2273 Petri
1293 2233 1500 2272 necnon
1527 2225 1581 2271 et
1626 2218 1794 2286 beata;
1818 2217 2102 2273 Genovefm

531 2310 756 2378 virginis
803 2308 1049 2379 religiose
1098 2311 1416 2366 accedentes
1465 2310 1668 2375 clerici,
1711 2311 1958 2366 eumdem
2010 2327 2099 2366 se-

529 2407 758 2467 quentes
785 2400 1029 2456 ordinem
1060 2410 1345 2469 cmperunt
1372 2409 1560 2455 sancto
1592 2401 1831 2455 humeris
1852 2411 2100 2470 suscepto

532 2503 758 2558 corpore
791 2489 931 2543 hanc
966 2489 1196 2558 psallere
1219 2491 1568 2561 antiphonam
1587 2489 1828 2546 dicentes
1854 2509 1868 2544 :
1892 2490 2002 2544 Iste
2027 2501 2099 2546 est

529 2578 817 2634 Germanus
848 2580 1082 2649 pontifex
1120 2582 1399 2646 maximus,
1428 2582 1519 2653 qui
1545 2597 1639 2652 per
1673 2598 1950 2651 supernam
1981 2598 2103 2651 gra-

531 2671 658 2722 tiam
684 2672 859 2725 divina
887 2672 1017 2726 dans
1044 2673 1323 2740 miracula,
1344 2674 1600 2744 promissa
1625 2689 1830 2727 sumens
1859 2690 2097 2740 munera,

528 2760 643 2812 vit-it
677 2762 888 2828 perenni
925 2763 1111 2832 gloria.
1143 2763 1346 2818 Deinde
1377 2779 1474 2818 nos
1503 2764 1579 2816 uti
1612 2763 1834 2818 decebat
1859 2762 2101 2816 servulos

526 2857 858 2914 corruentes,
901 2850 1240 2906 salutationis
1281 2866 1474 2906 novum
1521 2851 1778 2906 habentes
1821 2851 2095 2919 hymnum,

524 2948 775 2992 verenter
800 2939 1069 2996 adfuimus
1102 2961 1114 2995 :
1149 2951 1538 3011 surgentesque
1569 2957 1598 2994 a
1630 2942 1744 2996 solo
1765 2957 1870 3010 quo
1891 2941 2096 3011 dignis-

524 3030 658 3082 sima
687 3032 802 3100 ejus
836 3033 1134 3085 reverentia
1160 3033 1413 3100 prostrati
1433 3032 1797 3101 jacueramus,
1824 3043 1943 3102 post
1969 3049 2095 3087 ora-

2204 1862 2445 1931 Hincque
2478 1863 2604 1917 celsi
2636 1863 2869 1932 paradisi
2901 1878 3122 1934 regnum
3149 1863 3304 1918 nobis
3331 1863 3545 1927 obtine,

2203 1952 2320 2019 Quo
2349 1952 2508 2008 simul
2539 1961 2714 2007 tecum
2743 1952 3034 2022 psallamus
3059 1953 3205 2007 Patri
3230 1953 3416 2008 laudes
3442 1953 3716 2019 Domino,

2201 2042 2376 2111 Atque
2397 2043 2495 2096 toti
2521 2040 2771 2097 Trinitati
2801 2053 3156 2098 consonantes
3186 2043 3418 2114 angelis,

2204 2129 2468 2197 Sanctus,
2503 2131 2774 2199 Sanctus,
2813 2123 3080 2197 Sanetus,
3115 2131 3378 2187 Dominus
3422 2133 3571 2186 Dens
3617 2147 3782 2186 exer-

3447 2220 3710 2292 [citatum

2203 2311 2336 2366 Coeli
2373 2320 2475 2366 tua:
2501 2311 2643 2380 pleni
2677 2322 2897 2366 manent
2923 2320 3080 2381 atque
3107 2321 3246 2366 terra
3272 2310 3462 2381 gloria.

2202 2402 2418 2458 Osanna
2449 2403 2540 2470 qui
2574 2403 2889 2457 benedictus
2919 2403 2972 2455 in
3003 2401 3229 2456 excelsis
3253 2409 3496 2455 venerat.

2201 2492 2382 2548 Gloria
2413 2494 2483 2546 sit
2509 2492 2618 2546 Deo
2644 2491 2791 2545 Patri
2819 2501 2981 2562 atque
3009 2493 3126 2545 laus
3150 2491 3458 2555 Altissimo,

2203 2582 2408 2647 llonnr,
2435 2581 2605 2635 virtus
2632 2590 2686 2634 et
2708 2589 2940 2649 potestas
2964 2578 3089 2634 Jcsu
3114 2579 3326 2633 Christo
3352 2577 3608 2642 Domino,

2202 2673 2446 2744 Dignitas
2472 2681 2528 2727 et
2548 2687 2686 2726 unus
2713 2686 2850 2741 apex
2873 2671 2943 2726 sit
2962 2685 3173 2740 quoque
3199 2667 3489 2734 Paraclito,
3510 2667 3714 2723 Amen.

2203 2786 2319 2851 Quo
2346 2785 2411 2840 ad
2441 2785 2598 2840 linem
2631 2799 2800 2853 usque
2846 2783 2919 2838 ita
2966 2781 3263 2852 completo,
3290 2779 3490 2834 fuimus
3509 2781 3626 2849 jam
3658 2778 3784 2834 licet

2202 2892 2264 2930 ex
2293 2877 2521 2930 adverso
2545 2875 2774 2944 proximi
2804 2873 2999 2943 partim
3045 2875 3280 2935 adustae,
3325 2887 3536 2926 necnon
3565 2880 3624 2924 et
3654 2886 3776 2938 per-

2203 2965 2430 3018 multum
2461 2965 2733 3032 dissipata:
2760 2963 2982 3026 civitati,
3011 2961 3163 3030 cujus
3190 2961 3444 3016 demolita
3483 2960 3654 3014 facies
3683 2976 3786 3013 nos

2203 3068 2392 3108 omnes
2441 3053 2495 3108 in
2542 3053 2780 3108 dolorem
2830 3051 3132 3116 adducens,
3183 3057 3556 3119 competenter
3597 3051 3776 3116 exegit

525 3118 722 3173 tionem
750 3126 804 3174 et
839 3119 1155 3182 collectam,
1179 3119 1291 3190 jam
1320 3121 1532 3175 cuidam
1564 3131 1854 3176 contracta:
1887 3120 2096 3176 femina:
2125 3113 2170 3174 C
2201 3143 2432 3213 psallere
2460 3159 2475 3195 ε
2519 3143 2733 3212 Aspice,
2777 3141 3027 3207 nomine,
3061 3113 3186 3212 τηλία
3220 3113 3361 3209 [αεξα
3409 3150 3487 3194 εει
3535 3113 3775 3192 duom.”

523 3223 586 3261 ac
636 3209 794 3264 caecis
847 3209 1054 3264 duobus
1094 3209 1290 3265 collato
1340 3211 1587 3265 sanitatis
1635 3213 1932 3275 beneﬁcio,
1991 3227 2097 3282 quo

523 3313 860 3368 unaquaeque
906 3301 1155 3356 videlicet
1195 3303 1442 3372 exceptio
1484 3304 1701 3372 preprio
1748 3302 2096 3358 decoraretur

521 3388 802 3454 miraculo,
836 3389 911 3443 ita
940 3399 1326 3461 concrepantes
1352 3391 1630 3446 intulimus
1664 3412 1673 3443 :

519 3501 652 3564 Ave,
683 3502 879 3571 pmsul
901 3503 1203 3569 benedicta,
1235 3496 1330 3560 ave
1354 3519 1492 3560 nunc
1525 3505 1786 3574 piissime,

517 3590 561 3642 0
588 3588 857 3645 Germane
887 3593 1210 3657 venerande,
1238 3593 1398 3649 Pater
1419 3603 1474 3648 et
1498 3595 1714 3657 eximie,

515 3678 697 3735 Plebis
720 3689 878 3737 temet
909 3697 1032 3738 cum
1069 3683 1210 3738 fideli
1238 3686 1546 3741 comitantis
1575 3687 1807 3757 agmine,

518 3767 653 3824 Veni
673 3769 813 3838 jam,
840 3773 964 3826 veni
989 3772 1240 3844 benigne,
1267 3775 1380 3830 redi
1408 3785 1593 3845 pastor
1618 3777 1840 3847 optime,

517 3858 659 3913 Oves
683 3862 927 3929 proprias
960 3863 1198 3931 require,
1225 3879 1289 3918 ac
1314 3865 1430 3934 paci
1471 3867 1715 3929 restitue,

515 3946 626 4002 Nec
657 3949 858 4005 tristari
890 3951 1032 4006 ultra
1064 3953 1182 4008 sine
1207 3954 1273 4008 de
1297 3955 1507 4009 sublato
1543 3956 1786 4026 pignore.

515 4037 838 4108 Deplorabat
861 4049 912 4097 te
933 4044 1160 4099 cessisse
1188 4044 1463 4098 dominum
1491 4045 1734 4111 Lutecia,

519 4127 590 4179 Se
617 4129 901 4198 plangebat
934 4142 989 4186 et
1014 4132 1227 4202 lugebat
1255 4134 1494 4188 caruisse
1522 4134 1712 4203 gloria,
1745 4183 1748 4187 .
1887 4189 1889 4191 ,

519 4217 690 4282 Quam
712 4219 999 4287 adplaudet
1021 4222 1287 4290 recepisse
1301 4219 1413 4289 jam
1440 4231 1529 4276 tua
1559 4226 1862 4292 praesentia.

519 4309 635 4363 l‘leu
668 4324 828 4378 quam
857 4307 1053 4364 ﬂebant
1075 4320 1129 4366 et
1161 4311 1447 4382 gemebant
1470 4314 1609 4366 servi
1639 4313 1711 4365 tui
1747 4318 2016 4377 monaclu,

513 4399 582 4452 Et
607 4406 821 4454 caterva
851 4400 1166 4470 populorum
1204 4412 1394 4470 cuncta
1423 4403 1584 4457 nimis
1617 4405 1854 4472 propria,
1946 4463 1949 4470 ,

513 4489 646 4543 Cum
678 4488 872 4545 fuisses
899 4491 1048 4545 exsul
1080 4491 1197 4546 loco
1227 4507 1255 4544 a
1290 4501 1402 4557 tuo,
1430 4493 1794 4546 sanctissime!

519 4578 649 4644 Quis
684 4579 895 4634 illorum
932 4595 1112 4635 sermo
1137 4580 1278 4634 valet
1305 4581 1551 4651 planctus
1575 4581 1677 4635 fari
1713 4581 1977 4646 cordium,

510 4670 686 4734 Atque
724 4670 883 4723 simul
917 4672 1168 4739 expedire
1202 4671 1359 4726 ﬂetus
1379 4671 1766 4734 atnarissimos,

511 4753 666 4819 Quod
693 4754 945 4810 sacerdos
975 4757 1186 4824 pietatis
1214 4756 1397 4826 pulsus
1426 4765 1568 4822 esset
1607 4757 1788 4826 impie.

510 4844 614 4910 Qui
653 4843 698 4899 si
737 4845 899 4899 cessit
937 4845 1136 4900 feritati
1177 4861 1505 4916 paganorum
1543 4847 1729 4914 rigidae
1755 4888 1773 4911 ,

511 4936 730 4990 Necnon
770 4936 887 4991 loco
911 4937 1007 5010 vel
1047 4937 1227 4993 ultrici
1267 4928 1522 5017 ﬂammai;
1565 4947 1744 5016 tamen
1784 4939 1952 4992 adfuit

509 5026 662 5082 Votis
701 5029 873 5100 dignis
913 5015 1233 5093 famularum
1271 5015 1612 5106 przrsens‘in,
1637 5015 1909 5099 periculis.

510 5117 663 5172 Unde
695 5117 849 5186 juvat
887 5133 986 5180 nos
1025 5119 1177 5176 adire
1212 5119 1341 5183 illud
1379 5121 1526 5195 dictu
1566 5108 1773 5187 nebile,
1999 5175 2004 5182 _

510 5207 660 5272 Quod
700 5200 1023 5277 stupendum
1063 5218 1117 5264 et
1150 5206 1463 5286 mirandum,
1495 5207 1690 5262 inferat
1726 5208 2077 5274 miraculum,

509 5297 611 5352 Pro
647 5311 754 5364 quo
791 5297 966 5370 digna:
1002 5277 1299 5355 confessori
1338 5283 1886 5379 referantur.,g'_ratize.
1960 5294 1968 5304 ’
2038 5303 2044 5313 ’
2091 5295 2096 5298 ’

507 5386 692 5455 Itaque
726 5390 851 5442 dum
890 5389 1150 5456 illucessit
1186 5375 1423 5460 Pascltae,
1450 5373 1566 5464 dies
1603 5373 1964 5466 splendida
2011 5450 2016 5462 .

491 5474 752 5546 Dumque
791 5478 975 5534 laudes
1013 5479 1354 5535 celebrarent
1390 5476 1682 5537 matutinas
1718 5478 1960 5534 Monachi
1989 5519 2003 5545 ,

2201 3233 2378 3286 civitas
2403 3231 2557 3300 plena
2578 3233 2792 3297 divitiis,
2814 3232 2955 3288 sedet
2977 3233 3031 3284 in
3058 3231 3268 3285 tristitia
3288 3229 3502 3282 domina
3523 3229 3774 3297 gentium,

2200 3337 2303 3375 non
2333 3331 2406 3374 est
2438 3322 2528 3390 qui
2551 3321 2846 3374 consoletur
2866 3336 3003 3385 eam,
3029 3320 3133 3372 nisi
3157 3329 3214 3370 tu
3241 3319 3381 3371 Dens
3405 3327 3598 3370 noster.
3625 3315 3772 3368 ﬂulti

2198 3429 2432 3484 namque
2460 3424 2738 3479 canentes,
2785 3416 2968 3484 plures
3007 3414 3534 3476 vero‘cernebantur
3560 3412 3773 3481 plorant.

2199 3517 2281 3561 tes
2322 3523 2337 3560 :
2385 3507 2569 3576 sicque
2598 3507 2960 3576 processimus
2988 3507 3043 3560 in
3085 3514 3298 3574 pratum
3337 3516 3367 3544 ι
3397 3518 3598 3572 usque,
3634 3505 3774 3571 quod

2195 3597 2295 3650 sub
2340 3597 2454 3665 ipso
2501 3604 2587 3651 est
2626 3596 2970 3651 monasterio.
3002 3595 3230 3650 Eramus
3274 3609 3404 3649 vero
3445 3603 3772 3654 mmrentes,

2195 3686 2334 3755 quod
2363 3694 2547 3754 postea
2578 3701 2738 3755 quam
2776 3686 3046 3755 propriam
3079 3685 3475 3738 intraveramus
3505 3681 3771 3743 tellurem,

2196 3773 2368 3826 nullas
2401 3781 2459 3828 ut
2504 3785 2660 3828 antea
2711 3782 2954 3828 ostensas
3000 3788 3319 3827 noveramus
3368 3771 3639 3833 virtutes,
3682 3769 3773 3823 sed

2194 3877 2321 3916 ecce
2369 3863 2548 3917 subito
2575 3879 2642 3917 cx
2678 3872 2825 3917 tanta
2867 3863 3046 3932 populi
3084 3860 3442 3924 multitudine,
3473 3877 3615 3914 unus
3646 3877 3770 3928 pro-

2191 3968 2418 4007 currens
2460 3954 2705 4008 accessit.
2755 3953 2997 4008 Habebat
3033 3953 3176 4006 enim
3226 3967 3388 4005 causa
3440 3950 3772 4019 poenitentiae

2194 4041 2321 4094 ferri
2353 4042 2613 4097 circulum
2655 4043 2707 4096 in
2753 4042 2973 4097 brachio
2993 4083 3008 4107 ,
3037 4053 3095 4096 ut
3124 4041 3259 4096 solet
3291 4040 3426 4104 ﬁeri,
3468 4040 3770 4094 arctissime

2193 4131 2522 4187 obvolutum.
2571 4132 2799 4201 Jamque
2846 4142 3056 4202 tempus
3097 4133 3426 4198 increverat,
3454 4145 3524 4184 ex
3553 4144 3664 4198 quo
3693 4128 3762 4181 illi

2193 4237 2320 4276 casu
2350 4224 2620 4292 prepriam
2667 4223 2933 4278 occidenti
2984 4233 3237 4284 matrem,
3275 4221 3579 4287 ltujusmodi
3611 4236 3764 4289 ptem

2193 4325 2515 4368 accesserat.
2549 4314 2647 4380 Qui
2676 4314 2977 4368 vociferans
3005 4324 3060 4368 et
3087 4315 3218 4366 tanti
3249 4314 3346 4366 viri
3378 4315 3636 4382 pietatem
3668 4313 3766 4365 sibi

2194 4402 2508 4471 adjutricem
2533 4404 2903 4473 expostulans,
2928 4413 2985 4458 ut
3010 4420 3226 4456 manum
3254 4403 3318 4457 ad
3350 4403 3640 4465 feretrum,
3663 4418 3765 4470 quo

2193 4494 2366 4547 sancti
2411 4509 2624 4548 sacrum
2669 4493 3010 4562 bajulabatur
3050 4509 3245 4563 corpus
3270 4534 3283 4556 ,
3313 4493 3535 4562 pallium
3573 4494 3762 4547 saltem

2193 4583 2422 4651 desuper
2448 4585 2758 4654 contingere
2801 4586 3023 4654 cupiens
3051 4585 3352 4653 protendit,
3383 4584 3527 4638 illico
3562 4584 3765 4637 ferrum

2097 4739 2101 4744 .
2191 4670 2257 4724 de
2306 4672 2529 4726 brachio
2572 4673 2830 4728 exsiliens
2881 4675 3179 4728 mirandum
3219 4673 3465 4742 crepuit,
3512 4674 3583 4726 ita
3629 4673 3766 4726 utin

2192 4779 2316 4817 aera
2351 4780 2563 4817 sursum
2601 4765 2818 4819 evolans
2861 4766 3132 4820 videretur
3180 4783 3208 4818 a
3257 4765 3458 4818 multis.
3499 4765 3631 4830 Qum
3682 4778 3766 4816 res

2193 4867 2300 4910 nos.
2321 4853 2600 4909 universos
2629 4854 2911 4908 hilariores
2943 4855 3218 4911 elliriens.
3272 4854 3557 4906 nonnullos
3601 4855 3764 4905 etiam

2189 4944 2242 4996 in
2273 4944 2542 5014 lacrymas
2568 4961 2676 5014 pne
2703 4947 2896 5016 gaudio
2920 4946 3106 4998 movit.
3141 4946 3243 4998 Sed
3275 4955 3328 4996 et
3367 4959 3498 4998 cano
3539 4945 3763 4997 armillae

2187 5032 2488 5108 hujusmodi
2543 5036 2834 5114 asperitate
2883 5036 2943 5108 in
2992 5033 3314 5102 profundum
3365 5048 3572 5097 exesa,
3621 5032 3760 5102 quod

2185 5132 2393 5191 gestum
2422 5115 2542 5178 erat
2568 5126 2858 5193 pretiosum
2889 5126 3162 5193 pandebat
3183 5122 3525 5177 tniraculutn.

2760 5255 2987 5314 CAPUT
3026 5255 3166 5312 XIV.

2251 5371 2558 5464 Advenerat
2585 5364 2642 5443 et
2666 5369 2909 5457 quaedam
2939 5377 3134 5442 mulier
3161 5365 3482 5452 atljuiuetttis
3511 5367 3644 5433 ﬁdei
3672 5363 3762 5430 eo;

2185 5478 2392 5544 mitata,
2425 5495 2543 5548 quae
2589 5497 2618 5533 a
2663 5479 2944 5534 cunabulis
2989 5478 3064 5531 ita
3110 5483 3436 5544 nuncupata,
3479 5471 3764 5527 dicebatur

573 5601 598 5631 ι
630 5589 1182 5673 iliucnmopasteriutn
1215 5591 1433 5660 dictura;
1461 5589 1512 5664 β,
1534 5577 1791 5673 ,ίῖέὶοηᾷξαηξ
1824 5589 1906 5656 ἀρ,
1929 5585 2116 5658 Prata,
2161 5607 2263 5645 non
2303 5603 2478 5648 tamen
2511 5603 2634 5655 ante
2662 5592 2913 5649 saeculum
2945 5607 3023 5654 xi,
3055 5591 3098 5646 si
3129 5590 3263 5648 bene
3309 5585 3534 5660 adverti,
3569 5569 3762 5640 necco-

505 5659 607 5713 lius
650 5661 712 5714 de
749 5658 942 5715 Pratis.
