2013 3154
268 174 333 203 I051

759 168 925 198 AIMOINUS
947 166 1134 195 MONACIIUS
1154 165 1373 193 SANGERMAN.

1822 165 1892 192 1058

268 238 297 259 ιιι
310 230 477 264 conjicimus,
491 227 617 264 Baidttlus
629 227 806 262 propinquus,
825 225 855 253 S.
873 224 965 252 Savini
978 223 1052 251 basl-
1065 225 1088 254 Α
1104 227 1205 264 ευδηυὶ
1220 220 1299 264 huius
1311 218 1893 264 rcqtnobi'iﬂ

268 267 347 294 licam
361 263 592 292 constntxeratt'ae
607 263 754 288 dotaverat.

304 301 387 327 Porro
402 300 458 326 haec
471 299 537 325 Acta
552 297 713 330 conscripsit
730 295 870 323 Aimoiuus
891 293 923 330 ad
944 293 1051 330 petitio-

270 343 330 362 ncm
344 334 469 361 Hucberti
485 332 590 359 abbatis
606 331 634 359 S.
651 328 740 358 Saviui
752 351 759 363 ,
775 331 819 364 qui
840 338 854 356 a
873 328 989 363 vulgatis
1003 328 1053 354 ha-

1101 262 1164 292 post
1184 253 1320 283 Dodonem
1335 254 1481 293 __Bened_icti
1502 253 1663 293 Apianensis
1683 253 1848 289 discipulum
1866 258 1894 279 et

1103 289 1286 320 successorem
1301 289 1472 316 collocandus
1486 289 1600 316 videtur.

272 397 1892 425 ___________________.___________.____.__.

824 481 1030 521 AIMOINI
1059 477 1320 518 PIUEFATIO

935 563 1258 575 _________.

306 622 331 648 I.
341 621 410 648 Vere
422 621 581 648 crediderim
593 620 644 646 hoc
652 624 704 646 tam
714 626 824 653 parvum
835 624 914 650 quam
927 622 1053 649 magnum

270 666 350 701 hujus
375 667 513 700 sequentis
536 665 626 699 operis
647 668 845 691 sacramentum
873 661 937 687 mihi
964 659 1052 686 divina

271 712 411 745 sanctique
426 711 518 737 Savini
535 710 662 745 prmcipui
679 708 755 735 testis
768 707 867 734 Christi
882 705 1053 732 miseratione

270 755 398 782 donatunt
412 762 419 781 :
433 763 546 789 parvum
564 755 624 781 dico
643 754 791 788 quantitate
810 751 969 782 voluminis,
995 758 1054 775 tita-

270 808 351 834 guum
367 807 430 826 vero
444 800 593 826 reverentia
610 798 743 833 martyris.
763 797 828 823 Nam
845 801 871 823 et
890 795 950 821 talia
969 801 1002 821 ne
1015 794 1052 820 le-

271 843 389 877 gentium
416 844 620 876 auditorumque
649 842 771 869 sensibus
799 840 956 868 fastidienda
980 840 1052 870 siut,

272 888 364 921 paucis
386 893 491 922 oportet
517 889 657 915 iunotesei.
674 887 706 914 Et
720 886 831 916 utinam,
856 885 917 911 licet
937 884 1055 910 innueri-

272 938 314 960 tus
327 934 477 969 presbyter,
498 934 520 961 is
538 934 598 961 talis
616 933 748 965 inveniar,
767 931 812 965 qui
830 935 857 957 ct
877 933 970 956 sancto
982 928 1055 955 defe—

1108 619 1184 643 ram,
1204 610 1340 645 ipsiusque
1357 609 1538 644 amplexanda:
1551 599 1771 644 congregationi,
1790 615 1898 636 metuo-

1108 657 1191 683 rando
1204 648 1328 683 videlicet
1342 655 1399 688 ejus
1413 654 1527 682 coenobii
1539 654 1674 681 Hucberto
1684 654 1788 685 abbati,
1803 658 1832 680 et
1845 654 1896 681 sub

1107 711 1138 729 eo
1154 702 1196 735 pie
1208 701 1327 728 colendis
1339 701 1463 727 Patribus
1475 720 1482 731 ,
1502 699 1602 734 aliquid
1620 707 1680 726 cttm
1701 698 1808 736 honore
1824 698 1897 724 futti-

1107 756 1166 774 rutn
1188 747 1352 781 relinquam,
1377 751 1458 780 utque
1479 746 1512 772 ad
1533 745 1618 772 sancti
1639 744 1766 779 martyris
1787 744 1895 770 tandem

1107 797 1277 825 vestramque
1288 791 1481 824 iucunditatem
1496 790 1553 817 ﬁeri
1569 790 1670 824 possit,
1684 788 1772 822 illius,
1786 787 1896 815 domui-

1107 846 1158 871 que
1172 838 1223 863 mei
1242 837 1368 864 Germani
1384 837 1544 869 sanctitate,
1567 841 1774 869 vestrarumque
1793 834 1896 862 oratio-

1108 891 1170 909 num
1185 883 1313 909 solamine
1324 903 1331 914 ,
1348 883 1393 909 Dei
1409 882 1549 916 sanctique
1566 880 1659 908 Savini
1678 880 1760 908 amici
1775 887 1820 907 me
1832 887 1898 914 sup.

1108 920 1167 962 plcx
1182 928 1294 963 imploro
1306 927 1405 962 juvari.

792 1057 992 1095 INCIPIT
1030 1055 1368 1095 'I‘RANSLATIO.

309 1134 332 1160 2.
349 1135 383 1160 Ea
397 1142 460 1161 sane
472 1139 631 1169 tempestate
643 1142 694 1168 qua
705 1135 897 1161 Wandalorum
911 1134 1054 1169 populatio,
1074 1136 1094 1164 Β
1110 1134 1153 1168 qui
1169 1137 1308 1164 noverant,
1324 1133 1506 1167 ignorabatur.
1521 1132 1578 1160 Non
1594 1136 1682 1159 tamen
1696 1131 1810 1160 deerant
1822 1153 1832 1165 ,
1853 1133 1901 1167 qui

273 1184 302 1205 ut
317 1187 399 1213 usque
413 1187 483 1206 ntmc
496 1188 527 1207 ex
542 1180 700 1214 antiquitate
717 1180 841 1211 refertur,
857 1180 883 1206 in
897 1180 999 1206 vicinas
1012 1187 1058 1205 ex-

276 1229 398 1258 terasque
414 1225 489 1259 longe
508 1225 612 1259 lateque
637 1225 762 1251 szeviebat
787 1225 923 1255 nationes,
944 1224 1056 1251 ecclesia

274 1278 333 1303 qua:
347 1270 460 1305 desuper
475 1278 572 1305 corpus
586 1275 645 1297 erat
659 1270 806 1297 beatissimi
822 1271 947 1305 martyris
960 1270 1057 1297 Christi

276 1315 378 1347 Savini,
394 1316 496 1348 diruta,
514 1317 624 1351 ipseque
640 1317 712 1343 locus
726 1317 762 1342 ita
777 1316 934 1343 dcsolationi
954 1316 1057 1342 habita—

276 1365 364 1387 torunt
380 1363 500 1389 absentia
516 1363 630 1389 traditus
646 1366 703 1392 est,
726 1366 753 1387 ut
774 1362 856 1388 eremi
872 1361 997 1388 vastitate
1012 1362 1059 1387 ob-

276 1406 351 1438 situs,
367 1414 414 1440 per
428 1406 538 1433 multum
553 1407 735 1433 inhabitabilis
748 1407 916 1433 desereretur
928 1414 1057 1432 annorum

275 1460 393 1478 cursum.
406 1452 481 1484 Quod
493 1453 542 1479 etsi
555 1453 648 1486 aliqui,
663 1452 737 1485 pauci
751 1453 891 1481 duntaxat.
905 1451 1061 1478 restiterant

276 1496 355 1521 vicini
374 1496 476 1527 incolce,
492 1500 518 1522 et
532 1503 645 1529 quoruut
662 1503 755 1521 manus
770 1496 801 1521 ad
819 1496 867 1521 hoc
882 1495 1058 1528 reparandum

277 1540 387 1566 minime
402 1540 564 1567 suﬂiccrent.
574 1540 690 1574 Tempus
702 1547 817 1575 namque
825 1539 961 1575 profusum
975 1544 1059 1566 trans—

276 1586 316 1618 iit,
335 1586 381 1613 sed
409 1594 461 1612 non
478 1587 605 1612 memoria
625 1587 706 1613 oblita
726 1590 768 1613 est
789 1586 837 1613 loci
857 1595 863 1613 :
883 1587 927 1621 qui
944 1586 1005 1613 licet
1021 1586 1060 1613 in-

276 1631 373 1662 culttts,
385 1631 533 1665 priscoruru
547 1636 633 1658 tamen
647 1632 803 1659 volvebatur
812 1640 859 1667 per
870 1641 917 1658 ora
929 1637 1060 1664 sacratus,

277 1676 402 1710 beatique
413 1676 503 1703 Savini
515 1678 620 1711 corpori
634 1678 811 1705 scientissime
821 1678 968 1704 dedicatus.
981 1677 1060 1704 Cum-

275 1728 327 1754 que
345 1721 471 1757 longioris
485 1723 533 1749 :evi
550 1722 719 1756 defluxojam
734 1724 832 1756 spatio,
844 1724 1019 1757 Omnipotens
1034 1728 1061 1750 et

275 1766 364 1792 locutu
378 1767 533 1796 restaurari.
550 1772 578 1793 et
592 1772 713 1794 sanctum
727 1767 896 1795 ntanifestius
911 1768 991 1794 recoli
1003 1768 1059 1795 dis-

1110 1187 1124 1205 a
1140 1178 1290 1204 videntibus
1311 1178 1428 1212 priorem
1451 1177 1570 1212 ejusdem
1593 1176 1712 1204 basilice
1731 1182 1848 1210 statum.
1867 1186 1900 1204 ea

1109 1232 1167 1258 qua:
1182 1229 1244 1250 tunc
1259 1224 1335 1258 quasi
1353 1231 1420 1250 nova
1436 1224 1606 1256 dicebantur,
1629 1230 1659 1251 se
1679 1229 1760 1250 antea
1774 1225 1902 1252 crebrius

1110 1270 1216 1295 audisse
1232 1269 1381 1296 certissime
1397 1269 1553 1296 faterentur.

1143 1313 1169 1338 5.
1193 1314 1294 1340 Interea
1319 1314 1427 1347 quidam
1449 1314 1599 1348 presbyter,
1611 1314 1722 1341 nomine
1742 1321 1779 1342 ac
1802 1315 1901 1342 nerito

1109 1359 1228 1390 Bunitus,
1246 1360 1287 1386 his
1299 1359 1435 1393 diligentia
1449 1359 1568 1390 attentis,
1578 1359 1675 1386 institit
1686 1358 1784 1387 divino
1796 1360 1901 1388 sancti-

1109 1413 1160 1439 que
1174 1406 1301 1440 martyris
1315 1413 1407 1433 amore
1424 1406 1589 1438 conductus,
1607 1405 1751 1434 ecdesiatn
1776 1407 1900 1442 martyri

1111 1456 1312 1484 reconstruere,
1328 1451 1468 1486 locumque
1486 1456 1515 1478 ut
1528 1456 1571 1479 est
1584 1452 1663 1479 hodie
1677 1451 1842 1479 habitationi
1857 1460 1903 1479 re-

1110 1501 1224 1524 struere.
1241 1497 1318 1530 Quod
1333 1502 1421 1524 autem
1438 1497 1508 1524 inter
1519 1501 1616 1524 caetera
1629 1503 1715 1523 unum
1730 1495 1832 1523 ibidem
1850 1496 1903 1523 Ini-

1111 1542 1229 1568 racuium
1253 1550 1268 1568 a
1291 1542 1413 1569 Bonitnio
1431 1541 1572 1570 sacerdote
1594 1541 1680 1576 ipsius
1692 1540 1784 1568 Boniti
1799 1545 1903 1575 nepote

1111 1587 1301 1621 comperimus,
1311 1587 1448 1614 suiliciens
1457 1586 1492 1614 ad
1502 1586 1527 1614 id
1541 1586 1612 1621 quod
1626 1585 1720 1622 agitur
1729 1585 1901 1621 idem

1109 1632 1297 1666 judicavimus.
1314 1633 1410 1659 Aiebat
1429 1633 1500 1659 enim
1523 1633 1594 1660 inter
1607 1632 1665 1659 hac
1682 1640 1744 1667 qua
1758 1632 1793 1659 ab
1804 1632 1901 1659 eodem

1111 1685 1160 1704 suo
1184 1678 1315 1704 avunculo
1342 1677 1434 1704 referri
1457 1677 1490 1704 de
1513 1681 1607 1705 sancto
1628 1677 1731 1711 sepius
1751 1676 1899 1706 amella].

1111 1723 1188 1757 quasi
1202 1723 1281 1750 modo
1296 1723 1365 1749 idem
1381 1722 1493 1750 Bonitus
1507 1730 1606 1756 equum
1621 1722 1672 1750 sibi
1694 1722 1835 1756 quondm
1846 1721 1903 1754 fur-

1112 1768 1161 1794 tim
1176 1766 1574 1801 subtractuminterpellatione
1593 1767 1683 1796 domui
1705 1765 1804 1795 Siv'ni
1825 1773 1902 1795 rm-

276 1811 417 1843 posuisset,
441 1812 574 1845 quomodo
593 1812 721 1839 acciderit
732 1817 837 1847 gratum
850 1813 875 1839 in
886 1813 959 1839 brevi
972 1813 1060 1839 dicere
1076 1817 1097 1848 ε
1114 1819 1208 1846 perare
1225 1812 1363 1838 meruerit.
1381 1812 1456 1845 Equo
1472 1811 1604 1845 siquidem
1616 1811 1734 1846 perdito,
1748 1811 1815 1846 quid
1827 1810 1902 1839 face-

275 1854 334 1880 fuit.

311 1898 337 1924 5.
352 1898 417 1924 Cum
430 1899 510 1933 igitur
522 1900 654 1933 quoddam
667 1908 748 1934 pecus
761 1900 898 1934 cujusdam
913 1900 998 1927 coloni
1014 1901 1061 1926 ho-

277 1942 357 1969 minis
373 1944 517 1977 aliquando
531 1945 683 1971 aberrassct
697 1953 711 1971 a
725 1953 803 1979 grege
814 1965 821 1977 ,
837 1945 893 1977 ille,
907 1945 1015 1971 animali
1036 1945 1062 1971 in

274 1988 446 2020 pascualibus
457 1996 509 2015 nou
523 1989 640 2021 invento,
654 1990 798 2016 remotiora
815 1990 953 2022 silvarum,
969 1990 1002 2016 de
1015 1997 1062 2024 pe-

277 2041 339 2059 rure
355 2034 522 2068 desperatus,
540 2043 682 2069 aggressus
696 2040 736 2062 est
751 2036 819 2068 loca,
839 2041 998 2071 repertoque
1015 2044 1064 2063 cx-

278 2081 317 2101 tra
343 2078 446 2109 pecoris
471 2079 593 2113 vestigio,
619 2079 702 2113 cmpit
725 2080 800 2113 sequi
822 2081 906 2107 donec
925 2081 1061 2114 spinarum

278 2120 461 2155 ruborumque
495 2124 639 2157 asperitate
676 2124 778 2159 longius
803 2130 941 2151 arceretur
966 2126 1000 2152 ab
1023 2125 1063 2151 itt-

277 2171 375 2200 cmpto.
393 2166 445 2194 Sed
459 2169 529 2202 quod
544 2174 585 2196 est
597 2177 645 2204 pro
660 2171 771 2204 perditis
784 2171 944 2198 rusticorunt
960 2179 1062 2206 paupeo

275 2219 345 2244 rum,
362 2212 480 2240 laborem
496 2215 618 2248 quamvis
635 2224 743 2251 gravem
759 2217 884 2244 evincere
900 2218 1061 2251 persistens,

276 2257 348 2284 ferro
363 2259 483 2293 veprium
502 2261 674 2295 omniumque
696 2262 819 2296 stirpium
840 2263 890 2289 sibi
909 2264 1061 2290 nocentium

276 2302 370 2330 dextra
390 2302 509 2339 laevaque
531 2306 719 2339 impedimenta
744 2307 894 2339 succidcns,
919 2308 951 2334 ad
974 2308 1061 2335 locum

277 2348 384 2375 tandem
400 2349 439 2376 sic
453 2350 586 2378 desudans
600 2352 735 2386 prorupit,
762 2353 788 2379 in
813 2360 866 2386 quo
890 2354 1062 2387 quadrupede

276 2393 347 2427 quod
360 2396 603 2429 quaerebatjacenli
617 2403 768 2432 conspecto,
782 2399 905 2431 accessit,
917 2406 978 2425 eum
989 2406 1061 2425 com-

275 2445 398 2471 ntovens,
421 2440 467 2466 sed
488 2448 569 2475 pecus
586 2442 639 2468 ullo
654 2443 732 2469 modo
746 2450 776 2470 se
793 2443 882 2470 levare
898 2451 949 2470 non
964 2444 1059 2477 potuit.

1115 1860 1164 1887 ret,
1179 1857 1282 1883 frenum
1302 1864 1403 1883 necnon
1426 1860 1453 1883 et
1476 1856 1569 1883 sellam
1595 1856 1710 1890 accepit,
1734 1861 1820 1891 atque
1841 1861 1904 1883 ante

1114 1901 1198 1928 sancti
1211 1900 1339 1927 tutnttlutn
1352 1901 1573 1935 sicincrepitans,
1583 1907 1759 1935 moremque
1768 1900 1901 1936 proiecit:

1114 1945 1162 1977 Te,
1186 1946 1282 1979 inquit,
1302 1950 1394 1972 sancte
1415 1951 1528 1980 martyr,
1555 1945 1638 1972 cultui
1660 1952 1708 1972 seu
1732 1945 1902 1973 venerationi

1113 1989 1226 2016 ecclesia
1243 1989 1289 2016 tibi
1305 1989 1417 2022 refecta,
1438 1997 1488 2024 pro
1499 1997 1582 2024 parvo
1596 1989 1697 2024 possim
1709 1993 1739 2017 et
1752 1989 1904 2017 laborando

1114 2035 1269 2067 restituere,
1285 2039 1325 2065 tu,
1341 2035 1408 2069 prob
1420 2035 1507 2067 nefas,
1522 2042 1620 2069 equum
1637 2035 1704 2062 mihi
1719 2034 1776 2062 tuis
1787 2034 1901 2064 meritis.

1113 2085 1143 2106 ut
1157 2085 1275 2114 poteras,
1298 2087 1351 2107 non
1374 2079 1524 2107 custodisti.
1548 2079 1677 2114 Equidem
1701 2079 1797 2107 uenio
1817 2078 1901 2106 eode-

1113 2126 1192 2158 siam,
1209 2133 1272 2152 num
1292 2125 1398 2159 patior?
1415 2125 1491 2157 Quod
1516 2124 1539 2151 si
1564 2128 1667 2151 rectum
1692 2123 1811 2155 videtur.
1833 2123 1901 2151 Deli

1113 2170 1261 2201 discernat,
1276 2174 1357 2203 tuque
1371 2168 1517 2204 perpende,
1532 2168 1653 2202 mihique
1662 2175 1765 2202 equum
1777 2167 1901 2195 restitue.

1113 2214 1176 2242 Haec
1192 2219 1220 2242 et
1234 2214 1310 2249 plura
1334 2219 1476 2249 postquam
1498 2214 1539 2241 sic
1561 2213 1644 2241 veluti
1663 2213 1738 2248 justo
1758 2213 1902 2248 quorum

1114 2259 1213 2291 itttulit,
1229 2267 1355 2286 reversus
1367 2260 1399 2286 ad
1411 2259 1530 2291 domum,
1545 2263 1624 2286 nocte
1634 2257 1901 2293 sepem.

1113 2304 1218 2338 placido
1233 2313 1262 2333 se
1278 2305 1366 2340 sopori
1382 2305 1502 2338 donavit,
1523 2304 1619 2332 deinde
1639 2302 1704 2340 galli
1722 2309 1799 2333 voce
1815 2303 1902 2335 Mli

1114 2355 1248 2385 torporem
1264 2350 1386 2385 linquere
1400 2350 1535 2378 monentis
1551 2349 1698 2384 evigila».
1713 2346 1835 2379 oﬂe'nn
1855 2355 1904 2375 Io-

1113 2396 1235 2423 cturnale
1264 2401 1345 2431 atque
1370 2395 1529 2423 matutinale
1549 2399 1614 2422 ante
1637 2393 1725 2422 sancti
1747 2393 1901 2429 ψι-

1113 2447 1269 2469 reverenter
1284 2442 1364 2469 solito
1380 2441 1532 2476 complevit.
1557 2440 1617 2474 Quo
1638 2443 1762 2475 peracto,
1775 2439 1854 2467 ,ιω
1872 2445 1902 2466 eo

275 2482 490 2511 Obrueratenim
506 2485 608 2513 intrans
623 2486 741 2520 ejusdem
760 2487 823 2514 olint
842 2487 959 2515 basilica:
973 2493 1059 2522 septa,
1074 2493 1100 2522 ι)
1113 2487 1146 2514 ab
1162 2486 1277 2514 ecclesia
1297 2487 1387 2514 domui
1411 2485 1552 2517 redderet,
1569 2491 1657 2519 equus
1675 2482 1901 2518 nuperl’unns,

275 2527 365 2555 taliter
379 2528 466 2556 debile
476 2529 584 2564 jacens,
606 2536 736 2565 quatenus
754 2532 878 2559 omnibus
892 2537 1061 2560 eontractunt

275 2574 416 2607 membris,
435 2583 485 2602 nec
500 2583 649 2611 assurgere,
670 2584 720 2604 nec
733 2578 856 2605 incedere
868 2579 974 2613 penitus
986 2579 1060 2605 vale-

274 2623 326 2646 ret.
343 2619 464 2648 Brachiis
478 2625 566 2649 tanien
579 2622 644 2650 illud
662 2623 818 2658 impositum
838 2625 954 2658 portavit
966 2624 1000 2651 ad
1014 2623 1063 2652 do-

275 2670 362 2696 mum,
379 2664 475 2692 vicinis
489 2671 564 2700 gesta
578 2667 710 2701 replicans
722 2668 858 2695 universa.

309 2709 339 2737 4.
359 2711 505 2740 Crescebat
521 2714 611 2747 itaque
629 2714 780 2748 hujusmodi
798 2715 919 2741 narratio
930 2721 979 2749 per
994 2714 1062 2745 dies,

275 2759 356 2789 atque
370 2755 534 2784 dilatabatur
550 2758 662 2793 prolier
679 2760 803 2787 Manebat
819 2760 928 2795 quidem
949 2760 982 2787 de
1001 2767 1063 2787 san-

276 2804 330 2831 cto,
344 2805 371 2827 et
385 2801 445 2835 ejus
460 2802 571 2830 ecclesia
587 2804 679 2831 vivens
694 2805 793 2837 adhuc,
820 2809 849 2832 ut
872 2805 1062 2840 praemisimus,

276 2842 347 2871 fama
364 2853 371 2873 :
391 2847 563 2875 sed‘eateuus
577 2857 633 2884 quo
644 2850 725 2877 fuerit
739 2850 765 2876 in
784 2850 852 2879 loco.
877 2850 990 2877 mortuis
1007 2850 1062 2883 jam

1116 2532 1188 2559 nullo
1202 2539 1232 2559 se
1244 2536 1364 2566 regente,
1379 2538 1442 2558 mox
1457 2531 1483 2557 in
1501 2529 1570 2558 facie
1590 2532 1688 2564 prato

1116 2584 1168 2611 que
1187 2577 1356 2610 przesepium,
1378 2579 1471 2610 utpote
1495 2578 1588 2601 notum
1611 2577 1747 2608 repetens.
1768 2571 1904 2600 stabulum

1116 2630 1195 2649 cursu
1210 2621 1359 2656 ingreditur
1372 2629 1379 2647 :
1393 2620 1464 2655 quod
1481 2619 1624 2654 presbyter
1640 2624 1768 2650 cernens.
1789 2615 1904 2648 Domino

1116 2670 1263 2700 sanctoque
1285 2665 1343 2700 ejus
1365 2665 1475 2699 martyri
1500 2663 1601 2691 Savino
1627 2666 1726 2698 gntes.
1741 2661 1902 2698 mpudens.

1115 2711 1303 2738 studiosiorem
1315 2718 1346 2738 se
1360 2710 1488 2744 deinceps
1501 2708 1575 2737 circa
1589 2707 1638 2736 Dei
1653 2706 1785 2743 martyris
1799 2706 1904 2735 alia

1115 2758 1247 2785 exhibuit.

1150 2803 1176 2829 6.
1199 2803 1263 2830 Erat
1279 2802 1395 2837 denique
1409 2801 1450 2829 vir
1463 2800 1589 2836 prosapia
1602 2799 1702 2831 clam.
1718 2797 1810 2830 nbit
1821 2796 1903 2832 ῑκὴ-

1117 2854 1167 2881 tus,
1184 2849 1300 2876 Baiditus
1315 2848 1430 2875 clericus
1450 2846 1584 2881 palatinas
1596 2843 1666 2872 abba
1678 2842 1788 2878 lii-ris
1804 2849 1900 2870 uua-
