4026 6308
230 355 369 413 1055

1276 349 1369 405 DE
1407 346 1795 404 TRANSLAT.
1840 346 1899 401 S.
1939 345 2165 403 SAVINI
2204 346 2419 401 MART.

3338 343 3476 401 1054

229 469 381 526 sterii
408 464 756 529 Turonensis,
784 463 1127 520 haereditaria
1154 461 1351 519 ibidem
1371 461 1527 530 juxta
1590 461 1643 515 in
1675 458 1803 513 villa
1829 464 1875 520 Α
1905 456 2446 529 θηιθιιιιωηάωιιυηι
2488 434 2846 524 pervenisset,
2886 452 3077 510 ducilis
3101 466 3131 506 a
3161 440 3325 507 fundo
3350 453 3476 507 kar-

229 567 576 629 nuncupante
616 555 845 619 Cerisio,
891 556 1014 625 jure
1060 554 1475 625 propinquitatis
1522 552 1803 622 possidens

228 651 432 722 praedia
460 665 475 703 :
507 648 598 717 qui
630 644 931 727 huiusmodi
959 647 1086 703 dum
1115 645 1449 708 advenisset,
1481 642 1681 712 agnitis
1708 656 1808 695 ne-

229 744 408 817 gotiis,
441 742 626 810 incipit
655 740 903 811 prudenti
929 740 1108 805 animo
1136 731 1317 793 audita
1347 737 1615 801 meditari,
1640 743 1802 803 atque

229 835 277 888 si
318 832 497 899 taliter
525 844 647 883 esse
674 829 886 897 vulgata
930 837 1150 898 possent
1191 828 1370 898 sagaci
1419 826 1805 896 perquisitione

229 926 507 993 scrutari;
557 940 789 997 cumque
837 941 899 980 ex
948 926 1293 995 praesentium
1349 933 1405 979 et
1459 923 1803 991 antiquorum

231 1019 514 1083 relatione,
549 1020 767 1089 insuper
802 1027 856 1073 et
895 1017 1277 1072 miraculorum
1323 1015 1685 1076 attestatione,
1727 1011 1807 1065 id-

231 1122 339 1177 que
367 1108 531 1164 etiam
563 1109 682 1165 loco
711 1094 1003 1179 pandente,
1032 1123 1147 1162 rem
1174 1108 1508 1162 verissimam
1539 1119 1661 1160 esse
1698 1104 1804 1158 col-

229 1195 470 1268 legisset,
502 1200 786 1253 conatibus
823 1198 926 1268 piis
961 1196 1267 1267 sedulisque
1307 1194 1583 1261 anhelare,
1619 1207 1725 1263 quo
1753 1201 1809 1247 et

230 1285 334 1344 sibi
365 1302 428 1342 ex
457 1288 630 1342 sancti
659 1288 913 1359 martyris
939 1294 1091 1355 parte
1122 1286 1339 1341 cederet
1366 1282 1563 1355 gratia,
1601 1294 1656 1339 et
1682 1297 1807 1337 san-

187 1449 208 1462 ‘
230 1386 322 1432 cto
345 1379 566 1449 martyri
589 1394 654 1433 ex
675 1393 892 1433 suarum
917 1376 1163 1447 portione
1186 1391 1365 1431 rerum
1388 1373 1810 1444 ampliﬁcaretnr

232 1468 485 1539 dignitas.
513 1467 650 1534 Quid
682 1468 935 1537 inquam?
966 1467 1021 1521 ln
1049 1466 1236 1521 eodem
1265 1464 1483 1535 praedio,
1527 1463 1668 1532 quod
1701 1479 1808 1518 non

231 1569 391 1615 antea
436 1558 655 1622 molitus
702 1559 914 1622 fuerat,
971 1559 1024 1612 in
1084 1558 1287 1612 honore
1338 1554 1577 1629 Virginis
1620 1554 1809 1608 matris

230 1649 471 1713 Christi,
518 1649 775 1704 divinitus
805 1649 1002 1703 ardens
1044 1647 1260 1711 condit,
1300 1655 1588 1714 sacratque
1621 1644 1807 1699 basili-

230 1752 375 1803 cam,
399 1738 759 1793 habitationes
790 1737 935 1800 facit,
968 1736 1193 1790 clericos
1224 1734 1470 1804 imponit,
1502 1732 1805 1788 necessaria

1904 545 2034 601 ralis
2062 560 2315 616 egressus
2347 547 2398 599 itt
2435 556 2659 609 terram,
2685 545 2901 598 nemine
2931 542 3324 602 eonsiderante,
3353 559 3478 612 pro-

1902 637 2032 691 siliit
2057 655 2069 690 :
2095 646 2335 692 attamen
2367 646 2575 690 mustus
2606 635 2746 690 haud
2780 636 2958 689 minus
2992 649 3153 703 quam
3183 633 3227 687 si
3253 635 3476 687 obtura-

1904 740 2015 784 tum
2051 740 2197 784 esset
2243 730 2508 794 foramen,
2561 744 2659 782 nec
2706 742 2809 780 una
2853 726 3046 779 fluet-at
3087 734 3256 794 gutta,
3303 725 3475 789 stetit,

1902 829 2329 889 perventumque
2358 820 2425 871 ad
2449 817 2846 887 receptaculum
2874 816 3172 884 plaustrum
3200 830 3319 867 cum
3350 813 3479 866 fuisc

1903 918 2005 973 set,
2057 910 2338 979 presbyter
2381 909 2667 970 accedens,
2715 916 2770 961 et
2817 917 3038 960 tonnam
3090 905 3218 960 hinc
3261 904 3386 957 inde
3432 901 3479 955 si

1907 1000 2160 1069 quiddam
2248 999 2466 1055 fecisset
2539 997 3029 1066 circumspiciens.
3098 993 3482 1048 animadvertit

1910 1098 2098 1157 aperto
2136 1088 2401 1144 foramine
2432 1088 2661 1142 ducilem
2706 1089 2916 1149 abesse,
2940 1084 3217 1139 :estimans
3259 1097 3483 1152 pavens-

1905 1194 2011 1248 que
2060 1178 2192 1232 nihil
2234 1180 2289 1232 in
2346 1193 2411 1231 ea
2476 1177 2636 1230 musti
2684 1175 3030 1236 remansisse,
3064 1171 3292 1226 famulos
3321 1170 3487 1222 vehe—

1907 1269 2076 1325 menti
2107 1268 2290 1322 furore
2306 1274 2621 1321 commotus
2645 1277 2871 1335 arguere
2893 1262 3074 1331 coepit,
3102 1268 3159 1314 et
3185 1273 3352 1328 quare
3381 1258 3482 1313 hoc

1909 1360 2129 1413 minime
2150 1356 2481 1426 providerint
2502 1356 2701 1410 acriter
2722 1363 2781 1409 ut
2813 1353 2980 1407 tristis
3013 1350 3265 1425 invehere
3287 1367 3301 1403 ε
3327 1349 3483 1402 dum—

1908 1464 2014 1521 que
2067 1462 2252 1503 amaro
2294 1448 2455 1502 nimis
2488 1448 2675 1501 animo
2705 1446 2798 1500 sic
2847 1444 3105 1513 loquitur,
3149 1455 3288 1495 unus
3335 1446 3483 1493 retro

1910 1556 2195 1598 recurrens
2224 1538 2452 1594 ducilem
2484 1554 2514 1592 a
2545 1546 2687 1592 terra
2720 1552 2825 1591 non
2859 1536 3014 1605 longe
3035 1534 3303 1603 jacentem
3332 1542 3489 1583 rece-

1909 1636 2008 1705 pit,
2039 1642 2201 1701 atque
2231 1632 2297 1685 ad
2329 1640 2599 1700 patentem
2626 1629 2860 1698 quierat
2903 1627 2956 1679 in
3004 1633 3165 1679 tonna
3202 1630 3483 1691 pertusum

1911 1722 2185 1791 applicuit.
2212 1719 2330 1787 Quo
2356 1720 2617 1789 apposito,
2660 1718 2969 1787 priusquam
2998 1716 3140 1768 intro
3169 1721 3485 1784 poneretur,

230 1801 425 1880 cuncta
466 1835 715 1889 exornat,
769 1826 981 1879 demum
1035 1838 1163 1877 vero
1206 1822 1273 1877 ad
1302 1801 1491 1877 tsancti
1543 1821 1807 1899 tumulum
1843 1801 1882 1858 Β
1912 1814 2143 1884 impetus
2174 1814 2335 1867 musti
2366 1830 2396 1866 e
2443 1812 2665 1881 regione
2695 1808 2998 1880 prosiliens,
3047 1806 3113 1859 ad
3159 1805 3382 1858 barbam
3430 1809 3487 1855 et

229 1928 354 1968 cum
403 1912 619 1976 ﬁducia,
670 1914 951 1983 omnisque
991 1912 1232 1981 obsequii
1270 1911 1542 1981 diligentia
1585 1910 1808 1978 supplex

231 2004 518 2066 accedens,
548 2003 835 2058 celebratis
861 2001 1051 2056 ofﬁciis
1080 2002 1476 2070 missarumque
1513 1999 1807 2061 solemniis,

230 2095 399 2149 Deum
429 2104 783 2163 sanctumque
808 2092 1087 2162 postulans
1114 2101 1433 2162 martyrem,
1454 2098 1515 2145 ut
1554 2090 1628 2144 illi
1665 2089 1808 2159 quod

229 2186 382 2239 nisus
419 2184 598 2240 fuerat
639 2183 965 2240 concederet
1008 2182 1291 2253 perficere,
1337 2191 1542 2235 tantum
1597 2190 1811 2249 tamque

231 2277 508 2343 copiosum
535 2275 732 2344 pignus
762 2290 791 2327 a
825 2273 943 2328 loco
973 2273 1027 2329 in
1055 2288 1162 2342 quo
1185 2272 1403 2340 jacehat
1427 2288 1548 2326 cum
1576 2281 1811 2327 tremore

229 2363 467 2432 psallens
509 2362 821 2429 assumpsit.
865 2361 980 2415 Ibat
1010 2377 1141 2432 ergo
1176 2363 1371 2418 feretro
1405 2363 1647 2430 corporis
1687 2375 1813 2428 sup-

231 2452 430 2522 posito,
477 2453 774 2523 gaudenter
821 2450 1126 2516 exsultans,
1177 2450 1323 2504 nulla
1375 2450 1479 2505 sibi
1525 2451 1579 2504 in
1624 2458 1812 2505 sancto

231 2557 398 2614 opere
423 2543 743 2612 impediente
768 2540 1081 2597 difficultate
1100 2583 1115 2609 ,
1152 2557 1431 2614 quousque
1460 2540 1526 2595 ad
1559 2526 1813 2595 reveren-l

233 2634 358 2688 dam
406 2633 624 2703 egregio
673 2632 898 2703 martyri
946 2647 1108 2701 quam
1168 2641 1455 2701 paraverat
1508 2632 1815 2701 perveniret

229 2736 457 2787 urnam;
509 2723 561 2777 in
604 2737 710 2791 qua
756 2725 1080 2793 pretiosum,
1126 2724 1329 2793 gratias
1377 2737 1541 2795 agens
1581 2724 1810 2788 divinas,

232 2829 431 2884 cat-pus
470 2813 695 2869 honeste
740 2816 1052 2878 recondens,
1091 2816 1269 2871 dotem
1314 2816 1558 2871 ecclesia:
1606 2816 1814 2885 ipsique

232 2907 484 2977 martyri,
533 2916 810 2975 totumque
851 2909 1112 2977 prandium
1159 2906 1527 2976 familiamque
1572 2907 1811 2961 donavit.

232 2996 423 3065 Itaque
459 2996 647 3062 Deum,
682 2997 825 3066 quod
857 3000 969 3054 suis
994 2999 1247 3053 annuerit
1277 2999 1433 3061 votis,
1462 3009 1815 3068 sanctumque

236 3084 497 3140 Savinum
553 3087 839 3158 magnifice
885 3087 1150 3155 laudans,
1206 3088 1482 3160 gratulans
1542 3090 1707 3142 exivit
1758 3096 1813 3142 et

235 3192 423 3231 ovans.
1104 3189 1109 3192 ’

306 3268 360 3319 7.
400 3265 664 3321 Cancrum
692 3267 819 3321 dum
858 3266 992 3320 vixit
1021 3278 1127 3320 non
1157 3264 1393 3319 cessavit
1422 3262 1670 3318 conferre
1701 3278 1815 3315 mna

232 3369 389 3421 nera,
436 3370 633 3426 augere
678 3355 962 3420 beneficia,
1009 3355 1205 3425 quibus
1245 3354 1396 3408 locus
1450 3354 1714 3409 ditaretur
1761 3360 1818 3407 et

233 3456 522 3502 cresceret.
572 3446 762 3503 Plures
800 3462 1016 3517 quoque
1062 3445 1321 3501 nobilium
1362 3445 1477 3515 ejus
1517 3454 1669 3500 actus
1703 3444 1818 3498 exi-

233 3534 376 3590 mios
404 3535 623 3601 imitati,
659 3537 982 3592 addiderunt
1010 3536 1314 3600 thesauros,
1341 3534 1687 3591 contulerunt
1708 3535 1818 3588 alo-

234 3625 353 3689 dos,
394 3624 687 3694 multisque
729 3626 884 3680 donis
930 3626 1081 3680 locus
1126 3625 1349 3688 effulsit,
1406 3626 1691 3695 positaque
1744 3624 1814 3677 ibi

236 3712 625 3767 monachorum
658 3728 871 3779 norma,
898 3713 1142 3767 redditur
1168 3724 1372 3783 quanto
1416 3713 1634 3775 cultior,
1668 3722 1817 3765 tanto

234 3816 463 3871 prorsus
486 3802 863 3858 venerabilior.
897 3803 1028 3858 Erat
1063 3812 1242 3857 autem
1274 3813 1329 3857 et
1357 3812 1440 3857 est
1466 3802 1571 3856 situ
1600 3800 1814 3863 habslis,

235 3893 495 3948 silvarum
537 3895 900 3965 arborumque
947 3895 1343 3949 fructuosarum
1398 3894 1707 3947 amamitate
1730 3893 1817 3960 ju-

236 3983 461 4047 cundus,
488 3999 610 4038 cum
636 3985 805 4054 pratis
837 3993 896 4038 et
935 3984 1128 4048 vineis,
1160 3997 1295 4050 aqua
1324 3990 1380 4036 et
1403 3981 1741 4037 molendiuis.

306 4071 360 4125 8.
398 4071 539 4139 Ergo
575 4073 854 4127 monachis
890 4082 1011 4143 post
1045 4072 1281 4127 divinum
1323 4071 1655 4143 persolutum
1695 4069 1815 4125 olli-

235 4160 403 4225 cium,
448 4162 701 4231 operibus
754 4179 1034 4227 manuum,
1080 4163 1224 4232 quod
1269 4178 1428 4218 suum
1473 4178 1660 4219 eorum
1708 4171 1811 4227 est,

231 4251 465 4307 sollicite
513 4255 889 4319 studentibus,
945 4256 1136 4310 domus
1180 4255 1358 4309 omnis
1402 4269 1527 4310 cum
1578 4254 1811 4309 ecclesia

234 4342 488 4398 nobiliori
518 4345 875 4417 amplioriqne
914 4348 1192 4401 schemate
1232 4347 1530 4417 consurgit.
1570 4345 1812 4413 Quorum

232 4432 497 4487 bonitatis
516 4435 827 4505 ordinisque
856 4438 1063 4507 religio,
1104 4437 1218 4492 Deo
1244 4446 1538 4507 sanctoque
1576 4445 1814 4507 martyre

237 4519 594 4591 suffragante,
641 4523 751 4579 illic
794 4525 925 4579 talis
974 4527 1200 4590 exstitit,
1241 4540 1362 4595 quae
1415 4525 1705 4578 multorum
1757 4535 1812 4579 et

234 4615 475 4671 maxime
520 4626 897 4687 magnatorum
946 4630 1157 4673 mentes
1205 4620 1271 4673 ad
1312 4618 1649 4676 recolendutu
1682 4618 1811 4673 dun-

230 4712 385 4760 taxat
411 4699 908 4778 munerandumque
932 4709 1366 4765 locum‘dulciter
1396 4709 1668 4763 invitaret.
1694 4709 1808 4765 ,Ται-

1844 4479 1891 4535 D

1906 1914 2101 1973 pectus
2126 1902 2448 1974 porrigentis
2490 1899 2719 1956 ducilem
2750 1912 2921 1966 usque
2949 1896 3168 1950 volavit.
3200 1891 3493 1960 Presbyter

1913 2004 2092 2048 autem
2118 2002 2172 2047 et
2195 1993 2285 2062 qui
2323 1978 2595 2054 astabant,
2624 2004 2721 2059 pro
2768 1988 2871 2042 hoc
2911 1985 3051 2054 quod
3080 1983 3198 2036 visu
3243 1977 3492 2033 mirabile

1917 2094 2193 2139 ostensum
2252 2083 2455 2144 fuerat,
2517 2079 2728 2134 attoniti
2791 2081 3158 2145 stupuerunt,
3188 2081 3488 2151 'vocesque

1912 2173 2249 2245 hymnidicas
2273 2171 2514 2226 omnium
2546 2168 2759 2222 Factori
2790 2167 3012 2234 ejusque
3043 2169 3232 2216 sancto
3262 2157 3488 2227 martyri

1913 2265 2111 2319 Savino
2162 2262 2212 2316 in
2255 2260 2451 2318 caelum
2487 2257 2680 2314 levatis
2727 2256 2972 2311 tuanihus
3017 2269 3139 2307 cum
3172 2248 3493 2318 jubilatione

1911 2354 2196 2409 dederunt.
2248 2349 2514 2404 Sacerdos
2557 2362 2687 2403 vero
2721 2346 2821 2400 sub
2870 2344 3057 2397 eadem
3104 2354 3337 2402 summa,
3382 2351 3490 2405 qua

1911 2445 2042 2500 illud
2089 2444 2143 2497 in
2198 2450 2415 2496 tonnam
2466 2446 2738 2509 posuerat.
2786 2437 2913 2490 vino
2955 2442 3193 2503 recepto,
3241 2428 3489 2499 ampliori

1914 2541 2043 2589 voto
2079 2541 2134 2588 et
2159 2546 2255 2586 ore
2296 2537 2475 2600 grates
2501 2528 2654 2582 hctus
2678 2525 2925 2581 exsolvit.
2973 2523 3085 2577 Hoc
3119 2531 3174 2578 et
3219 2520 3320 2573 alia
3352 2519 3492 2571 idem

1912 2623 2193 2681 Bonimius
2223 2638 2252 2676 a
2304 2620 2531 2691 przefato
2569 2619 2762 2673 Βοίιὶιο
2792 2615 3057 2672 avunculo
3090 2628 3190 2669 suo
3217 2608 3494 2680 frequenti

1916 2717 2086 2785 relatu
2115 2730 2173 2769 se
2196 2714 2468 2783 accepisse
2500 2712 2788 2766 fatebatur.

1987 2808 2073 2862 l0.
2111 2807 2219 2861 Sed
2250 2807 2375 2876 quid
2403 2806 2631 2876 plurima
2658 2806 2729 2867 de
2750 2811 2939 2859 sancto
2979 2801 3281 2857 scribentes
3306 2797 3492 2852 confe-

1918 2897 2134 2954 remus?
2169 2896 2419 2965 Nunquid
2447 2896 2594 2950 illum
2629 2895 2851 2964 majoris
2879 2891 3057 2947 meriti
3101 2906 3168 2945 ex
3196 2891 3299 2943 hoc
3330 2886 3495 2941 facie-

1916 2986 2077 3041 mus?
2108 2984 2174 3038 Ut
2200 2984 2268 3047 si,
2301 2984 2450 3039 verbi
2490 2984 2686 3054 gratia,
2717 2983 2785 3036 de
2825 2980 3039 3035 Giboldi
3079 2994 3199 3032 eun
3214 2978 3259 3030 is
3291 2978 3496 3030 insera-

1916 3092 2036 3130 mus
2070 3075 2298 3144 pedibus
2337 3088 2455 3129 sese
2484 3075 2779 3127 introrsum
2809 3072 2876 3125 ad
2898 3070 3125 3124 invicem
3163 3064 3497 3135 respicienti-

1840 3144 1886 3205 (ἶ
1922 3168 2046 3227 bus,
2096 3180 2330 3234 moxque
2370 3165 2540 3219 sancti
2600 3171 2822 3233 precatu
2870 3175 3103 3228 superna
3150 3155 3498 3212 miseratione

1922 3255 2174 3315 directis;
2219 3270 2283 3308 ac
2326 3251 2393 3304 de
2436 3253 2593 3305 vinea
2639 3250 2729 3304 illa
2760 3250 2918 3318 juxta
2938 3262 3102 3315 quam
3147 3247 3264 3312 ejus
3303 3257 3498 3311 corpus

1920 3356 2202 3417 pausatum
2233 3346 2352 3409 fuit,
2378 3357 2478 3398 nec
2502 3341 2654 3412 prius
2693 3341 2816 3395 inde
2860 3345 3150 3399 remotum,
3188 3334 3362 3387 donec
3396 3348 3493 3386 ea-

1918 3437 2040 3492 dem
2072 3434 2171 3507 ipsi
2194 3434 2421 3491 daretur
2459 3431 2649 3495 vinea;
2677 3427 2765 3484 vel
2808 3429 2873 3483 de
2897 3426 3001 3482 alio
3029 3427 3082 3479 in
3118 3423 3319 3478 somnis
3350 3437 3497 3476 com-

1916 3535 2067 3580 moto
2112 3543 2143 3579 a
2208 3523 2451 3580 Francia:
2489 3521 2735 3592 partibus
2783 3518 3124 3583 adveniente,
3171 3525 3498 3580 manumque

1921 3618 2130 3673 aridam
2158 3616 2247 3672 diu
2279 3614 2532 3679 habente,
2566 3622 2730 3683 atque
2772 3610 3074 3666 interventu
3104 3604 3362 3676 martyris
3388 3602 3498 3655 illic

1918 3707 2188 3777 extemplo
2211 3714 2430 3770 curato;
2479 3703 2765 3758 autetiam
2791 3701 2856 3755 de
2896 3714 3041 3753 caeco
3088 3695 3156 3750 ab
3198 3693 3357 3748 annis
3388 3692 3486 3746 tri-

1916 3800 2063 3871 ginta
2102 3791 2304 3852 lumine
2329 3796 2609 3851 oculorum
2659 3793 2890 3862 privato,
2927 3790 3017 3859 qui
3066 3795 3189 3857 post
3230 3792 3498 3839 trecento-

1910 3905 2042 3945 .rum
2074 3891 2356 3958 sexaginta
2383 3886 2649 3940 mensium
2687 3882 2957 3938 curricula
3004 3880 3199 3935 ibidem
3229 3875 3501 3930 illumina-

1924 3991 2011 4036 tus
2039 3981 2228 4035 videns
2257 3978 2552 4046 hilarisque
2580 3975 2825 4030 recessit.
2859 3973 2981 4027 Haec
3009 3977 3064 4024 et
3105 3967 3298 4025 similia
3347 3963 3500 4021 beni-

1923 4071 2131 4142 gnitate
2154 4069 2410 4140 martyris
2445 4066 2513 4122 ad
2553 4064 2671 4141 ejus
2712 4064 2893 4119 limina
2927 4059 3189 4118 debilibus
3215 4072 3496 4122 concessa,

1921 4163 1969 4219 si
1997 4162 2177 4228 modo,
2206 4172 2269 4216 ut
2293 4161 2544 4225 dixerim,
2569 4154 2841 4228 superﬂuo
2862 4154 3084 4223 exsequi
3107 4151 3379 4221 incipiam,
3413 4165 3501 4205 sa-

1919 4263 2277 4323 natorumque
2331 4251 2586 4313 nomina,
2633 4247 2843 4318 patrias
2888 4243 3151 4313 villasque
3202 4242 3257 4295 in
3304 4240 3503 4311 quibus

1919 4355 2045 4404 sunt
2089 4346 2202 4400 nati
2232 4343 2314 4400 vel
2351 4357 2418 4397 ex
2449 4340 2646 4409 quibus
2682 4339 3038 4400 advenerunt,
3087 4335 3133 4389 si
3185 4333 3500 4401 disposncro

1906 4440 2174 4500 imitare,
2202 4449 2289 4491 me
2302 4416 2824 4488 sohriisilectoribus
2850 4424 3136 4493 avidisque
3163 4419 3502 4477 auditoribus

1906 4529 2130 4584 taedium
2162 4523 2363 4579 inferre
2389 4535 2494 4575 non
2527 4520 2755 4588 abnego.
2782 4516 2877 4571 Est
2895 4521 3078 4569 autem
3110 4523 3365 4566 mensura
3389 4508 3498 4563 dis-

1914 4617 2171 4673 cretionis
2212 4615 2266 4670 in
2312 4613 2509 4669 divinis
2546 4618 2601 4666 et
2637 4606 3017 4680 hagiographis
3063 4602 3332 4661 servanda
3360 4599 3504 4675 scri-

1915 4704 2112 4777 pturis,
2142 4711 2197 4760 et
2244 4703 2291 4757 si
2318 4717 2490 4773 pauca
2518 4701 2583 4755 de
2624 4701 2740 4768 ipso
2771 4695 3089 4759 referamus,
3118 4691 3358 4762 nunquid
3383 4689 3505 4760 ejus

230 4792 307 4849 iis
348 4793 549 4858 floruit,
593 4796 713 4851 talis
744 4813 869 4851 cum
914 4798 1181 4853 bonarum
1231 4800 1502 4852 actionum
1546 4797 1810 4852 fructibus
1904 4796 2093 4852 meriti
2128 4788 2464 4863 virtutisque
2506 4790 2743 4861 gratiam
2793 4802 2857 4842 ex
2898 4784 3090 4856 paucis
3125 4779 3498 4838 mutilabimus

235 4887 497 4941 hactenus
540 4899 751 4952 vernat,
790 4889 914 4943 talis
941 4903 1123 4959 quaeso
1167 4899 1219 4945 et
1247 4900 1375 4960 opto
1419 4890 1473 4943 in
1499 4887 1627 4943 Jesu
1652 4888 1810 4943 Chri-

234 4985 320 5032 sto
342 4988 673 5045 permaneat.

308 5066 362 5120 9.
404 5065 515 5122 Nec
551 5066 697 5122 illam
727 5068 849 5125 aliis
870 5070 1090 5126 omissis
1114 5070 1375 5126 silendum
1400 5086 1523 5135 reor
1546 5086 1667 5139 quae
1694 5078 1817 5139 post

232 5157 598 5214 venerabilem
642 5159 759 5227 ejus
805 5162 1049 5232 corporis
1096 5162 1506 5217 translationem
1546 5161 1814 5231 praecipua

236 5246 376 5300 facta
419 5246 587 5304 fuisse
636 5250 971 5321 dignoscitur
1013 5253 1206 5317 virtus,
1238 5252 1305 5306 ad
1353 5252 1524 5322 ipsius
1569 5260 1812 5307 sanctam

233 5334 640 5392 cvidentissime
667 5340 1043 5395 declarandam
1088 5342 1451 5405 sanctitatem,
1480 5350 1535 5396 et
1571 5342 1698 5410 quia
1726 5341 1805 5396 lo-

235 5441 358 5480 cum
411 5428 554 5483 unde
596 5432 957 5499 transpositns
999 5431 1198 5497 fuerat,
1250 5434 1354 5486 etsi
1409 5447 1657 5502 corpore,
1700 5447 1809 5487 non

235 5524 414 5572 tamen
452 5520 678 5576 tuitione
704 5521 1015 5590 reliquerat.
1046 5523 1337 5594 Presbyter
1369 5537 1502 5578 vero
1534 5523 1658 5577 inde
1684 5537 1809 5576 cum

234 5622 331 5675 per
351 5610 595 5665 eamdem
627 5612 768 5666 viam
798 5628 902 5682 qua
931 5615 1102 5668 sancti
1126 5615 1392 5685 martyris
1412 5628 1609 5683 corpus
1636 5622 1811 5668 trans-

234 5698 401 5754 latum
445 5710 688 5769 venerat,
719 5704 1014 5774 plaustrum
1058 5716 1236 5764 musto
1260 5716 1512 5762 onustum
1557 5707 1808 5765 tninaret.

1904 4888 2112 4945 .dictis?
2149 4886 2263 4942 Hoc
2302 4892 2486 4939 autem
2516 4895 2803 4953 precamur
2830 4876 3061 4934 sufﬁciat
3100 4874 3326 4938 dictum,
3368 4888 3500 4943 pau-

1918 4983 2106 5051 cisque
2130 4981 2468 5043 roboratum,
2516 4978 2658 5046 quod
2687 4976 2878 5051 beatus
2926 4970 3157 5037 Savinus
3196 4970 3269 5023 ita
3300 4969 3498 5023 decen-

1900 5082 2003 5129 .ter
2034 5069 2751 5140 translatus,.pretiostts.ae
2776 5064 3042 5134 gloriosus
3086 5062 3318 5116 habetur
3348 5072 3500 5112 mar-

1908 5171 2006 5234 tyr
2030 5162 2275 5235 Christi”
2297 5162 2453 5229 Quod
2499 5168 2606 5214 tant
2656 5158 2789 5228 ipse.
2814 5168 3087 5225 quamque
3128 5165 3317 5207 omnes
3344 5149 3501 5205 Chri-

1896 5262 2077 5311 stum
2128 5253 2447 5313 confitentes
2473 5290 2488 5315 ,
2559 5250 2685 5313 rite;
2718 5245 3060 5311 confessores
3123 5242 3498 5312 appellentur,

1917 5344 2127 5398 cuidam
2175 5358 2240 5397 ex
2279 5342 2485 5399 eodem
2515 5336 2851 5417 monasterio.
2889 5333 3255 5401 Deoksihique
3290 5332 3503 5393 devoto

1859 5494 1872 5506 _
1916 5442 2013 5505 per
2039 5433 2423 5491 revelationem
2446 5431 2671 5501 spiritus
2692 5427 2980 5483 ostendere
2999 5425 3193 5496 voluit,
3214 5444 3275 5485 se
3299 5436 3503 5499 marty-

1890 5540 2030 5580 .rem
2087 5518 2165 5578 ob
2206 5522 2487 5601 sanguinis
2520 5533 2645 5589 pro!
2691 5517 2914 5580 Christo
2975 5521 3295 5580 effusionem
3341 5518 3502 5575 malle

1917 5630 2122 5671 V003“.
2220 5646 2262 5673 .t
2468 5658 2495 5673 ..
2661 5654 2665 5660 -
2792 5658 2825 5669 ,ς
3126 5656 3129 5663 π

1954 5707 2077 5761 κη.
2121 5705 2217 5762 Est
2248 5665 2438 5761 ieniur
2465 5699 2678 5765 meriiis
2714 5706 2908 5772 dives,
2963 5702 3215 5776 precibus
3267 5709 3497 5771 potens.
