4026 6308
587 329 722 382 1059

1562 318 1975 377 RATPERTUS
2009 313 2526 379 SANGALLENSIS
2561 323 2804 387 ABBAS.

3707 337 3832 392 £060

585 437 787 506 sbyteri
819 437 1060 500 diacono,
1098 449 1220 489 cum
1250 433 1608 503 gratulatione
1638 434 1876 502 suscepit.
1912 447 2019 486 non
2055 434 2159 488 mi-
2186 441 2232 497 Α
2259 432 2680 497 concesserunt,
2717 437 2906 490 subter
2959 445 3146 494 notare
3203 443 3550 509 curavimus;
3607 462 3832 516 quorum

586 531 754 586 uima.
788 529 1062 596 ipsumque
1097 526 1271 578 locum
1293 523 1511 592 jejuuiis
1539 535 1594 576 et
1617 523 1950 576 orationibus
1970 538 2158 578 conse-

586 621 806 679 crando,
830 617 1070 670 cellulam
1098 616 1314 679 ibidem,
1340 617 1391 668 in
1413 631 1517 682 qua
1540 616 1652 682 ipse
1674 625 1870 668 etcum
1887 630 1951 668 eo
1984 615 2160 669 Domi-

586 721 656 760 no
670 707 917 760 servituri
935 721 1141 758 comma
1151 715 1354 765 nerent,
1374 703 1930 758 celeriterzcdiﬁcavit.
1947 705 2156 758 Interea

585 796 822 862 przedicti
863 796 1012 848 ducis
1041 795 1312 848 (Sun-zonis
1356 794 1540 856 tiliam,
1581 809 1831 862 sponsam
1857 807 1882 834 ει
1910 795 2158 848 videlicet

586 889 726 955 regis
753 887 1029 957 Sigiberti,
1057 887 1279 955 Spiritus
1308 886 1575 955 malignus
1601 885 1818 949 invasit,
1845 900 2003 954 quem
2033 900 2154 938 cum

583 979 815 1048 episcopi
840 995 867 1031 a
889 992 1010 1048 rege
1027 979 1240 1040 directi,
1257 993 1483 1045 quorum
1500 979 1664 1030 etiam
1687 977 1941 1030 credebat
1959 977 2156 1030 sancti-

587 1067 704 1129 tati,
745 1068 813 1119 ab
845 1082 906 1120 ea
943 1066 1211 1134 expellere
1245 1081 1349 1120 non
1382 1067 1701 1134 potuissent,
1726 1067 1816 1120 sed
1847 1067 2004 1118 etiam
2033 1082 2154 1120 cum

584 1153 874 1220 ignominia
906 1155 975 1208 ab
998 1169 1064 1208 eo
1095 1154 1302 1223 expulsi
1334 1153 1582 1217 fuissent,
1617 1155 1809 1208 beatus
1840 1153 2020 1208 Gallus
2047 1171 2153 1208 non

583 1243 781 1310 prima,
826 1244 920 1296 sed
955 1245 1067 1313 jam
1113 1246 1344 1297 secunda
1378 1244 1643 1312 legatione
1672 1252 1831 1311 atque
1863 1245 2156 1314 humillima

583 1334 970 1400 supplicatione
990 1334 1058 1386 ab
1082 1335 1270 1388 eodem
1302 1334 1437 1387 duce
1465 1341 1742 1400 suscepta,
1775 1334 1946 1386 locum
1979 1335 2153 1401 inquo

582 1423 754 1490 puella
823 1425 1147 1488 vexabatur,
1194 1427 1512 1495 presbytero
1563 1427 1876 1490 comitante,
1917 1426 2150 1489 devenit,

585 1514 898 1581 hostemque
931 1515 1220 1583 malignum
1253 1517 1496 1569 oratione
1545 1518 1819 1584 prmmissa
1851 1533 1881 1570 a
1930 1531 2152 1585 pervasa

583 1604 742 1656 domo
765 1605 1048 1673 imperiosa
1079 1620 1211 1658 voce
1242 1615 1489 1674 potenter
1519 1605 1694 1673 ejccit,
1729 1608 1976 1676 patrique
2005 1607 2154 1676 puel-

582 1693 687 1746 lam
727 1695 950 1748 reddidit
981 1709 1185 1756 sanam,
1211 1695 1499 1762 statimque
1527 1696 1592 1748 ad
1618 1695 1824 1750 dilectae
1850 1696 2150 1751 solitudinis

2257 526 2471 577 nomina
2503 527 2614 580 lucc
2663 537 2789 579 sunt
2821 546 2834 579 :
2884 527 3217 586 Willibertus
3245 534 3496 588 videlicet
3528 539 3833 605 presbyter,

2255 623 2310 668 et
2337 615 2492 668 'l‘alto
2517 617 2602 668 vir
2632 617 2874 681 illustris,
2925 618 3206 688 Tagoberti
3237 624 3440 679 scilicet
3469 630 3617 696 regis
3657 645 3834 682 cama-

2255 705 2429 758 rarins
2453 715 2506 758 et
2549 714 2735 774 postea
2779 722 2960 762 comes
2988 708 3224 776 ejusdem
3265 715 3384 782 pagi
3416 729 3446 767 a
3470 717 3679 783 quibus
3708 718 3834 770 idem

2255 805 2488 855 sanctus,
2517 811 2637 849 cum
2669 796 2722 849 iu
2758 812 2982 867 corpore
3003 799 3225 867 viveret,
3243 818 3361 856 cum
3392 809 3835 875 augmentatione

2255 884 2416 954 hujus
2437 885 2538 940 loci
2581 902 2688 940 non
2721 902 2908 956 parva,
2954 890 3188 945 maxima
3228 897 3581 950 veneratione
3622 897 3834 951 habitus

2253 983 2354 1026 est.
3194 960 3202 974 ”

2321 1062 2375 1114 2.
2409 1062 2474 1114 At
2502 1071 2783 1132 postquam
2810 1066 2874 1119 de
2903 1081 3126 1136 corpore
3147 1071 3392 1138 spiritum
3426 1076 3743 1128 transmisit
3775 1078 3834 1129 ad

2253 1162 2415 1212 astra,
2443 1170 2472 1208 a
2500 1157 2902 1211 successoribus
2930 1159 3154 1213 istorum
3186 1162 3334 1216 locus
3363 1164 3465 1218 iste
3499 1167 3572 1218 ob
3595 1181 3837 1220 amorem

2255 1240 2436 1295 Sancti
2467 1242 2714 1296 similiter
2754 1257 3124 1316 augmentatus
3146 1260 3226 1302 est
3258 1267 3426 1320 usque
3470 1254 3542 1307 ad
3595 1265 3837 1323 tempora

2253 1329 2493 1384 Carolid.
2529 1331 2770 1386 Taltonis
2792 1351 2920 1388 vero
2946 1337 3083 1391 ﬁlius
3112 1339 3209 1392 fuit
3231 1341 3488 1405 Thiotolt,
3517 1343 3679 1412 cujus
3704 1347 3836 1399 ﬁlius

2252 1417 2420 1484 Pollo,
2446 1419 2681 1475 Pollonis
2715 1432 2890 1477 autem
2923 1425 3059 1479 ﬁlius
3085 1427 3458 1499 Waldpertus;
3510 1435 3605 1502 qui
3656 1436 3837 1503 genuit

2253 1508 2695 1565 Waldrammum.
2717 1513 2834 1581 Ipse
2851 1529 2976 1568 vero
3003 1516 3402 1574 Waldramtuus
3423 1533 3445 1558 ε
3475 1522 3663 1576 locum
3682 1526 3833 1578 istum

2253 1601 2305 1654 in
2331 1601 2578 1656 omnibus
2597 1603 2664 1655 ob
2691 1619 2928 1658 amorem
2948 1607 3115 1660 sancti
3137 1608 3272 1662 Galli
3297 1627 3496 1680 augere
3521 1613 3834 1668 desiderans

2254 1689 2659 1771 regularemque
2685 1690 2814 1744 inibi
2848 1693 3011 1746 vitam
3041 1695 3318 1751 instituere
3359 1702 3607 1767 cupiens,
3657 1702 3834 1755 Otina-

581 1786 882 1838 chariorem
911 1785 1065 1840 rediit
1089 1785 1286 1838 aulam.
1319 1784 1580 1840 Przefatus
1609 1787 1768 1856 igitur
1790 1803 1883 1841 rex
1929 1788 2146 1841 audiens

2248 1795 2371 1858 [τμη]
2425 1789 2667 1833 sanctum
2731 1781 2903 1834 virum
2937 1798 2966 1835 a
3013 1783 3243 1853 Victore,
3299 1785 3512 1842 Rbetize
3560 1789 3833 1845 Coriensis

578 1876 807 1944 puellam
839 1892 868 1929 a
893 1877 1138 1944 passione
1171 1885 1316 1930 tanta
1353 1887 1616 1942 sanatam,
1647 1880 1761 1932 suis
1783 1893 1900 1933 eam
1923 1895 2152 1949 praesen-

584 1967 683 2019 tari
708 1963 933 2033 jubebat
959 1967 1285 2035 aspectibus.
1331 1967 1461 2033 Qua:
1492 1968 1820 2038 interrogata
1852 1985 1879 2022 a
1913 1970 2153 2039 principe

539 2045 542 2048 ⁴
579 2063 877 2108 memorato
909 2055 973 2108 de
1006 2071 1167 2108 causa
1197 2055 1510 2110 salvationis
1535 2072 1664 2123 sua},
1699 2067 1942 2112 sanctum
1975 2060 2149 2112 virum

578 2163 698 2200 cum
747 2148 956 2201 actibus
995 2147 1125 2211 suis,
1164 2155 1217 2200 et
1259 2147 1534 2202 beneﬁciis
1577 2149 1720 2202 circa
1763 2164 1820 2202 se
1863 2164 1960 2217 per
2004 2150 2148 2204 illum

576 2239 828 2293 exhibitis
852 2239 1040 2292 ordine
1069 2241 1272 2309 pandit,
1307 2240 1570 2308 adjicieus
1605 2253 1661 2296 et
1702 2259 1916 2311 rogans,
1948 2253 2007 2296 ut
2039 2243 2151 2311 ipse

575 2344 698 2382 cum
728 2345 837 2382 suae
859 2331 1029 2400 gratia
1060 2331 1272 2399 pietatis
1306 2333 1620 2400 dignaretur
1655 2334 1854 2388 fovere.
1881 2335 2029 2400 Quod
2057 2352 2150 2388 rex

574 2419 804 2486 benigne
835 2421 1154 2489 suscipiens,
1199 2420 1352 2490 cujus
1388 2424 1591 2478 heremi
1633 2424 1826 2494 hospes
1862 2426 2148 2491 exstiterit,

577 2510 884 2580 inquisivit,
927 2513 1371 2582 comperieusque
1418 2525 1672 2569 narrante
1714 2516 1886 2584 puella
1926 2517 2150 2584 aliisque

574 2601 820 2656 ﬁdelibus
842 2603 990 2666 viris,
1010 2619 1072 2657 ex
1093 2614 1244 2674 parte
1273 2607 1339 2661 ad
1359 2607 1556 2675 regiam
1578 2618 1914 2676 potestatem,
1939 2609 2151 2663 aliunde

571 2705 700 2744 vero
738 2693 803 2745 ad
847 2695 1239 2762 possessionem
1272 2695 1530 2750 nobilium
1568 2697 1804 2749 virorum
1828 2697 1856 2736 δ
1881 2699 2149 2766 pertinere

573 2781 849 2835 heremum
905 2783 956 2835 in
1003 2800 1106 2852 qtta
1152 2781 1383 2839 Sanctus
1427 2786 1804 2840 commauebat
1845 2801 1965 2839 cum
2015 2788 2146 2851 suis,

573 2871 816 2936 protinus
853 2883 1062 2940 partem
1108 2874 1267 2942 regia:
1313 2875 1565 2943 potestati
1614 2876 1894 2929 cedentem
1928 2878 2150 2944 pra°fato

573 2957 772 3013 Sancto
802 2975 894 3014 sua
923 2962 1238 3015 auctoritate
1264 2964 1654 3026 contradiditC,
1686 2974 1739 3017 et
1764 2966 2059 3030 constituit,
2092 2976 2150 3020 ut

572 3059 680 3102 tam
723 3051 833 3119 ipse
885 3067 1044 3120 quam
1095 3054 1295 3122 posteri
1335 3053 1452 3123 ejus
1497 3055 1715 3118 ibidem,
1776 3057 1984 3111 scilicet
2029 3059 2146 3127 ejus

2214 1869 2472 1932 ncomite,
2534 1869 2868 1938 impetravit,
2915 1872 3069 1940 eique
3124 1875 3312 1928 cellam
3367 1877 3660 1945 praefatam
3721 1896 3834 1932 cum

2251 1959 2501 2012 omnibus
2534 1960 2597 2011 ad
2626 1975 2744 2012 eam
2771 1960 3158 2027 pertinentibus
3205 1967 3633 2029 c0uimeudavit,
3681 1969 3834 2019 abba-

2255 2041 2469 2119 temque
2495 2052 2793 2116 constituit,
2825 2061 2882 2105 ut
2909 2053 2960 2105 in
2994 2053 3111 2106 Vita
3137 2055 3648 2126 ipsius-plenissime
3671 2060 3834 2113 conti-

2252 2149 2428 2193 netur.
2473 2139 2662 2193 Postea
2698 2157 2825 2194 vero
2869 2150 3104 2211 tempore
3146 2148 3470 2214 procedente
3500 2158 3670 2217 atque
3698 2160 3833 2203 statu

2252 2232 2560 2285 monasterii
2585 2232 2636 2284 in
2663 2233 2851 2285 melius
2881 2234 3210 2301 proﬁciente,
3242 2238 3502 2305 praefatus
3533 2238 3834 2293 Waldram-

2253 2336 2370 2372 mus
2391 2321 2633 2372 eumdem
2659 2321 2904 2374 abbatem
2930 2319 3207 2376 Oliuarum
3233 2322 3455 2392 Pippino
3475 2327 3586 2396 regi
3605 2341 3834 2396 pneseu-

2251 2412 2402 2473 tavit,
2452 2410 2657 2479 ipsique
2686 2412 2795 2480 regi
2827 2413 3226 2477 monasterium,
3270 2416 3412 2483 quod
3455 2416 3643 2472 adhuc
3673 2419 3836 2472 luere-

2250 2500 2443 2552 ditario
2500 2498 2622 2565 jure
2674 2500 2728 2552 in
2780 2515 2874 2553 sua
2930 2503 3145 2555 tenebat
3187 2512 3492 2572 potestate,
3545 2519 3675 2558 cum
3729 2509 3834 2576 ipsa

2249 2591 2451 2658 pariter
2498 2589 2690 2643 abbate
2744 2592 3080 2645 contradidit.
3137 2593 3208 2646 Ea
3249 2594 3502 2649 videlicet
3551 2612 3742 2656 causa,
3784 2609 3834 2650 ut

2251 2681 2365 2748 ipse
2394 2679 2562 2733 abbas
2601 2677 2822 2747 ejusque
2867 2667 3205 2735 successores
3251 2682 3387 2736 idem
3434 2687 3830 2738 monasterium

2249 2773 2397 2842 regia
2433 2772 2760 2825 auctoritate
2807 2772 3128 2835 retinentes,
3160 2773 3355 2827 nullius
3396 2775 3608 2830 deinde
3637 2778 3834 2831 violen-

2252 2863 2319 2914 tia
2350 2870 2744 2932 premerentur,
2775 2861 2865 2914 sed
2895 2865 3266 2918 tantummodo
3289 2880 3477 2934 regum
3498 2867 3831 2934 jussionibus

2249 2954 2551 3006 obedireut.
2583 2952 2732 3017 Quod
2776 2943 3052 3005 benivolus
3094 2954 3343 3021 princeps
3393 2955 3620 3023 benigne
3667 2959 3830 3010 susci-

2252 3045 2423 3112 piens,
2452 3043 2634 3095 statim
2665 3041 2824 3110 hujus
2862 3057 3036 3095 causa:
3071 3043 3526 3110 conscriptionem
3553 3045 3671 3098 ﬁeri
3700 3064 3832 3114 prm-

569 3143 814 3210 exemplo
843 3143 1067 3197 Domino
1090 3145 1364 3209 servituri,
1389 3146 1561 3198 locum
1592 3146 1868 3214 prmfatum
1887 3163 2006 3201 cum
2038 3151 2143 3203 cir-

2251 3134 2420 3201 cepit;
2476 3131 2682 3186 scilicet
2733 3139 2791 3184 ut
2843 3132 3089 3185 monachi
3137 3132 3380 3200 ejusdem
3425 3134 3527 3187 loci
3571 3135 3831 3204 deinceps

570 3233 994 3301 cumjacentibus
1026 3235 1281 3289 silvarum
1325 3237 1622 3290 commodis
1653 3253 1749 3304 per
1802 3239 2000 3307 regiam
2051 3256 2144 3293 au-

567 3325 872 3378 ctoritatem
903 3326 1156 3394 deinceps
1191 3327 1496 3382 lirmissime
1526 3330 1839 3383 retinerent.
1896 3331 1963 3385 Et
2008 3340 2066 3383 ut
2112 3347 2142 3384 a

569 3415 712 3468 nullo
744 3417 842 3468 hoc
872 3416 1200 3485 inposterum
1229 3418 1432 3472 destrui
1462 3419 1683 3481 valeret,
1711 3423 1942 3490 propria:
1960 3434 2148 3477 aucto-

571 3505 742 3581 ritalis
793 3507 1096 3560 ﬁrmissima
1148 3509 1548 3576 conscriptione
1606 3512 1816 3565 munire
1873 3513 2141 3577 decrevit,

568 3595 729 3661 quod,
779 3605 831 3647 ut
882 3596 1012 3649 bene
1039 3598 1310 3666 cogitavit,
1359 3600 1559 3668 optime
1607 3600 1852 3669 perfecit.
1904 3602 2142 3658 Cunzuui

567 3700 778 3753 quoque
809 3687 927 3739 duci
952 3689 1221 3756 prtcccpit,
1241 3700 1298 3741 ut
1316 3705 1436 3743 cum
1453 3691 1702 3744 omnibus
1724 3691 1894 3744 eidem
1927 3693 2144 3748 heremo

566 3774 754 3827 vicinis
775 3778 1181 3832 necessitatibus
1201 3780 1372 3831 sancti
1394 3778 1530 3832 Galli
1552 3780 1768 3834 sedulus
1789 3795 1851 3833 ac
1874 3784 2145 3839 studiosus

569 3864 744 3916 fautor
761 3858 1033 3929 existeret,
1066 3875 1118 3918 et
1148 3868 1199 3919 in
1223 3867 1480 3929 aediﬁciis,
1506 3878 1560 3922 ct
1588 3871 1640 3922 in
1669 3871 2144 3942 qualibuscumque

564 3955 724 4010 rebus
753 3955 892 4010 illius
918 3958 1179 4026 indigeret
1206 3959 1415 4024 solatio,
1446 3975 1551 4028 quo
1573 3963 1584 4011 l
1609 3969 1664 4014 et
1688 3962 1876 4017 devote
1909 3966 2143 4032 comple-

566 4048 660 4100 vil.
689 4048 803 4114 Qua
829 4051 1150 4104 auctoritate
1187 4051 1384 4120 talique
1425 4052 1695 4107 ﬁrmitatis
1747 4055 2143 4125 conscriptione
2208 4119 2210 4121 _

566 4133 712 4186 locus
745 4137 844 4187 iste
897 4145 1040 4190 tutus
1089 4139 1156 4190 ab
1187 4139 1512 4191 adversariis
1568 4155 1735 4207 usque
1787 4143 1854 4195 ad
1899 4154 2139 4212 tempora

563 4222 738 4292 Pipini
780 4236 835 4278 et
875 4225 1047 4280 Caroli
1079 4230 1390 4296 permansit.
1444 4229 1739 4300 Religiosos
1783 4233 1943 4287 etiam
1976 4236 2138 4303 viros,

564 4315 655 4382 qui
683 4316 926 4370 eumdem
976 4329 1219 4372 sanctttm
1253 4319 1304 4371 in
1343 4336 1435 4373 sua
1475 4332 1843 4391 susceperunt,
1873 4322 2140 4391 ejusdem-

564 4420 667 4472 que
695 4406 897 4459 heremi
933 4407 1020 4474 jus
1064 4408 1447 4463 hereditarium
1491 4411 1566 4464 illi
1613 4414 1927 4480 potestativa
1977 4430 2135 4469 manu

635 4559 1150 4634 aﬂllliiltunrucgutii
1175 4564 1288 4617 hrec
1321 4580 1537 4632 sponsa,
1567 4582 1725 4634 quam
1767 4576 1952 4621 auctor
1995 4571 2129 4623 Vitae

565 4628 622 4681 S.
648 4629 781 4683 Galli
819 4628 1201 4706 Fridebtirgatn
1235 4628 1496 4706 nominat,
1526 4628 1758 4706 eruditis
1804 4636 2126 4706 Sigibertum

529 4757 534 4764 ι
565 4713 814 4764 Sponsum
842 4701 1150 4754 adiuveuire
1172 4718 1276 4756 non
1304 4705 1596 4759 scientibus
1628 4701 1945 4760 lacessebat.

637 4788 660 4824 δ
697 4789 1360 4866 llis;_nempc_'l‘a_ltonilitis
1384 4795 1468 4866 illa
1494 4795 1638 4848 silva:
1663 4797 2131 4866 pars,qu:el'n.imi-

565 4855 747 4934 lioret
776 4855 1092 4927 Thurgovite
1123 4862 1250 4916 locis
1273 4863 1429 4917 cultis
1459 4855 1749 4932 proxiui'ior
1771 4855 1908 4928 erat,
1936 4869 2133 4934 adper-

565 4927 786 5002 ti_ncbu_t.
818 4942 934 4994 quae
978 4946 1098 5002 cum
1148 4934 1428 5002 rotundum
1458 4927 1667 5002 quoque
1713 4927 1947 4988 montem
1981 4927 2131 4990 com-

514 5038 520 5046 .
564 4996 911 5073 plectcbatur,
955 5000 1148 5073 cellam
1191 5000 1426 5073 _S._Galli
1458 4996 1775 5073 attingebat,
1827 5021 1946 5072 qua:
1986 5007 2129 5072 hinc,

567 5065 780 5141 incertis
801 5083 1012 5141 quoque
1036 5077 1089 5141 et
1121 5069 1410 5141 indeﬁnitis
1441 5065 1783 5141 huibuvsJam
1813 5065 1864 5126 in
1894 5065 2128 5137 illorum,

516 5192 523 5200 _
557 5134 668 5202 jam
695 5134 748 5188 in
775 5137 910 5205 regis
942 5137 1102 5192 fundo
1123 5139 1224 5192 sita
1247 5154 1364 5193 esse
1385 5141 1599 5194 dicitur.

637 5234 657 5307 ξ
706 5224 833 5307 Post
873 5229 1120 5307 devictos
1156 5245 1295 5285 anno
1350 5231 1449 5307 ᾇ97
1496 5232 1824 5307 Alamannos
1878 5251 2126 5307 magnam

513 5311 515 5315 ·
563 5292 817 5373 Helvetia;
843 5299 1219 5373 partem__tisco
1261 5302 1405 5371 regio
1434 5304 1682 5373 cessisse,
1714 5304 1877 5373 liquet
1912 5292 2124 5370 CXVIIIIC,

560 5367 615 5415 e't
639 5365 758 5444 aliis
787 5365 1514 5444 donatioi_ii_l)tis,_qtttts'rcges
1534 5365 1880 5444 Francorum
1910 5365 2131 5444 parthe-

515 5457 519 5468 ι
562 5435 684 5510 noni
716 5434 1108 5510 Sekilugeusiin
1135 5434 1388 5504 Glarona,
1421 5434 1747 5510 Tigurinoin
1775 5443 1889 5506 Uri,
1911 5434 2132 5498 inouas-

513 5531 517 5534 -
560 5504 1054 5579 terio-Murbacensi
1089 5511 1370 5572 Lucerum,
1414 5504 1680 5564 nobilibus
1735 5504 1931 5565 Alsatis
1984 5514 2128 5569 circa

560 5571 978 5638 VV'indouissatn,
1006 5577 1321 5644 Lucernam,
1349 5591 1415 5644 ,et
1447 5581 1606 5648 Werd
1633 5579 2020 5648 contradidere.

539 5697 543 5703 ς
628 5660 652 5697 ἀ
689 5661 885 5737 Nempe
913 5666 1160 5719 Martclli.

2204 3219 2216 3240 '
2246 3233 2568 3296 potestatem
2595 3224 2857 3277 haberent
2885 3221 3018 3274 abba
3032 3233 3132 3276 tem
3157 3223 3360 3292 eligere
3388 3223 3513 3286 sibi,
3544 3233 3707 3291 atque
3737 3240 3827 3276 so-

2245 3318 2310 3371 lis
2347 3318 2714 3370 tantummodo
2746 3315 2961 3383 regibus
2986 3313 3346 3379 subjaecrent.
3380 3313 3554 3380 Quam
3582 3317 3827 3368 conseri-

2245 3407 2480 3475 ptionem
2513 3421 2621 3458 suae
2648 3403 2985 3458 auctoritatis
3007 3403 3281 3472 signaculo
3301 3404 3649 3457 conﬁrmavit
3676 3403 3722 3466 ί,
3745 3408 3826 3456 at'

2245 3512 2349 3567 que
2375 3497 2620 3550 abbatem
2660 3496 2834 3565 ipsum
2865 3495 2917 3548 in
2950 3510 3044 3549 sua
3078 3495 3310 3558 remisit;
3345 3495 3436 3562 qui
3472 3496 3618 3548 idem
3645 3512 3825 3548 mona-

2245 3591 2467 3643 sterium
2515 3605 2611 3657 per
2653 3604 2824 3642 annos
2873 3588 2940 3640 40
2978 3586 3205 3641 feliciter
3254 3588 3412 3650 rexit,
3455 3587 3826 3643 Waldrammo

2244 3680 2501 3749 pracdicto
2550 3679 2618 3731 20
2659 3681 2816 3732 annis
2857 3678 3105 3731 solatium
3153 3677 3226 3730 illi
3276 3687 3593 3745 praastante.
3641 3679 3824 3733 Postea

2253 3785 2404 3834 vero,
2431 3769 2499 3822 ob
2527 3785 2686 3838 quam
2717 3785 2953 3830 causam,
2989 3777 3042 3821 et
3067 3768 3309 3836 quando,
3339 3778 3394 3821 et
3420 3770 3662 3838 qualiter
3695 3772 3824 3824 idem

2245 3861 2412 3913 abbas
2435 3877 2463 3912 a
2489 3859 2710 3914 Warin
2736 3868 2789 3911 et
2817 3858 3134 3912 lluadbardo
3159 3859 3184 3896 ε
3206 3859 3397 3911 exsilio
3419 3859 3734 3919 damnatus,
3763 3862 3822 3910 ad

2243 3963 2556 4020 perpetuam
2604 3951 2672 4004 sit
2719 3965 2970 4002 coronam
3014 3949 3329 4017 perductus,
3379 3951 3431 4002 iu
3486 3949 3647 4004 libris
3697 3952 3821 4003 Vite

2245 4041 2432 4108 ipsius,
2452 4040 2540 4109 qui
2565 4040 2706 4092 scire
2741 4039 3029 4100 desiderat,
3054 4038 3287 4106 pleuiter
3306 4039 3526 4108 degesta
3563 4041 3813 4106 reperiet.

2245 4129 2374 4184 Post
2403 4131 2517 4183 haec
2541 4145 2670 4184 vero
2700 4128 2968 4199 Sydouius
3002 4126 3433 4182 Constantiensis
3472 4130 3672 4196 prrcsul
3691 4171 3704 4192 ,
3732 4130 3814 4196 qui

2243 4230 2298 4275 et
2326 4220 2732 4284 monasterium,
2757 4218 2897 4286 quod
2927 4219 3074 4271 Auva
3106 4219 3129 4256 ιι
3160 4219 3489 4281 nominatur,
3526 4221 3582 4272 in
3608 4234 3701 4273 sua
3731 4237 3815 4288 po-

2246 4320 2436 4365 testate
2467 4310 2728 4375 habebat,
2781 4310 3162 4378 instigantibus
3209 4309 3449 4378 praefatis
3499 4313 3810 4370 comitibus,

2244 4404 2405 4474 cmpit
2434 4404 2702 4470 inquirere
2726 4402 3106 4456 monasterium
3136 4414 3402 4465 nostrum,
3425 4413 3483 4455 et
3503 4403 3556 4456 in
3585 4412 3812 4472 potesta-

2312 4586 2334 4610 ε
2350 4569 2758 4633 Waltrammus,
2775 4580 2832 4624 ut
2846 4571 3031 4624 charta
3046 4570 3168 4623 anni
3186 4569 3288 4623 779
3304 4579 3555 4635 testatur,
3577 4572 3814 4627 tribunus

2237 4655 2348 4694 erat
2393 4642 2649 4695 territorii
2687 4642 2882 4704 vicini;
2913 4641 2960 4694 is
3006 4656 3068 4694 ex
3117 4655 3285 4693 uxore
3319 4640 3600 4693 Waltrada
3634 4647 3813 4708 genuit

2239 4711 2618 4773 Waltbertuui,
2651 4711 2741 4778 qui
2770 4711 3046 4778 prazcitato
3073 4725 3214 4762 anno
3243 4725 3365 4761 cum
3394 4711 3586 4763 matris
3608 4728 3671 4764 ac
3703 4711 3808 4763 fra-

2240 4791 2378 4834 trum
2406 4797 2626 4833 assensu
2667 4780 2723 4832 S.
2756 4780 2907 4832 Gallo
2936 4780 3137 4841 vineas,
3172 4793 3331 4846 agros
3357 4789 3410 4831 et
3432 4780 3722 4832 ecclesiam
3761 4783 3813 4835 in

2241 4850 2637 4903 liumanishoru
2676 4851 2841 4917 (nunc
2876 4848 3209 4913 llomishorn)
3249 4849 3496 4911 contulit,
3534 4858 3592 4900 et
3624 4848 3718 4914 jus
3761 4852 3810 4904 iu

2239 4923 2389 4989 sylva
2422 4919 2759 4989 monasterio
2777 4919 2948 4971 vicina
2974 4917 3131 4989 ligna
3157 4918 3414 4989 caedendi,
3458 4933 3654 4986 porcos
3689 4935 3812 4988 pas—

2231 4985 2408 5052 cendi,
2438 4999 2494 5040 et
2525 4987 2800 5040 runcando
2831 4985 3050 5040 novalia
3075 4985 3347 5040 moliendi.

2308 5079 2327 5116 ί
2372 5078 2554 5146 Neque
2581 5079 2680 5130 hoc
2703 5115 2718 5141 ,
2756 5091 2929 5144 neque
2971 5090 3132 5144 supra
3167 5085 3524 5131 memoratum
3561 5078 3810 5133 donatio-

2231 5150 2314 5202 nis
2341 5148 2570 5215 diploma
2597 5156 2902 5214 supersunt.

2303 5241 2328 5279 ε
2365 5237 2621 5292 Warinus
2653 5236 2814 5290 trium
2844 5252 3100 5306 pagorum
3123 5236 3294 5291 lacum
3326 5237 3664 5292 Potamicum
3693 5254 3808 5292 arn-

2231 5309 2490 5376 bic’ntium
2522 5322 2700 5376 comes
2727 5317 2864 5371 erat,
2896 5305 3234 5376 Thurgovitc,
3259 5305 3589 5376 Linzgoviae,
3621 5317 3673 5359 et
3708 5308 3809 5360 He-

2267 5378 2418 5430 uviae.
2451 5375 2625 5429 Codex
2650 5375 2810 5427 Trad.
2846 5377 2904 5435 S.
2935 5375 3096 5429 Galﬁ.
3124 5376 3188 5428 Et
3220 5375 3497 5430 liuadliart
3524 5392 3672 5429 anno
3708 5378 3808 5429 769

2252 5449 2426 5517 egitur
2453 5461 2632 5500 comes
2655 5445 2705 5497 in
2733 5445 2894 5498 Baar.
2914 5445 3024 5517 loc.
3049 5444 3298 5517 ciuiQuis
3329 5455 3577 5500 utrorum
3601 5447 3807 5499 Well‘o-

2233 5515 2350 5572 rum
2379 5517 2535 5585 stirpi
2563 5516 2995 5585 adnumerandus
3019 5515 3112 5580 sit,
3142 5516 3425 5585 incertum.

2304 5588 2333 5628 ιι
2369 5583 2538 5655 Augia
2565 5585 2714 5641 dives
2739 5586 2791 5639 in
2818 5583 2988 5640 insula
3010 5599 3178 5655 prope
3201 5584 3573 5640 Constantiam
3596 5587 3721 5640 sita.
