3986 5366
238 306 368 363 1061

1257 299 1347 357 DE
1381 298 1670 356 CASIBUS
1708 297 2131 357 MONASTERII
2174 302 2234 358 S.
2273 303 2499 359 GALLI.

3360 311 3501 403 ίιξϐτέ

237 430 342 475 tem
394 417 736 488 episcopatus
782 416 1046 487 redigere.
1101 413 1307 483 Quibus
1331 454 1347 480 ,
1390 424 1454 470 ut
1500 413 1575 469 illi
1622 413 1813 467 solatio
1839 412 1893 472 Δ
1917 427 2033 468 sua.
2070 414 2371 488 EpiscOpus
2402 425 2583 471 autem
2606 426 2787 473 curtas
2816 427 3202 489 utrorumque,
3235 435 3373 491 quas
3402 440 3499 479 rex

235 521 441 575 essent,
467 511 729 565 beneficia
760 509 1037 580 promisit,
1066 517 1229 577 atque
1263 506 1482 562 donavit
1501 519 1529 547 ι
1549 545 1564 570 ,
1592 504 1819 560 Warino

234 602 482 658 videlicet
510 600 663 664 Vina,
695 608 749 655 et
774 599 1030 670 Turinga,
1065 608 1119 655 et
1142 599 1274 669 Engi
1296 639 1311 666 ,
1341 597 1667 652 Ruadhardo
1688 611 1818 652 vero

233 692 554 762 Anto‘lvinga
576 701 631 745 et
645 690 945 753 lizinhaha,
964 688 1142 743 Miloni
1173 698 1351 742 autem
1367 689 1628 742 advocato
1651 684 1817 756 ipsius

230 781 546 836 monasterii
574 822 589 845 ,
620 790 679 833 ιιι
716 779 792 834 illi
831 779 1080 834 solatium
1126 778 1485 833 subtraxisset
1509 777 1571 842 ιι,
1603 787 1815 831 sextam

231 873 455 935 villam,
510 886 631 941 qua:
685 871 982 926 Heimbacli
1037 879 1405 939 nuncupatur,
1465 867 1811 924 contradidit.

230 961 402 1027 Quam
427 963 497 1016 ob
527 976 640 1016 rem
663 960 916 1030 pm'falus
941 960 1227 1031 Sydnuius,
1254 960 1394 1027 quod
1423 959 1673 1028 nequiter
1696 970 1814 1012 cte-

227 1054 330 1121 pit,
354 1051 741 1106 auxiliantibus
766 1050 967 1119 iniquis
990 1050 1324 1120 principibus
1350 1050 1584 1119 pessime
1610 1048 1675 1102 ad
1706 1048 1810 1112 sui,

232 1148 294 1193 ut
324 1149 505 1209 postea
539 1155 624 1192 res
650 1139 860 1203 docuit,
898 1139 1298 1193 damnationem
1329 1138 1554 1208 perfecit
1574 1178 1589 1198 ,
1621 1152 1811 1191 mona-

228 1230 570 1299 steriumque
599 1229 772 1297 ipsum
801 1230 854 1283 in
882 1229 971 1299 jus
1004 1228 1348 1298 episcopatus
1381 1228 1606 1297 redegit.
1646 1228 1813 1297 Igitur

226 1321 521 1391 praedictus
568 1321 856 1392 episcopus
900 1320 1102 1375 fratres
1154 1319 1206 1374 in
1258 1320 1590 1374 monasterio
1638 1319 1809 1373 sancti

158 1434 165 1441 ι
227 1411 368 1468 Galli
413 1412 597 1465 multis
638 1410 850 1478 injuriis
880 1424 1093 1479 semper
1134 1409 1404 1474 alliciens,
1451 1410 1681 1478 quodam
1725 1410 1812 1464 die

225 1505 394 1558 etiam
419 1502 713 1572 majoribus
748 1504 855 1568 ibi,
885 1503 930 1557 si
966 1502 1132 1571 aliqui
1173 1510 1356 1557 essent
1385 1501 1486 1556 sibi
1516 1500 1809 1563 contrarii,

224 1595 523 1652 afﬂicturus
541 1596 848 1660 calumniis,
867 1595 1249 1649 monasterium
1278 1592 1612 1647 turbulentus
1636 1593 1812 1660 ingre-

224 1685 396 1751 ditur,
423 1694 621 1741 etcum
649 1694 774 1740 ante
803 1682 1196 1738 confessionem
1227 1693 1249 1721 ο
1282 1680 1454 1736 sancti
1479 1678 1614 1735 Galli
1651 1682 1806 1749 quasi

222 1776 481 1832 craturus
516 1775 878 1848 constitisset,
906 1771 1031 1842 quid
1062 1772 1115 1826 in
1147 1778 1326 1826 mente
1348 1769 1625 1834 habuerit,
1646 1760 1804 1838 ptﬁna

224 1868 480 1938 corporis
507 1875 562 1923 et
606 1866 815 1920 illuvies
843 1864 1077 1927 ventris,
1123 1871 1184 1916 ιιι
1212 1862 1266 1916 in
1298 1861 1418 1917 Vita
1458 1861 1629 1915 sancti
1663 1850 1803 1915 Galli

221 1959 484 2027 scriptum
513 1966 618 2020 est,
642 1953 1036 2017 manifestavit;
1066 1968 1174 2021 quo
1195 1952 1524 2007 redundante
1545 1951 1803 2021 supplicio

222 2048 292 2101 ad
317 2048 524 2102 Auvam
547 2046 808 2117 perlatus,
845 2047 910 2102 de
937 2045 1122 2107 cloaca
1151 2043 1393 2114 corporis
1417 2044 1583 2115 vitam
1622 2043 1805 2098 exala-

222 2137 300 2191 vit
328 2137 539 2208 plenam
567 2122 819 2194 miseriis.

291 2230 348 2283 5.
386 2230 513 2285 Post
541 2229 695 2298 cujus
718 2230 923 2284 obitum
951 2228 1247 2294 Johannes,
1274 2229 1570 2282 monachus
1592 2227 1803 2299 Augen-

218 2322 316 2383 sis.
352 2322 679 2377 Constantius
704 2321 987 2392 episcopus
1013 2321 1314 2385 ordinatus,
1339 2320 1615 2374 amborum
1654 2319 1801 2389 regi-

216 2428 340 2468 men
386 2414 626 2484 suscepit
668 2413 1060 2468 cmnobiorum.
1095 2411 1197 2480 Qui
1244 2421 1353 2466 tres
1403 2419 1624 2481 nepotes
1673 2425 1800 2464 suos

213 2503 507 2567 educavit,
537 2503 731 2573 quibus
761 2504 1019 2558 honorem
1049 2517 1204 2558 suum
1235 2502 1289 2556 in
1323 2500 1493 2556 tribus
1532 2500 1635 2554 illis
1666 2500 1797 2554 locis

211 2594 383 2647 situm
431 2602 553 2663 post
597 2608 749 2648 suum
798 2593 1096 2648 discessum
1144 2591 1469 2647 distribuere
1521 2589 1795 2660 cogitavit.

209 2682 328 2751 Quo
365 2684 569 2755 agnito,
594 2681 792 2738 fratres
813 2683 1093 2751 utriusque
1116 2683 1347 2737 ctenobii
1371 2681 1678 2751 episcopum
1706 2695 1799 2751 pa-

217 2773 359 2826 riter
385 2773 655 2838 adierunt,
686 2784 940 2842 rogantes
967 2783 1028 2826 ut
1052 2768 1328 2844 privilegia
1372 2772 1452 2826 eis
1478 2772 1614 2840 apud
1652 2771 1798 2839 prin-

213 2864 396 2933 cipem
441 2864 773 2933 acquireret,
807 2880 871 2919 ac
912 2872 1232 2934 potostatem
1264 2863 1496 2932 eligendi
1538 2863 1794 2925 abbates,

202 2954 275 3007 ae
298 2966 461 3018 vero,
489 2953 536 3006 si
573 2953 677 3009 hoc
719 2954 911 3017 ﬁeret,
957 2953 1174 3008 eosdem
1226 2952 1370 3007 illius
1420 2961 1643 3020 nepotes
1691 2950 1793 3006 sibi

211 3043 441 3099 abbates
469 3042 736 3098 electuros
757 3042 981 3111 polliciti
1014 3053 1159 3097 sunt.
1187 3042 1338 3107 Quod
1379 3041 1467 3096 ille
1495 3043 1791 3105 consensit,

213 3152 279 3192 ac
305 3153 363 3192 se
392 3136 663 3191 facturum
692 3135 960 3205 promisit.
1007 3134 1275 3203 Tempore
1315 3148 1446 3186 vero
1488 3138 1792 3194 transacto,

209 3226 441 3282 Carolus
464 3240 557 3280 rex
579 3239 701 3280 cum
726 3222 1032 3294 Hildigarda
1058 3221 1284 3290 conjuge
1304 3237 1398 3276 sua
1420 3218 1644 3275 Romam
1673 3233 1799 3287 pro.

210 3319 478 3383 fecturus,
511 3317 884 3373 Constantiam
914 3315 1149 3369 advenit.
1182 3313 1416 3383 Tempus
1459 3327 1587 3366 vero
1629 3325 1793 3379 opor-

210 3420 407 3466 tunum
433 3425 493 3464 se
532 3408 798 3464 invenisse
831 3405 1238 3469 existimantes,
1284 3404 1565 3472 utriuSque
1608 3416 1798 3455 mona-

170 3500 365 3555 sterii
418 3499 617 3553 fratres
661 3512 758 3568 pro
808 3496 1066 3567 praedicta
1123 3496 1447 3550 necessitate
1496 3493 1792 3563 principem

208 3591 447 3654 adeunt,
477 3590 703 3659 ejusque
729 3587 1068 3642 clementiam
1117 3584 1479 3654 interpellant.
1514 3584 1622 3637 Rex
1650 3584 1795 3638 'vero

208 3682 562 3750 episcopum,
608 3680 735 3749 quid
777 3679 843 3733 de
886 3679 986 3733 hoc
1027 3678 1099 3731 illi
1130 3677 1387 3746 placeret,
1415 3676 1789 3745 interrogavit.

209 3770 515 3839 Episcopus
554 3777 733 3821 autem
772 3776 990 3823 aeterna}
1037 3766 1389 3822 beatitudinis
1422 3767 1614 3836 gaudia
1644 3765 1792 3819 illum

206 3860 411 3916 exinde
436 3869 817 3931 perceptarum
866 3861 1174 3929 respondit,
1205 3861 1247 3914 si
1284 3860 1444 3913 talem
1486 3867 1539 3913 et
1589 3867 1793 3912 tantam

208 3955 563 4010 securitatem
587 3953 801 4008 famulis
813 3952 1012 4008 Christi
1035 3954 1238 4021 absque
1262 3953 1366 4006 ulla
1386 3950 1794 4029 perturbatione

210 4044 444 4101 Domino
479 4044 745 4099 serviendi
776 4044 1116 4097 concederet.
1145 4041 1296 4110 Quod
1329 4042 1554 4095 audiens
1578 4055 1671 4095 rex
1698 4055 1794 4110 ga-

211 4139 361 4192 visus
387 4145 505 4200 est,
547 4144 603 4191 et
644 4136 889 4206 protinus
915 4136 1196 4203 utriusque
1241 4135 1471 4189 coenobii
1505 4133 1789 4198 fratribus,

204 4227 388 4282 sancti
426 4225 564 4281 Galli
595 4225 802 4281 scilicet
823 4234 878 4279 et
900 4224 1195 4295 Augensis,
1223 4224 1526 4278 ﬁrmissima
1560 4222 1793 4277 auctorit-

206 4328 322 4374 tate
345 4318 683 4388 privilegium
710 4326 951 4387 optatum
972 4315 1317 4377 contradidit,
1332 4328 1397 4367 ac
1419 4313 1615 4382 scripta
1638 4327 1790 4365 οειιιιι.

1918 503 2034 559 ﬁeri
2064 508 2551 578 praecepit,,secum
2578 511 2820 566 retinuit.
2847 511 2983 567 Cum
3004 511 3169 581 igitur
3191 513 3334 570 idem
3359 530 3498 585 pne-

1916 594 1999 649 sul
2030 596 2188 651 finem
2213 598 2313 653 sibi
2346 599 2627 668 praesentis
2664 600 2786 654 vita;
2812 610 3165 671 cognosceret
3189 601 3495 668 imminere,

1915 696 2187 757 assumpta
2224 688 2555 758 Augensiutn
2586 688 2814 744 fratrum
2838 700 2988 745 carta
3016 692 3081 746 ad
3116 692 3288 762 ipsum
3312 708 3496 747 mona-

1915 778 2139 832 sterium
2163 779 2403 844 devenit,
2430 791 2639 834 cartam
2671 790 2850 835 autem
2885 780 3114 836 fratrum
3135 785 3203 838 de
3226 794 3495 843 monaste-

1914 869 1996 922 rio
2027 870 2199 923 sancti
2231 868 2368 924 Galli
2410 871 2464 924 in
2505 872 2722 927 scriniis
2763 872 3196 931 Constantiensis
3235 877 3492 934 Ecclesiae

1913 956 2227 1026 dereliquit,
2270 973 2337 1013 eo
2378 960 2522 1029 quod
2566 960 2863 1017 noluissent
2908 973 3156 1033 nepotem
3201 965 3344 1022 illius
3388 968 3493 1023 sibi

1910 1046 2181 1112 abbatem,
2214 1050 2352 1103 sicut
2383 1050 2589 1118 pridem
2618 1052 3010 1120 promiserant,
3040 1055 3259 1126 eligere.
3295 1057 3493 1112 Sense-

1904 1147 2035 1192 rant
2059 1140 2204 1193 enim
2230 1150 2436 1195 cartam
2470 1157 2499 1194 a
2529 1156 2661 1213 reget
2686 1144 2865 1198 datam
2889 1146 3113 1200 multum
3144 1161 3267 1204 esse
3295 1148 3490 1218 depra-

1911 1242 2112 1296 vatam,
2139 1243 2194 1287 et
2226 1233 2394 1288 multo
2422 1234 2599 1300 aliter,
2628 1249 2793 1303 quam
2827 1250 2924 1291 rex
2950 1236 3164 1305 iuberet
3188 1247 3247 1294 et
3281 1254 3369 1295 res
3398 1255 3494 1296 eo-

1910 1336 2029 1375 rum
2075 1322 2337 1394 iudigerct
2361 1364 2375 1389 ,
2417 1339 2537 1379 esse
2573 1327 2951 1397 conscriptam.
2995 1328 3202 1384 Idcirco
3240 1340 3490 1399 nepotem

1912 1412 2055 1467 illius
2101 1414 2201 1467 sibi
2249 1415 2499 1469 abbatem
2553 1414 2754 1487 eligere
2808 1418 3178 1488 neglexerant.
3227 1419 3491 1474 Similiter

1910 1512 2090 1558 autem
2117 1514 2172 1558 et
2200 1504 2397 1559 fratres
2430 1505 2656 1561 alterius
2696 1508 3008 1561 monasterii
3045 1506 3308 1563 fecerunt.
3335 1508 3489 1563 Post-

1908 1607 2072 1661 quam
2104 1593 2266 1661 igitur
2289 1595 2543 1664 praafatus
2584 1597 2870 1667 cpiswpus
2911 1598 3023 1653 vita
3070 1600 3338 1663 excessit,
3377 1600 3489 1654 Au-

1911 1697 2103 1754 genses
2128 1686 2414 1753 quemdam
2445 1702 2625 1742 senem
2655 1689 3028 1759 presbyterum
3049 1697 3105 1743 et
3128 1691 3448 1746 monachum
3468 1732 3484 1756 ,

1909 1775 2128 1828 nomine
2150 1775 2388 1839 Petrum,
2414 1777 2515 1830 sibi
2540 1777 2819 1848 elegerunt
2838 1778 3087 1833 abbatem
3109 1792 3233 1833 eum
3256 1782 3488 1835 consilio

1911 1863 2233 1934 llildigardte
2260 1867 2477 1936 reginae,
2508 1869 2663 1937 cujus
2686 1868 2849 1922 etiam
2873 1867 3201 1924 adminiculo
3236 1881 3323 1924 res
3345 1871 3487 1939 apud

1906 1955 2025 2010 illos
2078 1955 2149 2010 ita
2206 1957 2478 2025 perstitit,
2529 1957 2657 2026 quia
2702 1972 2734 2011 a
2787 1956 3022 2012 Geroldo
3076 1958 3306 2022 comite,
3359 1973 3484 2028 ger-

1904 2063 2067 2103 mano
2099 2050 2368 2118 prtedictae
2406 2050 2626 2120 regium,
2675 2050 2829 2105 locus
2860 2051 2977 2120 ipse
3026 2051 3262 2105 maxime
3289 2052 3487 2106 consti—

1903 2139 1967 2192 tit
1995 2148 2045 2193 et
2083 2141 2398 2209 augebatur.
2450 2138 2631 2194 Nostri
2687 2154 2816 2194 vero
2862 2152 2884 2179 ο
2918 2139 3226 2194 Waltonem
3264 2155 3488 2195 concae-

1902 2229 2177 2294 nobitam,
2236 2229 2409 2283 virum
2465 2229 2802 2299 sapientem,
2854 2229 2957 2283 sibi
3021 2229 3307 2295 abbatem,
3357 2244 3488 2300 rege

1900 2320 2277 2389 permittente,
2326 2320 2746 2375 constituerunt.
2794 2319 2904 2374 Sed
2950 2320 3140 2373 nonin
3189 2320 3352 2374 tinem
3395 2336 3485 2376 res

1903 2408 1975 2462 ita
2008 2411 2333 2479 permansit,
2363 2420 2423 2464 ut
2450 2410 2503 2465 in
2533 2411 2886 2480 sequentibus
2923 2408 3215 2479 manifeste
3240 2410 3485 2467 declara-

1901 2499 2097 2554 bimtts.
2553 2532 2557 2537 ι
3257 2490 3266 2498 ’

1968 2590 2022 2643 4.
2056 2590 2185 2644 Post
2209 2590 2415 2644 obitum
2441 2603 2572 2645 vero
2602 2589 2865 2646 Johannis
2890 2591 3129 2660 episcopi
3156 2591 3331 2662 Egino
3369 2597 3484 2661 epi-

1900 2680 2065 2748 scopii
2091 2678 2525 2734 Constantieusis
2545 2678 2669 2748 jura
2706 2680 2966 2750 suscepit,
3000 2681 3090 2750 qui
3131 2696 3256 2734 mox
3298 2681 3481 2737 omnia

1898 2768 2218 2822 insidiarum
2246 2782 2446 2838 genera
2471 2769 2617 2823 circa
2641 2769 3033 2823 monasterium
3061 2778 3304 2823 nostrum
3326 2783 3480 2822 exer-

1898 2877 2025 2916 cere
2051 2877 2155 2915 non
2193 2870 2467 2926 metuens,
2499 2863 2657 2917 sicuti
2698 2863 2969 2934 Sydonius
3007 2872 3254 2918 sanctum
3282 2864 3485 2918 'Otma-

1897 2966 2040 3015 rum,
2075 2953 2144 3006 ita
2173 2960 2226 3004 et
2257 2952 2357 3005 iste
2380 2951 2689 3007 Waltonem
2721 2954 2970 3022 persequi
2998 2956 3160 3022 εαψίι
3195 2955 3445 3008 abbatem
3464 2993 3482 3019 ,

1898 3054 2163 3110 quatenus
2193 3043 2386 3095 iterum
2417 3057 2674 3110 perverso
2714 3056 2864 3097 more
2911 3051 3316 3098 antecessorum
3361 3058 3486 3097 suo-

1899 3148 2016 3185 rum
2049 3133 2380 3201 episcopatui
2413 3131 2704 3199 subjiceret
2735 3135 3144 3187 monasterium.
3174 3132 3344 3202 Hujus
3384 3133 3485 3205 igi-

1897 3234 1988 3278 tur
2015 3225 2091 3277 rei
2122 3224 2295 3294 gratia
2331 3224 2686 3293 optimatibus
2717 3225 2859 3294 regis
2894 3226 3094 3294 praedia
3133 3234 3191 3280 et
3227 3226 3486 3295 pecunias

1894 3314 2123 3370 contulit
2151 3314 2424 3378 infinitas,
2461 3312 2691 3384 illosque
2718 3315 2783 3368 ad
2815 3329 3141 3369 consensum
3171 3329 3327 3370 suum
3361 3320 3499 3385 pro-'
3540 3370 3559 3383 ,

1893 3418 2128 3470 vocans,
2163 3404 2621 3473 muneribusque,
2648 3412 2709 3458 ut
2734 3405 2994 3473 scriptum
3019 3414 3137 3470 est,
3180 3406 3347 3460 etiam
3389 3420 3481 3459 sa-

1892 3501 2135 3569 pientum
2182 3497 2402 3554 obtutus
2451 3512 2752 3562 excaecans,
2799 3498 2943 3567 quod
2986 3498 3235 3568 nequiter
3284 3498 3481 3566 ccepit,

1896 3590 2108 3645 illorum
2153 3587 2479 3644 adminiculo
2529 3588 2767 3657 pessime
2808 3587 3126 3656 complevit;
3176 3587 3483 3655 iterumque

1896 3679 2282 3733 monasterium
2308 3691 2412 3730 non
2430 3676 2569 3745 aequi
2592 3676 2970 3731 observatione
2992 3677 3272 3747 episcopio
3289 3675 3483 3744 subjici

1894 3768 2043 3824 fecit.
2076 3769 2303 3823 Carolus
2333 3780 2463 3820 vero
2487 3780 2713 3821 serenus
2748 3774 3038 3836 angustus,
3063 3779 3187 3820 cum
3223 3764 3484 3820 voluisset

1892 3859 2210 3929 praedictum
2243 3856 2495 3912 abbatem
2519 3870 2643 3910 cum
2676 3856 2931 3926 episcopo
2959 3855 3247 3925 pacificate
3265 3895 3279 3920 ,
3309 3870 3374 3911 eo
3402 3855 3481 3911 vi-

1896 3948 2094 4005 delicet
2120 3955 2298 4018 pacto,
2324 3956 2383 4000 ut
2404 3946 2642 4015 episcopi
2669 3955 2938 4016 praecepto
2965 3946 3242 4010 obediens,
3269 3945 3481 3999 abbatis

1894 4041 2071 4096 locum
2107 4039 2160 4094 in
2207 4036 2536 4093 monasterio
2573 4045 2790 4107 ageret;
2825 4034 3082 4105 praefatus
3111 4034 3340 4098 Waido,
3372 4048 3481 4088 non

1896 4128 2083 4185 valens
2134 4129 2336 4184 diutius
2394 4141 2635 4196 praesens
2696 4125 2890 4182 intueri
2963 4132 3172 4179 tantam
3230 4123 3484 4192 dejectio-

1895 4236 2018 4275 nem
2058 4235 2303 4284 suorum,
2354 4217 2461 4272 tale
2510 4216 2684 4271 fertur
2730 4217 2841 4287 regi
2878 4216 3092 4270 dedisse
3125 4227 3477 4282 responsum:

1896 4312 2026 4365 Cum
2051 4312 2213 4374 enim,
2246 4306 2439 4376 inquit,
2465 4307 2624 4360 semel
2660 4323 2852 4361 manus
2881 4315 3062 4359 vestrm
3106 4303 3481 4356 dominationis

210 4412 402 4466 nitatis
431 4412 497 4464 ad
530 4411 641 4464 lucc
670 4410 855 4463 eadem
892 4407 1167 4461 retinenda
1202 4405 1316 4459 ﬁeri
1360 4405 1607 4475 prazcepit
1628 4445 1642 4467 ,
1671 4418 1790 4473 qua:
1815 4415 1871 4477 Ῑ)
1898 4406 2184 4472 ingressus,
2213 4409 2372 4454 tanta:
2395 4398 2718 4453 celsitudinis
2739 4398 2910 4451 merui
2935 4395 3166 4449 dominio
3186 4393 3481 4455 sublimari,

209 4502 491 4574 signaculo
542 4516 653 4555 suae
703 4498 1043 4553 auctoritatis
1097 4494 1416 4561 lirmavitd,
1460 4495 1791 4549 constituens

210 4605 374 4666 atque
404 4594 748 4664 praecipiens,
781 4598 834 4643 ut
864 4599 983 4660 post
1008 4598 1233 4642 mortem
1262 4588 1497 4658 episcopi
1541 4586 1789 4642 moaaclii

211 4686 593 4758 praedictorum
651 4681 1103 4736 monasteriorum
1154 4678 1475 4749 potestatem
1531 4677 1794 4735 haberent

210 4780 311 4834 sibi
338 4776 566 4853 eligendi
595 4774 831 4835 abbates,
858 4782 910 4828 et
939 4781 994 4826 ut
1020 4771 1147 4825 nulli
1169 4771 1373 4840 absque
1402 4768 1615 4838 regibus
1639 4770 1796 4825 dein-

210 4887 339 4941 ceps
364 4877 546 4924 essent
573 4864 820 4939 subjecti.
849 4865 1068 4920 Fratres
1100 4863 1263 4934 igitur
1290 4862 1400 4917 lzeti
1433 4860 1710 4921 redierunt
1739 4870 1794 4926 in

278 5097 306 5126 ι
346 5086 711 5140 Asservantur
740 5086 913 5139 adhuc
939 5084 1398 5156 chartteg.‘qttibu_s
1418 5078 1474 5133 S.
1508 5078 1640 5138 Galli
1671 5107 1797 5156 om-

209 5158 428 5210 nubium
459 5155 614 5211 villas
645 5156 744 5209 bas
789 5155 1092 5220 acquisivit.
1145 5150 1314 5207 Vinia:
1355 5150 1423 5202 de
1466 5164 1621 5206 anno.
1646 5150 1798 5220 75;]-

1898 4509 2225 4562 nequaquam
2253 4498 2480 4563 postha’c
2514 4490 2641 4543 dum
2680 4492 2862 4543 horum
2894 4487 3053 4539 trium
3094 4487 3379 4555 digitorum
3409 4485 3483 4537 vi-

1896 4599 2071 4656 gorem
2086 4586 2344 4654 integrum
2366 4591 2536 4643 teneo,
2550 4611 2618 4621 —
2632 4595 2758 4635 nam
2779 4581 3014 4648 scriptor
3028 4586 3147 4630 erat
3158 4576 3486 4639 eximius,—

1897 4674 2093 4730 rilioris
2134 4690 2372 4742 personae
2405 4672 2644 4726 manibus
2672 4687 2755 4727 me
2785 4669 3010 4726 subdere
3032 4667 3255 4720 decrevi.
3301 4666 3489 4735 Itaque

1901 4782 2021 4822 cum
2049 4779 2320 4824 consensu
2346 4762 2511 4833 ipsius
2535 4763 2884 4834 imperatoris
2924 4756 2992 4812 ad
3025 4757 3263 4812 vicinum
3303 4769 3497 4810 mona-

1904 4856 2150 4921 sterium,
2186 4857 2335 4935 quod
2364 4854 2511 4908 Aura
2540 4853 2874 4919 nominatur,
2889 4846 3093 4904 ibidem
3120 4851 3495 4903 commoratu-

1910 5090 2030 5137 cum
2054 5070 2312 5146 ξιιιοηιο
2351 5072 2591 5146 episcopo
2611 5078 2823 5146 pactum
2844 5071 2953 5146 boc
2975 5056 3167 5146 initum

1989 5126 2027 5186 εί
2053 5126 2486 5220 laesisse
2510 5126 2672 5213 «ostri
2701 5126 3527 5220 means-2rr)::;er:ii.f1‘.‘

2924 5217 2945 5219 γ,
2961 5195 3243 5220 -.Μαι-..κων
3260 5194 3498 5220 ,ιικιονη
