4026 6308
541 367 678 419 1065

1523 353 1935 409 RATPERTUS
1971 351 2490 406 SANGALLENSIS
2524 351 2770 407 ABBAS.

3649 357 3789 412 ίοα

541 496 654 543 rus,
681 477 913 531 devenit.
949 472 1046 527 Ubi
1078 480 1258 539 postea
1290 468 1454 522 abbas
1473 466 1674 519 electus
1700 473 1862 532 atque
1885 461 2105 516 ordina-
2131 466 2176 521 A
2208 461 2441 515 nasterio
2469 469 2629 527 atque
2662 473 2844 512 secum
2876 467 3081 513 ca'rtam
3109 468 3372 529 portante,
3403 475 3669 532 episeopo
3701 483 3788 521 res

541 582 645 632 tns,
679 569 744 623 ad
779 567 1020 621 ultimum
1050 560 1435 616 monasterium
1466 555 1636 612 saneti
1661 553 1899 622 Dionysii
1924 565 1949 591 ο
1982 565 2105 605 sus-

540 661 680 728 cepit
708 655 1014 726 regendum.

610 750 660 800 5.
695 747 844 797 'l‘unc
887 741 1173 812 praedictus
1214 738 1497 806 episcopus
1534 747 1812 787 assumens
1837 731 2102 799 quendam

538 835 908 905 presbyterum
939 830 1204 885 forensem
1229 828 1274 889 ι),
1300 826 1515 880 nomine
1539 823 1887 886 Werdonem,
1912 823 2104 876 obtulit

539 940 662 978 eum
711 923 776 975 ad
819 928 1062 975 nostrum
1093 916 1515 977 monasterium,
1566 923 1623 966 ut
1660 914 1908 982 abbatem
1954 911 2101 964 illum

536 1012 934 1076 constituisset;
968 1025 1035 1065 ne
1059 1049 1076 1075 ,
1117 1011 1160 1064 si
1191 1009 1256 1062 de
1299 1005 1579 1061 monachis
1620 1004 1821 1058 eisdem
1866 1001 2100 1069 aliquem

535 1105 858 1166 ordinasset,
899 1114 986 1156 res
1014 1101 1081 1153 ab
1110 1113 1174 1153 eo
1205 1099 1542 1168 aliquatenus
1582 1094 1775 1148 cedere
1803 1092 2096 1146 videretur.

536 1199 704 1263 Quem
737 1205 913 1250 tamen
947 1193 1194 1247 monachi
1234 1191 1287 1244 in
1329 1189 1422 1243 tali
1461 1187 1643 1242 habitu
1675 1192 2100 1239 commanentem

534 1287 754 1340 minime
779 1290 1131 1352 susceperunt
1168 1280 1437 1334 abbatem.
1481 1277 1635 1345 Quod
1680 1291 1800 1331 cum
1846 1275 2101 1329 sensisset

534 1376 674 1429 idem
700 1373 931 1438 Werdo,
959 1386 1080 1425 cum
1118 1369 1528 1424 conversatione
1567 1366 1808 1420 habitum
1837 1364 2097 1428 mutavit,

531 1475 587 1518 et
615 1474 740 1518 tunc
767 1464 984 1518 demum
1018 1460 1350 1515 monachieis
1380 1459 1599 1513 indutus
1623 1457 1958 1511 vestimentis
1981 1471 2098 1509 sus-

530 1561 736 1621 ceptus,
785 1561 979 1620 atque,
1011 1557 1071 1602 ut
1112 1549 1428 1602 decreverat
1467 1545 1780 1617 episcopus,
1810 1544 1976 1598 abbas
2017 1549 2099 1597 est

527 1641 828 1694 ordinatus.
859 1639 1012 1694 Tunc
1039 1652 1187 1703 vero,
1217 1633 1448 1705 quodam
1475 1647 1743 1703 perversa:
1775 1629 1899 1685 ﬁdei
1939 1639 2096 1700 pacto

529 1733 673 1787 inter
693 1732 1001 1801 episcopum
1032 1739 1084 1783 et
1108 1729 1357 1783 abbatem
1377 1735 1566 1780 contra
1588 1724 1972 1778 monachorum
2004 1736 2096 1775 ne-

2204 550 2453 614 innotuit,
2500 549 2590 617 qui
2638 549 2884 618 protinus
2927 548 3144 605 directis
3191 550 3264 603 illi
3311 554 3629 609 muneribus
3681 571 3788 611 non

2203 641 2402 709 parvis,
2431 639 2711 708 prmfatum
2739 649 2965 704 cartam,
3014 640 3152 694 sicut
3180 641 3266 696 diu
3294 645 3518 713 cupivit,
3572 650 3790 717 accepit

2201 737 2362 798 atque
2393 729 2446 782 in
2469 743 2620 782 suam
2646 736 2963 797 potestatem
2994 731 3217 800 redegit.
3269 731 3462 787 Statim
3513 750 3648 791 vero
3688 754 3786 792 cu-

2201 819 2354 886 piens
2383 819 2594 887 penitus
2613 814 2827 873 omnem
2857 834 3006 888 spem
3028 822 3329 877 securitatis
3349 825 3559 880 nostris
3603 827 3788 881 anfer-

2203 923 2281 972 re,
2327 909 2392 963 ad
2436 909 2610 978 ipsum
2649 912 3036 965 monasterium
3077 913 3242 977 venit,
3273 925 3436 984 atque
3461 918 3788 973 cautissima

2202 1001 2610 1072 investigatione
2630 1001 2947 1071 perquisivit
2974 1002 3019 1056 si
3043 1003 3234 1060 alicubi
3264 1005 3476 1075 aliquod
3501 1009 3790 1078 exemplar

2202 1091 2368 1160 ipsius
2389 1100 2556 1146 cat-tae
2600 1091 2828 1146 inveniri
2865 1093 3124 1161 potuisset
3152 1093 3199 1146 τ.
3239 1095 3390 1160 Quod
3418 1111 3546 1151 cum
3577 1113 3792 1166 nequa-

2199 1197 2358 1250 quam
2389 1181 2704 1244 invenisset,
2736 1182 2862 1251 quia
2885 1183 3104 1238 omnino
3128 1200 3230 1238 non
3258 1194 3393 1249 erat,
3427 1186 3676 1241 delatum
3703 1200 3789 1243 est

2198 1274 2270 1333 ei,
2305 1274 2447 1342 quod
2484 1273 2828 1342 Amalgarius
2865 1277 2889 1315 ⁸
2929 1277 3220 1330 monachus
3256 1285 3312 1330 et
3353 1277 3620 1332 diaconus
3660 1295 3786 1334 eam

2199 1361 2490 1430 exemplari
2522 1363 2734 1418 tradere
2762 1363 3037 1418 voluisset.
3077 1364 3241 1434 Cujus
3270 1365 3398 1420 facti
3421 1366 3552 1421 licet
3576 1367 3674 1422 ille
3699 1385 3787 1425 se-

2199 1467 2361 1506 curus
2385 1461 2546 1514 esset,
2583 1460 2762 1506 tamen
2793 1468 3132 1524 nequaquam
3174 1456 3239 1509 de
3283 1457 3386 1510 hoc
3424 1457 3589 1511 aliter
3636 1461 3786 1527 apud

2197 1543 2506 1610 episcopum
2534 1555 2592 1595 se
2616 1542 2790 1610 potuit
2813 1557 3097 1607 excusare,
3134 1543 3235 1597 nisi
3268 1543 3322 1597 in
3359 1543 3558 1598 altario
3603 1547 3786 1601 sancti

2198 1629 2333 1684 Galli
2373 1645 2497 1685 eum
2516 1629 2823 1698 juramento
2846 1631 3104 1696 ﬁrmaret,
3133 1645 3231 1686 nec
3250 1646 3311 1686 se
3334 1646 3454 1687 eam
3485 1634 3595 1688 ullo
3622 1638 3786 1706 modo

2199 1717 2400 1795 habere
2436 1718 2714 1786 scriptam,
2755 1733 2856 1775 nec
2888 1720 2941 1774 in
2971 1719 3149 1789 aliquo
3172 1720 3292 1776 loco
3317 1722 3456 1777 scire
3491 1737 3618 1777 esse
3653 1739 3788 1778 oon-

525 1792 806 1877 cessitates
826 1792 1036 1883 eli'ecto,
1070 1835 1154 1874 res
1175 1827 1373 1873 nostra:
1393 1817 1562 1885 magis
1579 1830 1643 1869 ac
1671 1814 1840 1884 magis
1863 1814 1915 1866 in
1941 1812 2100 1868 deso-
2128 1792 2172 1850 Β
2202 1809 2478 1876 scalptum.
2559 1809 2710 1864 Tunc
2769 1809 2983 1865 demum
3022 1811 3326 1880 episcopus,
3382 1827 3611 1867 securus
3673 1830 3784 1868 sua:

530 1913 782 1965 lationem
817 1926 1043 1980 vergere
1071 1915 1368 1977 cmperunt,
1396 1922 1518 1961 cum
1549 1906 1602 1959 hi
1627 1905 1716 1974 qui
1750 1911 1954 1958 tutores
1976 1917 2096 1956 esse

526 2002 846 2066 debuerant,
874 2000 1204 2063 aﬁlixissent,
1227 2009 1282 2052 et
1302 1997 1481 2051 nullus
1509 2004 1652 2051 esset
1669 2010 1733 2049 ex
1758 1994 1976 2058 nostris,
2002 1993 2094 2062 qui

526 2108 621 2146 eos
660 2092 947 2161 prohibere
996 2091 1274 2159 potuisset.
1341 2087 1656 2162 Habuerunt
1693 2093 1874 2139 autem
1917 2083 2094 2138 adhuc

526 2184 723 2237 fratres
777 2181 1084 2236 monasterii
1138 2179 1307 2234 nostri
1361 2177 1725 2231 ﬁrmissimum
1783 2173 2094 2228 emunitatis

525 2283 869 2343 praseeptum,
910 2271 1054 2339 quod
1084 2270 1254 2323 beatae
1277 2267 1550 2322 memoriae
1574 2267 1802 2320 domnus
1837 2263 2092 2332 Pippinus

525 2382 620 2420 rex
649 2365 754 2419 illis
781 2363 949 2418 scribi
973 2363 1230 2433 jusserat,
1274 2359 1597 2428 propriaque
1635 2371 1792 2410 manu
1823 2355 2090 2409 ﬁrmatum

521 2456 963 2518 contradiderat,
993 2454 1046 2506 in
1082 2467 1190 2521 quo
1227 2453 1390 2506 etiam
1429 2449 1655 2504 multum
1697 2447 1884 2503 conﬁsi
1929 2455 2090 2501 sunt:

523 2545 665 2616 quod
697 2535 859 2611 etiam
907 2544 1048 2598 idem
1077 2543 1360 2612 episcopus
1408 2541 1643 2594 maximo
1671 2539 1850 2593 studio
1897 2538 2093 2607 smpius

523 2637 897 2705 investigabat,
919 2635 1014 2688 sed
1039 2633 1278 2687 invenire
1299 2648 1404 2686 non
1431 2640 1663 2700 poterat.
1680 2630 1859 2700 Ipsum
1880 2642 2093 2697 quoque

521 2735 844 2794 pmiceptum
865 2763 880 2789 ,
912 2723 1052 2792 quod
1077 2723 1324 2791 superius
1346 2736 1377 2774 a
1402 2719 1594 2774 Carolo
1634 2719 1960 2788 imperatore
1992 2717 2091 2772 sub

521 2813 760 2868 Iohanne
802 2813 1054 2882 episcopo
1101 2809 1302 2865 factum
1344 2808 1785 2871 monstravimus,
1833 2807 2008 2862 adhuc
2036 2807 2089 2862 in

517 2905 844 2959 Constantiae
864 2903 1078 2958 scriniis
1105 2903 1377 2956 detentum
1397 2939 1410 2962 ,
1445 2916 1475 2953 a
1504 2899 1783 2953 monachis
1822 2914 1926 2953 non
1955 2899 2093 2953 reci-

519 2994 787 3062 piebatur,
815 3007 878 3044 eo
904 2991 1068 3058 quod,
1098 2997 1154 3040 ut
1183 2988 1438 3056 superius
1457 2987 1711 3049 diximus,
1743 2987 2090 3055 depravatum

520 3092 680 3151 atque
708 3089 897 3135 contra
927 3078 1265 3148 imperatoris
1291 3084 1616 3147 praeceptum
1650 3075 1968 3145 illorumque
1997 3089 2090 3130 ue-

519 3174 829 3228 cessitatem
853 3172 1042 3227 fuisset
1069 3172 1450 3240 conscriptum.
1473 3169 1718 3243 Contigit
1742 3179 1922 3224 autem
1954 3177 2090 3224 tem-

517 3278 650 3334 pore
699 3265 929 3334 quodam
977 3262 1336 3316 Wolt'barium
1385 3261 1696 3316 Reminsem
1743 3261 2088 3330 episcopum,

518 3355 784 3424 legatione
814 3369 846 3407 a
877 3357 1074 3407 domno
1104 3351 1296 3406 Carolo
1326 3351 1427 3406 sibi
1456 3350 1696 3418 injuneta
1717 3389 1734 3418 ,
1763 3349 2003 3418 justitias
2035 3351 2087 3404 in

517 3445 708 3498 lthetia
724 3443 980 3498 Curiense
1001 3442 1271 3497 faciendas
1294 3453 1341 3507 ε,
1366 3443 1432 3496 ad
1454 3443 1625 3511 ipsum
1643 3457 1834 3512 pagum
1856 3443 2090 3507 venisse,

517 3535 746 3602 indeque
795 3547 1068 3586 reversum
1107 3532 1173 3586 ad
1217 3541 1460 3586 nostrum
1502 3533 1884 3586 monasterium
1926 3533 2091 3586 deve-

516 3626 683 3690 nisse,
715 3625 912 3694 ibique,
935 3635 1096 3693 prout
1130 3624 1237 3679 illis
1276 3623 1504 3678 facultas
1537 3633 1675 3688 erat,
1706 3623 1936 3693 benigne
1966 3640 2089 3680 sus-

513 3725 722 3786 ceptus,
749 3716 944 3770 devoto
982 3715 1202 3769 servitio
1225 3703 1556 3769 sustentatus
1576 3723 1678 3770 est.

585 3807 754 3874 Quem
799 3822 920 3861 cum
979 3821 1085 3860 non
1139 3807 1330 3860 lateret
1375 3791 1643 3860 calomnia
1697 3813 1751 3860 et
1803 3804 2088 3873 injustitia,

513 3915 648 3970 quas
677 3899 818 3969 passi
847 3907 971 3954 sunt
1001 3898 1185 3953 incola:
1212 3898 1523 3952 monasterii
1557 3898 1746 3962 nostri,
1776 3899 2089 3967 praedictum

513 3989 824 4043 emunitatis
852 3996 1174 4056 praeceptum
1216 3986 1314 4040 sibi
1353 3987 1636 4041 ostendere
1680 3988 1904 4056 rogavit,
1949 3989 2090 4056 quod

517 4095 640 4133 cum
667 4079 889 4132 vidisset
918 4093 981 4131 ac
1013 4076 1343 4146 perlegisset,
1385 4077 1626 4130 hortatus
1655 4085 1739 4130 est
1766 4091 1877 4142 eos,
1903 4084 1961 4132 ut
1991 4092 2088 4147 per

515 4167 748 4236 aliquem
793 4167 956 4219 ﬁdum
1007 4166 1276 4220 hominem
1326 4166 1594 4219 ﬁrmitatis
1639 4175 1844 4220 cartam
1892 4168 2090 4222 domno

515 4255 829 4324 imperatori
872 4254 1186 4324 dirigerent,
1215 4269 1274 4309 se
1299 4269 1427 4308 vero
1463 4269 1547 4310 res
1584 4270 1769 4309 eorum
1799 4266 1955 4311 notas
1986 4259 2086 4310 im-

515 4347 746 4416 peratori
777 4346 1067 4407 facturum.
1103 4354 1263 4414 atque
1297 4345 1554 4398 auxilium
1597 4346 1700 4400 illis
1739 4347 2088 4414 praebiturum

2196 1899 2486 1954 voluntatis
2524 1898 2760 1964 effectus,
2797 1900 2956 1955 rediit
3000 1901 3053 1955 in
3099 1916 3228 1967 sua,
3282 1903 3444 1972 atque
3495 1906 3784 1959 monachis

2195 1992 2417 2055 nostris,
2447 1992 2537 2060 qui
2565 2007 2747 2048 secum
2778 1992 2919 2047 soliti
2944 2000 3099 2047 erant
3131 1996 3477 2058 commorari,
3510 1997 3674 2066 quasi
3710 1997 3783 2050 ob

2195 2083 2353 2138 aliam
2387 2100 2601 2140 causam
2632 2101 2660 2139 a
2687 2098 2749 2141 se
2773 2083 2915 2141 foras
2942 2087 3287 2163 transmissis,
3335 2101 3462 2156 sepe
3507 2102 3786 2142 memora-

2198 2182 2305 2226 tam
2340 2184 2545 2228 cartam
2582 2175 2794 2246 ignibus
2820 2175 3036 2230 tradidit
3061 2184 3221 2246 atque
3261 2177 3316 2232 in
3353 2175 3598 2232 favillam
3631 2180 3786 2234 rede-

2193 2261 2289 2329 git,
2315 2271 2371 2314 ut
2396 2272 2579 2331 postea
2605 2279 2690 2319 res
2719 2264 2872 2319 nobis
2897 2264 3145 2319 innotuit.
3603 2317 3606 2320 .
3707 2331 3716 2338 ,

2275 2354 2628 2423 Temporibus
2673 2369 2802 2411 vero
2855 2357 3158 2420 transactis,
3198 2356 3367 2427 Egino
3396 2357 3695 2428 episcopus
3723 2357 3788 2414 l-

2194 2464 2315 2503 uem
2344 2449 2464 2500 vita:
2489 2445 2765 2515 praesentis
2795 2445 2999 2514 accepit
3021 2460 3162 2501 anno
3183 2446 3251 2501 ab
3275 2447 3662 2512 incarnatione
3681 2448 3792 2502 Do-

2195 2539 2324 2593 mini
2352 2539 2474 2599 8I'5,
2512 2551 2652 2590 anno
2677 2544 2856 2590 autem
2891 2536 3100 2605 imperii
3149 2536 3179 2576 ιι
3224 2533 3784 2604 Caroliserenissimi

2194 2628 2402 2694 augusti
2429 2625 2518 2678 46.
2558 2625 2687 2680 Post
2707 2624 2859 2692 cujus
2883 2625 3086 2680 obitum
3113 2624 3484 2694 episcopatum
3513 2624 3788 2679 Constan-

2196 2717 2383 2772 tiensis
2428 2714 2680 2770 Ecclesia:
2730 2715 2954 2784 adeptus
3003 2722 3088 2770 est
3129 2713 3403 2778 Wolﬁeoz,
3455 2715 3784 2769 monasterii

2193 2808 2364 2862 sancti
2399 2805 2535 2860 Galli
2565 2803 2876 2859 etenobiota.
3169 2819 3174 2822 ·

2265 2900 2318 2953 6.
2357 2895 2631 2950 Werdonc
2677 2909 2807 2948 vero
2848 2893 3042 2948 abbate
3088 2899 3274 2961 postea
3318 2891 3489 2944 vitam
3537 2891 3780 2956 ﬁniente,

2194 2991 2508 3052 Cozbertus,
2539 2988 2775 3055 ejusdem
2810 2987 3238 3056 congregationis
3259 2986 3578 3050 monachus,
3605 3003 3637 3037 a
3671 2986 3786 3038 fra-

2199 3079 2369 3134 tribus
2415 3087 2497 3132 est
2545 3077 2681 3130 abba
2726 3074 2953 3140 electus,
3000 3083 3056 3128 et
3099 3074 3404 3139 ordinatus,
3433 3074 3522 3129 vir
3567 3085 3778 3128 statura

2195 3183 2451 3239 procerus
2479 3208 2494 3232 ,
2558 3166 2818 3236 sapientia
2874 3179 3086 3235 quoque
3145 3180 3468 3233 morumque
3518 3167 3777 3236 dignitate

2189 3259 2512 3330 praecipuus,
2537 3271 2679 3312 anno
2704 3257 2771 3310 ab
2797 3257 3168 3311 incarnatione
3210 3257 3422 3311 Domini
3474 3257 3598 3323 8l6,
3638 3273 3778 3311 anno

2189 3360 2368 3404 autem
2412 3350 2621 3420 imperii
2662 3347 2955 3403 ﬂludowici
3007 3348 3380 3418 imperatoris,
3426 3349 3524 3403 ﬁlii
3565 3350 3776 3420 praefati

2190 3443 2367 3498 Caroli
2390 3441 2620 3510 augusti,
2653 3441 2811 3497 tertio
2843 3443 2890 3493 i.
2928 3440 3059 3495 Cum
3090 3440 3251 3510 igitur
3285 3439 3532 3496 Woﬂeoz
3566 3444 3779 3512 episco-

2190 3550 2291 3604 pus
2328 3541 2489 3589 more
2513 3543 2913 3588 antecessorum
2940 3548 3157 3588 suorum
3179 3535 3340 3589 etiam
3372 3550 3568 3590 causas
3599 3552 3780 3590 mona-

2191 3623 2340 3678 sterii
2403 3637 2513 3677 suae
2567 3621 2855 3690 subjiceret
2897 3622 3125 3686 ditioni,
3185 3623 3372 3678 incola:
3423 3628 3776 3692 monasterii,

2190 3714 2344 3784 quasi
2392 3713 2444 3766 in
2475 3714 2690 3782 proprio
2737 3712 2904 3768 fratre
2944 3723 2999 3768 et
3033 3729 3312 3779 conservo,
3349 3717 3781 3772 consolationem

2191 3806 2244 3859 in
2275 3821 2339 3859 eo
2361 3821 2420 3860 se
2442 3805 2640 3860 habere
2676 3819 2834 3874 posse
2861 3806 3048 3859 conﬁsi
3077 3814 3230 3869 sunt;
3273 3805 3362 3861 ille
3390 3823 3520 3862 vero
3551 3825 3660 3862 non
3690 3825 3777 3863 so-

2192 3895 2299 3949 lum
2336 3895 2517 3949 mitior
2541 3896 2750 3950 caneris
2773 3911 2878 3949 non
2908 3895 3165 3960 existens,
3194 3895 3368 3965 aliqua
3403 3898 3455 3951 in
3488 3910 3650 3966 parte
3678 3899 3778 3954 illis

2191 3990 2255 4042 de
2279 3987 2471 4058 quibus
2498 3987 2644 4041 venit
2674 3987 2932 4056 pepercit,
2955 3989 3048 4042 sed
3072 3988 3257 4052 etiam,
3293 3988 3347 4042 in
3380 3999 3651 4058 quantum
3687 4005 3778 4058 po-

2193 4080 2315 4144 tuit,
2347 4093 2495 4132 more
2527 4078 2843 4133 Hieroboam
2875 4078 3100 4148 digitum
3137 4094 3295 4134 suum
3326 4080 3489 4134 dorso
3529 4093 3780 4135 anteces-

2191 4184 2374 4223 sorum
2400 4182 2619 4223 suorum
2640 4182 2766 4238 erga
2805 4167 2904 4221 sibi
2948 4168 3215 4238 subjectos
3253 4170 3586 4240 grossiorem
3619 4171 3773 4225 exhi-

2192 4261 2322 4316 bere
2354 4259 2598 4323 tentavit,
2631 4259 3027 4328 monachosque
3075 4262 3141 4314 de
3175 4260 3370 4328 quibus
3414 4262 3611 4323 exivit,
3654 4277 3773 4315 ces-

2191 4361 2342 4406 sante
2370 4351 2610 4421 priorum
2632 4350 2897 4419 exemplo,
2927 4349 3161 4420 allligere
3203 4367 3308 4405 non
3360 4351 3592 4406 destitit.
3648 4353 3776 4418 Quae

513 4437 779 4508 promisit.
835 4435 999 4506 Cujus
1035 4436 1259 4490 consilio
1293 4437 1708 4500 consentientes,
1753 4437 1962 4490 cuidam
1997 4453 2087 4492 va-
2115 4463 2163 4522 ι)
2190 4443 2392 4505 omnia,
2425 4450 2626 4510 quanta
2653 4449 2707 4494 et
2735 4441 2912 4510 qualia
2936 4441 3155 4504 fuerint,
3182 4459 3288 4495 non
3318 4441 3474 4497 decet
3497 4445 3772 4497 memoriae

513 4528 645 4582 sallo
670 4527 1030 4596 imperatoris,
1070 4526 1281 4580 nomine
1312 4527 1694 4596 Engilrammo,
1727 4529 1778 4581 iu
1807 4528 1957 4597 cujus
1985 4531 2087 4585 ﬁde

514 4618 738 4671 multum
793 4616 1202 4686 praesumebant,
1249 4617 1418 4686 ipsam
1462 4628 1664 4670 cartatn
1716 4618 1878 4673 immo
1926 4622 2086 4675 totius

513 4707 818 4761 securitatis
852 4706 879 4744 ά
919 4722 1068 4775 spem
1103 4708 1632 4762 commendaverunt.
1675 4709 1774 4776 Qui
1816 4711 1978 4764 etiam
2028 4711 2083 4764 in

513 4799 705 4852 altario
755 4798 926 4852 sancti
973 4796 1107 4852 Galli
1142 4797 1348 4865 jnravit
1398 4814 1456 4852 se
1504 4799 1671 4866 ipsam
1717 4809 1922 4853 cartam
1972 4802 2083 4870 regi

512 4888 867 4956 perlaturum,
905 4898 1065 4956 atque
1107 4889 1237 4958 ipsis
1285 4887 1562 4941 monachis
1608 4887 1921 4942 cautissime
1967 4905 2086 4944 esse

516 4979 882 5042 redditurum;
929 4978 1090 5050 quod,
1134 4979 1390 5031 suadente
1430 4977 1668 5041 diabolo,
1719 4978 1875 5032 aliter
1925 4995 2084 5048 quam

513 5071 850 5138 promisisset
881 5081 903 5109 θ
932 5069 1125 5124 eﬁecit.
1176 5070 1414 5137 Denique
1438 5070 1745 5125 discedente
1771 5084 1836 5126 eo
1867 5072 1932 5126 de
1974 5087 2087 5126 mo-

583 5258 607 5284 ιι
648 5243 873 5298 Parisiis
899 5259 1040 5297 anno
1063 5243 1184 5298 796.
1217 5241 1492 5297 Mabillon.
1522 5243 1716 5298 Annal.

581 5315 608 5353 δ
650 5314 704 5367 Id
734 5321 818 5368 est
843 5315 1174 5368 sacerdotem
1206 5314 1536 5368 saecularem.

582 5394 604 5422 ε
651 5383 805 5437 Hunc
834 5383 1190 5438 Wolfharium
1224 5387 1323 5438 sub
1347 5383 1539 5437 Carolo
1563 5383 1630 5436 Μ.
1662 5387 1882 5442 missum
1913 5390 2082 5444 domi-

509 5455 689 5508 nicum
728 5454 904 5522 egisse
933 5462 1161 5508 testatur
1183 5452 1372 5508 Marlot
1396 5455 1444 5506 in
1479 5452 1615 5508 Hist.
1643 5455 1952 5514 Rhemensi.

579 5525 606 5562 ιι
649 5524 703 5577 Id
733 5534 831 5584 est,
862 5523 951 5592 jus
981 5523 1158 5577 liberae
1186 5522 1465 5578 electionis
1493 5527 1761 5580 abbatum.

584 5607 607 5631 ο
645 5593 753 5670 Per
795 5594 1199 5670 'lfeutonismum
1231 5594 1449 5665 ponitur
1493 5595 2082 5670 Plusquamperfectum

510 5681 606 5735 pro
644 5665 982 5735 luiperlecto.

2195 4533 2438 4597 tradere;
2468 4542 2644 4586 tamen
2677 4532 2978 4586 necessaria
3011 4532 3136 4586 huic
3168 4533 3336 4586 textui
3379 4534 3770 4595 subnectimus,

2193 4622 2286 4674 sed
2332 4631 2386 4676 et
2433 4606 2774 4690 paucissima.
2823 4620 2966 4674 Idem
3012 4635 3248 4690 namque
3293 4621 3600 4690 episcopus,
3650 4638 3772 4676 cum

2191 4725 2378 4765 omnes
2432 4711 2744 4766 monasterii
2797 4726 2990 4766 causas
3041 4711 3181 4777 sibi,
3229 4712 3534 4780 ubicunque
3586 4712 3772 4775 vellet,

2192 4802 2388 4855 adferri
2411 4802 2674 4870 jussisset,
2716 4803 3066 4857 nihilominus
3095 4803 3162 4856 ad
3191 4802 3374 4857 libitus
3405 4817 3533 4857 suos
3571 4804 3771 4872 sepius

2193 4891 2332 4945 idem
2363 4893 2741 4946 monasterium
2768 4892 3023 4954 invisens,
3056 4906 3244 4946 omnes
3284 4893 3482 4946 ibidem
3528 4893 3772 4946 ministe-

2194 4983 2394 5037 riorum
2431 4983 2844 5038 consuetudines
2872 4984 2940 5038 ad
2970 4999 3094 5038 suas
3115 4983 3416 5037 detorserat
3444 4982 3766 5051 voluptates.

2192 5073 2431 5141 Denique
2490 5073 2709 5128 cellario
2763 5074 3078 5141 cunctisque
3123 5073 3391 5128 similibus
3459 5073 3772 5127 monasterii

2271 5249 2289 5288 ί
2333 5251 2901 5322 ΙνιΙρηιΤθυιοηίδηιιιε.
3082 5321 3111 5322 η
3238 5321 3265 5322 η
3465 5265 3494 5322 ρ
3633 5301 3638 5306 .

2268 5323 2294 5394 ἐξ
2329 5321 2671 5394 Amalgcrum
2693 5321 2864 5394 oﬁicia
2891 5317 3666 5394 portarii,’celleriﬂi§-_

2192 5392 2387 5446 obiisse
2419 5389 2621 5444 chartae
2650 5389 2997 5446 traditiorium
3019 5456 3022 5458 γ
3041 5391 3324 5448 testantur.

2195 5473 2308 5516 tare
2351 5475 2571 5534 aureum
2601 5461 2793 5534 sedulo
2834 5475 2992 5534 orare
3019 5447 3774 5534 ’ωηειιοτῑιεᾲΐῧᾶᾘιῇι

2193 5532 2462 5586 inenricus
2503 5531 2556 5583 in
2591 5529 2722 5584 Cod.
2770 5532 2988 5586 n..265.
3301 5529 3322 5538 ’·
3351 5529 3420 5590 ἦτε
3522 5529 3532 5532 ν·

2260 5604 2290 5644 h
2331 5599 2516 5670 Melius
2545 5600 2692 5670 regni
2721 5600 2984 5658 Francici.

2273 5674 2289 5714 ί
2334 5669 2439 5726 Seu
2477 5669 2689 5741 quarto.
