3986 5366
59 282 241 338 1065
1114 269 1206 326 DE
1238 262 1528 324 CASIBUS
1562 255 1981 317 MONASTERII
2018 256 2078 312 S.
2114 256 2340 314 GALLI.
3222 252 3353 310 1066

58 391 338 447 ofﬁcinis
367 386 584 444 laicales
633 382 871 455 praefecit
907 393 1187 452 personas,
1228 376 1333 431 sibi
1382 374 1682 429 forinsecus
1706 370 1758 429 Α
1783 366 1933 422 noris
1960 382 2125 423 causa
2150 346 2567 422 deosculandum
2601 361 2944 420 contradidit.
2975 360 3177 419 Deinde
3202 371 3354 421 carta

60 480 421 535 ministrare
459 475 672 540 solitas;
720 473 1002 540 nullusque
1028 481 1214 524 eorum
1238 465 1329 535 qui
1355 465 1424 518 ad
1452 464 1565 517 haec
1592 462 1707 515 ea-‘
1788 457 2021 513 traditur
2043 458 2288 539 legenda.

75 567 225 621 Iern
272 564 573 620 ministeria
600 561 876 618 constituti
907 558 1121 613 fuerant
1161 554 1568 616 monachorum,
1598 548 1686 605 vel
1854 551 1992 607 Cum
2027 568 2155 609 vero
2189 553 2428 608 audisset
2466 551 2750 622 episcopus
2783 556 2974 606 contra
2997 563 3155 605 suum
3176 549 3357 606 dect-eo

64 656 319 711 intrare
339 663 433 710 aut
459 652 524 709 de
552 652 634 709 his
656 652 990 721 aliquatenus
1014 646 1200 703 habuit
1228 652 1543 715 potestatem
1575 646 1705 695 παι
1784 650 1899 698 tum
1943 652 2109 699 carta:
2158 646 2471 715 procedere,
2502 652 2741 709 textum,
2788 644 3033 714 protinus
3086 642 3359 700 recusavit

63 754 253 801 ctare
283 745 373 800 vel
397 744 596 801 habere
622 754 671 795 α.
717 741 894 809 Quare
922 737 1166 808 contigit,
1211 749 1318 790 non
1362 730 1535 788 solum
1577 727 1705 783 alia'
1782 731 1963 811 istam,
2003 747 2250 790 asserens
2290 748 2623 805 perversam,
2669 734 2934 804 aliamque
2963 734 3197 806 “cupiens
3244 747 3359 789 sum
3407 755 3427 778 ι.

62 834 439 898 necessaria,
483 832 579 887 sed
620 829 784 887 etiam
826 829 1046 892 victum,
1089 837 1398 896 supremum
1435 819 1685 876 videlicet
1779 823 2152 892 perversitatis
2207 824 2262 879 in
2319 824 2663 894 praesentiam
2727 823 2940 879 adferre
3005 826 3350 895 scripturam.

63 926 352 995 corporis
389 920 832 984 sustentaculum,
866 916 1086 973 omnino
1114 915 1371 969 fratribus
1397 910 1679 967 defecisse.
1780 913 1931 980 Quod
1962 913 2241 969 benivolus
2270 915 2564 984 imperator
2589 928 2693 969 non
2723 913 3017 979 consensit,
3062 913 3157 969 sed
3191 922 3359 969 tanta

64 1012 295 1068 Tanta
323 1013 485 1082 igitur
525 1025 689 1066 causa
731 1006 1064 1063 necessitatis
1092 1002 1460 1059 Hludowicum
1500 999 1681 1072 piissi-
1780 1005 2117 1061 auctoritatis
2147 1004 2457 1061 ﬁrmitatem
2481 1004 2761 1060 monachis
2783 1003 3113 1059 restituendo
3135 1013 3354 1059 contra-

62 1118 245 1156 animi
305 1103 682 1171 imperatorem
730 1100 929 1152 fratres
994 1097 1059 1151 de
1123 1092 1450 1149 monasterio
1507 1090 1681 1147 sancti
1781 1095 1933 1161 didit,
1958 1106 2021 1152 ut
2039 1095 2192 1152 liberi
2216 1097 2285 1151 ad
2309 1111 2405 1151 sua
2429 1096 2731 1159 redeuntes,
2755 1101 3077 1164 potestatem
3098 1092 3354 1163 deinceps

62 1189 233 1245 Galli
293 1189 572 1253 adierunt,
623 1187 845 1257 ejusque
894 1182 1229 1239 clementiam
1279 1194 1391 1236 sua:
1446 1179 1682 1235 miseria:
1779 1186 2007 1257 eligendi
2049 1186 2153 1242 sibi
2189 1186 2410 1241 ubbates
2443 1185 2723 1248 haberem,
2770 1182 3076 1252 nullamque
3120 1190 3357 1250 potes“.

65 1279 347 1333 solamen
378 1292 497 1333 esse
537 1279 845 1348 poscebant.
897 1274 1191 1345 Episcopus
1232 1286 1446 1342 quoque
1489 1271 1679 1326 eodem
1781 1288 1890 1333 tem
1917 1276 2152 1346 episcopi
2173 1276 2376 1345 absque
2403 1273 2698 1343 magisterii
2724 1287 2886 1328 causa
2910 1270 3168 1340 spiritalis
3192 1284 3358 1339 super

66 1377 349 1435 tempore
394 1380 631 1436 praesens
674 1363 862 1418 aderat
884 1403 899 1428 ,
953 1363 1390 1433 coepiscoporum
1444 1360 1682 1415 conlisus
1780 1381 1874 1424 eos
1923 1366 2174 1435 deinceps
2230 1363 2529 1427 baberent;
2575 1369 2801 1431 excepto
2853 1360 3086 1430 quodam
3150 1372 3313 1414 censu
3338 1396 3358 1423 ,

66 1458 315 1520 solatio,
346 1457 680 1527 aliorumque
717 1453 1064 1508 familiarium
1115 1453 1277 1523 regis.
1321 1465 1456 1520 quos
1492 1465 1683 1506 omnes
1781 1471 1940 1528 quem
1965 1458 2032 1512 de
2057 1452 2387 1511 monasterio
2416 1452 2484 1509 ad
2508 1453 2874 1523 episcopatum
2901 1449 3132 1521 persolvi
3160 1448 3363 1503 debere

67 1562 199 1601 sum
251 1545 428 1616 partis
468 1544 674 1600 sciebat
718 1557 839 1598 esse
880 1541 1352 1595 adminiculatores
1394 1540 1683 1595 monacho-
1783 1546 2005 1617 singulis
2029 1545 2204 1610 annis,
2236 1543 2338 1600 hoc
2359 1551 2444 1600 est
2465 1558 2631 1597 unum
2656 1556 2854 1615 equum
2880 1547 2938 1597 et
2958 1538 3360 1595 numnunciam

71 1652 334 1705 rumque
362 1636 718 1692 adversarios.
755 1632 1038 1687 Maximam
1076 1640 1253 1685 tamen
1291 1645 1403 1684 sure
1445 1629 1747 1705 pertina-"
1786 1636 1902 1691 auri
1927 1635 1976 1701 ει,
2011 1650 2172 1705 supra
2201 1640 2499 1689 memorata
2539 1640 2690 1689 eam
2728 1642 2753 1671 ε
2793 1631 3093 1687 asserat,“
3132 1628 3359 1695 ιηευρθι-

75 1725 176 1783 the
206 1699 468 1778 li-duciam
500 1722 684 1777 habuit
709 1722 761 1775 in
781 1720 1015 1790 quadam
1044 1729 1213 1781 carta,
1252 1733 1373 1789 quae
1404 1718 1685 1775 diabolicis

1802 1699 2234 1797 etiampraifatus
2271 1724 2521 1795 princeps
2559 1722 2627 1777 ad
2666 1707 3012 1793 augmentum
3052 1717 3361 1776 securitatis

73 1813 594 1869 machinationibus
620 1827 649 1866 a
677 1810 906 1881 quodam
944 1809 1141 1864 diaboli
1172 1810 1420 1863 ministro
1447 1804 1686 1864 conscri-

1802 1831 1971 1872 eorum
2000 1825 2205 1871 cartam
2231 1813 2543 1871 emunitatis
2584 1827 2681 1869 sua
2720 1810 3040 1867 auctoritate
3077 1809 3186 1866 illis
3230 1823 3363 1864 con-

75 1910 208 1971 pta,
245 1916 363 1956 non
409 1901 581 1956 solum
613 1899 756 1954 idern
792 1898 1202 1962 monasterium,
1233 1897 1327 1952 sed
1355 1905 1410 1951 et
1433 1897 1536 1951 alia

1802 1905 2007 1960 ,radidit
2035 1904 2081 1959 τ.
2114 1904 2320 1971 Quibus
2358 1903 2614 1973 peractis,
2654 1900 2909 1957 monachi
2953 1915 3076 1957 cum
3122 1913 3223 1955 suo
3258 1898 3360 1954 ab-

74 2008 197 2046 non
235 2007 415 2062 pauca
442 1990 729 2046 falsissime
761 1990 989 2044 canebat
1028 1989 1057 2028 ι»
1089 1988 1157 2042 ad
1201 1987 1458 2058 episcopii
1501 1984 1719 2059 paries"

81 2084 259 2153 quasi
325 2079 653 2137 hereditario
703 2078 829 2148 jure
878 2079 1171 2149 pertinere.
1248 2077 1497 2134 Mouachi
1553 2091 1687 2135 vero

76 2179 326 2226 econtra
368 2168 657 2223 nullameo
688 2175 930 2236 tempore
971 2180 1083 2220 sua:
1125 2164 1433 2221 securitatis
1475 2176 1684 2221 cartam

85 2258 437 2322 habuerunt,
478 2268 607 2321 una,
655 2262 715 2309 ut
760 2252 1125 2323 praediximus,
1169 2261 1532 2318 concremata,
1580 2253 1687 2309 alia

80 2366 245 2414 vero,
278 2349 423 2404 sicut
458 2347 627 2402 etiam
656 2344 866 2416 praefati
896 2359 1104 2409 sumus,
1127 2359 1289 2414 quam
1318 2344 1592 2415 suscipere
1615 2346 1687 2401 ob

84 2441 343 2509 aliquam
388 2450 609 2492 causam
656 2434 907 2490 monachi
952 2433 1286 2498 noluerunt,
1336 2433 1406 2489 ab
1435 2433 1687 2503 episcopo

84 2534 342 2587 detenta.
394 2527 528 2584 Cum
575 2541 704 2582 vero
750 2525 1030 2581 altercatio
1087 2524 1232 2580 inter
1271 2524 1586 2594 episcopum
1633 2532 1691 2579 et

89 2620 400 2675 monachos
429 2616 665 2673 oriretur
687 2630 869 2671 coram
895 2613 1155 2686 principe,
1187 2612 1473 2684 episc0pus
1498 2612 1685 2685 petiit:

88 2724 151 2767 ut
180 2728 284 2769 sua
318 2716 472 2766 carta
494 2724 680 2765 coram
717 2709 1041 2778 imperatore
1071 2706 1358 2775 legeretur,
1399 2712 1454 2759 et
1497 2719 1690 2760 secunv

86 2803 221 2857 dum
268 2816 400 2879 eam
439 2816 526 2856 res
567 2798 1003 2870 dijudicarentur.
1053 2796 1231 2865 Ipsam
1278 2802 1481 2859 autem,
1526 2805 1690 2864 quam

91 2908 256 2963 supra
283 2891 850 2953 commemoravimus,
883 2887 1091 2942 mendis
1131 2884 1499 2956 plenissimam
1546 2898 1687 2955 prae.

91 2984 240 3038 lerre
270 2993 294 3021 ο
327 2980 607 3052 cogitavit.
650 2978 757 3035 Sed
787 2978 964 3035 divina
991 2977 1165 3047 pietas
1192 2975 1322 3038 suis,
1356 2975 1551 3045 quibus
1585 2976 1687 3030 hur-

94 3090 257 3129 mana
289 3073 520 3128 deerant
541 3070 752 3133 solatia,
786 3082 1018 3137 superna
1063 3067 1280 3136 dignata
1307 3074 1413 3129 est,
1456 3067 1690 3121 interce-

93 3167 256 3220 dente
284 3170 483 3219 sancto
506 3159 678 3225 Gallo,
709 3157 959 3214 conferre
1001 3155 1261 3210 subsidia.
1294 3154 1534 3225 Denique
1574 3155 1691 3223 epi-

98 3270 317 3324 scopus,
351 3240 478 3308 cum
505 3251 570 3306 de
594 3247 843 3305 manibus
870 3246 1077 3317 proprii
1102 3246 1333 3301 ministri
1366 3261 1477 3300 suae
1501 3245 1691 3300 volun.-

104 3345 232 3399 tatis
262 3359 324 3399 se
350 3347 564 3413 putaret
604 3339 847 3408 accipere
885 3344 1114 3403 cartam,
1142 3337 1309 3392 immo
1337 3335 1512 3391 sancti
1553 3334 1691 3391 Galli

104 3432 341 3488 famulos
362 3427 713 3485 destruendos
735 3427 1051 3483 invidiosam
1082 3425 1404 3495 decipulam,
1434 3440 1539 3481 non
1569 3440 1691 3481 eam

108 3539 274 3593 quam
296 3521 485 3587 voluit,
512 3520 604 3575 sed
636 3518 878 3590 prolicuo
900 3518 1054 3573 nobis
1081 3530 1270 3573 errore
1299 3517 1460 3571 aliam
1487 3524 1693 3572 cartam

112 3613 429 3684 imperatori
476 3612 795 3681 cunctisque
834 3609 1168 3681 principibus
1196 3648 1211 3673 ,
1257 3622 1435 3663 causa
1479 3608 1695 3678 penitus

113 3707 355 3775 ignarus,
387 3718 571 3758 coram
596 3701 917 3769 designavit,
947 3714 1107 3769 quam
1136 3698 1205 3753 ab
1238 3698 1565 3767 imperatore
1591 3695 1695 3750 lia-

112 3794 230 3848 rolo
256 3794 359 3847 sub
390 3790 632 3844 Johanne
657 3789 910 3857 episcopo
936 3788 1091 3843 nobis
1118 3786 1336 3849 factam,
1380 3785 1475 3840 sed
1517 3800 1548 3838 a
1593 3798 1694 3840 no.

115 3882 245 3938 stris
285 3879 717 3936 antecessoribus
750 3879 820 3933 ob
853 3878 1081 3949 alicujus
1127 3875 1360 3931 infandre
1409 3872 1698 3930 additiouis

116 3973 382 4029 maculam
413 3987 515 4026 non
543 3978 812 4040 receptam
842 3984 1004 4039 supra
1038 3966 1478 4022 memoravimus.
1520 3965 1695 4032 Quam

118 4077 241 4117 cum
295 4058 572 4130 piissimus
620 4060 912 4128 imperator
964 4056 1313 4126 suscepisset,
1359 4053 1699 4125 sigillumquc

118 4154 203 4210 sui
239 4151 410 4223 patris
439 4150 870 4223 recognoscendo
908 4149 1137 4204 intuitus
1177 4155 1345 4211 esset,
1390 4143 1700 4200 venerando

123 4242 462 4301 deosculatus
487 4253 591 4312 est,
614 4242 924 4312 circumque
951 4238 1290 4296 adstantibus
1318 4235 1568 4292 similiter
1598 4235 1696 4291 bo-

196 4474 222 4501 ι
260 4462 400 4531 Lege
429 4480 443 4515 :
468 4461 729 4515 tractandi
749 4458 826 4514 vel
849 4457 1094 4513 habendi.

200 4531 227 4568 ι)
266 4530 402 4583 Letze
431 4550 443 4583 :
475 4531 708 4583 cavebat.

202 4531 227 4568 ι)
266 4531 402 4600 Lege
431 4550 443 4584 :
475 4531 708 4584 carebat.
959 4587 965 4594 ,

202 4609 224 4681 ξ
262 4599 396 4681 Pege
428 4614 442 4651 :
473 4600 724 4668 proferre.
1057 4661 1311 4681 “dub
1363 4661 1395 4681 η

201 4668 227 4706 ά
264 4669 313 4789 is}.
335 4659 482 4792 libelli.
506 4659 704 4724 census
722 4708 739 4732 ,
786 4679 948 4737 quem
993 4661 1319 4719 monasteria
1363 4659 1533 4716 libera
1580 4664 1698 4737 regi

201 4753 288 4792 :t'so
312 4755 373 4792 ve
408 4747 523 4792 ant.

139 4752 523 4806 persmveuant.

209 4818 230 4844 ε
270 4805 434 4861 Voces
478 4807 789 4861 Adulteram
834 4824 868 4859 a
914 4802 1117 4857 Joanne
1174 4799 1458 4871 adscripsit
1508 4813 1698 4873 postea

142 4873 474 4931 Ekkehardus
518 4876 600 4930 IV.

214 4943 232 4981 ί
272 4946 521 5012 Superest
547 4947 649 5000 hoc
674 4944 907 5012 diploma
933 4940 1251 5010 Aquisgrani
1284 4941 1317 4997 6
1353 4939 1471 4995 Kal.
1512 4941 1703 5010 Febr.,

147 5015 334 5095 anno}
355 5015 581 5095 imperii,
614 5015 803 5095 indict.
892 5012 1097 5095 dat-uuln:

223 5084 402 5165 BnEjus
428 5079 818 5165 icln_it)_grap_hia
849 5081 988 5165 ha‘ud
1009 5079 1170 5165 dubie
1202 5096 1249 5165 _a
1294 5081 1437 5151 regis
1475 5081 1710 5162 archite-

150 5166 231 5209 cto
253 5149 491 5219 Ge'rungo
514 5149 800 5224 delineata,
821 5158 876 5207 et
894 5149 1154 5207 Gozbcrto
1180 5149 1411 5208 diacono
1439 5152 1622 5208 missa.
1647 5163 1713 5210 ct

1726 4370 1781 4469 Ρ

1783 1998 1908 2055 bate
1929 1995 2196 2067 Gozperto
2219 1996 2287 2051 ad
2315 1995 2703 2051 monasterium
2727 1993 2939 2049 rediere
2963 1992 3194 2047 letantes
3210 2030 3227 2054 ,
3248 1989 3367 2059 epi-

1785 2102 1949 2157 scopo
1986 2086 2339 2142 nihilominus
2378 2087 2447 2140 ad
2482 2100 2580 2140 sua
2631 2100 2754 2139 cum
2808 2083 3026 2139 tristitia
3081 2083 3362 2138 redeunte.

1784 2176 2087 2246 Gozpertus
2113 2189 2242 2230 vero
2272 2174 2439 2229 abbas
2463 2188 2568 2228 una
2596 2187 2719 2227 cum
2743 2187 2859 2226 suis
2878 2171 2946 2225 ad
2974 2169 3364 2226 monasterium

1786 2269 2019 2331 rediens,
2065 2265 2211 2322 omni
2266 2264 2447 2320 studio
2497 2262 2775 2334 satagebat
2816 2261 2963 2318 circa
3019 2274 3365 2317 communem

1785 2357 2017 2414 fratrum
2045 2356 2333 2412 utilitatem
2355 2367 2575 2410 omnem
2606 2351 2690 2407 sui
2720 2341 2920 2407 laboris
2944 2350 3235 2420 inpendere
3258 2348 3370 2405 sol-

1787 2448 2030 2513 lertiam,
2080 2454 2278 2501 nostra:
2323 2444 2379 2499 in
2428 2441 2680 2499 omnibus
2721 2440 2885 2498 rebus
2936 2437 3367 2511 eongregatidnis

1784 2537 2093 2605 ubicunque
2115 2536 2287 2606 potuit
2319 2532 2603 2590 commoda
2635 2530 2986 2596 cumulando;
3017 2529 3095 2584 ad
3109 2539 3367 2599 augmen-

1787 2637 1901 2683 tum
1930 2641 2146 2698 quoque
2175 2625 2343 2681 nostri
2374 2624 2712 2685 monasterii,
2738 2622 2909 2678 veteri
2934 2621 3230 2682 destructa,
3270 2628 3366 2672 no-

1786 2722 1911 2772 Vam
1948 2726 2137 2772 sancto
2180 2714 2338 2771 Gallo
2380 2713 2544 2783 erepit
2581 2710 2851 2768 mdilica're
2887 2708 3195 2772 basilicam,
3244 2718 3367 2777 qua:

1783 2808 1949 2863 hodie
1992 2806 2297 2863 rationabili
2337 2817 2685 2874 procerasque
2738 2798 3122 2872 magnitudinis
3157 2801 3365 2852 statura

1785 2900 2130 2957 cernentibus
2155 2902 2378 2967 apparet
2401 2900 2712 2950 constructa
2743 2894 2790 2957 8,
2821 2904 2963 2946 anno
3001 2888 3249 2945 videlicet
3272 2887 3360 2943 in-

1782 2989 2121 3048 carnationis
2145 2985 2353 3043 Domini
2381 2984 2509 3050 830,
2535 2981 2833 3041 Hludowici
2867 2994 2997 3036 vero
3021 2977 3368 3050 imperatoris

1796 3082 1882 3136 l7.
1917 3080 2089 3146 Quam
2125 3077 2312 3146 utique
2350 3073 2534 3145 spacio
2574 3080 2782 3141 septem
2829 3085 3097 3129 annorum
3138 3069 3208 3124 ad
3250 3068 3370 3138 ple-

1793 3183 1922 3224 num
1960 3165 2277 3221 aedificando
2313 3163 2582 3234 perduxit,
2618 3173 2869 3231 annoque
2903 3174 3047 3215 nono
3079 3158 3374 3216 dedicatio-

1782 3266 1918 3311 ‘iiem
1945 3256 2115 3327 ipsius
2147 3253 2383 3311 basilicae
2416 3249 2769 3321 perpetravit,
2811 3245 3257 3305 convenientibus
3300 3246 3369 3303 ad

1792 3347 1935 3402 idem
1988 3344 2376 3401 monasterium
2421 3338 2749 3403 Wollleozo,
2796 3339 2865 3395 ad
2910 3337 3064 3408 cujus
3111 3338 3373 3395 diocesim

1777 3434 2129 3507 ’pertinebat,‘
2149 3431 2549 3489 Constantiensi
2580 3430 2854 3500 episcopo,
2883 3442 3097 3498 unaque
3126 3427 3370 3485 Oadalri-

1794 3528 1897 3583 eho
1921 3526 2202 3581 Basiliensi
2236 3526 2510 3595 episcopo,
2542 3519 2826 3577 Erlebaldo
2848 3522 2881 3562 h
2908 3533 3123 3592 quoque
3155 3519 3373 3592 Augen-

1776 3619 1871 3676 ‘sis
1901 3616 2214 3677 monasterii
2240 3616 2436 3673 abbate
2467 3617 2486 3656 ί
2520 3628 2644 3670 cum
2675 3612 2964 3683 aliquantis
3001 3627 3113 3668 suae
3146 3623 3379 3683 congre-

1795 3709 2025 3782 gationis
2053 3707 2311 3763 fratribus
2350 3713 2616 3775 prasente
2659 3700 2958 3759 manentei
3002 3700 3228 3772 aliisque
3251 3700 3374 3758 Ala-

1796 3816 2118 3858 mannorum
2147 3796 2477 3870 principibus
2502 3810 2608 3850 non
2636 3794 2841 3865 paucis.
2892 3792 3240 3849 Dedicationc
3264 3792 3373 3865 igi-

1800 3904 1886 3951 tur
1914 3893 2082 3964 ipsius
2103 3889 2336 3946 basilieze
2360 3887 2593 3961 gloriose
2620 3894 2799 3954 erepta
2819 3892 2876 3940 et
2896 3898 3005 3939 non
3035 3883 3154 3940 sine
3189 3883 3375 3954 signo-

1800 4000 1921 4039 rum
1968 3982 2216 4038 claritate
2260 3977 2559 4036 honoriﬁce
2605 3984 2863 4047 peracta,“
2890 3981 3073 4044 postea
3124 3973 3382 4043 praefatus

1801 4075 1940 4129 abba
1965 4072 2264 4141 Gozpertus
2284 4070 2338 4124 in
2366 4067 2617 4124 omnibus
2645 4065 2955 4121 monasterii
2986 4063 3158 4119 nostri
3181 4064 3383 4119 utilita-

1804 4166 1945 4221 tibus
1985 4163 2101 4218 sine
2132 4160 2435 4217 cessatione
2461 4144 2528 4213 se
2550 4157 2754 4213 studuit
2780 4169 3054 4213 exercere.
3094 4155 3381 4211 Librorum

1800 4257 1976 4321 enim,
2033 4264 2262 4323 quorum
2302 4248 2540 4303 maxima
2588 4247 2813 4318 penuria
2863 4248 2889 4288 ι
2937 4247 2992 4303 in
3037 4254 3222 4302 nostro
3266 4245 3386 4301 loco

1885 4455 1900 4493 ι
1944 4449 2074 4517 Quae
2097 4451 2395 4515 sequuntur
2422 4454 2594 4511 usque
2633 4440 2698 4495 ad
2726 4454 2911 4517 vocem
2937 4438 3261 4517 dedicatione
3303 4435 3389 4493 di-

1807 4503 2191 4578 versa~marru,'
2215 4527 2394 4571 coatva
2424 4503 2627 4577 tamen,
2664 4511 2863 4578 serip'ta
2893 4503 3036 4564 sunt.

1882 4575 2115 4658 {Hujus
2144 4575 2513 4658 translationis
2535 4575 2726 4658 actana
2766 4575 2826 4636 S.
2875 4578 3014 4658 Galli
3056 4575 3320 4658 monacho
3361 4588 3396 4629 e

1810 4644 1991 4720 Scotia
2026 4644 2263 4713 oriundo
2306 4650 2633 4720 conscripta,
2668 4647 3025 4720 Ratpertodiu
3071 4644 3397 4701 bibliotheca

1810 4717 2055 4790 evolvere
2069 4725 2303 4796 proclive
2316 4730 2450 4777 erat.
2461 4717 2594 4796 [ide
2608 4717 2899 4796 catalogunt
2912 4717 3163 4796 librorum
3175 4729 3299 4796 διες.
3319 4730 3396 4768 Ix.

1884 4783 2199 4855 i(VA—tta'men
2231 4796 2457 4851 aderant
2480 4790 2724 4846 Romano
2752 4783 3067 4845 charactere
3103 4783 3314 4855 seculis
3341 4798 3401 4845 ν,

1812 4889 1889 4939 vr,
1917 4852 2256 4939 vii’exarati,
2286 4872 2351 4939 ut
2381 4870 2492 4915 tum
2521 4877 2590 4916 ex
2616 4861 2841 4915 residuis
2867 4852 3206 4939 fragmcqtis,
3242 4867 3297 4909 v.
3322 4867 3403 4939 ρ..

1818 4922 2044 5013 Virgilii,
2071 4922 2379 5013 Evangelii,
2401 4940 2532 5013 etc.,
2559 4940 2672 5013 tum
2703 4945 2772 4985 ex
2800 4922 2991 5013 novem
3012 4922 3289 5013 codicibus
3321 4930 3409 4979 rc-

1817 5001 2055 5080 scrfptis,
2080 5014 2209 5080 tum
2226 5001 2287 5068 ἔι
2314 5019 2384 5080 εξ
2404 5009 2529 5080 nota
2559 5001 2846 5071 antiquum,
2863 5001 3308 5080 antiquissimam,
3325 5008 3412 5080 age:

1818 5059 2101 5145 Ilifiéiin
2122 5059 2311 5145 ualde,
2328 5059 2335 5060 ί
2352 5071 2450 5141 legi
2484 5085 2587 5124 non
2614 5059 3000 5145 _po'test__multis
3028 5059 3314 5145 codicibus
3338 5060 3418 5145 hin

1822 5126 2453 5226 Eiiitégé‘biiih‘ét’heée
2467 5126 2725 5228 gmc‘uliltx
2741 5126 3418 5228 adjectaltp‘ggiitef‘tgmnl‘i‘:

3120 5196 3425 5228 αιιιιὲιιιιηειὶα
