3986 5366
505 392 635 445 1071

1493 374 1910 451 narremus
1949 393 2465 454 SANGALLENSIS
2505 396 2750 454 ABBAS.
2820 418 2825 419 ί

3634 401 3655 452 1
3668 400 3765 454 0ῗὲ

506 508 569 563 dc
604 514 758 578 parte
788 508 1125 577 monasterii,
1163 508 1625 567 consentientibus
1666 511 1861 569 abbate
1886 522 1944 567 et
1972 513 2085 567 fra-
2117 513 2159 571 Λ
2192 511 2479 583 analogiad
2510 522 2671 582 atque
2699 511 3041 570 confessione
3076 515 3147 569 ita
3188 514 3465 580 innovari,
3508 517 3761 572 maxima-

507 603 699 663 trihus,
732 601 991 670 quasdam
1021 618 1108 659 res
1132 603 1199 658 ad
1225 602 1598 661 Constantiam
1622 604 1983 670 condonavit;
2016 621 2083 662 ca
2183 617 2288 673 quc
2320 619 2385 659 ex
2413 616 2569 673 parte
2608 614 2777 659 totum
2804 620 2869 660 cx
2901 606 3111 678 integro
3159 607 3290 662 fecit
3319 606 3603 672 aediﬁcari,
3635 609 3767 663 sicut

506 690 758 746 videlicet
799 700 1028 757 ratione,
1063 701 1122 748 ut
1157 694 1337 749 omnia
1369 710 1489 765 qua!
1540 703 1672 751 tunc
1719 696 1771 751 in
1819 707 2086 766 potestate

507 781 822 857 monasterii
848 790 1023 851 erant,
1056 784 1194 839 vela
1223 784 1463 855 praafatis
1491 786 1791 843 tributariis
1832 787 1956 842 illuc
1992 788 2086 847 αθ·-

508 874 704 946 legata,
751 875 833 931 vel
882 875 1243 948 qualicunque
1295 879 1456 935 modo
1510 879 1705 935 ibidem
1737 880 2082 947 confirmata,

504 977 691 1040 postea
721 970 839 1025 sine
882 970 1041 1026 ullius
1066 972 1493 1029 contradictione
1531 989 1776 1044 personae
1802 973 2086 1030 ﬁrmaren-

504 1068 595 1114 tnr
620 1062 816 1117 ibidem
846 1062 898 1118 in
929 1075 1247 1133 perpetuum
1282 1080 1659 1135 permansura.

578 1151 675 1208 llis
695 1169 822 1208 vero
849 1154 922 1210 ita
953 1172 982 1209 a
1024 1155 1277 1211 clementi
1321 1171 1445 1228 rege
1471 1157 1617 1212 omni
1652 1173 1775 1213 cum
1817 1173 2084 1215 consensu

507 1243 845 1314 compositis,
881 1244 1047 1316 jussit
1082 1245 1222 1301 idem
1251 1262 1343 1300 rex
1374 1263 1486 1302 sum
1514 1246 1851 1303 auctoritatis
1882 1263 2085 1317 praece-

507 1340 657 1401 ptum
692 1332 908 1404 utrique
964 1333 1103 1405 parti
1151 1334 1219 1388 ad
1265 1343 1578 1404 perpetuam
1623 1336 2087 1391 conﬁrmationem

506 1420 663 1478 istius
691 1424 833 1493 pacti
863 1425 1043 1481 statim
1079 1424 1131 1478 in
1167 1425 1417 1493 praesenti
1458 1425 1748 1480 conscribi.
1785 1424 1847 1480 Et
1878 1435 1935 1478 ut
1962 1440 2088 1479 cau-

508 1513 617 1569 tius
659 1514 773 1569 base
798 1516 987 1569 eadem
1020 1514 1292 1569 ﬁrmitatis
1330 1514 1596 1585 scriptura
1640 1515 2091 1577 couununiretur,

508 1604 762 1674 praecepit
788 1604 1040 1674 primitus
1072 1605 1445 1661 tantummodo
1470 1605 1729 1661 dictatam
1751 1615 1805 1659 et
1830 1605 1881 1659 in
1912 1604 2092 1673 aliqua

510 1696 686 1753 scmda
735 1697 1102 1768 conscriptam
1158 1697 1259 1752 sibi
1318 1696 1655 1766 praesentari.
1706 1698 1773 1751 Et
1826 1711 1949 1751 cum
2003 1695 2093 1751 ille

508 1801 731 1843 causam
758 1790 1157 1857 comprobaret,
1189 1799 1315 1843 tunc
1342 1789 1555 1843 demum
1601 1787 1924 1843 cancellario
1950 1801 2091 1857 pra:-

2184 694 2343 749 hodie
2367 694 2581 749 videtur
2609 704 2664 748 ct
2690 697 2951 750 cernitur.
2984 696 3254 753 Praeterea
3285 700 3507 754 coronis
3525 711 3550 736 °
3580 714 3743 769 argcn

2187 785 2310 852 teis,
2345 785 2574 857 aliisque
2600 787 2831 843 diversis
2872 788 3229 843 luminaribus
3252 789 3463 859 pariter
3482 804 3609 845 cum
3635 768 3797 843 titul.f

2187 876 2403 932 timodis
2425 877 2695 932 variorum
2713 888 3163 935 ornamentorum
3189 881 3575 949 splendoribus
3601 880 3770 950 ipsam

2185 981 2513 1039 magnopere
2566 970 2775 1025 studuit
2807 971 3065 1041 insignire
3096 972 3397 1027 basilicam.
3458 972 3717 1026 Absidam
3753 970 3769 1007 ί

2188 1072 2403 1127 quoque
2452 1068 2575 1129 post
2623 1060 2876 1116 altarium
2929 1062 3106 1118 sancti
3161 1062 3299 1119 Galli
3351 1062 3428 1117 ita
3477 1061 3777 1118 honoriﬁce

2185 1150 2397 1218 pictura
2438 1150 2717 1217 deaurata,
2763 1153 2904 1207 sicut
2950 1153 3002 1207 in
3042 1155 3294 1223 praesenti
3346 1154 3613 1217 videmus,
3659 1154 3779 1221 ipso

2189 1240 2495 1309 composuit
2540 1249 2805 1311 tempore.
2853 1242 3138 1297 Librorum
3183 1243 3350 1298 etiam
3394 1260 3503 1297 non
3556 1259 3777 1312 parvam

2189 1330 2400 1400 copiam
2435 1330 2535 1384 sub
2585 1331 2774 1383 eodem
2827 1331 3022 1387 abbate
3069 1333 3391 1403 llartmotus
3439 1333 3779 1401 composuit;

2190 1434 2421 1488 quorum
2455 1418 2670 1472 nomina
2702 1420 2816 1474 lucc
2841 1436 2961 1483 esse
2986 1423 3129 1475 scias
3156 1423 3218 1475 ει

2261 1512 2294 1546 ⁸*
2325 1510 2572 1579 Quinque
2625 1510 2788 1566 libros
2838 1511 3028 1582 Moysi,
3077 1510 3274 1573 Josue,
3323 1508 3689 1579 iudicumque
3733 1509 3781 1562 in

2193 1601 2533 1657 voluminel.
2569 1601 2777 1672 Regum
2804 1601 2970 1656 libros
2999 1601 3033 1655 5
3058 1602 3115 1656 iu
3138 1600 3412 1655 volumine
3444 1615 3578 1652 nuto.
3605 1598 3785 1652 ’της

2194 1692 2363 1748 libros
2384 1691 2713 1755 Salomonis,
2738 1700 2793 1746 et
2831 1690 3026 1745 librum
3052 1690 3353 1760 sapientiae,
3384 1689 3472 1742 vel
3501 1688 3659 1749 Jesu,
3690 1686 3784 1740 Job

2194 1794 2251 1839 et
2274 1783 2497 1838 Tobiam
2539 1784 2594 1837 in
2630 1782 2900 1838 volumine
2930 1797 3055 1836 uno.
3104 1783 3137 1816 "‘
3165 1781 3647 1851 Paralipomenon,
3697 1778 3782 1834 Ju~

508 1878 670 1948 cepit,
706 1878 761 1932 in
808 1877 1065 1948 legitimis
1113 1881 1280 1934 cartis
1326 1878 1669 1934 conscribere
1708 1875 1914 1947 przrfati
1946 1877 2091 1946 pacti
2120 1859 2166 1919 Β
2197 1876 2333 1939 ditb,
2361 1874 2551 1931 llcster
2578 1883 2634 1928 et
2678 1874 2961 1937 llesdram,
2996 1872 3533 1942 Maclmbeorumqne
3563 1873 3733 1926 libros
3754 1873 3784 1924 2

508 1968 976 2023 conﬁrmationem
999 1981 1050 2021 ι.
1084 1970 1293 2025 Etcum
1337 1970 1651 2040 perscriptae
1695 1969 1943 2032 fuissent,
1969 1983 2093 2037 pro-

509 2055 640 2125 pria:
671 2071 865 2113 manus
902 2060 1228 2114 auctoritate
1259 2075 1357 2114 eas
1395 2060 1746 2123 conﬁrmans,
1789 2075 1950 2113 unam
1982 2059 2093 2130 cpi-

509 2162 676 2219 scopo
700 2163 822 2204 cum
850 2149 983 2215 suis;
1016 2151 1285 2220 aliamque
1318 2151 1498 2205 abbati
1532 2152 1917 2220 monachisquc
1964 2166 2094 2206 cou-

514 2239 739 2294 tradidit
782 2249 1039 2311 perpetuo
1066 2240 1336 2295 ﬁrmitatis
1363 2241 1479 2296 sine
1505 2242 1681 2312 aliqua
1708 2242 1991 2297 eversione
2020 2243 2093 2296 ita

516 2331 829 2387 retinendas
874 2332 1088 2388 indicio.
1121 2332 1378 2404 Quisquis
1401 2342 1580 2389 autem
1607 2334 1719 2389 vult
1746 2335 1887 2390 scire
1916 2349 2092 2403 quan-

514 2431 584 2477 ta:
613 2420 815 2477 fuerint
848 2437 1029 2478 causae
1056 2425 1127 2478 ob
1158 2423 1582 2493 redemptionem
1611 2425 1851 2494 przedicti
1899 2438 2096 2480 census

516 2523 572 2569 et
596 2515 912 2571 monasterii
959 2516 1333 2579 securitatem,
1379 2526 1439 2571 et
1462 2525 1719 2585 pnewrea
1750 2516 1820 2570 ob
1861 2517 2092 2571 tributa-

515 2606 721 2661 riorum
751 2605 1132 2676 praedictorum
1166 2607 1660 2662 reconciliationem
1702 2606 1770 2660 ad
1810 2606 2093 2676 episcopa-

515 2709 630 2753 tum
655 2696 991 2758 contraditus,
1026 2697 1167 2768 legat
1195 2698 1249 2752 in
1278 2698 1446 2753 curtis
1474 2712 1636 2767 supra
1673 2697 2007 2760 memoratis,
2039 2705 2096 2751 et

519 2788 764 2843 invenire
807 2788 1008 2856 poterit
1034 2787 1179 2858 quod
1222 2788 1437 2857 quaerit.
1470 2787 1739 2842 Pncterca
1783 2801 1878 2841 rex
1922 2787 2097 2856 piissi-

518 2893 639 2931 mus
670 2876 1015 2933 llludowicus
1054 2877 1420 2944 statimjussit
1459 2877 1737 2932 monachis
1784 2875 1898 2930 ﬁeri
1934 2876 2095 2931 aliam

515 2977 720 3021 cartam
756 2965 1081 3020 ﬁrmissimas
1126 2964 1500 3028 immanitatis,
1529 2973 1587 3018 ut
1616 2972 1735 3034 post
1758 2963 2094 3021 Grimaldum

515 3057 771 3125 deinceps
797 3065 1120 3127 potestatem
1150 3057 1202 3111 in
1230 3064 1546 3128 perpetuum
1578 3056 1841 3111 haberent
1865 3056 2094 3126 eligendi

513 3146 614 3200 sibi
654 3147 896 3211 abbates,
950 3146 1191 3217 nullique
1237 3146 1513 3201 hominum
1562 3144 1663 3200 nisi
1697 3145 1827 3200 solis
1879 3145 2096 3216 regibus

511 3233 889 3303 subiacerent;
921 3244 981 3291 et
1019 3236 1073 3290 in
1102 3234 1291 3290 eadem
1335 3245 1482 3290 carta
1518 3235 1786 3290 conscribi
1819 3235 1979 3305 jussit
2010 3249 2094 3287 re-

512 3325 599 3393 gia
624 3326 761 3379 dona
786 3324 1108 3394 sibimetipsi
1150 3324 1445 3379 secundum
1477 3323 1920 3380 consuetudinem
1956 3321 2092 3376 alio-

512 3431 633 3470 rum
675 3414 1126 3469 monasteriorum
1156 3414 1447 3469 securitate
1474 3413 1820 3483 prreditorum
1864 3420 2094 3482 quotan-

514 3508 599 3564 nis
628 3516 876 3571 vcntura,
906 3506 960 3560 id
988 3515 1093 3571 est,
1124 3506 1259 3561 duos
1303 3503 1542 3560 caballos
1569 3511 1624 3558 et
1652 3504 1757 3558 duo
1786 3511 1937 3558 scuta
1969 3517 2093 3556 cum

511 3596 736 3653 lanceis.
770 3597 836 3652 Et
864 3596 942 3651 sic
969 3596 1132 3653 etiam
1161 3596 1320 3651 istam
1350 3605 1556 3651 cartam
1584 3611 1680 3650 sua
1713 3610 1874 3649 manu
1898 3593 2096 3649 conﬁr-

512 3699 714 3743 matam
740 3688 1069 3757 proprioque
1092 3686 1252 3743 anulo
1280 3689 1652 3759 consignatum
1683 3688 1966 3742 monachis
1991 3698 2097 3740 tra—

513 3780 646 3834 dens
668 3778 720 3840 δ,
752 3779 903 3834 betas
929 3793 1022 3833 eos
1050 3779 1103 3833 in
1135 3778 1443 3833 sua-redire
1468 3778 1738 3849 permisit.

580 3870 633 3923 9.
676 3869 770 3924 llis
822 3869 897 3924 ita
948 3870 1058 3925 Deo
1104 3869 1424 3938 disponente
1470 3869 1732 3938 peractis,
1788 3868 2095 3923 Grimaidus

511 3960 679 4016 abbas
704 3961 886 4015 omnia
922 3961 1236 4016 monasterii
1267 3960 1482 4031 negotia
1512 3958 1794 4015 llartmoto
1817 3972 2094 4013 commen-

511 4051 666 4114 dans,
701 4052 814 4121 ipse
859 4069 1083 4109 securus
1108 4053 1272 4124 regali
1322 4068 1381 4106 se
1429 4051 1806 4120 frequentabat
1838 4051 2097 4106 exhibere

510 4143 830 4210 prmsentize.
859 4141 1174 4198 Hartmotus
1220 4144 1402 4211 itaque
1439 4156 1560 4197 cum
1588 4142 1851 4197 fratribus
1880 4144 2095 4198 tandem

510 4241 710 4302 optatae
750 4233 1057 4289 securitatis
1083 4232 1262 4303 quiete
1299 4243 1573 4302 percepta,
1606 4233 1862 4304 operibus
1910 4246 2099 4287 ncces-

512 4323 673 4379 sariis
705 4324 832 4380 totis
857 4325 1108 4381 studebat
1136 4324 1421 4391 insistere;
1466 4334 1628 4395 atque
1666 4326 1913 4396 inprimis
1960 4334 2098 4381 tem-

514 4415 659 4484 plum
691 4413 782 4470 Dei
814 4416 866 4470 in
898 4415 1103 4469 honore
1127 4415 1298 4471 sancti
1326 4414 1464 4471 Galli
1509 4423 1898 4478 constructum,
1930 4417 2097 4471 variis

512 4503 677 4573 erepit
701 4505 1035 4560 ornamentis
1060 4506 1319 4562 decorare
1362 4514 1419 4561 et
1463 4505 1777 4561 sublimare.
1825 4506 2095 4577 Principio

515 4608 645 4646 vero
672 4591 914 4647 tumbam
943 4594 1116 4649 sancti
1145 4594 1282 4650 Galli
1305 4606 1329 4635 ο
1361 4610 1483 4651 cum
1515 4596 1738 4666 reliquis
1760 4596 2019 4653 altaribus
2039 4609 2096 4654 et

587 4733 614 4763 ι
645 4720 839 4803 Datum
870 4723 1513 4803 Ilulmanrpajatiorcgio
1544 4728 1597 4803 l‘l
1640 4725 1931 4803 Kal.Aug.,
1952 4743 2094 4782 anno

512 4791 604 4860 21,
641 4792 790 4860 regni
824 4794 876 4846 in
908 4791 1653 4859 orientaliFraucia,’indict.
1681 4798 1735 4850 2.

586 4858 615 4900 δ
646 4858 841 4916 Datum
872 4870 959 4916 est
1000 4864 1101 4919 hoc
1131 4864 1360 4933 diploma
1395 4864 1560 4919 Ulma:
1593 4867 1781 4920 eodem
1827 4881 1991 4929 anno,
2041 4878 2096 4922 ct

514 4932 602 5005 die
638 4945 701 4985 ac
730 4933 1060 5005 pra‘ccdcns,
1089 4942 1172 4986 ast
1190 4932 1486 5005 ’tnauifesto
1516 4949 1714 4989 oerrore
1749 4948 1845 5005 pro
1891 4936 1927 4990 Ξ
1973 4935 2090 4992 Kal.

518 5001 571 5054 in
601 5002 1158 5078 cqpositumdcgitur
1187 5003 1245 5078 11
1284 5003 1400 5078 Kal.

585 5079 611 5107 ε
653 5068 761 5122 γοχ
790 5068 1143 5141 fl‘ttntlia'ltic
1187 5071 1415 5124 loculum
1446 5080 1760 5141 argenteum
1811 5073 1864 5127 in
1915 5077 2096 5130 sacelli

518 5136 748 5209 formam
770 5137 1102 5209 fabricatum
1138 5141 1374 5200 denotat.
1420 5142 1473 5193 in
1506 5136 1609 5208 quo
1648 5143 1699 5196 in
1741 5146 2100 5209 processimu-

520 5206 724 5281 bns_S_.
754 5208 905 5281 Galli
931 5223 1063 5281 ossa,
1101 5206 1638 5281 circumferebantur.
1688 5206 1930 5281 [Ignmus
1975 5213 2100 5266 Rat-

518 5275 653 5346 perti
678 5278 742 5328 de
771 5276 830 5329 S.
860 5275 1016 5330 Gallo
1049 5280 1103 5332 in
1136 5278 1332 5332 Conisii
1364 5279 1479 5331 lect.
1510 5281 1671 5346 antiq.
1700 5306 1709 5309 μ

2196 1968 2251 2022 in
2289 1966 2561 2022 volumine
2590 1966 2642 2020 l.
2676 1967 2707 1998 ⁸
2736 1964 2936 2020 Omnes
2981 1964 3279 2037 prophetas
3322 1964 3377 2019 in
3428 1964 3711 2017 volumine
3740 1967 3782 2017 t.

2195 2060 2215 2081 ¹
2238 2060 2508 2129 Epistolas
2540 2058 2709 2122 Pauli,
2734 2057 2903 2112 Actus
2931 2056 3321 2126 apostolorum,
3350 2057 3383 2110 7
3414 2056 3692 2125 Epistolas
3712 2072 3768 2109 ea

2195 2151 2452 2214 nonicas,
2501 2159 2557 2204 et
2594 2148 2955 2219 Apocalypsin
3001 2147 3268 2203 Johannis
3318 2149 3374 2202 in
3431 2148 3712 2202 volumine
3740 2150 3783 2201 1.

2196 2246 2213 2263 ‘
2238 2241 2424 2297 Sancti
2449 2240 2735 2311 Augustini
2778 2255 2943 2310 super
2970 2238 3273 2293 Jobannem
3305 2249 3524 2309 partem
3556 2241 3595 2293 9.
3639 2250 3694 2292 et
3735 2240 3784 2292 3.

2196 2337 2311 2392 ‘32
2337 2336 2506 2391 libros
2547 2337 2615 2392 de
2661 2334 2881 2389 civitate
2921 2334 3016 2388 Dei
3064 2334 3119 2388 in
3157 2333 3372 2388 duobus
3399 2333 3785 2387 voluminibus.

2195 2430 2212 2451 ‘
2244 2427 2526 2498 Augustini
2552 2426 2619 2481 de
2647 2425 2868 2481 civitate
2908 2425 3001 2480 Dei
3041 2425 3210 2479 libros
3236 2424 3302 2478 l5
3333 2425 3386 2478 in
3433 2424 3715 2478 volumine
3741 2425 3785 2477 l.

2200 2524 2213 2542 ‘
2239 2520 2437 2576 Contra
2482 2500 2743 2573 Faustum
2793 2517 3135 2572 manicbeum
3177 2515 3345 2571 libros
3370 2516 3514 2570 duos
3550 2516 3608 2570 in
3644 2515 3786 2569 volu-

2196 2614 2342 2668 mine
2366 2614 2421 2667 l.
2463 2612 2495 2646 “
2520 2609 2593 2665 82
2620 2609 2968 2678 quaestiones,
2993 2617 3049 2662 et
3074 2618 3267 2663 contra
3304 2607 3693 2661 adversarium
3721 2606 3786 2659 le-

2195 2705 2278 2773 gis
2322 2712 2375 2758 et
2423 2702 2813 2774 Prophetarum
2861 2699 2915 2753 in
2977 2699 3253 2753 volumine
3286 2699 3311 2752 1
3344 2699 3391 2750 δ.
3447 2696 3785 2766 ’Διιςιιειίιὶ

2195 2809 2360 2866 super
2394 2793 2631 2864 psalmos
2661 2792 2696 2848 6
2727 2791 3016 2846 volumina.
3044 2789 3077 2823 “
3110 2788 3245 2843 item
3291 2788 3357 2842 de
3390 2787 3619 2842 eisdem
3652 2788 3785 2841 libris

2198 2886 2250 2939 in
2279 2884 2643 2940 voluminibus
2675 2882 2886 2937 duobus
2932 2889 3189 2949 excerpta
3240 2879 3399 2934 valde
3456 2880 3783 2934 necessaria.

2195 2974 2226 3009 *
2254 2973 2449 3029 Libros
2475 2974 2541 3028 η
2566 2971 2967 3027 confessionum
2991 2969 3168 3025 sancti
3189 2967 3507 3037 Augustini.
3536 2967 3781 3037 Ejusdem

2197 3063 2365 3120 libros
2391 3065 2423 3119 7
2454 3065 2519 3119 de
2570 3064 2859 3134 baptismo.
2911 3062 2944 3097 "
2964 3060 3023 3116 In
3069 3060 3330 3116 Geucsim
3361 3061 3434 3115 ad
3464 3061 3692 3116 litteram
3718 3060 3782 3112 li-

2197 3157 2324 3212 bros
2345 3157 2434 3212 12.
2468 3156 2651 3211 Sancti
2679 3154 2947 3211 Ambrosii
2974 3163 3165 3209 contra
3188 3153 3464 3208 Arrianus
3488 3152 3610 3206 liber
3635 3152 3686 3215 1.
3713 3157 3775 3202 et

2120 3218 2165 3279 Ο
2196 3247 2421 3319 epistola
2449 3245 2587 3317 eius,
2622 3255 2678 3303 et
2713 3246 2885 3302 sancti
2926 3245 3215 3317 Augustini
3244 3254 3442 3301 contra
3468 3244 3677 3299 easdem
3713 3241 3774 3293 in

2192 3337 2465 3393 volumine
2492 3338 2513 3390 l
2546 3336 2758 3407 pusillo.
2805 3336 2837 3365 “
2867 3335 2943 3390 De
2971 3334 3217 3390 doctrina
3266 3333 3582 3389 Christiana
3606 3332 3719 3385 libri
3744 3330 3777 3383 4

2197 3430 2249 3485 in
2286 3427 2561 3484 volumine
2601 3430 2651 3483 l.
2709 3427 3219 3496 Recapitulationes.
3247 3428 3427 3481 sancti
3476 3426 3776 3498 Augustini.

2196 3521 2594 3577 Lectionarium
2631 3520 2697 3574 ad
2749 3519 3089 3575 basiiicami.
3139 3520 3171 3567 ν
3204 3519 3322 3573 Duo
3352 3519 3633 3574 volumina
3673 3518 3779 3586 φὶ·

2195 3614 2452 3668 stolarum
2477 3613 2650 3669 sancti
2683 3611 3000 3668 Hieronimi.
3044 3611 3345 3668 “Omelias
3365 3612 3639 3668 Johannis
3659 3610 3780 3680 Cry-

2196 3705 2439 3767 sostomi,
2472 3713 2529 3759 et
2557 3706 2625 3759 de
2667 3704 3082 3773 eompunctionc
3109 3706 3314 3765 cordis,
3349 3721 3414 3758 ac
3448 3705 3779 3775 reparatione

2197 3796 2329 3864 lapsi
2373 3796 2426 3849 in
2458 3794 2730 3849 volumine
2764 3796 2809 3847 l.
2843 3794 3029 3849 Sancti
3072 3794 3261 3848 llilarii
3308 3809 3477 3864 super
3518 3794 3775 3848 nam

2196 3887 2444 3942 volumen
2472 3888 2521 3940 l.
2560 3886 2590 3920 ⁸
2617 3883 3003 3939 Collectariosi
3040 3885 3180 3940 duos
3207 3886 3262 3940 in
3290 3885 3526 3953 singulis
3563 3884 3779 3937 πιᾶναιιί-

2196 3974 2356 4029 nibus
2390 3974 2457 4029 de
2483 3975 2718 4030 adventu
2742 3972 2954 4027 Domini
2986 3988 3160 4042 usque
3195 3973 3252 4027 in
3296 3975 3524 4043 pasrba.
3552 3975 3586 4006 ἰ
3608 3971 3779 4027 Sancti

2195 4065 2466 4120 Ambrosii
2505 4065 2740 4135 episcopi
2777 4065 2829 4118 in
2870 4064 3210 4134 evangelium
3240 4066 3545 4120 secundum
3593 4065 3781 4119 ιωω

2198 4158 2251 4212 in
2279 4155 2550 4213 volumine
2582 4157 2633 4211 1.
2676 4158 2709 4191 ⁸
2733 4156 2984 4226 Ejusdem
3035 4156 3091 4211 in
3138 4156 3399 4227 epistolas
3440 4155 3598 4211 Pauli
3643 4154 3779 4209 voln-

2197 4246 2341 4301 mina
2373 4246 2429 4300 2.
2469 4243 2719 4314 Ejusdem
2749 4246 2817 4302 de
2863 4245 3006 4301 bono
3066 4247 3282 4311 mortis,
3314 4256 3374 4302 et
3400 4245 3701 4301 Hieronimi
3730 4245 3781 4297 is

2197 4335 2551 4409 Apocalypsin
2606 4334 2870 4391 Johannis
2897 4336 2949 4390 in
2988 4336 3265 4391 volumine
3307 4337 3360 4390 1.
3412 4336 3675 4390 Victorini
3721 4334 3785 4387 ὼ

2197 4437 2380 4482 Sancta
2405 4426 2686 4481 Trinitatc.
2709 4426 2926 4480 Librum
2951 4427 3125 4481 sancti
3152 4425 3480 4481 Clementis.
3506 4424 3784 4480 Passum»

2200 4517 2277 4574 les
2304 4519 2329 4558 ι
2361 4518 2497 4574 duos
2540 4518 2593 4571 in
2640 4516 2850 4572 duobus
2878 4516 3266 4572 voluminibus.
3296 4517 3328 4551 ³⁸
3356 4516 3669 4571 CaSsiodori
3712 4529 3790 4567 sn-

2200 4622 2296 4677 pcr
2323 4622 2512 4662 omnes
2539 4605 2771 4676 psalmos
2797 4606 2851 4660 in
2881 4605 3053 4660 tribus
3092 4606 3490 4661 voluminibus.
3514 4605 3674 4660 Beda
3696 4620 3791 4659 sa~

2202 4754 2255 4789 ιι.
2288 4734 2391 4789 267
2420 4742 2693 4804 mutuatus
2714 4731 2935 4804 estaubi
2970 4732 3116 4804 hunc
3150 4733 3366 4787 titulum
3393 4733 3657 4804 pnefert:
3684 4734 3795 4785 "es

2200 4804 2359 4858 libros
2383 4805 2605 4870 patravit
2637 4800 2938 4855 Crimoldus
2962 4802 3096 4870 abba
3127 4805 3183 4856 in
3208 4800 3534 4857 incumin-io
3565 4804 3627 4858 S.
3655 4804 3795 4858 Gaio

2197 4875 2254 4929 in
2286 4869 2464 4926 diebus
2496 4872 2787 4925 llfudowici
2829 4873 2960 4943 regis
3015 4869 3299 4943 Gernumie
3350 4892 3473 4926 cum
3525 4876 3801 4943 πάλ-φιδίται

2204 4943 2469 4996 Hartmoli
2498 4943 2767 5011 propositi
2792 4941 2874 4993 sui
2901 4957 2993 5008 per
3019 4958 3191 4995 armos
3215 4942 3285 4997 50
3324 4955 3381 4997 et
3411 4941 3601 4996 unum.
3636 4945 3799 4997 (ludi-

2199 5029 2290 5136 pes
2318 5016 2347 5048 “
2374 5014 2649 5081 praeﬁxum
2690 5011 2947 5066 habentes
2994 5011 3048 5065 in
3095 5011 3432 5068 bibliotheca
3485 5025 3664 5067 nostra
3703 5014 3801 5065 ad-

2221 5099 2307 5136 tuc.
2336 5091 2575 5136 exstant.
2756 5116 2759 5117 ν

2199 5098 2811 5274 Ζυξέἔῇὲἳηξιιιθΐαιυε
2861 5167 2915 5204 n.
2962 5150 3069 5205 267
3118 5154 3289 5209 habet
3334 5155 3393 5206 in
3446 5153 3799 5208 voluminibus

2241 5238 2303 5274 uo
2342 5239 2421 5274 us.

2241 5238 2511 5345 "fugaex
2539 5290 2784 5346 Ratuerti
2812 5304 2867 5343 n.
2897 5288 3000 5344 6H
3026 5288 3180 5343 addit
3207 5291 3324 5343 sine
3345 5292 3648 5346 conoediis.
