4026 6308
504 380 645 438 1075
722 418 727 423 -

1458 352 1917 433 narramus
1956 368 2475 427 SANGALLENSIS
2510 369 2752 427 ABBAS.

3619 372 3760 428 1076

498 492 644 549 cerni
674 503 725 544 ι.
751 489 814 545 ιιι
856 488 977 545 aliis
1006 449 1266 558 przeterea
1310 486 1574 553 adiﬁciis,
1601 495 1663 541 ut
1707 486 1855 542 cerni
1882 483 2082 555 poterit
2105 482 2161 543 Λ
2184 482 2517 549 abstrahere,
2548 483 2798 554 illiusque
2822 482 3045 539 servitio
3070 498 3163 539 eos
3189 482 3403 538 auferre
3426 494 3475 537 ·.
3523 481 3757 539 Nomina

499 581 558 637 in
585 579 873 652 praesenti,
918 578 1211 649 plurimum
1240 585 1427 634 nostro
1463 578 1795 635 monasterio
1833 578 2084 633 decorem

500 672 618 728 suis
647 670 979 741 temporibus
1006 670 1123 741 ipse
1146 656 1423 740 patravit;
1453 679 1527 735 et,
1560 679 1620 725 ut
1652 670 1884 739 plurima
1908 670 2088 726 brevi-

500 774 587 821 ter
607 762 1085 832 comprehendam,
1111 761 1438 832 ubicumque
1466 762 1569 817 fuit
1594 802 1612 828 ,
1639 763 1752 817 sive
1778 763 1943 827 intus,
1976 762 2088 816 sive

499 853 652 920 foris,
681 853 794 910 sive
814 854 955 924 apud
979 853 1197 919 divites,
1220 854 1336 909 sive
1356 855 1495 924 apud
1524 855 1848 919 mediocres,
1862 852 2090 907 Domine

501 944 738 1002 donante
777 943 1151 1014 sapientiaque
1203 958 1235 997 a
1297 943 1409 1000 Deo
1456 943 1557 999 sibi
1609 958 1862 999 concessa
1905 950 2090 997 nostra

500 1037 685 1093 omnia
713 1035 1025 1092 cautissime
1070 1036 1404 1106 providente,
1431 1051 1533 1092 nos
1556 1050 1769 1104 semper
1793 1033 1969 1090 securi
1995 1048 2092 1093 ex-

501 1126 807 1182 titeramus.
830 1125 1115 1180 Librorum
1139 1139 1353 1195 quoque
1379 1140 1516 1195 quos
1541 1124 1630 1180 ille
1651 1124 1718 1179 ad
1739 1137 2089 1179 communem

499 1215 816 1272 monasterii
838 1215 1126 1271 utilitatem
1157 1230 1256 1271 suo
1285 1224 1526 1287 tempore
1548 1214 1804 1286 patravit,
1829 1214 1945 1269 haec
1964 1204 2101 1269 sun‘:

501 1307 719 1363 nomina
744 1306 797 1363 δ.
1810 1332 1813 1335 λ

572 1396 859 1453 Lectiones
883 1397 1169 1468 evangelii,
1199 1412 1359 1468 quem
1403 1398 1601 1454 librum
1631 1412 1764 1453 auro
1788 1404 1844 1453 et
1865 1402 2091 1468 argento

503 1503 570 1543 ac
590 1487 852 1558 lapidibus
876 1487 1130 1557 pretiosis
1153 1489 1383 1544 ornavit.
1407 1487 1808 1543 Lectionarium
1835 1486 2089 1555 elephan-

506 1588 563 1635 to
588 1591 611 1620 ε
652 1589 709 1635 et
749 1595 882 1635 aure
907 1589 1174 1651 paratum.
1206 1582 1223 1601 '
1247 1580 1316 1635 55
1356 1581 1629 1636 volumina
1671 1578 1814 1635 beati
1842 1576 2090 1647 Gregorii

504 1669 562 1725 in
606 1668 708 1727 Job
754 1671 812 1726 in
857 1685 951 1727 sex
995 1687 1220 1740 corpora
1270 1671 1460 1728 divisa.
1509 1671 1829 1727 Collectaria
1876 1670 1983 1724 duo
2024 1668 2091 1725 de

503 1758 705 1828 pascha
730 1774 899 1829 usque
928 1760 993 1813 ad
1029 1761 1317 1815 adventum
1346 1761 1578 1816 Domini.
1624 1763 1638 1781 '
1663 1763 1693 1815 7
1725 1760 1892 1815 libros
1916 1759 2086 1814 sancti

504 1821 791 1920 Augustini
813 1821 875 1903 in
898 1851 1333 1919 heptatbeucum.
1378 1850 1563 1907 Sancti
1593 1850 1864 1907 Ambrosii
1896 1850 1961 1905 de
1986 1847 2090 1904 tide
2116 1821 2164 1884 Β

507 1945 699 1999 contra
722 1938 968 1994 arrianos
994 1940 1161 1995 libros
1195 1940 1231 1994 5
1252 1941 1306 1995 in
1337 1941 1538 1995 velum.
1570 1940 1627 1995 1.’
1651 1940 1823 1996 ‘Item
1848 1939 2088 2009 ejusdem

505 2024 631 2080 libri
661 2027 696 2081 5
718 2027 933 2096 proprie
954 2026 1020 2083 de
1045 2028 1234 2100 spiritu
1255 2038 1463 2096 sancto,
1484 2037 1539 2084 et
1564 2044 1729 2084 unum
1749 2029 1818 2083 de
1837 2028 2089 2082 incarna-

505 2116 655 2172 tione
677 2117 913 2185 Domini,
947 2127 1001 2174 et
1024 2121 1190 2175 alium
1210 2122 1276 2176 de
1301 2122 1457 2177 laude
1476 2130 1787 2177 sanctorum
1810 2122 1863 2177 in
1886 2121 2087 2175 velum.

506 2208 577 2263 1.
613 2209 631 2228 ⁶
653 2205 832 2263 Vitam
862 2210 1036 2264 sancti
1075 2209 1292 2265 Martini
1336 2210 1390 2266 in
1418 2211 1689 2267 volumine
1715 2226 1842 2266 uno.
1872 2211 1893 2232 θ
1914 2209 2092 2264 Vitam

505 2296 819 2355 sanctorum
864 2299 1004 2356 Galli
1052 2308 1109 2357 et
1154 2301 1360 2357 Otmari
1410 2303 1464 2357 in
1522 2301 1720 2358 velum.
1771 2304 1825 2357 I.
1866 2303 1884 2323 ‘
1921 2300 2099 2356 Vitam

506 2392 685 2447 sancti
734 2391 981 2449 Silvestri
1025 2393 1082 2448 in
1131 2393 1403 2449 volumine
1448 2410 1580 2450 uno.
1633 2396 1652 2415 ‘
1700 2394 1949 2449 Instituta
1994 2408 2094 2463 pa-

508 2489 677 2547 trum,
717 2493 853 2553 quas
912 2491 1222 2553 nuncupant
1272 2483 1414 2539 vitas
1466 2492 1679 2554 patrum
1727 2483 1991 2546 minores,
2041 2481 2097 2536 in

444 2640 447 2641 γ
509 2569 713 2625 velum.
746 2571 801 2625 1.
836 2571 950 2627 ‘20
991 2572 1124 2628 duas
1173 2572 1399 2630 omelias
1447 2574 1693 2646 Gregorii
1751 2588 1911 2643 super
1960 2572 2094 2628 Eze-

509 2660 740 2716 chielem
788 2664 1102 2732 prophetam
1162 2664 1217 2720 in
1267 2667 1472 2720 velum.
1531 2666 1582 2720 I.
1636 2669 1657 2686 ‘
1702 2665 1973 2721 Ambrosii
2029 2665 2098 2720 de

507 2747 699 2804 otiiciis
742 2750 925 2805 libri?»
963 2752 1018 2805 in
1066 2751 1340 2810 volumine
1391 2769 1517 2809 uno.
1568 2753 1752 2809 Sancti
1806 2754 2099 2825 Augustini

511 2836 580 2891 de
607 2838 886 2908 magistro,
915 2847 970 2894 et
1004 2840 1243 2909 ejusdem
1277 2842 1552 2912 epistolas.
1585 2842 1717 2897 Item
1745 2843 1811 2897 de
1838 2842 2009 2913 gratia
2038 2855 2100 2902 et

512 2927 687 2990 libere
728 2929 953 2984 arbitrio
1010 2931 1029 2951 ‘
1072 2928 1409 2986 Collectanea
1472 2933 1617 2988 Fieri
1677 2933 1974 3003 presbyteri
2032 2935 2101 2988 de

512 3016 875 3074 voluminibus
916 3020 1087 3074 sancti
1132 3021 1417 3090 Augustini
1457 3022 1511 3076 in
1538 3021 1820 3092 epistolam
1852 3022 2005 3078 Pauli
2031 3023 2100 3079 ad

514 3106 795 3164 Romanos
818 3109 873 3163 in
898 3108 1098 3164 velum.
1132 3110 1183 3164 1.
1218 3114 1235 3132 ’
1263 3108 1450 3167 Sancti
1478 3110 1761 3183 Augustini
1782 3112 1850 3168 de
1871 3112 2103 3168 utilitate

517 3195 793 3262 credendi,
825 3204 880 3254 et
915 3198 1057 3254 bono
1086 3206 1292 3255 naturae
1316 3239 1332 3266 ,
1361 3209 1416 3255 et
1454 3200 1677 3256 scoliam
1705 3200 1886 3272 Cyrilli
1930 3203 1995 3257 de
2023 3203 2104 3257 in-

518 3286 836 3342 carnatione
881 3288 1119 3354 Domini,
1150 3298 1205 3343 et
1245 3304 1446 3358 paucas
1471 3290 1813 3359 quaestiones.
1850 3291 1869 3312 ¹
1892 3290 2108 3364 Polihy-

518 3381 720 3451 storem
771 3374 940 3431 Solini
988 3377 1045 3431 in
1076 3377 1276 3433 velum.
1309 3379 1335 3433 I
1379 3378 1811 3434 ‘Altercatienes
1840 3377 2003 3434 Attici
2051 3371 2110 3436 et

520 3463 792 3519 Cretobeli
831 3466 895 3519 ad
932 3482 1154 3535 parvum
1197 3477 1409 3539 tempus
1450 3484 1561 3525 non
1592 3478 1806 3540 poterat
1853 3471 2105 3538 inveniri,

491 3568 623 3623 .pro
658 3568 799 3622 qua,
839 3564 1127 3623 antequam
1160 3556 1527 3626 inveniretur,
1556 3560 1759 3630 scripta
1791 3566 1872 3614 est
1900 3559 2029 3623 alia,
2054 3567 2110 3614 et

466 3692 472 3698 .
521 3643 733 3698 additus
758 3652 843 3699 est
867 3645 915 3698 ei
940 3644 1076 3700 liber
1103 3648 1274 3701 sancti
1303 3647 1588 3718 Augustini
1617 3639 1681 3707 de
1702 3650 1810 3706 vita
1838 3649 2107 3707 Christia-

517 3746 608 3790 na.
637 3740 693 3786 et
716 3731 999 3788 altercatio
1040 3734 1294 3791 Ecclesia:
1336 3747 1390 3792 et
1430 3736 1742 3808 Synagegae.
1770 3739 2107 3796 Cellectanea

521 3819 670 3875 Fleri
699 3821 752 3876 in
796 3824 1085 3893 epistolam
1128 3827 1197 3883 ad
1242 3827 1550 3882 Corinthios
1592 3829 1910 3895 secundam,
1938 3839 1993 3883 et
2039 3832 2108 3886 ad

522 3910 768 3968 Hebrees
791 3912 841 3968 ά.
879 3917 897 3935 ⁸
936 3915 1157 3972 Decreta
1186 3916 1500 3987 pontiﬁcum
1538 3917 1903 3972 Romanorum
1938 3919 1989 3972 in
2017 3935 2113 3974 ve-

521 4000 730 4059 lumine
752 4021 878 4060 une.
918 4007 1172 4079 Regulam
1202 4011 1375 4065 sancti
1420 4010 1637 4077 Basilii,
1683 4019 1739 4065 et
1782 4020 2105 4066 ceterorum.

524 4093 677 4150 Alios
699 4110 913 4169 quoque
939 4096 1126 4165 libros,
1148 4101 1348 4169 proprii
1373 4116 1537 4156 causa
1577 4101 1830 4156 videlicet
1854 4117 2005 4167 usus,
2025 4103 2111 4171 je—

528 4183 706 4239 cunda
734 4186 971 4255 patravit
1007 4188 1313 4257 scriptura;
1342 4203 1475 4256 quos
1508 4189 1759 4245 similiter
1784 4200 1901 4259 post
1946 4190 2108 4246 ﬁnem

514 4271 743 4329 dierum
793 4287 1015 4330 suorum
1062 4276 1239 4331 sancti
1281 4275 1418 4332 Galli
1466 4279 1684 4333 servitio
1732 4280 2110 4349 perpetualiter

523 4366 857 4422 contradidit
901 4366 1244 4432 retinendos;
1303 4368 1609 4439 imprecans
1662 4370 1825 4423 etiam
1877 4368 1951 4422 illi
1999 4384 2106 4424 non

523 4471 708 4528 parvre
732 4458 964 4514 dedecus
992 4458 1341 4523 confusionis,
1366 4459 1412 4513 si
1435 4459 1555 4526 quis
1580 4459 1981 4529 praesumpserit
2001 4460 2101 4513 ali-

526 4560 689 4616 quam
741 4556 949 4617 partem
1000 4562 1189 4602 eorum
1241 4548 1309 4603 de
1354 4549 1683 4604 monasterio
1730 4550 1901 4603 sancti
1960 4549 2097 4603 Galli

599 4691 625 4719 α
654 4679 834 4735 Codex
878 4696 933 4733 n.
981 4678 1105 4746 6I5,
1137 4695 1264 4735 szec.
1312 4680 1378 4735 I5
1405 4680 1491 4737 bis
1536 4680 1685 4735 addit
1725 4696 1739 4734 :
1791 4679 1900 4733 Iste
1945 4682 2103 4734 etiam

528 4745 844 4819 Hartmotus
900 4748 1067 4803 velum
1113 4750 1396 4819 Optimum,
1442 4750 1581 4819 quod
1629 4751 1801 4803 adhuc
1849 4751 2002 4803 hodie
2048 4752 2100 4803 in

528 4817 930 4885 quadragesima
973 4828 1092 4871 ante
1144 4817 1349 4872 erucem
1398 4817 1545 4872 extra
1592 4819 1807 4872 chorum
1856 4821 2103 4886 appendt';

530 4898 640 5008 itur,
688 4903 781 4966 per
832 4901 1018 4941 manus
1056 4888 1249 4941 sororis
1282 4903 1376 4943 sue
1415 4889 1619 4941 nomine
1659 4887 1871 4941 Richlin
1906 4897 2102 4941 textum

569 4964 763 5008 enavit.
801 4972 821 5006 ι

569 4964 763 5008 enavit.
801 4972 821 5006 ι

605 5024 643 5107 δᾼ
663 5023 897 5107 Iudicem
926 5023 1342 5107 subsequentem
1375 5023 1666 5107 Ratpentus
1698 5041 1764 5106 ex
1798 5025 1987 5107 eodem
2013 5039 2103 5107 co-

534 5092 654 5163 dice
679 5109 733 5146 n.
762 5093 874 5163 267A
907 5093 1207 5163 descripsit,
1238 5094 1438 5149 emisse
1463 5092 1754 5163 titule.7qui
1795 5096 1873 5148 sic
1905 5096 2101 5148 habet:

536 5161 650 5215 Hos
677 5177 794 5232 uero
816 5160 975 5214 libros
996 5160 1130 5232 idem
1165 5162 1471 5216 Harlmotut
1498 5173 1612 5232 post
1628 5160 1952 5217 Grimoldum
1974 5164 2107 5217 abba

536 5228 861 5301 constitutus
891 5232 984 5285 sub
1034 5231 1341 5286 Illudom'co
1390 5228 1690 5300 supradicto
1737 5249 1881 5300 rege,
1910 5243 1955 5286 et
1992 5234 2105 5301 [illia

536 5298 653 5368 ejus
691 5296 895 5380 Ἰςςιγοιο
940 5301 1247 5371 imperatore
1270 5303 1325 5356 in
1353 5296 1531 5356 diebus
1560 5296 1822 5371 regimini}
1865 5304 1945 5357 sui
1987 5296 2108 5372 fecit

450 5369 1095 5520 "'=‘ff*'if'cr_?bl:}e’addigit
1143 5455 1331 5520 manus
1376 5440 1862 5520 coma-,‘ﬁig'ws
1912 5441 2108 5520 ¹1ί⁴¹¹¹9

510 5505 662 5585 libri
688 5513 931 5585 tempore
960 5507 1351 5585 reformationis
1373 5509 1620 5567 subducti
1655 5505 1889 5583 (‘Vddian
1913 5512 1975 5565 de
2001 5513 2111 5565 col-

539 5572 719 5698 legiisl
737 5572 859 5631 dein
887 5576 1111 5658 periere.
1147 5575 1199 5649 ’,Γ
1258 5582 1297 5611 -’
1341 5644 1345 5651 ν
1565 5598 1573 5607 θ
1662 5572 1703 5601 “’
1864 5578 1867 5581 ’

610 5644 638 5684 ἀ
724 5646 931 5698 diunmt
974 5644 1203 5698 svllalms
1246 5644 1502 5698 Iibre‘rn‘m
1556 5651 1610 5698 in
1650 5644 1853 5698 mih?
1899 5648 1924 5698 τ’

610 5644 931 5726 diAiljungit
974 5644 1203 5726 syllabus
1246 5644 1502 5726 librorum
1556 5644 1853 5726 iit_n.'_‘2b7
1899 5648 2106 5726 :"Nnnc

543 5725 664 5769 sunt
716 5719 849 5771 inter
893 5733 1098 5771 manus.
1142 5719 1218 5772 Ex
1258 5720 1451 5789 quibus
1489 5724 1668 5778 verbis
1710 5723 1899 5791 liquet,
1951 5722 2107 5790 sylla-

2184 589 2313 629 vere
2340 574 2635 628 eorundem
2665 575 2923 631 librorum
2953 582 3078 629 sunt
3123 575 3257 629 haec.
3284 574 3317 609 *‘
3343 573 3597 643 Quinque
3639 576 3757 630 libri

2186 668 2371 739 Moysi,
2400 668 2585 733 Iosue,
2612 669 2961 739 judicumque
3003 671 3057 724 in
3095 670 3293 725 velum.
3330 671 3381 725 I.
3414 673 3431 693 '
3456 670 3670 742 Regum
3698 671 3762 725 li-

2185 758 2268 813 bri
2298 759 2332 812 4
2360 759 2413 812 in
2444 760 2642 813 velum.
2678 760 2730 813 I.
2762 762 2778 782 “
2804 759 3119 815 Psalterium
3142 760 3208 815 de
3235 760 3500 816 Hebraico
3527 762 3761 815 transla~

2187 855 2300 901 tum
2334 847 2377 900 τ.
2407 847 2693 903 Proverbia
2722 849 3043 913 Salomonis,
3079 850 3439 916 ecclesiastes,
3460 860 3517 906 et
3550 853 3767 906 cantica

2187 937 2556 1003 canticorum;
2578 939 2703 994 item
2733 940 2871 994 liber
2897 941 3189 1009 sapientiae,
3214 940 3404 996 etlesu
3435 941 3767 1007 ﬁIiiSirach,

2188 1036 2242 1082 et
2270 1028 2704 1098 paralipomenon
2732 1030 2853 1084 libri
2880 1031 2986 1085 duo
3024 1031 3076 1084 in
3120 1030 3393 1084 volumine
3436 1046 3567 1084 uno.
3598 1033 3615 1049 ‘
3640 1029 3765 1092 Job,

2190 1117 2405 1184 Tobias,
2454 1119 2678 1184 Judith,
2730 1130 2785 1175 et
2836 1120 3025 1176 Hester
3054 1121 3105 1174 in
3155 1120 3358 1174 velum.
3417 1120 3467 1173 1.
3522 1120 3775 1183 Esdras,

2188 1209 2471 1277 Necmias,
2521 1222 2577 1268 et
2636 1212 3047 1267 Machabeorum
3112 1211 3234 1265 libri
3276 1211 3314 1264 2
3358 1211 3412 1264 in
3463 1209 3671 1263 velum.
3717 1210 3768 1262 1.

2189 1304 2209 1327 ⁸
2238 1303 2448 1370 Esaias,
2478 1312 2533 1359 et
2559 1304 2860 1360 Hieremias
2899 1306 2952 1360 in
2999 1304 3198 1359 velum.
3241 1303 3293 1356 1.
3347 1301 3666 1364 ’Ezechiel,
3718 1311 3774 1355 et

2190 1393 2261 1448 12
2286 1396 2579 1465 prophetze,
2611 1405 2667 1451 et
2709 1396 2935 1450 Danihel
2972 1396 3024 1449 in
3055 1394 3255 1449 velum.
3295 1394 3347 1448 1.
3398 1393 3417 1413 ⁴
3443 1392 3773 1462 Evangelia-

2189 1502 2308 1543 rum
2333 1488 2530 1547 velum.
2557 1488 2609 1542 1.
2640 1486 2985 1556 Reliquorum
3018 1487 3276 1566 librorum
3307 1484 3428 1539 novi
3455 1479 3775 1538 testamenti

2190 1582 2391 1638 velum.
2433 1581 2485 1634 1.
2517 1583 2529 1598 ‘
2556 1579 2713 1635 Beda:
2753 1579 2919 1633 libelli
2959 1580 3064 1633 duo
3106 1579 3171 1632 de
3217 1585 3410 1630 natura
3456 1588 3671 1636 rerum,
3718 1582 3777 1626 et

2190 1671 2547 1742 temporibus.
2590 1671 2609 1692 ‘
2653 1669 2787 1724 Item
2847 1683 2987 1724 unus
3040 1666 3287 1738 grandis,
3339 1674 3399 1720 et
3449 1663 3555 1717 alia
3605 1679 3775 1731 arguo

2191 1771 2372 1818 menta
2406 1759 2747 1831 computandi
2778 1760 2832 1814 in
2878 1758 3077 1813 velum.
3109 1757 3159 1810 I.
3199 1754 3406 1826 Regula
3448 1754 3629 1807 sancti
3670 1752 3775 1807 Be-

2192 1853 2410 1919 nedicti,
2441 1860 2495 1910 et
2531 1850 2971 1923 martyrelogium
3015 1849 3209 1915 Bedte;
3247 1855 3303 1901 et
3332 1846 3638 1917 ymnarius,
3677 1858 3783 1897 nec

2191 1961 2300 2004 non
2339 1955 2396 2003 et
2432 1944 2641 2003 omelias
2670 1944 2888 2001 Caesarii
2920 1944 2975 1997 in
3007 1942 3209 1997 velum.
3250 1941 3303 1995 1.
3340 1943 3355 1960 ⁶
3387 1936 3777 2005 Ethimelegia-

2191 2054 2312 2096 rum
2343 2037 2531 2094 lsideri
2556 2035 2755 2091 velum.
2784 2035 2838 2088 9..
2863 2032 3193 2089 Medicinalis
3222 2030 3359 2085 liber
3390 2043 3552 2083 unus.
3581 2025 3783 2081 Glossa

2194 2128 2247 2184 in
2287 2128 2540 2199 epistolas
2565 2125 2737 2181 Pauli.
2767 2124 2940 2194 Super
2967 2124 3228 2179 lectiones
3268 2120 3470 2176 velum.
3500 2118 3556 2172 2.
3603 2117 3781 2187 Super

2192 2219 2470 2290 evangelia
2512 2219 2715 2274 velum.
2738 2212 2811 2272 '2.
2841 2218 2857 2236 ⁶
2888 2215 3147 2283 Yelnmen
3178 2211 3376 2269 Orosii.
3425 2210 3683 2265 Martiani
3714 2210 3783 2263 de

2196 2310 2397 2381 nuptiis
2425 2309 2675 2364 Mercurii
2707 2316 2764 2362 et
2791 2305 3096 2376 philologia:
3125 2304 3245 2359 libri
3283 2303 3338 2356 2.
3367 2301 3504 2356 Item
3541 2302 3614 2356 de
3653 2302 3687 2353 ’ἵ
3718 2300 3783 2354 li-

2195 2400 2468 2457 beralibus
2493 2393 2701 2454 artibus
2727 2397 2847 2452 libri
2894 2396 2945 2450 7.
2984 2395 3192 2451 Boethii
3226 2395 3259 2449 5
3287 2393 3409 2448 libri
3441 2391 3783 2463 pbiIOSOphi-

2198 2504 2275 2546 ca:
2300 2487 2682 2545 consolationis
2726 2487 2779 2542 in
2819 2486 3020 2541 velum.
3051 2486 3104 2540 1.
3150 2484 3282 2539 Item
3324 2483 3413 2537 alii
3442 2480 3478 2535 5
3507 2482 3561 2536 in
3611 2482 3785 2535 altero

2199 2578 2494 2633 volumine.
2550 2577 2693 2632 Inter
2730 2576 2832 2631 hes
2869 2575 3029 2630 etiam
3075 2589 3238 2628 unam
3288 2586 3539 2658 mappa‘m
3592 2570 3783 2624 mundi

2200 2667 2380 2724 subtili
2410 2682 2575 2736 opere
2596 2667 2845 2737 patravit,
2878 2680 3038 2737 quam
3070 2664 3214 2720 inter
3249 2663 3347 2719 bos
3374 2677 3595 2732 quoque
3618 2661 3790 2716 libros

2199 2757 2607 2813 connumeravit
2637 2758 2682 2812 ε.

2217 2904 2220 2908 ‘
2271 2889 2402 2946 Post
2455 2884 2662 2945 obitum
2713 2902 2843 2943 vero
2891 2885 3188 2942 Hludowici
3242 2883 3474 2956 piissimi
3526 2885 3680 2955 regis
3724 2885 3785 2939 in

2202 2990 2413 3052 partem
2456 2979 2656 3043 Caroli,
2687 2978 2781 3034 lilii
2810 2977 2928 3047 ejus
2952 3019 2968 3045 ,
2999 2986 3182 3033 nostro
3219 2976 3546 3031 monasterio
3566 2977 3785 3045 pertin-

2204 3079 2363 3141 gente
2387 3085 2511 3126 cum
2539 3078 2723 3126 cetero
2767 3083 2954 3139 regno,
2982 3082 3170 3124 omnes
3198 3066 3555 3122 immanitatis
3595 3074 3784 3120 cat-tas

2131 3179 2176 3243 ρ
2208 3177 2238 3216 a
2269 3170 2419 3232 patre
2456 3162 2575 3232 ejus
2609 3160 2922 3216 Hludowice
2965 3159 3121 3215 nobis
3165 3160 3518 3221 condonatas,
3556 3158 3627 3211 ab
3654 3157 3785 3226 ipso

2212 3254 2632 3310 clementissimo
2672 3251 2782 3308 ﬁlio
2809 3252 2926 3322 ejus
2953 3250 3147 3308 Carolo
3171 3250 3491 3331 Hartmetus
3525 3249 3664 3304 abba
3685 3266 3783 3305 no-

2207 3344 2293 3400 bis
2344 3343 2595 3399 renovari
2630 3342 2778 3409 fecit,
2825 3350 2987 3411 atque
3032 3341 3179 3397 illius
3223 3340 3546 3395 auctoritate
3586 3341 3789 3394 iterato

2209 3432 2475 3489 conscribi
2499 3434 2550 3488 ιι.

2280 3563 2464 3634 Neque
2511 3564 2615 3619 hoc
2659 3563 2875 3619 silentio
2903 3561 3331 3632 praetereundum
3376 3568 3493 3620 est,
3520 3566 3789 3627 quantum

2209 3652 2277 3708 de
2296 3652 2562 3723 regalibus
2598 3650 2975 3706 donationibus
3003 3648 3069 3703 ad
3112 3656 3355 3711 nostrum
3383 3646 3777 3699 monasterium

2207 3742 2398 3798 fuisset
2429 3743 2517 3797 ille
2544 3751 2784 3812 tempore
2826 3756 3162 3798 concessum.
3194 3738 3435 3807 Denique
3474 3738 3489 3776 ί
3523 3734 3779 3805 praefatus

2207 3832 2464 3902 piissimae
2493 3832 2767 3886 memoria:
2816 3847 2907 3885 rex
2942 3828 3308 3891 Illudovvicus,
3345 3828 3565 3880 vivente
3590 3825 3787 3879 abbate

2207 3922 2503 3987 Grimalde,
2535 3922 2711 3976 locum
2739 3922 2829 3990 qui
2882 3921 3081 3974 dicitur
3107 3918 3438 3988 Mccchinga.
3488 3917 3556 3970 ad
3598 3932 3781 3970 mena-

2209 4013 2435 4066 sterium
2473 4010 2644 4066 sancti
2692 4010 2829 4065 Galli
2869 4019 3085 4064 aeterna:
3125 4024 3287 4063 causa
3324 4008 3783 4063 remunerationis

2210 4102 2355 4171 regia
2384 4101 2705 4155 auctoritate
2730 4100 3055 4155 contradidit
3086 4098 3135 4152 i.

2276 4191 2406 4246 Post
2455 4192 2606 4261 cujus
2652 4191 2877 4253 obitum,
2924 4187 3202 4244 Grimaldo
3231 4202 3451 4258 quoque
3502 4189 3783 4248 defuncte,

2202 4280 2430 4337 Carolus
2456 4279 2907 4335 clementissimus
2958 4294 3073 4340 rex,
3128 4278 3269 4331 ﬁlius
3310 4278 3461 4345 ejus,
3494 4276 3781 4331 Ilartmoto

2207 4368 2572 4424 intercedente
2596 4369 2863 4436 quandam
2878 4367 3267 4436 possessionem
3306 4367 3469 4433 regia:
3498 4367 3779 4434 potestatis

2207 4461 2258 4514 in
2282 4474 2420 4529 page
2450 4456 2799 4526 Turgoicnsc,
2854 4458 3010 4509 sitam
3042 4456 3095 4508 in
3151 4455 3267 4509 loco
3296 4455 3388 4523 qui
3421 4455 3625 4507 dicitur
3669 4454 3778 4507 Bo.

2206 4548 2545 4611 belvcsriuti,
2577 4555 2763 4601 sancte
2782 4544 2934 4599 Gallo
2962 4545 3013 4597 in
3045 4552 3355 4613 perpetuam
3377 4544 3779 4613 possessionem

2202 4684 2335 4738 bum.
2364 4684 2504 4736 hunc
2545 4681 2783 4750 Ralperti
2811 4694 3032 4734 casuum
3070 4676 3210 4750 libre
3234 4692 3375 4750 esse
3401 4675 3778 4750 vetustiorem.

2278 4766 2300 4791 θ
2334 4754 2527 4805 Earum
2546 4746 2736 4819 aliqua:
2753 4751 2830 4803 sic
2853 4756 3074 4803 sonant:
3096 4747 3310 4819 Auferet
3332 4746 3377 4799 si
3405 4746 3546 4819 quis,
3572 4746 3783 4796 damne-

2201 4831 2288 4875 tur
2316 4822 2456 4891 mille
2482 4816 2722 4891 ﬂagellis.
2744 4820 3050 4891 judicioque
3076 4816 3183 4891 Δυιξί
3219 4818 3519 4891 succumbet
3564 4829 3782 4878 corpore

2203 4891 2350 4972 pesti:
2400 4884 2530 4944 Cod.
2558 4884 2630 4972 in.
2673 4884 2758 4972 1.9.
2802 4884 3114 4972 ftfi'ﬂuis
3154 4894 3203 4939 et
3242 4886 3337 4939 hos
3362 4884 3580 4952 aufert,
3613 4898 3785 4953 gyppo

2203 4956 2473 5028 scabicque
2497 4958 2765 5013 redundet.
2799 4957 2931 5012 Cod.
2960 4956 3050 5010 46.

2281 5028 2299 5066 ί
2340 5028 2519 5083 Codex
2553 5042 2825 5096 perrarus.

2280 5101 2306 5137 ε
2339 5097 2484 5150 Libri
2515 5089 2568 5151 1ιί
2598 5099 2757 5151 etiam
2792 5095 3034 5164 catalogo
3064 5093 3401 5164 bibliothecae
3429 5090 3675 5159 inscripti
3697 5089 3782 5142 Ie-

2208 5178 2425 5239 gnntur,
2453 5167 2543 5235 qui
2572 5169 2626 5220 iu
2658 5165 2817 5232 duplo
2845 5162 2994 5218 neno
3014 5165 3215 5218 saeculo
3236 5162 3517 5216 confectus
3538 5169 3744 5214 exstat.

2280 5238 2308 5276 ιι
2341 5236 2531 5290 Datum
2579 5246 2659 5290 est
2706 5236 2806 5288 hec
2841 5234 3073 5301 diploma
3126 5248 3271 5286 anno
3323 5231 3475 5301 877,
3526 5230 3597 5282 I5
3656 5228 3781 5301 Kal.

2212 5306 2382 5375 Sept..
2425 5322 2569 5361 anno
2614 5304 2793 5360 Karoli
2842 5300 3035 5374 primo.
3067 5304 3218 5371 regni
3272 5301 3435 5365 illius,
3466 5300 3655 5354 indict.
3694 5300 3783 5359 to,

2210 5378 2328 5432 sine
2357 5377 2494 5431 loco.
2754 5382 2758 5386 ‘
3676 5414 3681 5417 .

2289 5449 2303 5487 ί
2332 5448 2436 5502 Pro
2457 5446 2662 5500 ctenim.
3660 5460 3664 5465 ’

2204 5536 2205 5539 η
2283 5517 2297 5567 i
2346 5517 2533 5569 Datum
2587 5512 3009 5568 F-rancenofnrt.
3038 5511 3187 5583 regio
3225 5508 3424 5583 palatio
3460 5506 3605 5583 Non.

2209 5602 2352 5642 anno
2371 5586 2471 5640 129'
2500 5584 2647 5652 regni
2667 5583 2902 5645 ﬁndiet.
2936 5583 3026 5634 .Itl.
3054 5574 3207 5636 Villae
3227 5574 3629 5648 Medtingenfot
3653 5574 3791 5631 Gin-

2211 5659 2391 5727 tingcn
2421 5655 2618 5725 palatio
2644 5652 2866 5710 Putasne
2892 5652 3084 5707 vicinae
3113 5660 3256 5707 sunt.
3448 5666 3509 5687 -ο
3656 5684 3683 5711 ε,
