4026 6302
2705 249 3466 262 -----,

235 261 3468 306 m

425 425 1084 572 OPERUM
1163 427 1955 572 HINCMARI
2045 425 3148 614 CONTINUATIO.

1387 699 2200 926 (Epistolas.

676 1222 1015 1279 EPISTOLA
1045 1224 1277 1278 PRIMA.

193 1361 567 1402 EPISCOPORUM
595 1362 935 1402 DIGCESEON
957 1362 1272 1402 RHEMENSIS
1292 1361 1474 1409 ATQUE
1493 1361 1786 1402 ROTHOMA-

297 1433 496 1472 GENSIS
527 1426 554 1454 ⁸
579 1433 654 1472 ΑΙ)
686 1433 1004 1472 ιυυονιουδί
1037 1432 1342 1472 GERMANLE
1371 1432 1560 1474 REGEM
1589 1421 1635 1472 δ.

249 1523 349 1593 (Ex
383 1524 537 1580 Actis
563 1541 724 1596 prov.
757 1525 896 1581 oecl.
930 1525 1124 1580 Rhem.
1158 1531 1290 1580 tom.
1322 1525 1364 1592 Ι,
1397 1541 1528 1596 pag.
1559 1525 1706 1595 247).

244 1648 460 1702 Domno
474 1663 775 1712 wnovrco,
801 1648 942 1721 regi,
979 1647 1244 1721 glorioso,
1281 1649 1523 1720 episcopi
1552 1649 1782 1705 Rhemo-

188 1753 301 1790 rum
344 1735 653 1794 dioeceseos
701 1745 866 1810 atque
918 1737 1396 1810 Rothomagensis,
1447 1739 1539 1809 qui
1585 1739 1780 1794 adesse

179 1824 469 1894 potuimus.

181 1948 220 2001 l.
252 1949 554 2005 Excusant
583 1965 686 2005 cur
708 1949 780 2004 ad
810 1954 1152 2006 conventum
1191 1951 1558 2006 Rhemensem
1590 1953 1780 2009 venire

747 2037 864 2076 non
891 2025 1224 2093 potuerunt.

247 2107 482 2163 Litteras
511 2107 900 2164 dominationis
930 2117 1130 2165 vestrae
1160 2109 1361 2181 quique
1402 2118 1652 2165 nostrum
1682 2111 1780 2164 ha-

178 2194 410 2262 buimus,
433 2195 635 2267 quibus
647 2196 888 2266 jussistis
904 2203 961 2251 ut
982 2196 1138 2253 vobis
1155 2213 1234 2252 vn
1255 2197 1527 2252 Kalendas
1544 2199 1779 2254 Decem-

179 2283 288 2337 bris
337 2284 567 2340 Rhemis
619 2299 1054 2352 occurreremus,
1079 2293 1344 2357 quatenus
1383 2286 1460 2340 ibi
1498 2287 1781 2342 nobiscum

181 2380 232 2426 et
284 2387 412 2427 cum
463 2372 680 2428 caeteris
735 2371 984 2428 fidelibus
1039 2373 1233 2428 vestris
1288 2374 1357 2429 de
1388 2375 1780 2431 restauratione

179 2466 382 2517 sancte
419 2460 708 2528 Ecclesiae,
740 2469 794 2516 et
822 2461 892 2516 de
921 2469 1065 2517 statu
1111 2477 1174 2518 ac
1202 2462 1374 2518 salute
1401 2462 1588 2534 p0puli
1617 2463 1778 2518 Chri-

1808 1205 2084 1275 Apiscat,
2121 1213 2172 1260 et
2221 1206 2396 1277 sapiat
2445 1221 2607 1277 quam
2657 1207 2936 1280 granditer
2993 1208 3142 1263 Deus
3186 1207 3478 1264 offenditur

1885 1294 2104 1363 quando
2136 1293 2190 1346 in
2235 1293 2312 1349 sic
2358 1295 2654 1366 grandibus
2697 1303 2750 1350 et
2777 1297 2979 1366 apertis
3025 1312 3133 1352 non
3164 1297 3479 1370 ignoranter

1883 1389 2160 1452 peccatur.
2197 1382 2349 1437 Unde
2377 1382 2640 1454 scriptum
2677 1391 2759 1438 est
2783 1403 2795 1438 ε
2821 1387 3176 1442 Descendunt
3205 1388 3268 1442 in
3297 1389 3484 1456 infer-

1883 1486 2024 1524 num
2043 1472 2290 1525 viventes
2311 1471 2484 1540 (Psal.
2507 1472 2640 1544 LIV).
2667 1473 2727 1526 Id
2749 1480 2849 1538 est,
2867 1472 3182 1527 labanturin
3191 1482 3476 1544 peccatum

1885 1557 2140 1612 scientes.
2175 1557 2308 1625 Quae
2334 1557 2516 1612 divina
2547 1559 2908 1629 permissione
2931 1561 3126 1616 merito
3154 1561 3342 1617 mundi
3372 1577 3478 1632 pa-

1883 1645 2086 1711 tientis,
2123 1653 2346 1716 prepter
2374 1647 2682 1702 communia
2718 1657 2939 1718 peccata
2968 1657 3168 1716 nostra,
3202 1658 3479 1720 pastorum

1883 1733 2092 1788 scilicet
2137 1742 2188 1788 et
2231 1750 2508 1806 gregum,
2543 1743 2766 1806 propter
2809 1737 3006 1792 delicta
3036 1737 3184 1809 regis
3215 1746 3268 1795 et
3299 1738 3474 1810 regni,

1883 1821 2138 1877 eveniunt
2167 1821 2306 1877 sicut
2323 1823 2585 1894 scriptum
2616 1832 2699 1878 est
2732 1839 2744 1879 :
2777 1825 3158 1881 Immissiones
3176 1843 3276 1899 per
3305 1843 3481 1899 ange-

1884 1911 1964 1966 los
1993 1911 2191 1976 malos,
2217 1912 2367 1966 viam
2377 1913 2519 1982 fecit
2533 1913 2807 1968 Dominus
2822 1914 3150 1970 semitwirte
3169 1931 3286 1970 suae
3301 1915 3476 1985 (Psal.

1880 2000 2114 2068 Lxxvn).
2149 2000 2374 2066 Tamen,
2427 1999 2565 2054 sicut
2616 2001 2828 2057 Veritas
2855 2009 3208 2074 protestetur,
3241 2019 3351 2059 non
3379 2004 3486 2059 erit

1881 2087 1999 2142 sine
2029 2087 2232 2144 ultione
2263 2087 2515 2144 vindictae
2556 2105 2656 2144 nec
2681 2089 2786 2160 ipsi
2829 2091 2984 2164 virga
3012 2090 3212 2148 furoris
3241 2091 3480 2148 Domini.

1881 2175 1970 2230 Sic
1991 2175 2246 2247 legimus,
2281 2175 2360 2232 sic
2389 2177 2718 2244 audivimus,
2752 2179 2830 2234 sic
2859 2179 3114 2246 vidimus,
3134 2188 3184 2236 et
3202 2196 3302 2251 pro
3330 2189 3484 2238 certo

1881 2263 1960 2319 sic
1980 2263 2088 2320 cito
2133 2263 2438 2319 videbimus
2471 2283 2484 2319 :
2515 2266 2770 2337 quoniam
2797 2267 2922 2322 licet
2949 2277 3266 2339 peccatores
3293 2269 3482 2335 simus,

1880 2352 1978 2406 sed
2005 2352 2350 2422 poenitentes,
2375 2361 2427 2408 et
2461 2353 2517 2407 in
2544 2341 2726 2409 divin'a
2755 2355 3039 2411 clementia
3067 2356 3278 2412 fortiter
3307 2358 3482 2413 conli-

1880 2440 2092 2506 dentes,
2127 2440 2482 2495 ministerium
2512 2457 2734 2498 sacrum
2775 2452 3034 2514 operante
3063 2444 3267 2515 Spiritu
3297 2453 3484 2502 sancto

179 2547 359 2614 stiani,
390 2548 718 2605 tractaretis.
754 2549 864 2605 Sed
892 2565 995 2604 nos
1024 2549 1092 2604 ad
1137 2529 1561 2621 placitum—illud
1590 2567 1793 2607 occur-
1821 2529 2220 2621 BSuSFf’Pi’Eus
2241 2571 2254 2596 ν
2305 2529 2440 2621 δίηὲ
2481 2545 2588 2621 quo
2641 2547 2792 2586 sacra
2837 2547 2948 2621 ηοη
2993 2532 3368 2621 minisu'amus
3388 2577 3400 2601 ν
3429 2543 3480 2588 θ¹

180 2651 300 2691 rere
346 2650 462 2691 non
504 2637 780 2708 potuimus
802 2678 816 2707 ,
851 2643 906 2692 et
948 2643 1174 2708 propter
1198 2637 1697 2698 incommoditatem
1729 2649 1782 2696 et

179 2723 498 2782 brevitatem
561 2725 823 2796 temporis
846 2769 860 2792 ,
906 2733 961 2780 et
1009 2733 1236 2797 propter
1291 2726 1782 2784 inconvenientiam

173 2811 278 2868 loci
319 2831 334 2879 ;
372 2821 446 2880 et,
489 2813 636 2884 quod
681 2821 764 2868 est
803 2813 1086 2886 lugubrius
1109 2855 1124 2884 ,
1155 2821 1378 2884 prapter
1405 2813 1783 2872 confusionem

181 2900 442 2956 tumultus
473 2901 668 2956 exorti.
695 2901 804 2957 Sed
833 2909 886 2956 et
915 2901 1113 2956 divinis
1159 2902 1396 2975 legibus,
1429 2918 1567 2975 quas
1596 2912 1650 2958 et
1685 2920 1784 2960 vos

181 2988 565 3045 observaturos
585 3004 711 3046 cum
730 2989 926 3046 vestris
946 2988 1202 3044 fratribus
1221 2990 1382 3045 nobis
1401 2991 1779 3058 denuntiastis,

183 3085 397 3132 cantum
413 3092 541 3133 esse
559 3077 918 3150 dignoscitur,
944 3077 1070 3150 quia
1105 3077 1246 3134 sicut
1263 3094 1366 3134 nec
1385 3080 1784 3151 archiepiscOpi

183 3165 296 3221 sine
326 3165 662 3237 coepiscopi,
685 3165 760 3220 ita
786 3182 888 3222 nec
935 3165 1248 3238 coepiscopi
1275 3166 1392 3222 sine
1419 3167 1784 3239 archiepisco-

182 3268 371 3322 porum
400 3269 677 3310 consensu
702 3253 792 3309 vel
813 3256 992 3324 jussu,
1025 3253 1130 3308 nisi
1159 3270 1281 3327 quae
1309 3255 1378 3310 ad
1395 3255 1644 3326 proprias
1659 3272 1784 3326 per-

185 3341 352 3396 tinent
382 3340 698 3412 parochias,
730 3341 932 3397 debent
976 3357 1331 3412 praesumere,
1379 3349 1432 3397 et
1461 3341 1516 3396 in
1549 3349 1656 3396 tam
1681 3358 1785 3396 an-

185 3437 342 3500 gusto
371 3436 616 3501 tempore
657 3428 1190 3502 archiepiscoporum
1239 3429 1445 3486 litteras
1472 3445 1582 3486 non
1609 3430 1784 3487 valui-

185 3533 302 3572 mus
331 3517 402 3572 de
433 3526 702 3574 conventu
729 3517 952 3574 habere.
982 3517 1330 3591 Quapropter
1359 3519 1572 3575 noverit
1603 3526 1787 3576 vestra

184 3605 486 3661 sublimitas
518 3605 647 3678 quia
673 3605 991 3662 mandatum
1019 3615 1265 3663 vestrum
1297 3614 1482 3662 nostra
1510 3623 1620 3663 non
1648 3622 1784 3662 con-

185 3694 398 3765 tempsit
456 3693 776 3762 humilitas;
811 3695 930 3762 sed,
988 3695 1129 3752 sicut
1171 3695 1338 3768 longe
1387 3704 1470 3751 est
1516 3704 1638 3752 ante
1684 3711 1786 3752 nos

184 3781 401 3850 dictum,
433 3782 528 3854 qui
551 3782 706 3853 jubet
747 3783 1087 3855 impossibile
1106 3828 1118 3850 ,
1155 3783 1280 3840 facit
1309 3801 1371 3840 se
1399 3784 1786 3856 contemptibi-

181 3869 305 3925 lem.

188 3994 254 4049 Il.
274 3994 612 4062 Queruntur
630 3995 773 4068 quod
788 4011 984 4055 eorum
1013 3997 1249 4054 monitis
1265 4001 1321 4053 et
1333 3999 1589 4054 comitiis
1603 3997 1796 4053 hacte-

640 4067 751 4123 nus
789 4067 907 4124 non
932 4069 1216 4140 paruerit.

256 4171 364 4229 Sed
393 4180 449 4228 et
493 4179 786 4229 tractatum
811 4173 882 4232 de
925 4173 1321 4231 restauratione
1363 4183 1565 4230 sanctae
1591 4173 1788 4230 Eccle-

193 4261 301 4331 siae,
335 4270 388 4316 et
414 4269 556 4317 statu
593 4276 661 4318 ac
707 4261 879 4318 salute
905 4263 1093 4334 populi
1135 4262 1436 4329 christiani,
1471 4263 1616 4334 quod
1644 4276 1790 4318 nunc

191 4365 284 4405 vos
311 4349 602 4406 nobiscum
633 4349 838 4408 habere
869 4351 1009 4407 velle
1037 4351 1238 4418 dicitis,
1264 4350 1462 4422 justius
1483 4358 1536 4406 et
1555 4349 1782 4406 rationa-

159 4437 346 4496 JJilius
374 4437 512 4494 illud
552 4438 746 4494 haberi
790 4439 1076 4511 potuisset,
1107 4440 1154 4495 si
1180 4439 1402 4506 nostris,
1449 4439 1580 4511 quin
1607 4437 1790 4510 potius

190 4525 383 4582 divinis
402 4525 646 4584 consiliis
677 4535 730 4582 et
756 4527 1229 4586 observationibus
1277 4535 1438 4600 atque
1467 4526 1788 4584 obtestatio-

190 4615 344 4670 nibus
408 4631 652 4688 superno
693 4625 947 4688 respectu
1001 4617 1380 4688 obtemperare
1437 4615 1748 4673 voluissetis
1771 4659 1786 4682 ,

1896 2617 2056 2672 nobis
2101 2617 2303 2672 dictum
2333 2633 2364 2671 a
2395 2617 2628 2674 Veritate
2672 2620 2940 2675 veraciter
2965 2620 3167 2676 scimus
3199 2637 3211 2676 :
3245 2623 3365 2680 Non
3393 2639 3484 2679 vos

1882 2707 2017 2761 estis
2073 2707 2168 2776 qui
2199 2706 2514 2778 loquimini,
2547 2707 2643 2762 sed
2670 2708 2918 2780 Spiritus
2948 2709 3138 2765 Patris
3169 2713 3342 2766 vestri
3388 2713 3486 2784 qui

1885 2794 2134 2866 loquitur
2163 2795 2223 2849 in
2257 2793 2400 2850 vobis
2421 2794 2645 2862 (Matth.
2699 2796 2782 2868 χ).

1886 2938 1977 2992 Ill.
2012 2939 2163 3006 Quod
2193 2942 2396 3012 scepius
2433 2940 2604 3015 illam
2651 2943 2723 3015 ad
2762 2943 3080 2998 ineundum
3123 2959 3254 2999 cum
3301 2947 3486 3015 fratre

2303 3011 2660 3067 concordiam
2691 3012 2905 3069 hortati
2933 3018 3090 3069 sunt.

1955 3116 2022 3168 Et
2052 3114 2178 3170 licet
2207 3115 2506 3171 dominatio
2533 3125 2718 3172 vestra
2737 3118 2930 3172 melius
2959 3119 3170 3174 noverit
3202 3120 3270 3174 de
3292 3121 3490 3190 quibus

1886 3203 2122 3272 scriptis,
2170 3203 2438 3257 mandatis
2489 3211 2542 3258 et
2570 3203 2728 3260 dictis
2767 3204 3034 3272 dicamus,
3073 3215 3252 3262 tamen
3283 3223 3391 3264 non
3421 3209 3491 3263 ab

1887 3306 1946 3344 re
1976 3297 2058 3344 est
2087 3290 2134 3345 si
2164 3290 2325 3346 etiam
2355 3299 2407 3346 et
2427 3307 2528 3348 nos
2558 3291 2650 3347 illa
2678 3293 2748 3348 ad
2795 3293 3110 3349 memoriam
3143 3305 3379 3352 vestram
3411 3313 3492 3353 re-

1885 3378 2167 3434 ducamus.
2203 3379 2382 3434 Primo
2415 3380 2634 3452 quidem
2665 3397 2766 3453 per
2797 3381 3172 3456 Hildegarium
3201 3393 3244 3452 °,
3267 3399 3495 3440 venera-

1885 3466 2050 3521 bilem
2107 3467 2422 3538 episcopum
2445 3509 2459 3537 ,
2516 3468 2732 3540 scriptis
2771 3477 2826 3524 at
2863 3470 3060 3538 dictis;
3110 3473 3350 3529 secundo
3395 3489 3495 3545 per

1887 3555 2110 3610 Eneam
2140 3555 2185 3624 ἀ,
2217 3556 2592 3612 honorabilem
2639 3557 2951 3628 episcopum
2977 3602 2992 3626 ,
3029 3559 3220 3615 litteris
3282 3569 3334 3616 et
3363 3578 3493 3617 ver-

1886 3643 2004 3710 bis;
2041 3642 2170 3698 item
2200 3659 2300 3714 per
2329 3645 2554 3700 IEneam
2582 3644 2783 3713 verbis,
2801 3645 2998 3702 deinde
3020 3663 3120 3718 per
3139 3647 3490 3704 Hincmarum

1887 3731 2250 3786 Bhemensem
2280 3742 2334 3786 et
2367 3732 3254 3808 Wenilonem_Rothomagensem
3283 3736 3496 3808 episco-

1886 3835 1986 3890 pos
2009 3839 2028 3887 ;
2049 3819 2248 3874 iterum
2283 3835 2386 3890 per
2399 3821 2640 3887 eosdem,
2660 3837 2783 3877 cum
2799 3821 2921 3877 aliis
2939 3837 3076 3894 quos
3091 3823 3197 3896 ipsi
3218 3825 3454 3880 vocastis
3473 3868 3486 3892 ,

1813 3909 1862 3973 α
1889 3923 1956 3962 ea
2005 3924 2127 3978 qum
2174 3907 2332 3963 saluti
2363 3909 2584 3966 fuerunt
2613 3925 2857 3982 congrua
2885 3910 3212 3967 sufﬁcienter
3238 3913 3484 3981 audistis,

1891 3995 2108 4067 quando
2145 3995 2283 4052 sicut
2329 4004 2382 4052 et
2410 4005 2536 4052 ante
2582 3997 2906 4069 petivimus,
2939 4006 2996 4053 ut
3025 3998 3188 4055 frater
3228 4007 3410 4056 vester
3439 4009 3492 4057 et

1888 4099 2079 4140 omnes
2101 4082 2290 4138 fideles
2320 4084 2466 4139 illius
2479 4093 2604 4140 ante
2637 4094 2876 4142 vestram
2897 4085 3248 4160 ﬁdeliumque
3279 4099 3491 4145 vestro-

1889 4189 2007 4226 rum
2027 4172 2371 4242 praasentiam
2399 4173 2454 4227 in
2483 4173 2723 4228 rationes
2753 4173 2874 4230 loco
2904 4183 2956 4229 et
2977 4183 3221 4246 tempore
3243 4193 3487 4250 congruo

1888 4259 2252 4324 venissemus,
2289 4268 2342 4314 et
2390 4275 2510 4330 quae
2538 4260 2678 4315 male
2706 4269 2866 4331 gesta
2904 4260 3102 4332 forent,
3135 4271 3318 4319 vestro
3348 4279 3488 4320 con-

1889 4347 2011 4402 silio
2043 4355 2094 4401 et
2120 4346 2319 4402 auxilio
2345 4363 2469 4402 cum
2501 4347 2602 4404 Dei
2645 4347 2914 4418 adjutorio
2944 4348 3146 4405 fuerint
3175 4351 3486 4408 emendata.

1889 4435 1994 4490 Pro
2024 4435 2220 4507 quibus
2250 4436 2506 4492 omnibus
2523 4436 2683 4493 dictis
2712 4453 2825 4494 non
2868 4438 3288 4496 obaudientibus
3326 4441 3488 4496 valde

1887 4523 2142 4580 timemus
2171 4526 2318 4596 quod
2349 4525 2547 4581 dicitur
2578 4527 2676 4582 :Si
2689 4543 3008 4585 sermonem
3028 4545 3218 4586 meum
3229 4545 3487 4586 servave-

1887 4617 2044 4680 runt,
2073 4617 2130 4669 et
2153 4618 2402 4670 vestrum
2417 4616 2722 4672 servabunt
2738 4616 2919 4687 (Joan.
2936 4617 3118 4688 xv),et
3135 4616 3344 4688 reliqua
3365 4634 3488 4690 quae

195 4704 318 4774 quia
355 4719 468 4760 non
510 4711 705 4760 nostra
747 4705 1098 4778 scripsimus,
1129 4705 1524 4771 mandavimus,
1557 4703 1793 4760 diximus
1889 4701 2154 4758 Dominus
2199 4702 2579 4759 comminatur.
2625 4704 2692 4759 Et
2725 4703 2770 4758 si
2798 4703 2892 4760 illa
2917 4719 3027 4758 non
3058 4711 3183 4760 sunt
3212 4705 3484 4773 exaudita,

194 4792 288 4848 sed
315 4806 460 4865 quae,
491 4791 732 4849 dictante
761 4793 1048 4861 charitate,
1073 4810 1195 4866 qua
1222 4793 1371 4850 Deus
1397 4801 1498 4864 est,
1523 4792 1578 4850 in
1599 4792 1788 4848 litteris

190 4880 358 4937 sacris
384 4879 715 4949 invenimus,
748 4889 800 4936 et
840 4899 964 4954 quae
1005 4890 1212 4937 naturae
1239 4882 1403 4937 insita
1429 4881 1788 4954 recognosci-

187 4985 324 5026 mus.
375 4969 645 5025 Ceterum
679 4986 802 5042 qua:
820 4979 1006 5027 contra
1026 4971 1117 5027 illa
1133 4987 1254 5043 qua:
1273 4971 1606 5043 scripsimus,
1625 4984 1787 5025 man-

190 5057 458 5127 davimus,
506 5056 760 5125 diximus,
810 5067 933 5114 acta
962 5067 1086 5114 sunt
1127 5052 1216 5116 vel
1245 5066 1500 5132 aguntur,
1532 5056 1788 5114 naturalis

187 5145 326 5218 legis
371 5144 598 5200 morbus
647 5154 700 5201 et
739 5146 925 5203 vitium
975 5147 1134 5204 etiam
1161 5163 1192 5202 a
1225 5147 1406 5202 minus
1455 5145 1788 5218 sapientibus

1887 4797 2064 4869 putari
2105 4807 2282 4868 potest
2327 4807 2378 4854 et
2407 4815 2510 4856 nec
2536 4799 2658 4866 ista,
2707 4815 2828 4871 quae
2871 4816 2970 4856 vos
3000 4799 3180 4875 dicitis
3211 4804 3358 4874 apud
3388 4819 3490 4859 nos
3519 4797 3530 4809 ⁸

1887 4886 2028 4942 velle
2076 4903 2323 4958 quaerere
2369 4895 2423 4943 et
2465 4888 2672 4955 audire,
2741 4887 3110 4958 exaudieqtur.
3157 4891 3490 4964 Videturque

1890 4974 2234 5048 quibusdam,
2266 4984 2324 5030 ut
2353 4975 2492 5033 sicut
2517 4975 2799 5042 Dominus,
2825 4978 3044 5049 quando
3073 4980 3322 5052 quaesivit
3350 4979 3486 5038 ficus

1888 5061 1943 5118 in
1962 5060 2196 5120 ﬁculnea
2228 5064 2315 5120 cui
2342 5063 2636 5132 maledixit,
2669 5079 2794 5119 cum
2823 5081 2931 5122 non
2963 5076 3125 5134 esset,
3143 5076 3279 5125 teste
3299 5069 3485 5124 Evan-

1889 5151 2056 5224 gelio,
2087 5160 2302 5223 tempus
2322 5151 2563 5217 ﬁcorum,
2598 5150 2744 5208 aliud
2771 5154 3002 5210 voluerit
3031 5155 3376 5230 signiﬁcare;
3411 5156 3484 5212 ita

189 5251 310 5292 esse
338 5233 704 5311 dignoscitur.
758 5233 882 5304 Qua
925 5236 995 5292 de
1023 5252 1086 5292 re
1112 5235 1354 5308 prudens
1383 5235 1613 5308 quisque
1627 5233 1784 5290 -resi-
1813 5265 1866 5325 D
1890 5247 1942 5295 et
1971 5239 2028 5293 in
2048 5239 2154 5296 hoc
2175 5240 2339 5296 citato
2369 5247 2423 5295 et
2451 5239 2756 5312 incongruo
2803 5251 3094 5316 conventu,
3143 5253 3354 5300 remota
3381 5245 3485 5300 do“-

249 5418 274 5447 ⁸
306 5418 562 5480 Hincmar,
589 5419 896 5482 archeveque
931 5417 993 5470 de
1030 5417 1232 5478 Beims;
1272 5418 1478 5484 Immon,
1515 5415 1701 5484 éveque
1722 5417 1782 5468 de

187 5485 353 5602 :oyipn
373 5498 406 5604 l;l
421 5484 718 5548 Ermentroi,
739 5485 919 5549 eveque
941 5485 1004 5536 de
1025 5485 1260 5538 Beauvais
1289 5498 1303 5548 ;
1330 5483 1580 5549 Hincmar,
1607 5483 1785 5547 ενὸίιυθ

215 5563 244 5600 e
311 5563 372 5604 ao
409 5586 421 5601 .

547 5663 784 5720 ΡΑτιιοι..
827 5661 1080 5720 CXXVI.

1949 5421 1972 5452 δ
2007 5416 2083 5466 On
2107 5415 2319 5467 attribue
2342 5418 2470 5468 cette
2503 5416 2650 5470 lettre
2673 5419 2702 5470 a
2725 5419 2957 5472 Hincmar
2974 5421 3035 5474 de
3060 5421 3245 5474 Reims.

1952 5496 1972 5523 c
2007 5483 2297 5546 Hildegaire,
2321 5482 2502 5546 avoque
2525 5484 2585 5536 de
2603 5488 2796 5538 Meaux.

1955 5563 1976 5601 d
2013 5549 2162 5614 Enée,
2189 5549 2368 5614 eveque
2387 5551 2448 5602 de
2469 5551 2622 5604 Paris.

3177 5667 3201 5718 1

1492 5829 2019 5938 123375

1878 5891 1918 5949 (
1944 5879 2026 5948 ἑ.)
