4026 6296
516 223 574 276 it
1365 218 1705 275 HINCMARI
1761 217 2164 274 RHEMENSIS
2225 217 2776 274 ARCHIEPISCOPI.
3746 223 3809 275 12

508 345 816 402 mlnationis
845 353 1042 400 vestrae
1069 343 1403 411 sinceritate,
1439 344 1507 397 de
1555 359 1664 414 qua
1721 341 1852 397 nihil
1909 350 2102 398 contra
2137 343 2193 403 Α
2213 342 2473 406 duerunt;
2507 349 2559 397 et
2589 343 2783 397 latebat
2813 342 2913 398 sub
2953 321 3112 398 melle
3143 358 3435 398 venenum.
3469 343 3542 397 Et
3565 343 3810 413 comple-

511 435 804 506 puritatem
829 433 1080 488 volumus
1109 441 1412 501 autumare,
1466 433 1572 486 alia
1619 431 1868 502 quaedam
1897 431 2107 502 possint

451 545 460 551 ·
511 523 760 594 intelligi.
787 523 852 576 Et
881 523 1010 593 quia
1039 521 1225 576 beatus
1255 523 1446 576 Petrus
1477 537 1696 576 omnem
1734 529 1918 576 monet
1957 521 2106 591 epis-

510 628 709 682 copum
738 620 796 664 ut
822 619 1046 681 paratus
1076 610 1144 664 sit
1189 611 1257 664 ad
1316 609 1737 664 satisfactionem
1792 611 1939 664 omni
1981 626 2108 680 pos-

509 700 653 756 centi
685 717 744 754 se
773 700 1062 765 rationem,
1098 716 1219 770 quae
1247 715 1392 754 nunc
1422 699 1692 764 videmus,
1725 715 1829 769 pro
1859 706 2104 769 tempore

508 791 704 844 damus
732 787 963 844 ﬁdeliter
992 787 1344 844 dominationi
1375 796 1570 842 vestra!
1608 787 1853 847 consilia.

509 896 600 951 Vl.
649 897 714 952 Ut
743 895 1056 952 consideret
1086 912 1189 950 cur
1215 897 1277 949 in
1299 897 1500 965 fratris
1530 912 1769 966 regnum
1792 895 2024 956 venerit,
2050 898 2107 948 et

672 971 869 1022 utrum
900 967 1043 1022 talia
1071 968 1354 1022 sustinere
1376 967 1529 1032 velit,
1566 967 1756 1038 qualia
1777 967 1933 1036 fecit.

579 1065 760 1119 Primo
799 1063 1019 1135 quidem
1075 1063 1131 1116 in
1187 1063 1306 1132 ipsa
1348 1063 1530 1117 radice
1591 1062 1772 1117 cordis
1814 1063 2104 1116 adventum

506 1161 749 1210 vestrum
779 1152 832 1206 in
863 1153 968 1207 hoc
991 1167 1226 1223 regnum
1253 1151 1501 1222 inspicite
1525 1191 1538 1218 ,
1589 1159 1644 1210 et
1693 1167 1876 1206 coram
1931 1151 2102 1205 oculis

507 1241 741 1307 Domini,
777 1241 864 1296 cui
908 1241 1206 1295 secundum
1247 1238 1589 1293 Psalmistam
1634 1238 1890 1311 cogitatio
1922 1238 2100 1293 homi-

503 1331 589 1386 nis
618 1328 924 1395 conﬁtetur,
967 1336 1162 1384 statera
1191 1327 1460 1399 terruitatis
1497 1329 1826 1398 ponderate;
1863 1335 1916 1382 et
1948 1325 2102 1399 quid-

503 1419 632 1491 quid
669 1421 969 1473 hortatores
1001 1425 1053 1472 et
1101 1416 1399 1471 consiliarii
1455 1432 1520 1472 ac
1574 1415 1882 1470 laudatores
1940 1415 2103 1472 vestri

500 1507 654 1564 vobis
685 1507 887 1573 dicant,
917 1505 985 1560 ad
1015 1520 1113 1560 cor
1141 1505 1346 1572 redite;
1380 1512 1434 1559 et
1462 1503 1726 1576 quidquid
1766 1505 1836 1559 ad
1866 1520 2100 1560 accusa-

502 1597 704 1653 tionem
735 1604 788 1650 et
816 1593 1346 1650 commendationem
1377 1593 1642 1648 adventus
1659 1593 1826 1649 vestri
1855 1593 2101 1648 invenire

2209 440 2320 485 tum
2351 439 2432 486 est
2473 430 2528 485 in
2561 431 2694 500 illis,
2755 431 3200 502 complenturque
3250 431 3306 485 in
3361 431 3481 486 istis
3509 431 3809 487 Psalmistze

2207 519 2410 574 dictum
2443 537 2458 572 :
2495 519 2598 586 Qui
2648 522 2957 592 loquuntur
3009 537 3208 591 pacem
3243 537 3374 576 cum
3389 521 3654 592 proximo
3688 537 3808 585 suo,

2206 609 2360 662 mala
2381 613 2574 662 autem
2594 609 2654 662 in
2673 609 2928 663 cordibus
2949 625 3143 664 eorum
3163 608 3339 680 (1)εαί.
3366 608 3584 680 xxv");
3610 617 3663 663 et
3683 608 3812 664 reli-

2206 711 2312 766 qua
2342 713 2462 768 qua:
2494 704 2810 768 sequuntur.
2845 699 2911 750 Et
2939 705 3265 767 receperunt
3293 697 3370 750 illi
3401 697 3456 750 in
3485 697 3684 752 sazculo
3705 697 3810 752 isto

2206 796 2326 850 quae
2354 787 2480 834 nota
2510 788 2633 835 sunt
2662 789 2712 835 et
2743 789 3062 850 receperunt
3113 781 3168 834 in
3201 782 3403 836 saeculo
3463 781 3637 837 altero
3689 797 3810 852 qua

2203 869 2257 922 in
2279 868 2482 936 judicio
2513 869 2730 940 plenius
2761 877 3180 942 cognoscentur.
3218 869 3458 936 Quorum
3487 869 3574 924 isti
3601 869 3812 924 intuen-

2204 965 2286 1012 tes
2316 958 2536 1023 exitum,
2593 958 2786 1014 timere
2830 958 3132 1013 debuerant
3169 955 3435 1014 actionem
3469 976 3481 1012 :
3516 965 3570 1013 et
3612 957 3812 1013 facient

2203 1045 2249 1098 si
2298 1045 2421 1100 illos
2479 1046 2782 1116 respexerit
2838 1047 3101 1101 Dominus
3157 1046 3248 1118 qui
3297 1047 3519 1116 respicit
3575 1046 3810 1101 humiles

2203 1143 2256 1188 et
2285 1134 2519 1188 custodit
2555 1134 2831 1204 parvulos,
2873 1136 2939 1188 Et
2964 1135 3045 1190 sic
3073 1133 3360 1206 pestilenta
3425 1133 3722 1207 ﬂagellato,
3751 1142 3813 1189 ut

2203 1223 2460 1293 scriptum
2491 1231 2592 1292 est,
2627 1223 2925 1294 sapientior
2953 1223 3057 1278 erit
3115 1223 3378 1294 parvulus
3407 1241 3422 1289 ;
3460 1231 3514 1278 et
3571 1223 3806 1294 sapient,

2203 1313 2330 1384 quia
2357 1329 2468 1367 non
2497 1313 2724 1383 repellet
2753 1313 3020 1367 Dominus
3058 1313 3278 1383 plebem
3306 1329 3482 1378 suam,
3519 1328 3624 1368 nec
3675 1312 3809 1368 obli-

2201 1401 2440 1456 viscetur
2468 1401 2523 1455 in
2565 1400 2727 1456 ﬁnem
2753 1419 2768 1455 :
2792 1399 3063 1470 Quoniam
3087 1402 3632 1473 PrOptermiseriam
3674 1403 3808 1457 ino-

2195 1507 2335 1562 pum
2351 1493 2408 1544 et
2418 1491 2691 1560 gemitum
2711 1506 3028 1562 pauperum
3041 1507 3197 1546 nunc
3210 1507 3489 1560 amurgam
3505 1491 3678 1560 (Psal.
3699 1490 3806 1558 ιι),

2199 1577 2328 1633 dicit
2349 1577 2632 1632 Dominus.
2666 1577 2883 1649 Alioqui
2913 1577 3052 1633 sicut
3084 1586 3214 1633 tunc
3261 1577 3396 1632 dixit
3424 1577 3550 1646 illis,
3607 1577 3682 1632 ita
3741 1595 3807 1633 ex

499 1695 552 1741 et
608 1685 787 1740 dicere
818 1682 1122 1756 potueritis,
1173 1689 1413 1737 vestram
1441 1682 1829 1737 conscientiam
1867 1681 2102 1737 interro-

2209 1682 2346 1721 uunc
2383 1665 2512 1720 dicit
2534 1665 2795 1720 Dominus
2817 1665 2968 1720 istis:
3003 1667 3184 1730 Tacui,
3208 1666 3467 1738 nunquid
3481 1682 3699 1738 semper
3717 1670 3810 1722 ta-

501 1782 658 1846 gate;
701 1781 754 1828 et
781 1773 826 1827 si
857 1773 981 1825 talia
1009 1771 1280 1826 sustinere
1313 1770 1476 1827 vultis
1505 1771 1687 1842 qualia
1715 1769 1910 1840 facitis,
1947 1770 2098 1840 judi-

499 1870 640 1918 cate.
672 1863 740 1917 Et
769 1861 920 1915 illam
975 1861 1167 1914 horam
1207 1875 1370 1934 quam
1429 1859 1562 1914 certi
1603 1859 1732 1914 estis
1781 1859 1909 1930 quia
1952 1858 2102 1914 nullo

498 1952 662 2008 modo
691 1949 937 2021 poteritis
967 1947 1227 2021 effugere,
1254 1947 1468 2018 quando
1489 1947 1665 2002 anima
1685 1955 1866 2003 vestra
1893 1948 1962 2002 de
1983 1963 2104 2003 cor-

510 2055 646 2110 pore
692 2037 852 2104 exiet,
887 2045 1012 2092 ante
1040 2037 1237 2090 mentis
1263 2036 1450 2092 oculos
1467 2037 1670 2106 ponite,
1694 2037 1913 2108 quando
1932 2044 2105 2091 totum

508 2127 772 2187 mundum
801 2135 853 2180 et
879 2141 1096 2180 omnem
1125 2133 1466 2196 potestatem,
1531 2134 1583 2180 et
1614 2141 1805 2180 omnes
1863 2125 2102 2192 divitias,

506 2224 559 2272 et
588 2217 764 2286 ipsum
790 2230 989 2285 corpus
1018 2213 1376 2284 derelinquat,
1409 2222 1463 2268 et
1483 2214 1600 2268 sine
1629 2213 1896 2280 adjutorio
1921 2211 2106 2266 uxoris

507 2321 571 2360 ac
600 2302 851 2372 ﬁliorum,
877 2311 929 2357 et
957 2303 1074 2357 sine
1133 2301 1326 2357 solatio
1382 2310 1435 2356 et
1492 2301 1750 2356 comitatu
1807 2301 2106 2355 drudorum

508 2402 669 2464 atque
699 2407 986 2448 vassorum
1016 2391 1158 2445 nuda
1187 2398 1239 2444 et
1269 2390 1513 2446 desolata
1544 2389 1726 2457 exibit,
1767 2398 1820 2444 et
1847 2389 2109 2462 quidquid

509 2480 768 2553 cogitavit
822 2488 874 2534 et
911 2479 1166 2534 ordinare
1213 2478 1496 2548 disposuit,
1531 2477 1790 2534 infectum
1848 2477 2104 2543 dimittet,

513 2571 650 2626 sicut
671 2567 800 2626 dicit
823 2568 1098 2638 Scriptura
1122 2585 1134 2621 :
1163 2570 1223 2622 In
1245 2569 1350 2623 illa
1369 2568 1456 2622 die
1477 2568 1740 2639 peribunt
1757 2584 1948 2622 omnes
1967 2567 2111 2638 cegi-

519 2661 758 2714 tationes
789 2674 982 2712 eorum
1013 2656 1185 2725 (Psal.
1221 2661 1388 2726 CXLV)
1413 2673 1427 2720 ;
1461 2663 1512 2709 et
1541 2655 1743 2710 videbit
1771 2655 1954 2710 omnia
1981 2671 2108 2725 pec-

512 2754 636 2802 cata
665 2761 765 2801 sua
794 2753 845 2801 et
875 2745 1088 2814 sentiet,
1106 2744 1295 2798 videns
1316 2743 1564 2798 diabolos
1595 2761 1653 2798 se
1675 2745 2110 2816 constringentes

512 2842 566 2889 et
612 2841 979 2898 coartanctes,
1032 2840 1086 2886 et
1111 2831 1374 2903 quidquid
1433 2839 1626 2886 contra
1680 2831 2000 2886 charitatem
2058 2839 2110 2884 et

518 2919 684 2978 ﬁdem
713 2921 954 2978 debitam
985 2920 1259 2992 cogitavit,
1301 2919 1658 2989 parabolavit,
1689 2927 1742 2974 et
1771 2919 1899 2974 fecit
1926 2919 1980 2973 in
2009 2919 2111 2973 isto

517 3011 719 3066 saeculo
757 3019 810 3064 et
832 3025 930 3080 per
947 3009 1154 3081 dignos
1183 3007 1514 3078 ptenitentim
1559 3007 1768 3062 fructus
1795 3024 1903 3062 non
1934 3023 2116 3061 emen-

2203 1755 2326 1810 cebo
2347 1759 2548 1827 ?quam
2565 1755 2613 1808 si
2629 1755 2958 1826 parturiens
2979 1754 3811 1825 clamabo(lsa.xui).Nondum

2205 1843 2352 1898 venit
2380 1845 2514 1898 hora
2535 1859 2678 1912 mea,
2713 1843 2810 1898 sed
2853 1859 2998 1898 nunc
3029 1852 3112 1898 est
3170 1845 3304 1898 hora
3341 1851 3539 1913 vestra,
3599 1851 3654 1898 et
3705 1860 3806 1914 po—

2205 1939 2372 1987 testas
2402 1931 2771 1988 tenebrarum.
2801 1933 2868 1986 Et
2899 1932 3119 2003 quidem
3148 1931 3204 1986 in
3234 1934 3334 1988 hac
3365 1931 3454 1987 die
3483 1939 3572 1987 tua
3602 1948 3722 2004 quae
3737 1933 3811 1988 ad

2203 2036 2398 2090 pacem
2429 2019 2552 2074 tibi!
2601 2034 2742 2075 nunc
2774 2028 2955 2074 autem
3013 2020 3332 2076 abscondita
3362 2028 3482 2076 sunt
3523 2023 3590 2076 ab
3637 2021 3810 2078 oculis

2205 2109 2331 2178 tuis,
2363 2108 2490 2179 quia
2518 2108 2739 2164 venient
2770 2109 2889 2163 dies
2911 2109 2966 2163 in
2997 2117 3070 2164 te.
3106 2110 3262 2180 Roga
3291 2109 3408 2178 tibi,
3468 2127 3802 2184 quaesumus,

2206 2197 2262 2250 in
2287 2197 2383 2251 tali
2405 2196 2527 2252 loco
2552 2196 2645 2251 ubi
2664 2197 2804 2251 bene
2824 2197 3004 2267 possis
3033 2197 3316 2253 intendere
3332 2199 3612 2254 homiliam
3627 2199 3806 2256 sancti

2209 2285 2466 2364 Gregorii
2497 2286 2684 2356 legere
2715 2285 2771 2339 in
2799 2285 3030 2341 lectione
3053 2285 3342 2359 Evangelii
3377 2305 3389 2340 :
3430 2288 3632 2344 Videns
3647 2290 3808 2344 Jesus

2209 2373 2501 2440 civitatem,
2535 2373 2681 2444 ﬂevit
2721 2391 2887 2445 super
2915 2375 3084 2430 illam.
3109 2376 3404 2431 Precamur
3423 2392 3543 2444 vos,
3575 2377 3807 2432 Domine

2207 2471 2262 2517 ut
2293 2470 2345 2517 et
2374 2463 2524 2516 diem
2556 2473 2678 2518 ante
2699 2463 2897 2517 mentis
2917 2464 3106 2519 oculos
3135 2464 3396 2531 habeatis,
3431 2465 3650 2536 quando
3683 2481 3809 2522 cum

2209 2551 2462 2606 omnibus
2489 2551 2803 2606 hominibus
2833 2552 3011 2606 anima
3050 2561 3231 2608 vestra
3268 2553 3549 2624 proprium
3606 2570 3808 2626 corpus

2210 2640 2450 2710 recipiet,
2485 2649 2538 2694 et
2565 2640 2796 2695 venietis
2825 2648 2951 2696 ante
2980 2640 3178 2696 faciem
3223 2642 3438 2698 aeternis
3489 2642 3690 2712 judicis
3749 2643 3804 2698 in

2209 2737 2502 2799 conspectu
2531 2729 2773 2784 omnium
2810 2730 3133 2802 angelorum
3159 2739 3211 2786 et
3241 2731 3523 2786 hominum
3555 2731 3646 2785 :in
3699 2748 3808 2802 qua

2209 2817 2317 2884 die,
2353 2817 2490 2870 sicut
2520 2817 2648 2871 dicit
2698 2825 2915 2872 sanctus
2944 2819 3162 2885 Paulus,
3216 2819 3480 2888 judicabit
3540 2820 3804 2876 Dominus

2211 2920 2670 2976 unumquemque,
2705 2922 2812 2960 non
2845 2922 2946 2976 per
2973 2907 3214 2961 alienum
3270 2909 3657 2975 testimonium,
3709 2910 3808 2965 sed

2211 2993 2420 3048 occulta
2449 2993 2876 3064 uniuscujusque
2911 3010 3012 3064 per
3055 2995 3412 3068 cogitationes
3459 3007 3803 3065 accusantes,

511 3099 678 3165 davit,
708 3057 1051 3153 enteroculo:
1080 3057 1299 3168 semper
1327 3094 1566 3163 habebit,
1591 3103 1647 3152 et
1674 3094 1912 3167 eﬂugere
1941 3096 2104 3162 volet,

2214 3089 2306 3136 aut
2335 3081 2492 3136 etiam
2523 3057 2896 3150 defendentes,
2911 3057 3156 3154 quando.
3169 3084 3394 3156 recipiet
3422 3057 3814 3168 uniuscuisque,

511 3195 564 3244 et
591 3203 704 3242 non
732 3186 953 3242 valebit.
989 3187 1129 3239 Nam
1158 3193 1368 3240 certum
1397 3193 1480 3240 est
1514 3185 1638 3256 quia
1666 3185 1734 3240 ad
1779 3200 1970 3240 omnes
2018 3185 2109 3240 ho-

513 3275 710 3342 mines,
752 3273 972 3346 quando
1005 3273 1356 3343 egrediuntur
1376 3273 1444 3328 de
1465 3289 1719 3343 corpore,
1749 3273 1973 3328 veniunt
1993 3273 2109 3328 dia-

512 3363 644 3429 boli,
679 3371 731 3418 et
761 3363 829 3417 ad
854 3362 1033 3430 justos
1055 3369 1109 3416 et
1137 3361 1208 3416 ad
1237 3369 1554 3432 peccatores
1585 3379 1598 3414 :
1633 3361 1730 3416 sed
1759 3369 1812 3416 et
1833 3362 1904 3416 ad
1932 3361 2110 3431 ipsum

512 3451 789 3510 Christum
812 3449 980 3514 venit,
1026 3449 1082 3503 in
1127 3464 1234 3520 quo
1292 3465 1446 3503 suum
1505 3448 1639 3502 nihil
1694 3448 1916 3514 invenit,
1976 3449 2111 3504 sicut

509 3541 770 3611 scriptum
803 3546 886 3594 est
917 3555 931 3593 :
973 3540 1130 3595 Venit
1139 3541 1406 3610 princeps
1428 3539 1597 3609 hujus
1619 3538 1838 3604 mundi,
1865 3541 1920 3592 et
1939 3539 2002 3592 in
2023 3553 2113 3593 me

514 3647 629 3686 non
652 3630 818 3684 habet
844 3628 1146 3700 quidquam
1177 3627 1497 3698 (Joan._x1v
1502 3639 1541 3697 ).

584 3719 652 3772 Et
681 3716 848 3772 crede
877 3715 1038 3770 nobis
1056 3714 1341 3783 veraciter,
1375 3731 1466 3770 rex
1499 3714 1704 3769 utinam
1724 3729 1942 3786 semper
1972 3714 2112 3770 bone

516 3814 570 3864 et
599 3804 914 3873 christiane,
945 3820 1047 3860 nec
1075 3804 1239 3876 longe
1267 3811 1368 3871 est,
1403 3803 1501 3858 sed
1533 3802 1667 3858 satis
1720 3811 1773 3858 et
1825 3804 2114 3874 plusquam

525 3901 788 3966 speretur,
819 3908 992 3964 prope
1017 3893 1116 3948 tibi
1147 3900 1230 3948 est
1257 3891 1350 3946 illa
1377 3892 1525 3947 hora.
1578 3892 1866 3964 Propterea
1921 3909 2030 3947 non
2061 3901 2114 3947 te

525 3983 784 4039 seducant
810 3981 918 4037 ista
947 3997 1068 4053 qua:
1114 3981 1288 4036 vides.
1323 3982 1385 4035 In
1414 3988 1656 4052 tempore
1685 3981 1886 4052 quippe
1943 3980 2116 4051 patris

525 4065 693 4124 vestri
722 4065 954 4122 vidimus
983 4081 1082 4136 per
1109 4065 1322 4138 aliquos
1358 4065 1574 4136 incepta
1613 4073 1666 4120 et
1692 4065 1837 4120 facta
1893 4063 2015 4136 quae
2060 4066 2116 4119 in

529 4165 773 4228 tempore
801 4153 926 4224 isto,
955 4169 1058 4225 per
1085 4154 1218 4209 istos
1276 4153 1367 4226 qui
1397 4153 1499 4209 ista
1553 4152 1844 4209 conﬁciunt
1871 4153 2118 4210 videmus

528 4244 669 4315 fieri,
699 4251 754 4301 et
780 4259 880 4314 per
933 4241 1067 4298 alios
1097 4242 1424 4298 videbuntur
1467 4242 1745 4314 compleri.
1779 4243 1846 4296 Et
1899 4243 2118 4314 quando

532 4333 630 4389 tibi
666 4331 917 4388 adveniet
945 4333 1083 4388 hora
1147 4331 1320 4387 exitus
1374 4331 1471 4400 tui,
1531 4332 1668 4386 sicut
1722 4330 1900 4386 rident
1951 4347 2116 4398 nunc,

2207 3169 2432 3240 propria
2463 3170 2706 3240 corporis
2737 3179 2896 3241 prout
2926 3172 3116 3245 gessit,
3147 3173 3263 3228 sive
3296 3173 3516 3243 bonum,
3555 3175 3670 3231 sive
3700 3191 3808 3232 ma-

2209 3257 2337 3312 lum.
2371 3259 2442 3312 Et
2467 3273 2578 3313 non
2607 3258 2976 3329 despiciantur
3029 3268 3158 3316 tunc
3215 3270 3402 3317 nostra
3457 3263 3626 3318 verba
3667 3281 3804 3336 quae

2210 3347 2544 3419 scripsimus,
2568 3347 2636 3402 ab
2667 3347 2746 3403 eis
2777 3348 2869 3420 qui
2898 3365 3042 3404 nunc
3070 3348 3163 3406 illa
3183 3359 3531 3406 contemnunt
3555 3354 3808 3422 ;quando

2213 3435 2329 3489 sine
2359 3432 2525 3490 dubio
2556 3436 2810 3506 replicata
2853 3446 3009 3492 erunt
3044 3439 3102 3492 in
3146 3439 3514 3494 testimonium
3570 3439 3626 3494 in
3684 3439 3808 3510 ipso

2211 3523 2492 3578 tremendo
2511 3523 2736 3592 judicio,
2769 3533 2821 3580 et
2853 3526 3031 3580 nullus
3060 3527 3280 3581 illorum
3324 3535 3375 3582 te
3405 3535 3533 3584 tunc
3591 3528 3812 3596 adjuva-

2214 3611 2308 3679 bit,
2333 3611 2424 3683 qui
2451 3628 2552 3667 nec
2582 3612 2821 3684 seipsum
2851 3615 3109 3683 adjuvare
3140 3613 3383 3680 sufficiet,
3419 3617 3635 3688 quando
3657 3617 3811 3672 ibunt

2214 3701 2305 3772 qui
2341 3700 2467 3755 talia
2495 3709 2662 3772 agunt
2715 3702 2893 3774 qualia
2923 3703 3173 3758 audimus
3229 3711 3283 3758 et
3339 3705 3603 3760 sentimus
3645 3713 3811 3778 atque

2213 3789 2482 3859 dolemus,
2514 3789 2560 3844 si
2617 3791 2673 3844 in
2728 3791 2921 3845 talibus
2976 3793 3465 3861 perseveraverint,
3525 3793 3580 3848 in
3621 3793 3807 3867 ignem

2213 3885 2493 3943 aeternum,
2524 3886 2580 3933 et
2599 3878 2750 3946 justi,
2797 3878 2888 3949 qui
2915 3877 3112 3948 injusta
3165 3880 3464 3952 patiuntur,
3523 3881 3579 3936 in
3637 3882 3806 3940 vitam

2215 3973 2492 4022 aeternam.

2217 4090 2282 4144 V.
2321 4091 2398 4145 De
2420 4091 2650 4168 eisque;
2683 4092 2998 4168 crudeliter
3023 4095 3079 4168 et
3119 4095 3309 4165 impie,
3351 4111 3459 4168 qua
3499 4097 3803 4165 transibat,

2431 4161 2664 4229 ﬁebant,
2685 4166 2752 4216 ut
2781 4179 2848 4216 ea
2873 4163 3168 4235 prohibeat
3185 4161 3241 4220 et
3259 4161 3590 4237 compescat.

2289 4247 2428 4317 Quia
2456 4256 2606 4305 tanta
2633 4257 2685 4304 et
2712 4250 2840 4306 talia
2883 4252 3124 4308 crudelia
3154 4261 3208 4308 et
3259 4254 3626 4311 abominanda
3661 4255 3804 4325 ﬁeri,

2217 4352 2318 4408 per
2346 4338 2634 4409 parochias
2666 4355 2799 4410 quas
2836 4341 3197 4410 pertransitis,
3219 4341 3542 4412 audivimus,
3583 4351 3639 4398 et
3667 4361 3814 4418 quaa-

525 4421 746 4494 quando
773 4436 871 4492 per
897 4427 948 4474 te
977 4419 1221 4474 obtinent
1241 4435 1362 4490 quae
1389 4419 1594 4489 volunt,
1627 4421 1683 4473 in
1709 4419 1846 4474 hora
1876 4420 2117 4475 volunta-
2145 4417 2341 4480 Ddam
2369 4427 2645 4495 sentimus,
2677 4429 2926 4498 quaedam
2955 4429 3152 4484 sentire
3189 4429 3462 4499 timemus,
3495 4439 3550 4488 et
3578 4417 3693 4487 illis
3713 4435 3810 4506 qui

525 4511 593 4567 tis
620 4525 766 4577 suae;
799 4507 880 4564 sic
908 4507 1160 4563 ridebunt
1190 4516 1243 4564 et
1270 4509 1325 4562 in
1353 4509 1490 4564 hora
1518 4509 1692 4564 exitus
1721 4507 1816 4576 tui,
1877 4517 1930 4564 et
1971 4525 2116 4582 quae-

522 4607 646 4658 rent
675 4597 948 4671 quomodo
977 4613 1078 4668 per
1107 4596 1272 4652 alium
1296 4605 1515 4653 teneant
1529 4615 1649 4669 quae
1664 4614 1764 4669 per
1783 4608 1837 4654 te
1865 4599 2114 4655 obtinue-

516 4695 660 4744 runt.
693 4686 851 4755 Quod
881 4693 933 4742 et
963 4684 1083 4740 ﬁeri
1109 4692 1290 4756 potest
1317 4694 1374 4740 ut
1403 4686 1620 4758 quidam
1659 4687 1821 4742 etiam
1867 4696 2113 4760 quaerant

514 4775 570 4832 in
601 4781 838 4846 tempore
871 4783 979 4830 tuo.
1013 4773 1123 4830 Sed
1151 4774 1320 4838 etilli,
1352 4774 1458 4829 nisi
1487 4775 1710 4847 dignam
1739 4777 2111 4847 [mnitentiam

515 4862 748 4936 egerint,
779 4862 1162 4918 miserabiliter
1192 4863 1262 4918 ad
1293 4863 1436 4918 illam
1467 4865 1660 4919 horam
1689 4865 1906 4922 venient
1936 4866 2110 4921 exitus

509 4951 614 5019 sui,
650 4951 788 5006 sicut
817 4959 1085 5007 venerunt
1101 4959 1153 5005 et
1180 4951 1258 5006 illi
1288 4951 1380 5024 qui
1409 4951 1726 5008 defecerunt
1756 4969 1788 5008 a
1817 4961 1973 5024 patre
2014 4963 2108 5010 tuo

505 5054 628 5098 cum
651 5039 818 5108 fratre
850 5048 959 5094 tuo.
993 5039 1135 5095 Nam
1163 5048 1222 5095 ut
1268 5039 1346 5094 illi
1379 5040 1692 5098 ordinantes
1706 5043 2021 5099 .seditiones
2050 5043 2106 5098 in

505 5137 787 5200 paternam
819 5128 1184 5185 reverentiam
1215 5128 1292 5184 sic
1339 5136 1392 5184 et
1423 5129 1513 5185 isti
1558 5146 1658 5187 vos
1695 5131 1993 5188 excitantes
2047 5132 2102 5186 in

496 5217 797 5276 fraternam
821 5217 1188 5284 dilectionem,
1219 5233 1422 5273 nomen
1446 5219 1600 5292 pacis
1631 5226 1684 5276 ct
1739 5227 1941 5276 statum
1986 5221 2100 5276 Ec-

499 5305 699 5377 clesiae,
733 5314 787 5362 et
817 5305 1048 5362 salutem
1069 5322 1132 5362 ac
1159 5305 1418 5362 unitatem
1441 5308 1630 5380 populi
1661 5309 1961 5365 obtendere
1985 5316 2096 5364 stu-

2216 4523 2503 4570 senserunt
2540 4525 2594 4570 et
2619 4517 2857 4570 sentiunt
2886 4517 3258 4586 condolemus,
3291 4537 3414 4591 quae
3451 4521 3809 4578 calamitatem

2214 4611 2268 4659 et
2292 4603 2572 4658 miseriam
2603 4619 2765 4674 quam
2797 4621 2829 4659 a
2859 4605 3086 4676 paganis
3140 4615 3164 4640 ⁸
3211 4609 3464 4679 patimur,
3523 4619 3804 4680 superant,

2213 4692 2469 4763 quoniam
2496 4708 2528 4746 a
2554 4691 2864 4748 christianis
2895 4694 2949 4747 in
2979 4695 3306 4752 christianos
3335 4713 3366 4750 a
3392 4699 3707 4768 parentibus
3751 4700 3808 4755 in

2211 4789 2484 4851 parentes,
2516 4796 2548 4834 a
2578 4797 2712 4854 rege
2741 4781 3036 4837 christiano
3065 4784 3121 4838 in
3149 4800 3340 4856 regem
3370 4787 3742 4855 christianum,
3773 4803 3806 4843 a

2208 4867 2372 4924 fratre
2429 4869 2486 4922 in
2505 4867 2728 4924 fratrem
2761 4912 2777 4935 ,
2829 4878 3021 4926 contra
3049 4888 3242 4930 omnes
3273 4875 3428 4947 leges
3486 4875 3697 4931 divinas
3751 4884 3809 4932 et

2207 4956 2472 5010 humanas
2499 4965 2737 5027 aguntur
2768 4975 2780 5011 :
2815 4967 3002 5014 contra
3049 4977 3186 5033 quos
3233 4963 3433 5017 clamat
3475 4963 3727 5018 Ecclesia
3773 4980 3806 5019 a

2205 5045 2435 5117 paganis
2449 5045 2639 5100 afﬂicta
2663 5064 2676 5099 :
2701 5049 2770 5102 Et
2789 5064 2957 5120 super
2969 5051 3216 5106 dolorem
3237 5052 3538 5106 uulnerum
3549 5069 3805 5108 meorum

2205 5133 2550 5189 addiderunt
2572 5135 2746 5204 (Psal.
2776 5139 2977 5209 vam)
3008 5155 3022 5192 :
3052 5139 3121 5194 Et
3146 5154 3247 5194 nos
3294 5155 3488 5196 omnes
3515 5141 3805 5212 cunctique

2203 5220 2888 5292 patientes,Sustinuimus
2907 5244 3123 5299 pacem,
3147 5232 3208 5284 et
3227 5244 3341 5284 non
3358 5232 3536 5299 venit;
3558 5231 3814 5302 quasiet-

2203 5327 2330 5366 mus
2351 5312 2510 5381 bona,
2537 5317 2594 5368 et
2621 5330 2744 5370 ecce
2761 5316 3006 5372 turbatio
3033 5317 3329 5389 (Jer.x1v);
3363 5327 3649 5392 propterea
3672 5318 3805 5375 talia

548 5473 572 5500 ι
595 5459 824 5524 Pagauis,
851 5472 940 5524 par
962 5460 1033 5512 les
1059 5461 1346 5526 Normands,
1369 5463 1452 5525 qui
1495 5461 1732 5515 n'étaient
1769 5475 1858 5526 pas
1904 5475 2088 5516 cncore
2123 5465 2374 5518 convertis
2399 5479 2460 5520 au
2483 5468 2862 5522 christianisme.
