4026 6294
229 195 292 250 13
1711 191 2091 254 EPISTOLE.
3485 201 3550 262 li

234 319 541 412 Ρτοδίδθῑθε
571 319 900 412 (ξοηιρθεοίίε
930 326 982 372 εί
1029 319 1254 384 δεδαίθὶ
1290 317 1544 412 (ἶυοηίδξξι
1575 317 1832 412 ΡθιῙδίίξῖη
1864 331 1920 392 Α
1941 339 2056 393 ritis
2099 347 2430 406 restaurare,
2465 340 2649 395 debita
2695 341 2966 412 episcopis
2996 351 3049 399 et
3079 343 3182 400 sibi
3221 345 3530 402 commissis

243 415 482 463 vestrum
507 407 674 462 debet
702 423 826 462 esse
846 422 1080 473 sacrum,
1115 414 1168 461 et
1195 422 1305 462 non
1357 405 1708 478 sacrilegum.
1742 407 1846 461 Pa-

227 497 414 562 latium
495 496 661 568 enim
710 495 862 568 regis
926 495 1123 551 dicitur
1181 503 1404 566 propter
1487 494 1842 549 rationabiles

227 583 474 639 homines
505 563 834 652 habitantes,
869 591 920 638 et
950 600 1058 639 non
1097 591 1322 658 propter
1350 582 1585 654 parietes
1611 581 1842 638 insensi-

230 673 384 738 biles,
422 673 540 728 sive
572 673 861 728 macerias.
894 673 962 726 Et
992 689 1088 727 rex
1119 688 1151 726 a
1181 671 1425 743 regendo
1447 671 1660 737 dicitur,
1701 679 1757 725 ut
1779 687 1839 726 se

228 761 324 816 sub
360 762 480 815 Deo
511 768 564 816 et
607 762 780 816 bonos
810 776 932 816 cum
971 761 1088 815 Deo
1117 761 1348 831 puritate
1379 760 1580 825 cordis,
1616 759 1836 814 veritate

233 849 371 915 oris,
413 847 670 904 firmitate
717 849 1023 903 stabilitatis
1071 857 1246 921 regat,
1283 857 1335 903 et
1366 864 1562 918 pravos
1593 864 1624 902 a
1654 847 1838 918 pravi-

232 945 340 994 tate
384 937 630 1010 corrigat
676 945 729 991 et
776 936 830 991 in
879 937 1256 992 rectitudincm
1285 937 1506 1010 dirigat.
1541 936 1610 990 Et
1639 937 1684 989 si
1714 951 1838 1007 quae

227 1026 366 1082 male
417 1025 562 1081 facta
619 1034 744 1080 sunt
787 1026 1077 1080 emendare
1127 1025 1389 1090 venistis,
1438 1025 1620 1095 pejora
1671 1040 1835 1096 quam

230 1114 529 1169 viderimus
557 1131 589 1168 a
620 1113 934 1169 christianis
966 1114 1018 1168 in
1067 1113 1393 1168 christianos
1423 1112 1560 1182 ﬁeri,
1580 1112 1832 1185 ingerere

227 1220 329 1259 non
379 1203 614 1258 debetis.
658 1204 726 1257 Et
755 1203 800 1256 si
828 1219 1020 1274 pacem
1071 1201 1252 1256 facere
1275 1201 1594 1267 advenistis,
1640 1203 1834 1271 pacem

227 1291 452 1363 pacifice
483 1292 555 1346 ab
591 1299 813 1346 auctore
839 1291 992 1362 pacis
1045 1290 1289 1344 obtinere
1320 1290 1550 1344 debetis.
1583 1290 1649 1342 Et
1681 1289 1726 1342 si
1755 1289 1835 1343 di-

228 1380 498 1436 scordiam
546 1379 788 1453 effugare
827 1388 881 1434 et
925 1379 1238 1434 charitatem
1269 1379 1645 1448 redintegrare
1677 1377 1833 1431 veni-

227 1469 317 1524 stis
338 1511 352 1538 ,
386 1469 537 1523 illam
583 1485 742 1540 quam
777 1467 1024 1522 Christus
1067 1485 1165 1538 per
1192 1467 1419 1521 Paulum
1449 1465 1652 1530 docuit,
1679 1481 1833 1519 mon-

229 1567 397 1612 strare
416 1557 650 1612 debetis.
675 1557 762 1610 Ait
789 1556 963 1610 enim:
984 1557 1242 1612 Charitas
1271 1572 1385 1610 non
1399 1558 1483 1609 est
1507 1554 1826 1620 ambitiosa,

1940 426 2189 483 ecclesiis
2233 427 2518 500 privilegia
2564 428 2906 498 intemerata,
2940 431 3078 486 sicut
3106 433 3364 489 divinitus
3393 449 3529 489 con-

1941 515 2129 571 stituta
2166 525 2309 584 sunt,
2343 517 2630 573 custodite.
2664 518 2936 589 Praecepta
2980 528 3032 574 et
3075 521 3443 577 immunitates
3473 530 3528 578 et

1939 604 2204 661 honorem
2235 621 2440 675 earum,
2475 605 2614 662 sicut
2639 622 2776 664 avus
2821 616 2874 662 et
2903 615 3063 678 pater
3105 619 3283 664 vester
3311 627 3530 666 conser—

1940 702 2222 764 vaverunt,
2273 710 2596 751 conservare
2641 704 2846 751 curate.
2891 697 2959 750 Et
2999 714 3122 768 quae
3155 697 3326 754 frater
3348 707 3530 755 vester

1938 783 2192 837 dominus
2222 791 2429 850 noster,
2463 784 2556 856 qui
2586 791 2879 855 etpaterna
2909 785 3223 855 donatione,
3256 795 3309 842 et
3336 788 3526 843 vobis-

1939 887 2101 938 cum,
2148 887 2272 927 cum
2337 872 2538 927 vestris
2584 881 3002 945 vestrorumque
3047 872 3286 930 fidelium
3324 877 3526 932 mutuis

1939 957 2304 1026 tirmitatibus,
2339 961 2495 1032 regni
2525 969 2737 1032 partem
2775 963 3002 1032 accepit,
3035 980 3133 1034 pro
3164 964 3313 1019 cultu
3341 972 3395 1018 et
3423 965 3528 1020 ho-

1939 1063 2070 1104 nore
2103 1049 2462 1104 ecclesiarum
2493 1051 2622 1122 egit,
2656 1049 2904 1105 similiter
2934 1060 3256 1108 conservata
3282 1072 3296 1120 ;
3328 1061 3380 1108 et
3427 1070 3522 1108 re-

1934 1145 2114 1192 ctores
2161 1153 2227 1193 ac
2273 1146 2520 1208 pastores
2550 1139 2906 1194 ecclesiarum
2930 1148 2986 1195 ut
3016 1148 3203 1210 patres
3232 1150 3286 1196 et
3325 1141 3532 1197 Christi

1934 1225 2167 1282 vicarios
2195 1227 2375 1292 colite,
2419 1227 2557 1282 sicut
2603 1236 2790 1283 sancta
2841 1229 3118 1299 Scriptura
3144 1230 3410 1300 praecipit,
3446 1231 3529 1285 di-

1935 1331 2066 1370 cens
2090 1333 2103 1368 :
2126 1315 2448 1372 Sacerdotes
2469 1317 2569 1371 Dei
2583 1317 2963 1386 sanctiﬁca,et
2983 1319 3266 1389 magnatis
3288 1319 3534 1378 humilia

1933 1407 2105 1475 caput
2131 1407 2295 1459 tuum
2324 1404 2519 1473 (Eccli.
2553 1405 2674 1473 vn).
2717 1406 3033 1475 Eorumque
3065 1405 3366 1476 spiritualia
3394 1423 3528 1464 con-

1933 1491 2055 1546 silia
2082 1491 2356 1558 obaudite,
2389 1493 2585 1547 iterum
2635 1493 2848 1548 dicente
2881 1494 3158 1563 Scriptura
3191 1513 3205 1548 :
3236 1497 3528 1567 Interroga

1924 1584 2116 1651 patres
2173 1584 2318 1649 tuos,
2351 1585 2407 1635 et
2426 1582 2858 1636 annuntiabunt
2883 1583 2981 1636 tibi
3003 1602 3021 1648 ;
3042 1585 3284 1653 majores
3309 1587 3452 1652 tuos,
3472 1588 3530 1642 et

228 1663 336 1704 non
365 1647 487 1718 agit
509 1662 826 1718 perperam,
849 1662 964 1700 non
993 1646 1195 1716 quaerit
1225 1661 1346 1715 qua:
1375 1660 1478 1698 sua
1507 1646 1684 1708 sunt;
1715 1658 1829 1696 non

353 1735 426 1752 1,1
463 1751 494 1752 ,,
574 1735 653 1752 ,,!
706 1734 720 1752 3
764 1734 940 1752 A,_'1,1_
1000 1731 1295 1752 __,r,l_i_.JA1
1325 1735 1503 1752 __-_1_-__
1535 1730 1832 1752 -._--.’1_J.'IY

1934 1646 2147 1724 dicent
2177 1669 2280 1724 tibi
2304 1646 2666 1739 (Dentium)
2689 1687 2704 1735 ;
2735 1670 2804 1724 Et
2823 1669 2953 1724 item
2977 1646 3308 1743 {Interroga
3325 1646 3524 1728 sacer-

226 1735 428 1807 gaudet
449 1751 620 1806 super
635 1734 961 1806 iniquitate.
985 1731 1295 1804 congaudet
1317 1735 1509 1786 autem
1531 1731 1760 1785 veritati
1780 1730 1832 1800 (Ι

232 1825 348 1880 Cor.
405 1824 570 1892 xm);
607 1838 728 1893 quae
773 1829 855 1876 est
899 1821 967 1875 de
1015 1819 1179 1876 corde
1219 1836 1354 1891 puro
1393 1827 1443 1874 et
1491 1817 1826 1873 conscientia

227 1911 385 1982 bona,
431 1918 484 1966 et
527 1909 635 1990 ﬁde
665 1926 773 1965 non
804 1909 971 1976 ﬁcta;
1023 1925 1142 1980 quae
1173 1915 1431 1979 operatur
1450 1923 1548 1978 per
1578 1905 1824 1962 dilectio-

227 2016 367 2068 nem,
393 2007 447 2054 et
479 2016 588 2054 non
635 2015 732 2069 per
777 2004 1123 2070 potestatem,
1169 1997 1255 2052 vel
1285 1995 1580 2050 indebitam
1619 1993 1829 2065 cupidi-

231 2097 388 2144 tatem
445 2107 462 2143 :
513 2087 634 2143 sine
682 2103 790 2159 qua
853 2086 1114 2143 charitate
1140 2129 1154 2151 ,
1207 2085 1348 2140 sicut
1399 2084 1662 2155 scriptum
1705 2091 1822 2150 est,

226 2177 439 2234 etiamsi
489 2176 583 2248 qui
631 2175 918 2231 tradiderit
954 2190 1153 2246 corpus
1183 2190 1340 2228 suum
1368 2181 1425 2228 ut
1453 2173 1662 2242 ardeat,
1695 2171 1830 2226 nihil

223 2266 300 2320 illi
326 2266 576 2338 prodest.
611 2262 789 2332 Quam
828 2263 1082 2318 omnibus
1103 2262 1367 2318 Dominus
1398 2261 1453 2316 in
1484 2261 1702 2333 signum
1733 2259 1828 2314 de—

227 2355 319 2420 dit,
370 2363 428 2409 ut
473 2353 648 2408 sciant
679 2352 726 2406 si
755 2351 983 2424 quisque
1013 2359 1097 2407 est
1142 2349 1469 2405 christianus
1494 2392 1507 2415 ,
1541 2357 1632 2402 aut
1661 2347 1708 2403 si
1739 2347 1827 2401 in—

227 2443 378 2497 trabit
410 2442 469 2496 in
499 2457 729 2514 regnum
758 2439 953 2505 Dei,an
982 2456 1111 2506 non,
1144 2439 1367 2494 dicens:
1394 2439 1458 2492 In
1501 2439 1600 2493 hoc
1623 2454 1828 2508 cogno-

227 2536 379 2589 scent
400 2547 597 2588 omnes
619 2531 750 2602 quia
771 2530 1038 2600 discipuli
1069 2530 1177 2584 mei
1197 2529 1354 2592 estis,
1398 2528 1450 2582 si
1471 2526 1830 2582 dilectionem

229 2621 541 2676 habueritis
571 2619 642 2675 ad
681 2619 924 2674 invicem
963 2620 1146 2688 (Joan.
1179 2615 1280 2687 Χ.)
1311 2616 1448 2670 Nam
1499 2615 1587 2686 qui
1620 2614 1675 2668 in
1711 2615 1826 2684 pri-

225 2709 435 2764 mordio
467 2707 596 2762 fidei
623 2706 872 2777 discipuli
910 2705 1345 2776 appellabantur,
1378 2719 1520 2758 nunc
1551 2701 1832 2758 christiani

229 2798 502 2854 dicuntur.
535 2797 604 2850 Et
636 2795 751 2866 ipsa
795 2803 876 2849 est
908 2795 1074 2848 vestis
1113 2792 1388 2863 nuptialis,
1419 2808 1578 2864 quam
1600 2789 1692 2862 qui
1723 2806 1829 2844 non

231 2884 498 2954 habuerit,
533 2884 602 2938 de
647 2882 848 2954 nuptiis
896 2881 1135 2938 caelestis
1179 2880 1415 2936 convivii
1453 2880 1509 2934 in
1538 2879 1718 2934 futuro
1738 2878 1832 2948 ju-

229 2973 364 3029 dicio
408 2973 655 3042 ejicietur
701 2971 756 3026 in
799 2971 1052 3026 tenebras
1090 2969 1392 3024 exteriores
1417 3012 1430 3034 ,
1463 2977 1516 3022 et
1546 2967 1600 3022 in
1643 2967 1831 3040 ignem

231 3071 515 3129 aeternum,
547 3059 636 3115 ubi
669 3059 769 3116 erit
797 3059 954 3114 ﬂetus
983 3067 1038 3114 et
1069 3058 1271 3112 stridor
1319 3055 1583 3112 dentium.

237 3177 320 3234 VI.
385 3181 452 3236 Ut
501 3180 704 3234 contra
751 3192 997 3249 paganos
1023 3175 1212 3247 potius
1241 3190 1404 3228 arma
1436 3174 1760 3237 convertat;
1793 3174 1850 3226 et

302 3267 432 3323 illos
460 3267 557 3337 qui
586 3266 653 3321 ab
670 3266 790 3320 illis
809 3266 1061 3336 fugiunt,
1086 3263 1288 3318 vexari
1317 3279 1350 3316 α
1381 3263 1500 3316 suis
1522 3276 1638 3316 non
1665 3261 1843 3316 sinat.

312 3374 436 3444 Ipsa
468 3371 706 3428 charitas
735 3385 834 3426 vos
854 3377 1042 3426 contra
1066 3384 1313 3440 paganos
1335 3367 1630 3432 accendat;
1665 3373 1723 3419 ut
1751 3363 1845 3434 qui

237 3469 357 3517 tunc
399 3460 533 3516 moti
581 3476 690 3514 non
739 3465 864 3513 sunt
895 3459 964 3512 ad
1011 3458 1271 3528 pietatem
1309 3463 1368 3510 ut
1397 3453 1846 3510 nobiscumirer-t

247 3556 433 3605 contra
483 3564 581 3604 eos
607 3591 620 3613 ,
662 3547 751 3620 qui
783 3549 852 3602 de
881 3547 984 3600 isto
1013 3562 1188 3618 regno
1236 3543 1448 3614 amplos
1499 3541 1773 3598 habebant
1795 3548 1850 3595 et

243 3638 435 3693 habent
484 3639 727 3691 honores
763 3635 932 3708 (quod
973 3633 1020 3688 si
1070 3633 1350 3699 facerent,
1396 3639 1449 3686 et
1514 3631 1632 3686 zelo
1694 3637 1846 3685 recto

248 3726 464 3783 accensi
510 3725 839 3781 unanimiter
882 3723 1102 3789 vellent,
1136 3721 1334 3792 expelli
1364 3728 1457 3776 aut
1474 3719 1716 3790 disperdi
1737 3735 1844 3790 pa-

247 3817 391 3888 gani,
439 3815 736 3884 adjuvante
786 3812 1039 3877 Domino,
1086 3810 1380 3882 poterant),
1412 3809 1498 3864 vel
1528 3824 1672 3863 nunc
1703 3821 1848 3878 qua-

241 3919 449 3976 cunque
499 3903 853 3958 intentiones
891 3899 1170 3956 dominatu
1204 3899 1424 3954 illorum
1462 3914 1564 3968 per
1608 3904 1844 3951 vestram

241 3992 644 4048 ordinationem
685 3998 871 4046 sancta
900 3990 1163 4044 liberetur
1197 3987 1462 4055 Ecclesia,
1496 3993 1549 4040 et
1587 4000 1840 4057 regnum,

247 4088 386 4158 quod
433 4094 632 4142 contra
679 4101 776 4140 eos
823 4083 1182 4151 redimitur,a
1213 4082 1413 4135 tributo
1459 4079 1700 4134 indebito
1731 4078 1842 4132 eri-

242 4176 430 4246 piatur.
467 4173 578 4230 Sed
614 4181 668 4228 et
716 4173 810 4244 qui
852 4172 1065 4244 fugiunt
1095 4186 1127 4225 a
1165 4170 1304 4225 facie
1329 4183 1691 4241 paganorum,
1725 4183 1846 4222 cum

239 4263 292 4318 in
335 4265 454 4319 illas
500 4269 687 4334 partes
713 4261 960 4316 venerint
989 4261 1046 4314 in
1076 4259 1274 4330 quibus
1317 4257 1534 4330 degitis,
1568 4255 1841 4327 refugium

245 4351 593 4425 tranquillum
609 4351 888 4406 inveniant
911 4390 924 4417 ,
961 4357 1012 4403 et
1044 4364 1154 4402 non
1191 4347 1352 4401 talem
1383 4344 1842 4415 depraedationem

239 4450 290 4496 ut
319 4458 420 4497 nec
465 4440 662 4496 incolae
701 4439 888 4494 vivere
917 4454 1018 4492 nec
1065 4435 1398 4508 fugientibus
1427 4433 1676 4488 solatium
1703 4449 1837 4502 pos-

243 4530 345 4585 sint
373 4529 642 4600 praabere.
679 4525 822 4596 Quia
849 4542 995 4582 nunc
1010 4524 1252 4596 peccatis
1275 4522 1476 4578 nostris
1496 4520 1839 4594 exigentibus

243 4619 537 4690 completur
583 4617 732 4689 quod
781 4615 911 4671 olim
951 4614 1154 4669 dictum
1205 4621 1288 4667 est
1317 4627 1417 4682 per
1463 4610 1832 4682 prophetam:

246 4706 345 4773 Qui
362 4707 580 4778 fugerit
598 4723 632 4760 α
651 4706 802 4776 facie
825 4705 1023 4769 leonis,
1049 4703 1232 4758 irruet
1269 4703 1331 4756 in
1362 4716 1560 4756 ursum
1583 4718 1600 4766 ;
1623 4703 1681 4754 et
1706 4715 1836 4754 cum

243 4795 544 4851 intraverit
589 4793 838 4858 domum,
887 4797 944 4848 et
971 4793 1198 4846 inuisus
1236 4790 1416 4861 fuerit
1453 4804 1624 4860 super
1649 4788 1834 4860 parie-

243 4887 366 4952 tem,
401 4883 677 4939 mordebit
700 4897 830 4937 eum
857 4881 1097 4938 coluber.
1113 4881 1183 4934 Et
1203 4895 1334 4933 cum
1354 4877 1656 4948 effugerint
1675 4893 1836 4930 arma

243 4974 441 5041 ferrea,
464 4973 694 5027 irruent
711 4971 776 5025 in
799 4986 998 5025 arcum
1021 4983 1232 5023 (ereum.
1288 4967 1476 5036 (Amos
1498 4966 1579 5036 v.)
1603 4965 1662 5018 In
1684 4963 1833 5018 omni

240 5060 376 5114 enim
394 5067 549 5130 parte
568 5058 774 5127 miseri,
790 5059 927 5129 proh
956 5056 1114 5112 dolor
1132 5055 1144 5110 l
1166 5055 1512 5111 afﬂictionem
1532 5051 1828 5108 inveniunt.

245 5166 352 5223 VII.
381 5169 446 5225 Ut
471 5167 776 5240 privilegia
793 5170 851 5221 et
870 5165 1266 5240 immunitates
1298 5157 1664 5240 ecclesiarum
1694 5176 1832 5216 con-

306 5234 509 5304 servet,
543 5234 891 5308 rectoresque
942 5237 1178 5291 illarum
1235 5251 1349 5290 non
1383 5234 1682 5305 inquietet,
1731 5247 1834 5286 nec

306 5310 680 5383 possessiones
709 5309 882 5378 diripi
911 5308 1227 5380 permittat.

313 5407 380 5461 Et
410 5406 456 5462 si
471 5403 775 5462 Ecclesiam
807 5403 928 5473 Dei,
962 5402 1102 5460 sicut
1129 5401 1289 5459 nobis
1316 5397 1636 5471 scripsistis,
1679 5413 1834 5469 qua:-

1927 1757 2079 1812 dotes
2104 1773 2256 1812 meos
2279 1758 2453 1828 legem
2499 1774 2685 1812 meam
2715 1758 2868 1829 (Agg.
2902 1758 3000 1830 n);
3033 1767 3087 1813 et
3116 1759 3380 1814 Dominus
3427 1777 3530 1830 per

1924 1844 2244 1900 Malachiam
2271 1847 2597 1916 prOphetam
2629 1861 2643 1900 :
2675 1846 2843 1902 Labia
2872 1846 3180 1904 sacerdotis
3206 1849 3530 1905 custodient

1925 1935 2244 2002 scientiam,
2279 1939 2336 1990 et
2368 1935 2543 2006 legem
2571 1935 2864 2006 requirent
2894 1951 2970 1991 ea:
2997 1951 3089 1992 ore
3109 1937 3249 2007 ejus,
3273 1937 3404 2008 quia
3425 1954 3526 1993 an-

1925 2024 2080 2094 gelus
2089 2024 2315 2080 Domini
2327 2023 2688 2079 exercituum
2700 2029 2784 2079 est
2797 2023 3054 2093 (Malach.
3070 2023 3154 2095 ιι).
3168 2025 3389 2096 Easque
3401 2033 3532 2080 tem-

1927 2127 2062 2182 pore
2082 2111 2386 2184 incongrua
2399 2119 2451 2166 et
2483 2111 2852 2183 inopportuno
2867 2112 3034 2168 nolite
3067 2112 3410 2184 inquietare;
3440 2116 3540 2172 sed

1927 2195 2090 2252 liceat
2113 2196 2194 2251 eis
2221 2196 2586 2251 ministerium
2615 2198 2930 2262 sacrum,ad
2949 2197 3096 2268 quod
3123 2198 3360 2254 ordinati
3389 2208 3534 2268 sunt,

1928 2284 1984 2339 in
2011 2285 2198 2355 p0puli
2226 2285 2454 2339 salutem
2483 2301 2750 2357 peragere
2779 2306 2796 2342 :
2830 2286 3041 2357 sibique
3070 2286 3372 2343 domestica
3402 2303 3534 2344 cura

1929 2374 2201 2442 subjectos
2243 2373 2408 2428 nolite
2448 2383 2769 2441 concutere,
2803 2382 2856 2429 et
2899 2390 3006 2429 non
3048 2373 3238 2430 sinatis
3283 2376 3530 2432 dehone-

1931 2469 2073 2516 stare
2099 2504 2111 2528 ,
2146 2461 2260 2516 sive
2303 2463 2636 2532 Opprimere.
2686 2464 2754 2518 Ut
2801 2463 3139 2534 presbyteris
3186 2465 3362 2518 honor
3391 2480 3531 2520 con-

1931 2567 2102 2622 gruus
2134 2559 2186 2604 et
2227 2551 2356 2620 jura
2401 2551 2602 2616 debita,
2643 2568 2765 2622 quae
2795 2567 3034 2606 canones
3065 2559 3118 2607 et
3156 2552 3395 2622 capitula
3450 2553 3538 2609 avi

1932 2647 1986 2694 et
2033 2639 2202 2709 patris
2247 2639 2413 2694 vestri
2459 2647 2789 2706 statuerunt,
2823 2648 3229 2707 conserventur,
3279 2641 3534 2714 satagite.

1932 2728 2001 2783 Ut
2030 2727 2274 2798 episcOpi
2323 2728 2562 2799 quietam
2593 2728 2898 2783 libertatem
2947 2745 3074 2783 suas
3103 2729 3394 2799 parochias
3423 2729 3538 2785 cir—

1933 2815 2244 2881 cumeundi,
2277 2824 2332 2870 et
2357 2817 2694 2886 praedicandi
2721 2833 2786 2872 ac
2815 2815 3194 2883 confirmandi,
3221 2825 3384 2889 atque
3413 2834 3534 2874 cor-

1935 2905 2150 2977 rigendi
2178 2905 2432 2974 habeant,
2482 2906 2751 2961 ordinate.
2799 2907 2865 2962 Ut
2883 2906 3086 2961 missus
3116 2906 3450 2976 reipublicae,
3469 2907 3528 2963 id

1845 3001 2022 3072 Inest
2056 2993 2304 3048 minister
2352 2993 2566 3050 comitis
2592 3037 2604 3061 ,
2640 3011 2766 3050 cum
2813 2994 2968 3064 ipsis,
3012 2995 3059 3049 si
3093 2995 3387 3065 jusserint,
3423 3002 3531 3062 eat,

1945 3083 2038 3155 qui
2066 3083 2270 3138 liberos
2309 3083 2558 3138 homines
2605 3083 2968 3150 incestuosos,
3001 3083 3050 3137 si
3075 3101 3173 3154 per
3203 3084 3535 3140 admonitio-

1945 3187 2070 3225 nem
2100 3171 2549 3242 presbyterorum
2581 3171 2766 3226 venire
2792 3171 2863 3225 ad
2890 3171 3210 3242 episcopum
3237 3171 3532 3239 noluerint,

1945 3275 2040 3314 eos
2071 3260 2140 3313 ad
2169 3259 2412 3330 episcopi
2441 3259 2698 3330 placitum
2727 3259 2912 3314 venire
2932 3258 3108 3327 faciat,
3129 3261 3530 3316 commendata.

1943 3349 2011 3420 Ut
2031 3347 2077 3401 si
2104 3347 2396 3418 episcopus
2428 3364 2530 3418 pro
2561 3364 2885 3420 quacunque
2905 3347 3233 3404 necessitate
3264 3348 3526 3405 ecclesia-

1943 3419 2079 3492 s’tica
2108 3437 2179 3491 ad
2207 3452 2304 3491 vos
2331 3419 2606 3502 direxerit,
2643 3437 2713 3491 ad
2743 3419 2905 3507 quem
2934 3454 3067 3491 suus
3104 3437 3307 3492 missus
3345 3437 3530 3494 veniat

1944 3542 2044 3596 per
2095 3542 2258 3596 quem
2308 3541 2430 3596 quae
2471 3525 2866 3580 rationabiliter
2907 3526 3144 3595 petierit,
3176 3525 3441 3592 obtinent,
3475 3526 3533 3582 in

1941 3613 2145 3684 palatio
2165 3621 2366 3681 vestro,
2403 3613 2541 3668 sicut
2572 3630 2757 3668 comes
2787 3613 2970 3684 palatii
2997 3621 3081 3670 est
3109 3613 3166 3668 in
3209 3615 3391 3669 causis
3421 3614 3529 3670 rei-

1942 3700 2197 3772 publicae,
2235 3701 2535 3757 ministerio
2565 3718 2870 3774 congruum
2913 3703 3264 3758 constitutum
3311 3703 3526 3758 habete.

1942 3791 2010 3846 Ut
2064 3789 2400 3861 temporibus
2461 3805 2496 3845 a
2545 3791 2723 3846 sacris
2770 3790 2978 3863 regulis
3033 3791 3338 3846 constitutis
3377 3807 3526 3848 com-

1941 3878 2308 3950 provinciales
2373 3879 2612 3950 synodos
2673 3895 2798 3934 cum
2863 3879 3156 3950 episcopis,
3190 3887 3244 3934 et
3314 3882 3530 3951 specia-

1940 3967 2022 4022 les
2087 3983 2213 4022 cum
2257 3967 2629 4038 presbyteris,
2680 3968 2888 4022 habere
2937 3968 3118 4038 quiete
3164 3968 3531 4039 possint,,an-

1940 4055 2090 4110 nuite
2110 4062 2152 4109 ⁸.
2185 4056 2294 4110 Res
2335 4063 2388 4110 et
2423 4053 2700 4110 facultates
2749 4055 3176 4122 ecclesiasticas,
3235 4073 3358 4128 quae
3404 4063 3530 4112 sunt

1939 4153 2065 4199 vota
2118 4142 2397 4209 ﬁdelium,
2455 4143 2632 4213 pretia
2676 4151 3049 4212 peccatorum,
3125 4143 3398 4214 stipendia
3433 4161 3530 4200 an-

1941 4231 2191 4286 cillarum
2234 4240 2287 4286 et
2333 4247 2614 4285 servorum
2647 4231 2766 4296 Dei,
2818 4231 3127 4301 depraadari
3157 4240 3209 4285 et
3241 4232 3309 4286 ab
3349 4232 3534 4288 eccle-

1936 4320 2032 4374 siis
2053 4319 2284 4374 discindi
2331 4319 2497 4374 nolite
2540 4318 2857 4384 sustinere;
2922 4319 3020 4374 sed
3071 4318 3302 4387 fortiter,
3333 4328 3392 4374 ut
3431 4336 3530 4376 rex

1861 4407 1913 4468 D
1931 4408 2260 4466 Christianus
2281 4416 2333 4462 et
2372 4407 2636 4464 Ecclesiae
2679 4407 2934 4462 alumnus
2964 4406 3201 4490 resistite
3229 4415 3393 4481 atque
3424 4409 3528 4464 de-

1935 4497 2153 4554 fendite.
2188 4499 2268 4552 De
2307 4497 2505 4570 quibus
2535 4497 2864 4553 consecratis
2906 4498 3022 4552 Deo
3061 4498 3226 4552 rebus
3249 4497 3395 4568 quod
3426 4497 3526 4551 ha-

1935 4588 2064 4642 bent
2091 4585 2246 4641 liberi
2281 4585 2528 4642 homines
2573 4585 2822 4642 ecclesiis
2851 4585 3151 4641 servientes
3172 4601 3271 4656 per
3297 4585 3536 4656 disposi-

1933 4679 2138 4732 tionem
2165 4682 2442 4731 rectorum
2463 4675 2711 4745 ipsarum
2757 4673 3136 4740 ecclesiarum,
3167 4673 3290 4728 ideo
3322 4675 3532 4730 consti-

1937 4772 2158 4819 tuerunt
2202 4763 2574 4834 apostolorum
2619 4777 2967 4817 successores
3008 4761 3113 4816 hoc
3161 4762 3441 4832 ordinari,
3475 4773 3536 4818 ut

1935 4853 2063 4924 quia
2098 4860 2388 4908 creverunt
2417 4850 2657 4907 fidelium
2710 4857 2854 4916 vota,
2889 4857 2942 4902 et
2989 4849 3342 4907 increverunt
3393 4851 3534 4908 tide-

1933 4941 2064 4996 lium
2090 4941 2250 5008 mala,
2283 4949 2572 5013 augeretur
2619 4954 2716 5009 per
2745 4937 3208 5007 dispensationem
3241 4941 3532 4996 ecclesias-

1933 5030 2097 5086 ticam
2131 5029 2284 5100 regni
2316 5029 2502 5083 militia
2532 5027 2600 5081 ad
2632 5024 2990 5080 resistendum
3034 5029 3304 5084 malorum
3333 5029 3532 5100 nequi-

1931 5119 2079 5185 tiam,
2101 5127 2368 5190 quatenus
2389 5117 2520 5186 ipsze
2541 5113 2788 5170 ecclesiae
2809 5115 3180 5172 defensionem
3201 5117 3463 5172 haberent
3480 5126 3534 5172 et

1934 5224 2164 5280 pacem,
2199 5215 2253 5261 et
2313 5203 2676 5260 christianitas
2739 5204 3004 5259 obtineret
3064 5206 3529 5278 tranquillitatem.

1935 5295 2282 5368 QuaprOpter
2311 5293 2449 5348 sicut
2479 5299 2532 5346 et
2581 5291 2689 5348 illae
2710 5309 2800 5349 res
2830 5309 2894 5348 ac
2922 5293 3208 5350 facultates
3237 5295 3306 5350 de
3338 5294 3537 5367 quibus

1932 5385 2117 5442 vivunt
2157 5381 2370 5448 clerici,
2402 5380 2472 5436 ita
2504 5390 2556 5437 et
2582 5382 2690 5438 illae
2715 5383 2815 5438 sub
2843 5384 3256 5442 consecratione
3282 5383 3538 5464 immuni:

329 5559 352 5584 ³
387 5551 426 5602 ιι
443 5551 608 5614 paralt
628 5563 720 5613 que
741 5549 889 5603 Louis
912 5549 972 5602 de
993 5546 1258 5601 Germanic
1276 5542 1409 5599 avait
1428 5542 1638 5597 detendu
1661 5554 1756 5595 aux
1779 5539 1986 5604 iveques
2009 5537 2070 5591 de
2095 5536 2222 5592 tenir
2243 5536 2331 5590 des
2355 5538 2595 5591 concites.
