4026 6298
477 222 544 274 15
1327 221 1668 279 HINCMARI
1725 222 2128 278 BHEMENSIS
2185 219 2736 278 ARCHIEPISCOPI.
3714 227 3775 278 16

475 342 600 434 tati?
648 350 804 434 sill“:
837 342 907 398 de
934 343 1132 434 (ἰηίβυε
1195 344 1396 399 debent
1443 345 1685 434 militare,
1724 345 1979 434 “1533111?
2023 354 2077 400 ει
2105 346 2238 416 Ain
2267 361 2409 418 libro
2457 363 2824 434 Capitulorum
2867 363 2981 431 ejus
3007 406 3020 428 ,
3053 363 3358 434 quicunque
3403 362 3598 416 librum
3627 362 3776 417 illum

471 431 592 501 pari
623 431 844 486 tuitione
867 447 899 486 a
925 432 1081 503 regia
1111 439 1378 503 potestate
1408 434 1462 488 in
1493 433 1852 489 ecclesiarum
1882 433 2070 488 usibus

469 517 670 574 debent
697 519 918 576 muniri.
970 518 1110 588 Quia
1138 536 1270 575 vero
1315 521 1545 576 Carolus
1577 526 1604 552 ⁸
1627 522 1904 592 princeps,
1936 521 2068 592 Pip-

469 606 584 677 pini
611 607 760 680 regis
786 616 966 680 pater,
1000 607 1093 680 qui
1121 609 1330 680 primus
1356 609 1498 664 inter
1525 623 1715 665 omnes
1735 612 2066 666 Francorum

464 709 627 765 reges
655 710 721 750 ac
762 695 1037 766 princeps,
1069 712 1160 752 res
1204 697 1554 752 ecclesiarum
1584 697 1654 753 ab
1685 698 1765 753 eis
1795 698 2067 769 separavit

460 790 624 855 atque
665 782 866 851 divisit,
914 799 1012 854 pro
1039 785 1143 840 hoc
1190 785 1307 840 solo
1335 785 1566 841 maxime
1615 795 1698 841 est
1738 785 2067 842 aeternaliter

457 870 704 941 perditus
717 913 730 926 .
753 873 894 926 Nam
911 881 1133 928 sanctus
1149 874 1452 929 Eucherius
1463 873 1935 930 Aurelianensium
1951 875 2066 946 epi-

459 975 680 1030 scopus,
706 960 870 1032 quiin
900 962 1232 1017 monasterio
1262 963 1430 1018 sancti
1459 962 1726 1018 Trudonis
1747 963 2058 1033 requiescit,

457 1046 513 1101 in
545 1047 787 1103 oratione
830 1049 1038 1119 positus
1067 1049 1135 1104 ad
1168 1051 1398 1104 alterum
1437 1057 1519 1104 est
1551 1049 1810 1106 saeculum
1851 1059 2057 1121 raptus,

460 1144 514 1191 et
542 1135 684 1192 inter
725 1144 925 1192 caetera
967 1154 1110 1209 quae,
1160 1138 1393 1194 Domino
1423 1137 1527 1192 sibi
1555 1139 1897 1203 ostendente,
1930 1154 2060 1194 con-

455 1225 654 1295 spexit,
684 1225 818 1280 vidit
847 1225 1001 1280 illum
1030 1225 1086 1280 in
1132 1226 1346 1282 inferno
1389 1226 1634 1282 inferiori
1668 1227 1928 1299 torqueri.
1961 1227 2060 1286 Cui

453 1312 837 1386 interroganti,
869 1313 938 1368 ab
967 1315 1168 1387 angelo
1199 1315 1314 1384 ejus
1343 1315 1568 1370 ductore
1599 1332 1924 1386 responsum
1955 1324 2054 1384 est,

454 1401 582 1472 quia
631 1409 940 1457 sanctorum
975 1403 1308 1472 judicatione
1333 1446 1346 1468 ,
1379 1403 1472 1475 qui
1518 1403 1572 1458 in
1622 1403 1800 1458 futuro
1853 1404 2059 1472 judicio

452 1505 576 1544 cum
605 1491 838 1545 Domino
861 1490 1202 1560 judicabunt,
1247 1507 1589 1563 quorumque
1632 1508 1720 1547 res
1761 1492 1981 1546 abstulit
2006 1501 2059 1547 et

459 1577 659 1644 divisit,
691 1586 815 1632 ante
845 1577 978 1632 illud
1003 1578 1264 1646 judicium
1294 1579 1474 1634 anima
1503 1588 1556 1634 et
1587 1595 1819 1650 corpore
1849 1579 2057 1650 sempi-

2168 450 2333 505 habet
2369 493 2380 516 ,
2421 459 2473 506 et
2514 452 2701 522 legere
2749 451 3016 516 voluerit,
3049 450 3296 505 invenire
3350 450 3570 506 valebit.
3617 452 3770 506 Hanc

2168 538 2333 593 etiam
2378 539 2693 594 relationem
2747 547 2800 594 et
2831 539 2886 592 in
2935 538 3218 609 scripturis
3245 539 3532 607 habemus,
3565 547 3617 593 et
3647 538 3772 610 qui-

2167 627 2295 681 dam
2328 635 2575 682 nostrum
2620 627 2780 682 etiam
2836 627 2956 682 viva
2987 643 3120 682 voce
3149 629 3410 682 domnum
3438 627 3772 684 Ludovicum

2166 714 2556 785 imperatorem
2619 723 2827 786 patrem
2889 723 3129 770 vestrum
3183 715 3386 770 referre
3443 715 3767 770 audivimus.

2166 803 2274 857 Sed
2303 812 2354 858 et
2385 803 2528 858 sacri
2559 819 2798 859 canones
2845 803 3047 874 Spiritu
3095 812 3282 859 sancto
3313 803 3517 870 dictati,
3551 820 3647 858 eos
3679 803 3770 875 qui

2164 889 2451 947 facultates
2480 891 2880 948 ecclesiasticas
2907 891 3186 962 diripiunt,
3229 900 3280 946 et
3311 908 3400 946 res
3431 892 3771 948 ecclesiasti-

2162 995 2254 1034 cas
2303 980 2541 1036 indebite
2589 980 2690 1035 sibi
2739 988 3032 1051 usurpant,
3079 981 3234 1036 Iudae
3281 980 3527 1036 traditori
3573 981 3770 1037 Christi

2161 1067 2369 1122 similes
2417 1077 2750 1140 computant.
2795 1070 2865 1123 Et
2913 1069 3084 1124 sancti
3115 1069 3208 1140 qui
3239 1084 3362 1124 cum
3395 1070 3510 1124 Deo
3541 1069 3596 1123 in
3626 1069 3765 1125 coelo

2161 1165 2412 1226 regnant,
2448 1164 2500 1212 et
2533 1157 2586 1211 in
2617 1157 2778 1212 terris
2821 1157 3096 1212 miraculis
3125 1166 3431 1224 coruscant,
3465 1157 3648 1212 divino
3671 1159 3766 1228 ju-

2161 1238 2304 1294 dicto
2334 1247 2594 1312 tanquam
2639 1251 2926 1296 necatores
2975 1257 3272 1311 pauperum
3303 1241 3372 1295 ab
3401 1239 3666 1296 Ecclesiae
3695 1239 3766 1293 li-

2159 1327 2394 1382 minibus
2438 1337 2490 1382 et
2537 1345 2567 1382 a
2599 1329 2808 1384 caelesti
2856 1345 3030 1400 regno
3079 1329 3382 1384 secludunt.
3430 1330 3512 1384 De
3570 1328 3766 1400 quibus

2160 1415 2444 1487 sacrilegis
2476 1415 2529 1469 in
2567 1417 2853 1487 prophetia
2901 1417 3093 1486 psalmi
3141 1417 3460 1488 praedictum
3494 1425 3575 1472 est
3610 1434 3623 1470 :
3661 1418 3764 1485 Qui

2159 1503 2434 1559 dixerunt
2459 1520 2471 1558 :
2496 1505 2818 1560 Hereditate
2837 1507 3222 1577 possideamus
3232 1506 3630 1562 sanctuarium
3644 1507 3762 1561 Dei.

2159 1595 2304 1648 Deus
2335 1609 2514 1661 meus,
2558 1610 2706 1666 pone
2736 1595 2864 1649 illo:
2896 1599 2961 1649 ut
2990 1599 3196 1660 rotam,
3229 1599 3286 1650 et
3315 1596 3466 1650 sicut
3492 1595 3765 1666 stipulam

456 1665 628 1720 ternis
679 1665 860 1737 poenis
897 1673 980 1722 est
1022 1667 1343 1738 deputatus,
1383 1676 1437 1722 et
1466 1667 1659 1738 recipit
1723 1667 1883 1722 simul
1934 1684 2052 1723 cum

2159 1685 2294 1736 ante
2322 1683 2531 1752 faciem
2565 1665 2734 1737 uenti.
2768 1684 2837 1736 Et
2868 1685 3017 1738 sicut
3046 1684 3197 1754 ignis
3228 1685 3324 1755 qui
3352 1665 3631 1739 comburit
3649 1683 3765 1756 syl-

453 1753 567 1808 suis
593 1754 835 1824 peccatis
853 1770 1048 1824 poenas
1073 1763 1298 1826 prOpter
1323 1763 1545 1826 peccata
1564 1756 1810 1813 omnium
1829 1755 1922 1828 qui
1939 1773 2058 1812 res-

454 1857 586 1897 suas
632 1850 688 1897 et
715 1841 995 1898 facultates
1041 1843 1097 1896 in
1155 1843 1361 1899 honore
1405 1853 1459 1899 et
1502 1860 1688 1900 amore
1734 1845 1952 1901 Domini
1992 1847 2062 1901 ad

457 1937 771 1984 sanctorum
814 1930 954 1998 loca,
1001 1930 1057 1985 in
1105 1931 1458 1987 luminaribus
1483 1933 1652 1987 divini
1681 1933 1856 1989 cultus
1885 1942 1938 1988 et
1962 1934 2062 1988 ali-

453 2017 654 2072 moniis
703 2035 988 2074 servorum
1033 2019 1238 2074 Christi
1265 2036 1330 2076 ac
1379 2037 1697 2092 pauperum,
1720 2037 1818 2092 pro
1849 2022 2059 2078 anima-

459 2123 579 2161 rum
643 2122 864 2162 suarum
927 2108 1300 2180 redemptione
1363 2109 1714 2166 tradiderunt.
1759 2109 1864 2180 Qui
1901 2111 1958 2165 in
2001 2127 2060 2166 se

460 2211 714 2251 reversus
769 2203 1017 2252 sanctum
1045 2195 1376 2253 Bonifacium
1397 2206 1449 2253 et
1469 2197 1784 2265 Fulradum,
1808 2199 2060 2255 abbatem

454 2283 771 2338 monasterii
815 2284 988 2340 sancti
1023 2285 1292 2356 Dyonisii,
1326 2294 1379 2341 et
1418 2302 1686 2342 summum
1717 2287 2060 2358 capellanum

465 2370 616 2444 regis
652 2371 866 2443 Pippini
909 2373 979 2428 ad
1023 2389 1083 2427 se
1132 2375 1378 2443 vocavit,
1411 2375 1599 2448 eisque
1637 2375 1766 2430 talia
1793 2376 1982 2433 dicens
2003 2377 2060 2432 in

460 2459 683 2532 signum
711 2459 863 2516 dedit
891 2468 950 2516 ut
977 2462 1049 2516 ad
1077 2463 1388 2533 sepulcrum
1419 2463 1560 2518 illius
1587 2463 1745 2532 irent,
1776 2471 1829 2519 et
1857 2465 1904 2520 si
1929 2481 2059 2522 cor-

459 2563 562 2619 pus
612 2549 730 2617 ejus
775 2548 978 2605 ibidem
1021 2565 1134 2605 non
1177 2551 1552 2623 reperissent,
1584 2567 1651 2608 ea
1676 2569 1796 2625 quae
1825 2553 2058 2622 dicebat,

464 2651 593 2692 vera
642 2652 766 2692 esse
823 2639 1238 2694 concrederent.
1291 2641 1399 2710 Ipsi
1429 2649 1608 2696 autem
1655 2650 1951 2712 pergentes
1992 2643 2061 2698 ad

461 2723 786 2794 prtedictum
835 2727 1228 2782 monasterium
1252 2770 1265 2793 ,
1298 2727 1392 2782 ubi
1424 2743 1625 2800 corpus
1671 2729 1855 2800 ipsius
1886 2731 2061 2786 Caroli

455 2812 738 2868 humatum
765 2813 959 2881 fuerat,
995 2815 1416 2888 sepulcrumque
1445 2815 1587 2871 illius
1615 2817 1938 2888 aperientes,
1970 2819 2057 2872 vi-

451 2893 546 2965 sus
577 2917 661 2964 est
691 2909 870 2965 subito
899 2911 1078 2967 exisse
1099 2911 1290 2978 draco,
1323 2920 1376 2966 et
1404 2920 1575 2968 totum
1595 2913 1727 2968 illud
1749 2915 2057 2984 sepulcrum

457 2996 688 3053 interius
747 2998 1028 3054 inventum
1088 3008 1171 3056 est
1207 3000 1554 3072 denigratum
1579 3047 1594 3070 ,
1640 3017 1706 3057 ac
1771 2999 1818 3056 si
1865 3001 2057 3058 fuisset

449 3093 716 3141 exustum.
744 3087 861 3142 Nos
887 3095 1067 3143 autem
1111 3087 1234 3144 illos
1265 3089 1499 3146 vidimus
1527 3089 1621 3162 qui
1647 3106 1818 3162 usque
1849 3091 1919 3146 ad
1947 3107 2051 3147 no-

443 3181 616 3230 stram
643 3183 857 3231 aetatem
887 3175 1238 3247 duraverunt,
1271 3178 1363 3249 qui
1394 3177 1518 3235 huic
1548 3178 1625 3234 rei
1654 3178 2046 3248 interfuerunt,

451 3269 506 3316 et
526 3261 685 3317 nobis
714 3262 836 3318 viva
867 3279 1001 3320 voce
1055 3265 1320 3321 veraciter
1350 3275 1476 3322 sunt
1506 3267 1685 3322 testati
1706 3285 1825 3339 quae
1854 3269 2046 3324 audie-

447 3357 573 3404 runt
617 3357 780 3422 atque
828 3351 1082 3406 viderunt
1110 3364 1138 3400 δ
1177 3351 1335 3421 Quod
1379 3370 1720 3425 cognoscens
1764 3355 1904 3409 ﬁlius
1933 3356 2050 3424 ejus

447 3436 706 3509 Pippinus
755 3438 1026 3509 synodum
1073 3441 1216 3510 apud
1258 3441 1498 3512 Liptinas
1545 3443 1869 3515 congregari
1901 3443 2044 3511 fecit,

447 3525 534 3581 cui
562 3524 780 3596 prefuit
799 3542 922 3582 cum
955 3535 1142 3584 sancto
1172 3528 1450 3584 Bonifacio
1495 3529 1711 3602 legatus
1738 3531 2050 3602 apostolica:

445 3623 594 3680 sedis
641 3624 910 3696 Georgius
958 3626 1178 3682 nomine
1206 3635 1263 3693 °;
1297 3643 1426 3682 nam
1455 3635 1509 3682 et
1557 3629 1827 3699 synodum
1873 3630 2048 3700 ipsam

442 3711 728 3778 habemus,
754 3719 808 3767 et
839 3722 1320 3786 quantumcunque
1348 3715 1417 3770 de
1447 3716 1612 3770 rebus
1640 3717 2045 3784 ecclesiasticis,

443 3815 582 3871 quas
617 3807 774 3872 pater
805 3818 937 3857 suus
962 3802 1283 3869 abstulerat,
1313 3804 1505 3874 potuit,
1542 3805 1788 3860 ecclesiis
1818 3807 2048 3863 reddere

442 3889 781 3958 procuravit.
814 3888 882 3944 Et
931 3891 1186 3962 quoniam
1219 3907 1410 3947 omnes
1452 3908 1544 3948 res
1587 3893 1836 3950 ecclesiis
1862 3911 1892 3948 a
1923 3895 2049 3966 qui-

446 3976 550 4030 bus
583 3977 782 4033 ablatm
815 3986 991 4038 erant.
1025 3979 1328 4046 restituere,
1349 3989 1576 4052 propter
1593 3983 2050 4039 concertationem

441 4079 609 4136 quam
639 4081 764 4120 cum
797 4065 1069 4122 Waifario
1097 4066 1487 4140 Aquitanorum
1515 4069 1760 4140 principe
1792 4071 2046 4136 habebat,

438 4168 549 4208 non
578 4153 884 4225 praevaluit,
931 4155 1216 4226 precarias
1264 4155 1382 4212 fieri
1423 4158 1490 4212 ab
1538 4156 1810 4229 episcopis
1853 4158 2048 4215 exinde

437 4241 613 4313 petiit,
645 4249 701 4299 et
729 4257 904 4298 nonas
935 4258 1002 4300 ac
1031 4243 1275 4300 decimas
1312 4245 1384 4300 ad
1412 4247 1844 4303 restaurationes
1874 4255 2047 4307 tecto-

437 4345 574 4397 rum,
609 4338 664 4386 et
691 4331 762 4387 de
790 4347 1117 4405 unaquaque
1149 4341 1338 4389 casata
1381 4334 1672 4391 duodecim
1701 4336 1957 4392 denarios
1978 4337 2048 4392 ad

439 4417 733 4474 ecclesiam
771 4419 918 4474 unde
947 4436 1035 4477 res
1066 4428 1220 4476 erant
1264 4420 1615 4491 beneﬁciatae,
1651 4424 1792 4479 sicut
1818 4423 1873 4478 in
1903 4423 2042 4481 libro

440 4506 806 4578 capitulorum
853 4523 1046 4578 regum
1091 4507 1317 4566 habetur
1336 4552 1350 4577 ,
1399 4510 1515 4565 dari
1541 4511 1833 4578 constituit,
1866 4529 2040 4584 usque

441 4596 572 4650 dum
615 4595 751 4666 ipsae
813 4611 902 4651 res
944 4595 1013 4651 ad
1052 4595 1360 4652 Ecclesiam
1408 4599 1734 4656 revenirent.
1784 4601 1940 4656 Unde
1987 4609 2043 4656 et

439 4683 674 4739 domnus
705 4682 932 4740 Carolus
973 4683 1269 4756 imperator
1289 4729 1306 4752 ,
1333 4685 1510 4744 adhuc
1536 4688 1594 4742 in
1640 4688 1793 4762 regio
1821 4690 2042 4746 nomine

440 4769 782 4840 constitutus,
840 4772 1081 4830 edictum
1111 4773 1241 4830 fecit
1285 4782 1346 4828 ut
1386 4791 1562 4846 neque
1607 4776 1759 4848 ipse,
1793 4793 1894 4832 nec
1941 4776 2036 4832 filii

442 4858 560 4928 ejus
587 4873 768 4930 neque
813 4875 1166 4918 successores
1190 4906 1204 4929 ,
1236 4862 1544 4932 hujusmodi
1595 4880 1714 4920 rem
1757 4881 1920 4938 agere
1949 4874 2039 4922 at-

441 4953 706 5002 tentarent
739 4963 754 5002 :
787 4947 932 5018 quod
957 4964 1124 5004 manu
1153 4950 1374 5022 propria
1403 4949 1652 5022 ﬁrmavit,
1675 4952 1828 5022 cujus
1857 4953 2038 5024 pleni-

443 5033 683 5092 tudinem
716 5034 1006 5104 habemus,
1041 5044 1094 5091 et
1141 5036 1209 5092 de
1243 5055 1350 5110 quo
1388 5039 1681 5111 capitulum
1727 5049 2039 5113 excerptum

508 5179 534 5207 ι
570 5169 746 5221 Carius
769 5182 830 5222 ou
849 5170 1076 5235 Carolus,
1102 5171 1522 5228 Charles-Marte].

505 5254 530 5324 ιζ
566 5253 749 5318 Malgré
785 5255 846 5324 _le_
875 5256 1186 5324 témoignage
1250 5257 1338 5309 des
1381 5259 1587 5324 evequcs
1644 5259 1707 5311 du
1750 5261 1932 5312 concile
1977 5262 2038 5313 de

439 5318 663 5390 Quierzy,
687 5334 748 5372 on
771 5321 873 5374 doit
895 5318 1146 5390 regarder'
1165 5327 1294 5376 cette
1338 5318 1602 5390 prétoftdue
1647 5326 1802 5378 vision
1825 5329 1884 5379 de
1909 5330 2038 5380 saint

441 5387 638 5439 Eucher
659 5399 848 5440 comma
871 5401 964 5440 une
987 5389 1134 5442 fabia.

511 5485 533 5514 c
567 5471 636 5524 Le
659 5472 846 5526 concile
869 5473 929 5525 de
950 5475 1172 5528 Lestines
1195 5487 1224 5526 a
1247 5475 1323 5528 eté
1347 5481 1463 5530 tenu
1489 5490 1576 5540 par
1621 5477 1796 5532 l'ordre
1837 5479 1897 5531 de
1919 5482 2037 5533 Car-

2163 1785 2310 1836 va-m,
2334 1774 2390 1824 et
2409 1770 2560 1826 sicut
2585 1771 2818 1839 ﬂamma
2839 1772 3169 1827 comburens
3201 1776 3440 1838 montes,
3465 1773 3549 1826 ita
3568 1788 3762 1843 perse-

2161 1857 2348 1930 queris
2365 1859 2493 1914 illos
2509 1859 2572 1913 in
2609 1863 2944 1931 tempestate
2967 1863 3086 1926 tua,
3127 1863 3186 1914 et
3204 1862 3266 1915 in
3283 1861 3372 1915 ira
3394 1866 3494 1915 tua
3517 1860 3764 1916 turbabis

2161 1961 2270 2002 eos.
2291 1947 2468 2019 Imple
2488 1948 2665 2017 facies
2686 1963 2880 2004 eorum
2895 1948 3206 2019 ignominia
3230 1948 3404 2018 (Psal.
3444 1949 3690 2017 Lxxxu.)

2162 2077 2302 2133 VIII.
2347 2080 2414 2136 Ut
2449 2082 2798 2136 monasteria
2821 2079 2983 2136 laicis
3009 2098 3046 2137 a
3081 2062 3276 2138 Carolo
3317 2097 3582 2138 concessa
3619 2083 3761 2138 reli-

2551 2169 2720 2239 giosis
2745 2171 3002 2241 personis
3030 2170 3326 2226 restituat.

2231 2291 2560 2346 Monasteria
2590 2292 2751 2348 etiam
2796 2293 3057 2364 religiosa
3099 2301 3260 2365 atque
3287 2295 3558 2365 praecipua
3589 2311 3760 2351 cano-

2159 2377 2404 2433 nicorum
2433 2388 2486 2434 et
2525 2383 2911 2436 monachorum
2943 2390 3105 2453 atque
3148 2383 3633 2438 sanctimonialium
3665 2384 3764 2438 ha-

2159 2454 2414 2533 bitacula,
2462 2485 2582 2538 quae
2628 2469 2697 2524 ab
2743 2471 2964 2540 antiquo
3013 2478 3258 2541 tempore
3296 2479 3548 2540 parentes
3589 2473 3755 2526 vestri

2160 2555 2260 2608 sub
2291 2555 2552 2628 religioso
2582 2557 2769 2611 habitu
2797 2557 3215 2622 constituerunt,
3240 2566 3292 2612 et
3323 2557 3379 2611 in
3410 2559 3490 2614 eis
3519 2568 3761 2614 rectores

2158 2649 2210 2696 et
2239 2643 2502 2699 rectrices
2523 2644 2786 2710 fecerunt,
2836 2653 2889 2700 et
2909 2645 3126 2716 quando
3159 2654 3414 2716 parentes
3445 2647 3611 2701 vestri
3639 2647 3759 2718 pri-

2157 2739 2362 2784 matum
2406 2732 2562 2804 regni
2608 2741 2928 2799 tenuerunt,
2971 2741 3025 2788 et
3063 2734 3223 2788 etiam
3269 2735 3485 2806 quando
3533 2745 3756 2790 sanctus

2155 2817 2437 2891 Remigius
2485 2821 2723 2876 Francos
2775 2821 2845 2875 ad
2887 2811 3050 2876 fidem
3074 2864 3088 2887 ,
3131 2831 3458 2893 cooperante
3497 2823 3752 2891 Domino,

2159 2907 2446 2974 convertit,
2481 2916 2532 2962 et
2561 2924 2684 2964 cum
2728 2925 2859 2981 rege
2887 2909 3132 2979 ipsorum
3162 2911 3472 2980 baptizavit,
3505 2919 3557 2966 et
3587 2911 3758 2967 frater

2157 3002 2340 3050 vester
2367 2995 2620 3050 dominus
2648 3004 2833 3051 noster
2861 2997 3059 3067 partim
3073 2999 3378 3068 juventute,
3410 3000 3606 3070 partim
3637 2999 3754 3055 fra-

2156 3082 2382 3154 gilitate,
2439 3084 2634 3154 partim
2664 3085 2894 3139 aliorum
2924 3085 3124 3141 callida
3167 3087 3543 3160 suggestione,
3593 3089 3754 3142 etiam

2153 3179 2206 3225 et
2269 3172 2536 3226 minarum
2597 3173 2960 3238 necessitate,
2995 3173 3118 3244 quia
3177 3175 3428 3231 dicebant
3470 3176 3754 3247 petitores,

2152 3258 2256 3314 nisi
2285 3259 2366 3314 eis
2410 3260 2498 3316 illa
2537 3259 2659 3316 loca
2691 3277 2851 3318 sacra
2881 3263 3132 3330 donaret,
3162 3263 3233 3318 ab
3263 3279 3328 3318 eo
3357 3263 3671 3330 deﬁcerent,
3705 3275 3758 3320 et

2153 3347 2268 3417 ipse
2300 3348 2593 3420 aliquando
2623 3365 2721 3420 per
2749 3367 2879 3416 vos,
2914 3351 3054 3406 sicut
3084 3367 3230 3408 nunc
3257 3360 3427 3422 patet,
3461 3353 3752 3424 aliquando

2151 3451 2248 3504 per
2285 3435 2508 3493 fratrem
2553 3446 2793 3493 vestrum
2838 3455 3071 3512 regnum
3101 3439 3387 3495 destitutus
3415 3440 3482 3494 ab
3511 3441 3592 3496 eis
3622 3459 3754 3512 per-

2149 3522 2318 3589 deret,
2351 3524 2566 3591 talibus,
2599 3525 2737 3580 sicut
2757 3526 2928 3596 scitis,
2961 3527 3184 3597 personi
3224 3528 3544 3594 commissit,
3569 3530 3754 3586 debito

2149 3610 2438 3684 privilegio
2469 3612 2750 3669 restituite.
2799 3613 2942 3668 Nam
2987 3613 3132 3668 idem
3169 3613 3336 3670 frater
3371 3624 3553 3671 vester
3581 3625 3634 3672 et
3661 3617 3752 3672 di-

2149 3698 2277 3754 vina
2323 3699 2672 3770 inspiratione
2696 3744 2708 3766 ,
2763 3709 2813 3756 et
2863 3701 3184 3757 sacerdotali
3249 3703 3626 3777 redargutione
3651 3748 3666 3771 ,
3698 3715 3753 3762 et

2151 3787 2314 3842 etiam
2375 3789 2445 3842 ab
2482 3789 2780 3860 apostolica
2837 3789 2969 3845 sede
3019 3791 3382 3847 commonitus
3410 3835 3424 3862 ,
3454 3809 3521 3848 ex
3569 3794 3751 3866 aliqua

2149 3883 2300 3946 parte
2343 3892 2464 3948 qua:
2518 3892 2748 3948 perpere
2789 3876 2902 3948 egit
2925 3921 2937 3944 ,
2986 3887 3298 3934 correxerat
3345 3898 3358 3934 :
3405 3897 3524 3952 quae
3567 3891 3749 3938 autem

2149 3964 2331 4020 adhuc
2358 3965 2658 4021 incorrecta
2687 3974 2862 4032 erant,
2896 3967 3170 4038 quomodo
3213 3970 3511 4025 emendare
3539 3981 3743 4041 posset,

2151 4077 2295 4132 saepe
2339 4061 2718 4132 gemebundus
2761 4063 3054 4135 quaerebat.
3104 4064 3260 4119 Absit
3299 4073 3479 4122 autem
3528 4076 3586 4122 ut
3623 4085 3742 4135 vos,

2150 4149 2241 4220 qui
2269 4165 2367 4220 pro
2396 4150 2789 4206 restauratione
2821 4159 3024 4207 sanctae
3075 4153 3334 4210 Ecclesia:
3363 4156 3468 4210 huc
3498 4157 3744 4225 venistis,

2148 4245 2242 4291 aut
2261 4237 2354 4292 illa
2387 4253 2507 4309 quae
2542 4238 2660 4309 ipse
2691 4239 3000 4296 emendavit
3029 4241 3394 4310 deterioretis,
3418 4251 3472 4298 et
3500 4243 3639 4300 sicut
3655 4245 3748 4302 ille

2147 4323 2410 4396 offendit,
2460 4335 2513 4382 et
2542 4344 2641 4383 vos
2683 4326 2997 4394 offendatis,
3044 4337 3137 4384 aut
3179 4347 3298 4400 quae
3344 4330 3464 4402 ipse
3510 4333 3744 4390 necdum

2074 4397 2126 4458 D
2151 4415 2444 4472 emendare
2489 4415 2696 4486 potuit,
2747 4416 3100 4472 inemendata
3156 4397 3382 4475 sinatis;
3418 4421 3510 4492 qui
3568 4439 3746 4495 saepe,

2144 4501 2298 4570 sicut,
2319 4510 2373 4556 et
2389 4518 2490 4558 nos
2519 4510 2688 4558 testes
2709 4521 2912 4571 sumus,
2937 4504 3132 4560 fratres
3161 4515 3372 4562 vestros
3400 4509 3471 4566 de
3500 4511 3722 4580 talibus,

2141 4589 2446 4656 monuistis,
2479 4599 2532 4646 et
2560 4591 2616 4646 in
2643 4593 2791 4648 omni
2815 4593 3224 4650 annuntiatione
3244 4613 3407 4668 quam
3435 4601 3743 4656 communi-

2140 4685 2223 4740 ter
2249 4677 2546 4745 faciebatis,
2593 4680 2998 4752 promptissime
3026 4681 3153 4738 inde
3178 4683 3569 4756 disputabatis;
3605 4690 3741 4748 sicut

2141 4774 2194 4820 et
2217 4781 2375 4822 secus
2403 4767 2678 4823 Teudonis
2706 4769 2911 4839 villam,
2945 4769 2999 4824 in
3028 4769 3150 4826 loco
3171 4771 3261 4843 qui
3289 4775 3573 4833 Iudicium
3602 4777 3744 4833 dici-

2138 4862 2258 4921 tur,
2309 4855 2541 4926 capitula
2585 4873 2706 4928 qua;
2753 4858 3014 4913 habemus
3061 4872 3185 4915 cum
3239 4863 3436 4918 vestris
3484 4865 3742 4923 fratribus

2137 4944 2484 5013 acceptastis,
2519 4953 2570 5000 et
2599 4945 2654 5000 in
2684 4945 3049 5019 chirographo
3097 4951 3240 5020 apud
3269 4951 3546 5008 Marsnam
3577 4971 3741 5012 manu

2137 5033 2358 5105 propria
2387 5032 2770 5090 confirmastis.
2815 5036 3018 5092 Contra
3065 5038 3209 5108 quod
3258 5039 3304 5093 si
3347 5039 3489 5098 forte
3540 5043 3739 5116 aliquis

2137 5172 2316 5246 lpman,
2366 5174 2518 5246 maire
2558 5175 2622 5246 d‘u
2663 5176 2834 5246 palais,
2860 5191 2944 5246 ren
2984 5177 3100 5228 745.
3151 5180 3384 5231 Hincmar
3418 5183 3620 5244 pretend
3647 5197 3740 5246 que

2135 5239 2367 5307 Georges,
2392 5241 2522 5304 legat
2568 5241 2633 5293 du
2666 5239 2980 5307 isaint-siége,
3007 5255 3038 5305 y
3062 5248 3237 5298 assiste
3285 5260 3400 5298 aveo
3419 5239 3579 5300 'saint
3602 5239 3742 5300 Boni-

2136 5306 2261 5378 t‘ace,
2290 5306 2410 5378 c_’es_t
2429 5320 2523 5358 une
2546 5320 2714 5378 erreur
2738 5324 2750 5360 :
2780 5306 2991 5373 Georges
3039 5323 3102 5361 ne
3155 5314 3226 5364 fut
3273 5317 3454 5378 envoyc
3473 5329 3532 5366 en
3552 5318 3739 5368 France

2135 5373 2362 5436 qu'apres
2383 5374 2431 5426 la
2457 5379 2582 5426 mort
2602 5377 2664 5428 de
2683 5380 2761 5428 cet
2782 5377 2980 5441 évéque.
