4026 6296
243 299 310 354 n
1151 257 1166 265 κ
1707 295 2084 353 EPISTOLzE.
2674 273 2684 280 ’
3480 301 3546 353 is

240 423 368 494 egit,
405 437 518 478 non
538 428 836 494 propterea
856 436 953 478 vos
971 421 1241 477 immunes
1257 421 1424 498 eritis,
1451 423 1495 477 si
1521 421 1654 477 illud
1675 421 1838 494 quod,
1872 422 1930 483 A
1950 421 2079 494 quia
2104 421 2346 476 omnium
2377 421 2520 478 oculi
2545 421 2601 475 in
2634 435 2734 477 vos
2759 421 2959 477 debent
2986 421 3300 478 intendere:
3335 435 3474 495 quos
3493 421 3540 478 si

240 519 376 567 teste
404 511 666 577 Domino,
700 511 986 583 pepigistis
1017 518 1070 566 et
1099 510 1480 581 confirmastis,
1532 511 1842 575 observare,

241 601 387 672 quod
416 599 578 666 absit,
612 615 724 656 non
752 599 1086 655 studueritis.
1118 600 1405 655 Neminem
1437 599 1637 672 quippe
1687 599 1848 668 adju-

241 696 327 744 vat
357 687 509 760 quod
539 688 722 745 aliena
749 688 890 744 mala
919 689 1287 760 reprehendit,
1348 688 1451 744 nisi
1480 696 1532 743 et
1589 688 1706 759 ipse
1760 687 1851 742 illa

242 785 472 834 caveat:
508 777 658 847 quod
688 777 1024 832 demonstrat
1052 777 1272 842 Paulus,
1307 776 1496 832 dicens
1529 795 1542 831 :
1587 780 1784 841 Putas,
1819 792 1849 832 ο

242 869 426 935 homo,
458 865 604 938 quod
636 870 702 922 tu
729 865 927 922 evades
950 865 1237 938 judicium
1269 867 1385 932 Dei,
1405 868 1501 938 qui
1516 865 1712 921 eadem
1729 866 1848 936 agis

244 973 365 1029 qua
390 955 655 1027 judicas?
685 954 866 1025 (Rom.
902 955 988 1025 ιι.)

242 1061 337 1116 IX.
375 1063 444 1119 Ut
485 1065 731 1117 rectores
764 1061 1493 1133 monasteriorumsollicite
1519 1060 1852 1133 provideant

308 1137 377 1188 ut
395 1134 545 1188 servi
563 1136 621 1187 et
641 1132 872 1187 ancilla:
891 1133 990 1187 Dei
1010 1132 1322 1188 secundum
1336 1131 1592 1188 ordinem
1605 1131 1819 1187 vivant.

282 1246 544 1302 Rectores
573 1245 738 1301 etiam
768 1245 1242 1312 monasteriorum,
1277 1245 1476 1316 quibus
1513 1244 1848 1300 monasteria

241 1335 598 1400 committitis,
635 1333 862 1389 ﬁrmiter
890 1342 944 1389 et
977 1333 1174 1390 obnixe
1217 1333 1495 1406 praecipito
1541 1341 1602 1388 ut
1645 1348 1846 1389 secun-

247 1423 373 1478 dum
421 1422 677 1478 ordinem
727 1429 780 1478 et
823 1421 1066 1477 habitum
1109 1437 1175 1478 ac
1217 1438 1428 1489 sexum,
1478 1437 1587 1494 quo
1630 1421 1846 1476 inhabi-

243 1520 414 1567 tantes
445 1511 728 1567 constituti
758 1518 881 1566 sunt
912 1509 1142 1567 sollicite
1171 1517 1226 1566 et
1255 1510 1484 1566 solerter
1510 1509 1846 1581 praevideant

243 1609 296 1656 ut
342 1601 657 1656 secundum
703 1599 948 1654 debitum
995 1599 1246 1654 ordinem
1301 1599 1447 1654 servi
1493 1599 1582 1654 vel
1636 1597 1847 1654 ancills

243 1688 462 1744 Domini
499 1689 708 1754 vivant,
751 1696 804 1742 et
839 1688 1146 1744 necessaria
1191 1687 1464 1758 stipendia
1510 1687 1566 1741 in
1607 1687 1752 1742 victu
1795 1694 1848 1742 et

245 1777 464 1845 vestitu,
497 1784 552 1830 et
582 1775 799 1832 caeteris
837 1776 1140 1848 quibusque
1177 1776 1428 1842 habeant,
1472 1783 1526 1830 et
1561 1775 1755 1830 domos
1785 1789 1850 1831 ac

247 1865 568 1931 servitores,
601 1872 764 1935 prout
792 1864 1066 1934 competit,
1097 1863 1236 1919 sicut
1265 1863 1510 1935 religiosi
1548 1872 1601 1918 et
1638 1863 1853 1918 habitus

245 1961 296 2008 et
318 1951 764 2010 conversationis
793 1960 1050 2017 rectores,
1086 1951 1166 2006 eis
1186 1952 1524 2022 provideant,
1553 1951 1854 2023 susceptio-

245 2057 369 2102 nem
400 2041 569 2097 etiam
598 2040 872 2111 hospitum
904 2048 957 2096 et
984 2055 1287 2110 pauperum
1317 2040 1632 2095 nullomodo
1673 2039 1854 2112 negli-

250 2138 395 2204 gant.
427 2128 576 2198 Quin
605 2137 662 2184 et
699 2129 1144 2185 inconvenientes
1181 2145 1451 2200 personae,
1495 2137 1548 2184 et
1588 2145 1680 2183 res
1719 2128 1857 2184 tales

250 2235 367 2289 quae
419 2216 678 2289 religioni
729 2233 836 2272 non
881 2225 1211 2288 congruunt,
1262 2217 1316 2270 in
1373 2218 1698 2272 monasteria
1747 2232 1858 2272 non

245 2306 672 2371 introducantur,
738 2319 848 2360 non
901 2305 1182 2361 dicimus:
1233 2305 1491 2376 quoniam
1565 2304 1860 2375 religiosos

249 2402 489 2450 rectores
555 2393 956 2464 providentiam
1025 2400 1079 2448 et
1155 2409 1346 2448 curam
1423 2393 1663 2448 debitam
1735 2392 1862 2447 inde

241 2499 473 2538 sumere
505 2482 712 2538 debere
743 2497 854 2536 non
883 2482 1220 2555 ignoramus.

259 2618 336 2698 X._
367 2619 432 2698 lit
455 2617 766 2698 hospitalia
783 2617 1302 2698 peregrinorumad
1323 2617 1422 2672 hoc
1443 2616 1673 2698 adquod
1694 2616 1865 2698 depu-

315 2692 437 2743 tata
466 2687 628 2752 sunt,
662 2687 1304 2759 episcoporumconcilio
1347 2704 1380 2743 a
1410 2687 1715 2743 rectoribus
1743 2687 1863 2744 suis

313 2759 817 2814 administrentur.

353 2863 659 2936 Hospitalia
687 2863 1128 2935 peregrinorum,
1173 2863 1313 2920 sicut
1353 2872 1478 2918 sunt
1515 2864 1848 2930 Scottorum,

1949 510 2090 565 malo
2129 509 2378 582 exemplo
2407 509 2802 577 destruxeritis,
2836 509 2929 582 qui
2969 526 3070 582 per
3097 527 3195 568 vos
3238 518 3290 566 et
3325 527 3357 565 a
3387 510 3548 567 vobis

1947 598 2004 653 in
2035 599 2236 654 bonum
2265 599 2568 654 debuerant
2597 596 2872 664 aediﬁcari,
2905 597 3006 652 sub
3037 597 3196 653 tantis
3225 599 3344 655 sine
3383 598 3551 654 dubio

1951 686 2006 742 in
2045 686 2224 742 futuro
2261 687 2460 742 saeculo
2506 687 2685 758 poenis
2732 702 2830 743 vos
2870 701 3098 760 necesse
3147 694 3230 742 est
3284 686 3543 758 torqueri.

1959 777 2254 846 Pr0pterea
2283 783 2494 846 Oportet
2523 782 2578 829 ut
2609 774 2702 846 qui
2730 791 2826 830 rex
2865 774 3015 834 estis.
3057 781 3111 830 et
3153 773 3406 830 dominus
3445 789 3548 846 ap-

1949 863 2244 935 pellamini,
2280 862 2333 917 in
2364 863 2514 919 illum
2541 879 2758 935 semper
2784 878 3054 934 suspenso
3081 863 3249 919 corde
3279 862 3548 934 suspicia-

1950 952 2022 1006 tis
2054 967 2160 1024 quo
2191 951 2467 1019 videlicet,
2499 953 2650 1024 Rege
2675 967 2868 1024 regum
2927 959 2980 1006 et
3026 951 3260 1007 Domino
3293 950 3548 1007 domino-

1951 1057 2095 1110 rum,
2124 1055 2323 1096 nomen
2354 1039 2504 1112 regis
2533 1047 2584 1094 et
2614 1039 2819 1095 domini
2862 1039 3132 1096 mutuatis.
3176 1040 3245 1094 Et
3281 1039 3420 1096 sicut
3461 1038 3552 1096 ille

1952 1128 2190 1200 disponit
2228 1128 2417 1184 orbem
2455 1136 2610 1184 terra;
2650 1128 2706 1183 in
2741 1127 3008 1200 aequitate,
3051 1135 3105 1184 et
3140 1127 3208 1183 ad
3243 1128 3368 1194 hoc,
3415 1126 3555 1183 sicut

1951 1216 2007 1271 in
2053 1216 2194 1272 libro
2236 1216 2526 1288 Sapientia:
2573 1215 2788 1284 dicitur,
2839 1215 3115 1272 constituit
3173 1215 3452 1272 hominem
3497 1222 3557 1270 ut

1949 1309 2069 1376 ipse
2110 1304 2359 1374 similiter
2423 1303 2598 1374 faciat,
2641 1303 2923 1359 imitamini
2958 1303 3130 1374 illum,
3169 1304 3216 1359 si
3268 1303 3429 1360 vultis
3467 1319 3556 1360 re.

1947 1405 2118 1461 gnare
2148 1404 2275 1445 cum
2303 1388 2418 1444 illo.
2453 1387 2589 1457 Quia
2621 1388 2712 1459 qui
2741 1388 2872 1444 dicit
2899 1405 2958 1444 se
2988 1388 3044 1443 in
3074 1387 3286 1444 Christo
3305 1403 3547 1455 manere,

1948 1486 2129 1553 debet,
2149 1485 2286 1541 sicut
2302 1484 2394 1540 ille
2414 1484 2732 1555 ambulavit,
2752 1492 2806 1540 et
2818 1485 2937 1556 ipse
2949 1485 3253 1554 ambulare,
3270 1485 3362 1557 qui
3383 1483 3514 1540 dicit
3538 1501 3552 1538 :

1946 1575 2136 1629 Estote
2153 1577 2209 1628 et
2221 1575 2733 1646 vosper/‘ecti,sicut
2744 1577 2800 1628 et
2811 1575 2984 1629 Pater
2993 1573 3564 1645 vestercaelestisper-

1945 1664 2132 1732 fectus
2163 1666 2248 1718 est
2274 1660 2575 1731 (Matth.v).
2607 1661 2676 1715 Et
2704 1660 2751 1714 si
2766 1660 3008 1716 dixeritis
3029 1660 3302 1732 quomodo
3330 1676 3560 1732 possum

1867 1776 1920 1835 B
1951 1766 2074 1805 esse
2085 1748 2376 1822 perfectus,
2392 1765 2517 1804 cum
2533 1748 2639 1804 alia
2651 1748 2915 1820 scriptura
2927 1749 3073 1805 dicat
3086 1765 3101 1803 :
3115 1749 3174 1805 Si
3184 1749 3314 1835 quis
3319 1749 3383 1805 in
3394 1749 3558 1807 verba

1959 1855 2074 1895 non
2101 1837 2354 1909 oﬁ‘endit,
2390 1837 2490 1892 ille
2517 1839 2806 1910 perfectus
2836 1841 2922 1893 est
2949 1839 3055 1903 vir,
3087 1851 3196 1892 non
3217 1833 3414 1892 cadita
3432 1852 3560 1908 per-

1958 1925 2192 1982 fectione
2221 1925 2313 1997 qui
2342 1939 2450 1980 non
2479 1933 2671 1996 peccat
2697 1923 2914 1982 malitia:
2943 1923 3242 1997 cupiditate
3273 1939 3290 1980 :
3319 1925 3555 1998 Septies,

1960 2015 2114 2072 enim
2125 2015 2284 2070 cadit
2291 2016 2484 2086 justus
2502 2017 2560 2069 et
2577 2013 2826 2086 resurgit
2847 2033 2866 2069 :
2887 2013 3054 2086 impii
3069 2017 3264 2070 autem
3283 2016 3563 2070 corruunt

1959 2104 2023 2157 in
2067 2105 2218 2158 malo
2262 2103 2444 2172 (Prov.
2481 2101 2615 2173 xvx).
2660 2103 2732 2156 Et
2784 2118 2796 2157 :
2845 2103 3059 2169 Justus,
3109 2117 3242 2159 cum
3271 2101 3558 2168 ceciderit,

1959 2207 2076 2249 non
2087 2191 2405 2260 collidetur,
2425 2193 2559 2264 quia
2569 2191 2842 2247 Dominus
2859 2192 3128 2263 supponit
3138 2207 3377 2248 manum
3393 2207 3560 2246 suam

1961 2280 2137 2350 (Psal.
2175 2278 2400 2350 xxxvr).
2435 2277 2892 2350 Qualitercunque
2920 2294 3051 2335 vero
3079 2277 3198 2350 quis
3227 2285 3437 2350 peccet,
3469 2295 3562 2334 cu-

1961 2367 2200 2440 piditatis
2239 2366 2509 2424 voluntate
2547 2374 2637 2423 aut
2677 2366 2982 2439 fragilitatis
3013 2365 3360 2434 necessitate,
3401 2381 3562 2422 nemo

1963 2455 2037 2510 illi
2071 2455 2334 2527 praevalet
2362 2455 2557 2510 melius
2583 2455 2827 2510 indicare
2854 2471 3018 2526 quam
3061 2454 3396 2511 conscientia
3441 2469 3560 2521 sua,

1963 2560 2084 2615 qua:
2115 2559 2224 2599 non
2253 2551 2432 2615 potest
2460 2542 2630 2599 latere
2675 2543 2864 2599 oculos
2911 2541 3234 2614 inspectoris
3277 2543 3380 2598 sui.
3423 2543 3560 2597 Pro-

1961 2639 2145 2702 pterea
2193 2631 2266 2686 ita
2321 2638 2534 2702 oportet
2589 2647 2690 2686 vos
2741 2631 2945 2699 vivere,
2997 2629 3240 2700 judicare
3285 2636 3338 2686 et
3391 2645 3560 2702 agere

1963 2719 2124 2776 etiam
2151 2719 2207 2774 in
2236 2718 2470 2787 occulto,
2501 2719 2658 2791 quasi
2687 2718 2803 2773 sitis
2833 2734 3050 2790 semper
3077 2717 3132 2772 in
3161 2716 3414 2790 publico;
3436 2716 3562 2790 quia

1965 2823 2110 2879 saepe
2140 2807 2262 2862 talis
2292 2823 2390 2862 vos
2412 2807 2579 2863 verbo
2609 2805 2866 2872 laudabit,
2900 2807 2993 2878 qui
3022 2805 3187 2862 corde
3229 2805 3426 2862 acriter
3465 2820 3558 2860 re-

1962 2896 2284 2968 prehendet,
2325 2912 2473 2968 saepe
2507 2895 2667 2950 etiam
2713 2895 2803 2950 illa
2833 2911 2953 2966 qua:
3001 2893 3156 2951 vobis
3203 2901 3258 2950 et
3302 2893 3358 2949 in
3399 2893 3559 2951 vobis

247 2961 297 3008 et
339 2968 460 3056 Ῥω
504 2961 755 3056 39'um
806 2961 1216 3056 ﬁf“?ce§39ru’{‘
1297 2960 1603 3056 Yesfrf’mm
1653 2968 1874 3056 ,reg‘m“
1959 2960 2278 3050 laudaverit,
2305 2960 2448 3056 apud
2477 2983 2614 3039 alios
2641 2983 2710 3039 de
2741 2960 2898 3038 vobis
2927 2980 3374 3054 reprehensibilia
3405 2981 3558 3051 judi-

247 3049 559 3097 constructa
587 3049 640 3096 et
668 3040 959 3097 constituta
988 3039 1224 3109 fuerunt,
1259 3049 1315 3094 ut
1345 3041 1412 3094 ad
1451 3042 1552 3095 hoc
1596 3041 1672 3094 ad
1723 3040 1872 3112 quod

245 3129 502 3202 deputata
541 3137 667 3184 sunt
705 3137 1010 3194 teneantur,
1051 3136 1104 3182 et
1143 3144 1176 3183 a
1216 3128 1520 3184 rectoribus
1559 3129 1732 3184 Deum
1773 3129 1846 3184 ti-
1879 3133 1928 3196 (Γ,

245 3217 514 3273 mentibus
554 3217 897 3283 ordinentur,
943 3217 1335 3284 custodiantur,
1379 3233 1447 3271 ne
1487 3217 1842 3288 dissipentur,

244 3307 501 3361 obtinete.
536 3305 644 3360 Sed
677 3313 730 3360 et
759 3305 1064 3360 rectoribus
1094 3305 1554 3360 monasteriorum
1585 3313 1636 3359 et
1676 3321 1847 3360 xeno-

241 3393 576 3460 dochiorum,
609 3393 666 3447 id
696 3401 777 3448 est
809 3392 1462 3464 hospitalium.praecipite
1495 3401 1551 3448 ut
1581 3393 1718 3448 sicut
1750 3408 1846 3449 ca-

241 3483 430 3538 nonica
474 3483 636 3538 docet
681 3482 1000 3550 auctoritas,
1068 3490 1120 3537 et
1163 3481 1400 3552 capitula
1446 3481 1534 3537 avi
1585 3489 1635 3536 et
1674 3483 1848 3552 patris

246 3571 410 3626 vestri
448 3570 786 3642 praecipiunt,
828 3557 1107 3642 episcopis
1135 3570 1376 3641 propriis
1442 3570 1549 3624 sint
1595 3571 1842 3639 subjecti,

248 3666 296 3713 et
325 3659 659 3713 monasteria
697 3665 861 3729 atque
889 3659 1178 3729 hospitalia
1207 3658 1311 3713 sibi
1357 3659 1654 3714 commissa
1696 3659 1844 3728 ipso—

245 3763 366 3802 rum
428 3755 622 3819 regant
665 3745 900 3802 consilio
933 3765 948 3812 ;
1001 3747 1260 3818 quoniam
1289 3745 1531 3818 episcopi
1560 3755 1844 3817 paternam

247 3835 664 3891 sollicitudinem
706 3835 806 3904 eis,
853 3836 1153 3890 secundum
1198 3835 1559 3890 ministerium
1605 3835 1838 3904 illorum,

249 3924 542 3979 studebunt
584 3923 923 3994 impendere.
973 3925 1041 3978 Et
1088 3925 1217 3996 quia
1267 3940 1412 3995 saepe
1465 3923 1757 3996 unicuique
1785 3925 1843 3978 in

247 4012 389 4066 omni
427 4011 620 4067 ordine
656 4019 1055 4083 competentem
1094 4012 1276 4085 legem
1316 4020 1367 4067 et
1401 4012 1682 4080 justitiam,
1735 4029 1841 4066 una

246 4115 364 4156 cum
396 4099 660 4155 fratribus
701 4101 915 4166 vestris,
960 4100 1231 4173 frequenti
1270 4101 1676 4156 annuntiatione
1715 4116 1841 4172 per-

245 4188 501 4258 donastis,
537 4188 898 4244 ecclesiastici
926 4198 979 4244 et
1005 4189 1248 4261 religiosi
1277 4189 1496 4244 habitus
1523 4189 1623 4244 viri
1653 4205 1717 4244 ac
1755 4189 1838 4244 fe-

245 4277 420 4342 minae,
454 4285 620 4348 atque
654 4277 930 4350 peregrini
968 4285 1018 4331 et
1047 4294 1338 4349 pauperes,
1381 4279 1435 4332 in
1474 4277 1671 4350 quibus
1715 4293 1840 4348 spe-

241 4365 444 4420 cialiter
471 4365 718 4421 Christus
757 4366 1064 4436 suscipitur,
1108 4367 1554 4438 perdonationem
1597 4374 1838 4420 vestram

246 4453 346 4508 sibi
375 4455 610 4510 sentiant
639 4471 858 4526 semper
885 4455 1096 4511 adesse.

245 4577 337 4631 XI.
374 4578 524 4646 Quod
550 4594 740 4650 regem
769 4579 854 4633 ita
881 4581 1059 4634 vitam
1088 4580 1390 4636 instituere
1416 4581 1733 4648 conveniat,
1774 4584 1841 4635 ut

439 4669 448 4679 ·
739 4651 995 4706 omnibus
1024 4653 1101 4705 sit
1123 4653 1402 4722 exemplo.

307 4755 372 4808 Et
398 4755 527 4826 quia
553 4756 624 4811 de
655 4762 796 4810 statu
817 4763 870 4812 et
916 4757 1090 4811 salu'e
1124 4757 1308 4828 populi
1350 4757 1648 4827 christiani,
1702 4757 1842 4814 sicut

248 4842 401 4898 nobis
431 4843 746 4914 scripsistis,
781 4843 943 4899 vultis
973 4862 1240 4916 quaerere,
1274 4846 1452 4916 primo
1493 4862 1526 4901 a
1555 4847 1710 4901 vobis
1754 4847 1840 4918 ip-

249 4931 320 4985 sis
337 4931 570 5002 incipite,
596 4932 687 5002 qui
703 4932 840 4987 alios
855 4933 1066 4988 debetis
1089 4934 1384 5005 corrigere,
1412 4935 1551 4990 sicut
1581 4935 1841 5006 scriptum

248 5027 328 5073 est
353 5037 365 5072 :
400 5020 620 5085 Mediae,
654 5037 795 5076 cura
825 5023 1187 5094 temetipsum
1217 5023 1368 5093 (Luc.
1405 5024 1484 5094 iv)
1515 5042 1528 5090 ;
1558 5032 1610 5078 et
1639 5023 1844 5078 munda

249 5106 407 5162 debet
435 5123 626 5162 manus
655 5125 686 5162 a
732 5109 988 5164 sordibus
1035 5127 1178 5176 esse,
1233 5129 1354 5183 quae
1394 5112 1602 5166 alienas
1651 5113 1844 5168 sordes

247 5203 400 5250 curat
429 5195 738 5268 detergere.
775 5199 840 5251 Et
868 5215 990 5270 qua:
1019 5199 1073 5252 in
1105 5199 1227 5254 aliis
1276 5201 1486 5256 debetis
1537 5201 1837 5274 corrigere,

249 5299 407 5338 nemo
437 5285 489 5338 in
539 5284 696 5339 vobis
747 5286 892 5352 juste
949 5287 1127 5342 valeat
1181 5290 1604 5360 reprehendere.
1668 5290 1844 5360 Super

249 5380 476 5444 quantos
505 5373 650 5428 enim
679 5374 812 5428 estis
840 5375 894 5428 in
921 5376 1073 5447 regni
1103 5377 1360 5444 culmine,
1404 5386 1674 5432 tantorum
1722 5394 1844 5433 mo-

251 5460 398 5513 ribus
427 5461 637 5516 debetis
667 5462 896 5526 servire,
932 5472 983 5518 et
1014 5465 1152 5520 sicut
1179 5465 1403 5522 lucerna
1443 5483 1606 5536 super
1645 5467 1848 5522 cande-

253 5547 456 5602 labrum
475 5549 524 5603 in
546 5550 711 5604 domo
731 5551 927 5622 posita,
955 5553 1212 5607 bonitatis
1235 5554 1486 5624 exempla
1508 5564 1841 5614 monstrare:

1964 3071 2128 3128 cabit.
2181 3072 2238 3128 Si
2291 3080 2492 3140 autem,
2548 3079 2607 3126 ut
2659 3070 2908 3136 dicimus,
2966 3062 3554 3139 adjuvante‘Domino,

1951 3161 2158 3226 vivere,
2185 3161 2430 3230 judicare
2461 3167 2514 3214 et
2541 3175 2703 3230 agere
2749 3158 3153 3230 praevalebitis;
3203 3157 3249 3212 si
3301 3171 3401 3214 vos
3443 3171 3556 3214 non

1949 3248 2308 3304 stimulaverit
2323 3263 2478 3304 amor
2493 3248 2732 3318 privatus
2756 3265 2770 3312 ;
2795 3246 2841 3301 si
2873 3261 2973 3302 vos
2992 3261 3103 3302 non
3138 3244 3556 3302 inﬂammaverit

1947 3335 2212 3407 cupiditas
2241 3336 2452 3408 gloriae,
2503 3335 2836 3401 divitiarum,
2880 3335 3320 3406 possessionum,
3364 3341 3419 3390 et
3445 3349 3552 3405 po-

1957 3432 2200 3480 tentatus
2224 3443 2240 3493 ;
2264 3425 2310 3479 si
2329 3441 2439 3480 non
2453 3423 2578 3496 plus
2594 3423 2934 3481 credideritis
2948 3422 3139 3479 aliene
3153 3421 3376 3494 linguae,
3391 3437 3556 3495 quam

1945 3513 2180 3586 propriae
2209 3513 2554 3569 conscientiae
2578 3531 2593 3579 ;
2627 3512 2674 3566 si
2703 3528 2802 3568 vos
2831 3525 2942 3568 non
2969 3509 3168 3566 roserit
3192 3509 3336 3566 tinea
3365 3511 3549 3566 adula-

1947 3601 2109 3656 tionis
2149 3618 2164 3667 ;
2193 3601 2239 3656 si
2267 3617 2376 3657 non
2405 3617 2504 3656 vos
2532 3599 2732 3655 usserit
2762 3599 2900 3655 livor
2924 3599 3116 3655 alienae
3146 3597 3420 3654 felicitatis
3451 3617 3467 3665 ;
3501 3598 3547 3653 si

1945 3704 2046 3745 vos
2074 3704 2180 3745 non
2207 3689 2484 3745 vexaverit
2513 3688 2794 3762 neglectus
2823 3687 3018 3743 animae
3044 3694 3098 3744 et
3125 3701 3280 3742 amor
3314 3685 3496 3742 carnis
3525 3705 3542 3753 ;

1945 3777 1992 3832 si
2042 3777 2388 3833 credideritis
2445 3792 2637 3850 regem
2682 3775 2958 3831 Christum
3009 3789 3121 3832 non
3144 3790 3243 3846 pro
3273 3790 3353 3845 se,
3383 3773 3440 3830 id
3465 3783 3549 3830 est

1943 3883 2053 3922 non
2081 3882 2182 3938 pro
2211 3882 2306 3921 sua
2337 3866 2659 3922 necessitate
2685 3872 2954 3920 mortuum
2981 3907 2994 3931 ,
3027 3863 3126 3919 sed
3151 3879 3254 3935 pro
3282 3863 3462 3933 nobis,
3485 3869 3546 3918 ut

1941 3955 2248 4011 viveremus
2277 3955 2369 4028 qui
2397 3955 2598 4010 mortui
2630 3969 2889 4020 eramus;
2923 3960 2976 4008 et
3004 3968 3104 4009 vos
3129 3951 3254 4024 plus
3283 3951 3548 4007 studeatis

1941 4043 2060 4098 aliis
2090 4043 2274 4099 vivere
2304 4043 2359 4097 in
2396 4043 2588 4098 salutis
2629 4059 2742 4098 sua:
2787 4041 3130 4108 utilitatibus,
3179 4054 3346 4112 quam
3388 4039 3546 4096 vobis

1939 4132 2074 4202 ipsis
2098 4132 2152 4186 in
2184 4131 2416 4203 propriis
2459 4131 2824 4186 voluntatibus
2860 4149 2875 4198 ;
2908 4130 2956 4186 si
2997 4128 3234 4186 scieritis
3273 4144 3373 4185 vos
3417 4143 3542 4184 esse

1936 4236 2045 4276 mei
2059 4229 2248 4286 ituros,
2282 4228 2332 4274 et
2360 4235 2458 4275 vos
2482 4219 2823 4275 credideritis
2869 4219 2938 4272 de
2985 4217 3143 4274 factis
3193 4216 3430 4287 propriis
3455 4231 3545 4270 ra-

1939 4309 2141 4368 tionem
2170 4307 2402 4363 Domino
2432 4306 2777 4374 reddituros;
2807 4314 2859 4361 et
2889 4321 3009 4378 quae
3051 4305 3220 4378 digne
3265 4303 3544 4376 receperi-

1939 4397 2028 4464 tis,
2061 4397 2178 4452 sine
2206 4395 2311 4452 fme
2342 4396 2428 4452 vel
2456 4395 2830 4451 immutatione
2857 4395 3036 4468 aliqua
3063 4393 3364 4449 habituros.

1865 4485 1921 4546 D
1941 4511 2118 4568 XXII.
2154 4512 2428 4581 Quomodo
2456 4511 2784 4568 domesticos
2811 4525 3020 4582 regere,
3063 4509 3196 4582 quid
3235 4509 3364 4582 Deo,
3395 4506 3552 4582 _quid

2043 4576 2279 4639 subditis
2307 4583 2557 4651 reddere,
2602 4585 2658 4637 et
2691 4576 2894 4655 quales
2913 4576 3121 4653 palatii
3141 4595 3206 4634 ac
3227 4576 3548 4649 reipublicae

2047 4655 2342 4710 ministros
2371 4653 2718 4710 constituere
2748 4653 2962 4708 debeat.

2046 4761 2278 4816 Domum
2309 4768 2546 4816 vestram
2573 4757 2928 4814 domesticam
2959 4755 3038 4810 sic
3057 4752 3275 4824 nutrite,
3301 4755 3473 4828 regite
3493 4761 3548 4810 et

1941 4849 2231 4920 disponite,
2265 4857 2322 4904 ut
2345 4849 2562 4920 quando
2578 4847 2733 4919 regni
2750 4843 2985 4916 populus
3001 4841 3071 4898 ad
3087 4858 3187 4900 vos
3205 4843 3544 4910 convenerit,

1941 4938 1996 4992 in
2027 4937 2184 4993 vobis
2211 4945 2265 4992 et
2295 4938 2350 4991 in
2379 4935 2694 4993 domesticis
2722 4931 2922 4988 vestris
2961 4931 3182 4988 videant
3227 4931 3462 5006 qualiter
3489 4946 3549 4987 se

1943 5007 2370 5098 atque'domum,
2411 5041 2533 5081 cum
2551 5029 2700 5078 tanta
2727 5020 3031 5077 humilitate
3065 5029 3233 5093 atque
3281 5021 3548 5087 castitate,

1944 5131 2105 5187 quam
2137 5115 2340 5182 sobrie,
2375 5127 2535 5186 quam
2558 5112 2722 5179 juste,
2758 5126 2919 5182 quam
2948 5109 3037 5181 pie
3084 5108 3310 5176 nutrire,
3351 5109 3544 5180 dispo-

1944 5219 2078 5258 nere
2135 5203 2388 5266 debeant,
2421 5209 2473 5254 et
2499 5199 2848 5272 gubernare:
2883 5197 3008 5270 quia
3039 5198 3180 5254 sicut
3209 5197 3431 5269 quidam
3461 5211 3546 5252 sa-

1945 5293 2100 5363 piens
2140 5291 2292 5357 dixit,
2335 5287 2636 5343 secundum
2682 5303 2865 5344 mores
2923 5285 3128 5342 domini
3183 5285 3286 5341 erit
3338 5284 3550 5340 familia

1945 5381 2232 5436 custodita.
2266 5379 2332 5433 Et
2361 5377 2484 5432 ideo
2515 5377 2710 5434 domus
2738 5377 2883 5449 regis
2911 5375 3098 5430 schola
3125 5373 3339 5442 dicitur,
3372 5375 3428 5429 id
3457 5381 3543 5429 est

1947 5468 2264 5538 disciplina;
2301 5466 2424 5538 quia
2461 5483 2572 5523 non
2600 5474 2808 5522 tantum
2853 5463 3182 5530 scholastici,
3233 5463 3290 5518 id
3333 5470 3413 5519 est
3455 5461 3542 5516 di-

1950 5555 2220 5626 sciplinati
2253 5563 2303 5610 et
2333 5556 2471 5610 bene
2501 5556 2723 5612 correcti
2757 5561 2901 5615 sunt,
2935 5553 3072 5608 sicut
3101 5551 3223 5619 alii;
3249 5552 3343 5606 sed
3366 5550 3544 5622 potius
