4026 6292
503 304 571 360 19

1389 308 1728 387 ΗΙΝΟΜΑΒΙ
1787 310 2190 368 RHEMENSIS
2246 313 2793 377 ARCHIEPISCOPI.

3740 331 3806 384 20

486 430 840 522 ipsa'schola,
874 447 994 504 qum
1024 431 1404 522 interpretatur
1425 433 1736 522 disciplina,
1769 437 1824 491 id
1855 443 1937 492 est
1965 453 2093 494 cor—
2131 438 2187 500 A
2207 453 2406 512 magna
2434 442 2795 502 sollicitudine
2825 445 3046 517 faciant,
3077 447 3310 504 scientes
3340 449 3602 522 scriptum
3626 464 3748 506 esse
3768 445 3797 506 ἐ

497 519 683 584 rectio,
730 519 946 587 dicitur,
981 537 1102 592 quae
1161 519 1297 575 alios
1354 521 1538 580 habitu
1597 523 1834 592 incessu,
1896 527 2084 594 verbo,

497 616 548 662 et
580 617 722 676 actu,
755 617 914 680 atque
953 609 1114 665 totius
1160 611 1408 665 vanitatis
1453 613 1785 670 continentia
1831 616 2087 688 corrigat.

495 697 563 750 Et
591 712 710 763 vos,
743 698 884 752 sicut
911 698 1141 768 paxillus
1171 715 1279 754 non
1310 700 1448 755 bene
1480 699 1696 768 inﬁxus,
1730 703 1834 757 nisi
1873 703 1925 757 in
1972 706 2089 759 Do-

493 785 642 840 mino
669 785 927 841 virtutum
956 786 1125 841 innixi
1155 786 1360 842 fortiter
1415 789 1640 857 fueritis,
1675 800 1728 864 et
1783 809 1880 847 vos
1923 794 2090 848 cade-

493 871 584 942 tis,
619 880 674 928 et
702 875 793 946 qui
822 875 878 930 in
909 875 1065 930 vobis
1092 877 1350 947 pendent,
1401 876 1666 932 labentur.
1727 878 2086 951 Quapropter,

496 960 636 1016 sicut
665 962 930 1018 Dominus
963 965 1064 1018 sub
1092 971 1359 1035 potestate
1389 967 1708 1022 constitutos
1748 985 1814 1022 ex
1853 977 2089 1025 tentato-

497 1065 614 1104 rum
644 1051 934 1107 occasione
964 1053 1146 1108 docuit
1173 1054 1406 1109 reddere
1429 1071 1553 1126 quae
1573 1064 1700 1110 sunt
1719 1058 1950 1112 Caesaris
1967 1059 2088 1114 Cae-

498 1138 626 1208 sari,
658 1148 711 1194 et
740 1156 859 1212 quae
891 1149 1014 1195 sunt
1043 1142 1143 1196 Dei
1172 1143 1286 1197 Deo
1317 1161 1330 1209 ;
1362 1143 1433 1198 ita
1464 1151 1516 1198 et
1547 1160 1644 1199 vos
1676 1145 1766 1217 qui
1819 1147 1920 1200 sub
1974 1147 2090 1204 Deo

493 1227 624 1282 estis
652 1236 704 1283 et
733 1246 898 1300 super
922 1229 1172 1285 homines
1209 1231 1360 1298 estis,
1402 1233 1612 1290 reddite
1657 1251 1779 1306 qua:
1819 1243 1943 1288 sunt
1986 1235 2086 1290 Dei

501 1315 618 1371 Deo
652 1336 666 1382 ;
700 1325 751 1372 et
784 1318 923 1373 sicut
957 1319 1143 1374 Caesar
1167 1336 1374 1391 aequus,
1411 1337 1532 1392 quae
1577 1322 1914 1377 subditorum
1964 1331 2090 1378 sunt

497 1404 728 1460 subditis
754 1407 983 1462 reddite.
1016 1407 1248 1462 Reddite
1275 1409 1390 1462 Deo
1419 1425 1613 1479 puram
1661 1419 1714 1464 et
1765 1411 2086 1467 immacula-

491 1501 600 1548 tam
631 1492 795 1548 fidem
824 1503 878 1548 et
906 1495 1334 1551 sincerissimum
1363 1496 1566 1553 cultum
1593 1497 1648 1552 in
1687 1500 2086 1567 sacerdotibus,

493 1581 549 1635 in
579 1582 931 1638 ecclesiarum
961 1584 1282 1657 privilegiis,
1325 1585 1380 1639 in
1409 1587 1579 1641 sacris
1615 1587 1770 1657 locis,
1814 1587 1870 1642 in
1908 1589 2088 1644 eccle-

494 1670 725 1726 siasticis
751 1680 804 1726 et
833 1672 1107 1744 religiosis
1137 1673 1270 1727 viris
1297 1691 1362 1729 ac
1399 1673 1636 1740 feminis,
1678 1677 1732 1729 in
1771 1676 2089 1732 defensione

2193 529 2452 588 Indicabo
2485 535 2606 604 tibi,
2639 537 2816 602 homo,
2851 538 2983 609 quid
3013 539 3090 593 sit
3119 539 3340 606 bonum,
3377 539 3434 595 id
3464 544 3565 606 est,
3609 543 3800 611 facere

2181 619 2469 691 judicium
2499 628 2553 678 et
2573 626 2869 696 justitiam
2901 631 2956 681 et
2986 629 3297 684 sollicitum
3345 630 3634 685 ambulare
3666 647 3798 685 cum

2191 710 2297 764 Deo
2330 713 2421 770 tuo
2454 713 2636 782 (Mich.
2673 713 2770 781 vi).
2798 715 2854 768 ld
2872 724 2972 778 est,
2992 717 3210 787 utquod
3231 717 3307 770 illi
3328 717 3524 787 placet,
3549 717 3645 772 tibi
3669 718 3793 789 pla-

2190 810 2311 857 ceat
2350 812 2400 858 et
2431 801 2638 868 facias;
2674 803 2818 873 quod
2845 803 2922 856 illi
2953 803 3220 874 displicet,
3257 805 3352 858 tibi
3394 805 3677 876 displiceat
3733 814 3786 860 et

2190 908 2299 946 non
2344 891 2531 946 facias.
2582 890 2740 959 Quod
2784 891 2828 944 si
2881 908 2977 962 per
3025 891 3372 965 fragilitatem
3418 893 3632 959 feceris,
3684 910 3795 949 non

2191 979 2584 1035 contumaciter
2613 979 2697 1032 vel
2726 979 3072 1050 pertinaciter
3100 981 3154 1034 in
3186 989 3274 1036 tuo
3308 983 3447 1037 malo
3477 981 3620 1038 facto
3661 997 3792 1054 per-

2191 1085 2444 1133 severes;
2479 1069 2576 1122 sed
2607 1067 2787 1121 statim
2817 1069 3012 1138 pedem
3045 1070 3182 1124 sicut
3212 1086 3245 1124 a
3289 1069 3432 1126 ferro
3478 1071 3654 1126 calido
3701 1088 3794 1127 re-

2191 1156 2342 1204 voca,
2378 1147 2428 1194 et
2459 1139 2510 1192 in
2543 1139 2682 1192 viam
2714 1139 2999 1194 voluntatis
3047 1141 3261 1195 Domini
3315 1142 3414 1196 Dei
3463 1143 3538 1196 tui
3589 1143 3790 1214 dirige.

2189 1229 2257 1283 Et
2285 1228 2424 1283 sicut
2454 1226 2712 1296 scriptum
2746 1235 2827 1282 est
2859 1247 2872 1281 :
2911 1230 3052 1296 Quia
3080 1221 3216 1284 sunt
3246 1231 3348 1285 vite
3378 1247 3499 1303 qua:
3527 1231 3795 1288 videntur

2192 1318 2508 1372 hominibus
2531 1319 2704 1381 bonre,
2740 1321 2794 1372 et
2811 1317 3030 1373 ducunt
3049 1319 3119 1372 ad
3137 1320 3447 1375 interitum
3463 1321 3645 1389 (Prov.
3666 1323 3793 1391 xw)

2190 1404 2275 1460 fac
2305 1406 2444 1459 sicut
2473 1405 2742 1474 Scriptura
2773 1405 2869 1458 tibi
2897 1406 3159 1476 praecipit,
3196 1407 3503 1480 quicunque
3524 1425 3584 1462 es
3602 1409 3788 1464 homo.

2189 1495 2478 1564 Interroga
2509 1495 2574 1548 de
2605 1495 2694 1548 via
2723 1495 2884 1560 bona,
2918 1499 2975 1549 et
3002 1496 3230 1550 ambula
3256 1512 3356 1568 per
3383 1513 3508 1552 eam
3524 1497 3660 1566 (Jer.
3685 1498 3786 1569 γι),

2189 1582 2313 1653 quia
2344 1582 2481 1636 sicut
2508 1581 2702 1635 dicitur
2729 1581 2784 1635 in
2812 1583 3113 1655 Evangelio
3149 1601 3162 1636 :
3196 1584 3396 1656 Ampla
3427 1587 3516 1640 via
3541 1588 3627 1640 est
3666 1602 3792 1657 quae

2189 1669 2428 1726 ducitad
2435 1671 2829 1742 perditionem,
2846 1673 3084 1726 etmulti
3103 1673 3318 1728 vadunt
3327 1689 3430 1745 per
3441 1689 3566 1728 eam
3583 1692 3603 1728 :
3621 1679 3789 1729 arcta

491 1759 753 1814 Ecclesiae
783 1767 835 1814 et
887 1760 1312 1825 christianitatis,
1369 1761 1424 1815 in
1478 1763 1733 1834 mquitate
1790 1772 1842 1818 et
1883 1765 2090 1833 justitia
2118 1801 2170 1860 B
2189 1763 2245 1814 et
2259 1762 2500 1830 angusta
2517 1761 2606 1814 via
2620 1764 2704 1814 est
2739 1760 3028 1832 quaeducit
3056 1761 3128 1815 ad
3145 1763 3340 1826 vitam,
3367 1766 3422 1817 et
3441 1765 3781 1834 pauciinve-

485 1847 673 1918 populi
728 1847 1030 1914 christiani,
1096 1849 1149 1902 in
1219 1849 1592 1905 sublevatione
1647 1860 1698 1905 et
1770 1853 2080 1925 tranquilli-

486 1942 593 1990 tate
617 1943 672 1990 et
701 1937 1070 1992 consolatione
1097 1937 1339 1992 omnium
1367 1937 1745 2009 indigentium,
1781 1941 1916 1997 sicut
1945 1958 2081 2012 prae-

485 2024 750 2080 misimus.
783 2025 1012 2081 Reddite
1042 2026 1118 2080 illi
1147 2027 1519 2098 quotidianum
1549 2045 1778 2099 pensum
1806 2029 1858 2084 in
1899 2031 2080 2102 quoti-

484 2111 647 2168 diana
691 2114 951 2176 oratione,
1002 2115 1056 2168 in
1099 2115 1258 2184 justis
1305 2124 1357 2170 et
1403 2117 1641 2171 assiduis
1688 2117 2071 2189 eleemosynis.

485 2199 692 2257 Oﬁ‘erte
720 2202 797 2256 illi
826 2202 1169 2258 devotionem
1187 2213 1424 2259 vestram
1445 2205 1498 2259 in
1521 2205 1694 2262 sacris
1716 2207 2079 2262 oblationibus

483 2298 536 2346 et
565 2291 816 2363 lacrymis
843 2292 1140 2348 secundum
1167 2293 1597 2364 magnitudinem
1655 2311 1720 2352 ac
1772 2295 2078 2350 multitudi-

481 2395 608 2434 nem
647 2379 1082 2451 quotidianorum
1139 2389 1488 2451 peccatorum
1535 2382 1794 2453 profusis.
1848 2384 2078 2439 Reddite

481 2467 712 2522 subditis
735 2468 999 2536 judicium
1047 2485 1169 2524 cum
1202 2469 1598 2537 misericordia,
1637 2472 1903 2540 justitiam
1954 2489 2075 2529 cum

479 2556 756 2627 aequitate.
791 2557 1011 2612 Studete
1043 2557 1280 2613 exaltare
1317 2557 1549 2614 humiles
1581 2567 1634 2614 et
1667 2561 1842 2615 Deum
1881 2561 2078 2616 timen-

472 2651 578 2710 tes,
612 2653 664 2699 et
691 2644 976 2700 debellare
1005 2655 1166 2718 atque
1202 2646 1497 2704 humiliare
1530 2649 1813 2719 superbos.
1847 2650 2076 2705 Studete

481 2747 515 2787 a
543 2731 702 2786 bonis
729 2733 851 2803 plus
881 2733 1054 2806 diligi,
1090 2750 1250 2804 quam
1279 2735 1477 2790 timeri.
1513 2737 1705 2790 Curate
1752 2745 1810 2790 ut
1848 2737 1993 2803 mali,
2027 2741 2072 2793 si

477 2835 590 2876 non
606 2828 830 2892 propter
851 2821 1044 2886 Deum,
1071 2822 1159 2875 vel
1188 2830 1412 2892 propter
1434 2823 1683 2878 timorem
1706 2832 1944 2880 vestrum
1967 2841 2078 2881 ma-

471 2907 584 2963 lum
614 2924 782 2982 agere
802 2917 1060 2964 metuant.
1085 2909 1207 2966 Non
1227 2911 1351 2980 plus
1372 2911 1516 2981 apud
1535 2928 1632 2968 vos
1652 2912 1842 2983 lingua
1862 2907 2069 2982 dolosa,

479 3013 671 3052 manus
711 2997 893 3069 plena,
947 2997 1268 3069 obsequium
1315 2998 1610 3054 indebitum
1665 3001 1858 3068 valeat,
1910 3015 2072 3074 quam

474 3086 698 3155 veritas,
757 3086 984 3157 aequitas
1031 3094 1084 3141 et
1127 3087 1432 3158 sinceritas,
1484 3089 1719 3144 scientes
1767 3091 2068 3162 scriptum:

479 3173 583 3241 Qui
603 3176 828 3231 excutit
846 3192 1051 3230 manus
1071 3192 1205 3232 suas
1226 3178 1293 3231 ab
1304 3179 1460 3232 omni
1479 3194 1735 3245 munere,
1753 3179 1862 3234 iste
1875 3180 1938 3236 in
1959 3197 2061 3235 ea:-

471 3263 636 3318 celsis
669 3263 937 3318 habitabit
968 3265 1098 3334 (Isa.
1133 3266 1364 3335 xxxiii.)
1386 3266 1540 3320 Unde
1569 3269 2072 3338 consequenterin-

468 3349 643 3423 telligi
673 3350 852 3415 debet,
887 3359 940 3405 et
967 3367 1078 3405 non
1106 3351 1269 3406 aliud.
1303 3354 1497 3408 Munus
1527 3353 1671 3408 enim
1701 3363 1784 3409 est
1812 3372 1845 3409 a
1865 3357 2069 3429 lingua,

475 3436 632 3493 favor
663 3458 678 3505 ;
710 3455 906 3493 munus
935 3455 965 3493 a
993 3454 1178 3506 manu,
1210 3440 1432 3497 donatio
1457 3459 1472 3509 ;
1503 3458 1701 3496 munus
1715 3443 1784 3495 ab
1813 3444 2078 3516 obsequio

466 3526 709 3582 indebita
755 3527 1039 3596 subjectio.
1084 3529 1403 3584 Constituite
1440 3530 1718 3586 ministros
1755 3532 1938 3602 palatii
1981 3533 2071 3604 qui

467 3616 642 3670 Deum
683 3624 1036 3690 cognoscant,
1069 3626 1268 3682 ament,
1301 3625 1352 3672 et
1373 3627 1632 3684 metuant,
1665 3619 1755 3691 qui
1777 3621 2069 3676 maximam

467 3719 652 3760 curam
681 3713 875 3776 gerant
905 3713 1168 3777 quatenus
1209 3705 1519 3778 quicunque
1560 3709 1870 3763 necestuosi
1914 3710 2068 3779 pala-

471 3793 603 3847 tium
635 3793 886 3860 adierint,
921 3801 973 3848 et
1021 3811 1118 3864 per
1163 3811 1301 3866 quos
1346 3796 1708 3866 perrexeritis,
1760 3805 1965 3867 patrem
2018 3807 2069 3854 et

474 3882 876 3937 consolatorem
907 3882 1181 3948 mirantes,
1212 3884 1501 3954 gaudendo
1533 3901 1630 3938 vos
1661 3885 1847 3940 videre
1877 3902 2068 3942 accur-

469 3977 609 4036 rant,
651 3986 780 4037 non,
833 3970 1065 4041 qualiter
1113 3971 1295 4027 dicere
1352 3972 1624 4040 nolumus,
1689 3975 1962 4045 gemendo
2018 3983 2070 4030 et

471 4058 852 4114 maledicendo
882 4058 1174 4132 refugiant.
1227 4060 1548 4115 Constituite
1601 4061 1828 4116 comites
1877 4070 1930 4117 et
1958 4065 2065 4118 mi-

471 4147 674 4203 nistros
697 4147 1011 4218 reipublicae
1066 4149 1159 4221 qui
1191 4165 1298 4204 non
1353 4149 1580 4222 diligant
1649 4167 1897 4218 munera,
1974 4153 2064 4222 qui

463 4236 650 4292 odiant
703 4237 1004 4304 avaritiam,
1049 4237 1139 4310 qui
1187 4238 1525 4294 detestentur
1581 4240 1908 4310 superbiam,
1973 4242 2062 4312 qui

450 4341 560 4380 non
590 4326 896 4396 opprimant
924 4343 1101 4398 neque
1179 4327 1542 4382 dehonestent
1599 4345 1874 4400 pagcnscs
1892 4337 1936 4394 ³,
1971 4331 2062 4400 qui

464 4431 676 4469 messes
725 4422 777 4469 et
797 4413 981 4470 vineas
1003 4423 1056 4468 et
1074 4422 1228 4485 prata
1240 4431 1302 4470 ac
1323 4416 1502 4486 sylvas
1516 4433 1700 4471 eorum
1713 4433 2062 4488 nequaquam

456 4504 779 4570 devastent;
812 4503 902 4574 qui
935 4519 1121 4557 eorum
1168 4520 1366 4574 pecora
1413 4504 1500 4560 vel
1544 4503 1834 4575 friskingas
1857 4517 1902 4572 υ,
1954 4507 2042 4561 vel
2082 4513 2132 4574 Ι)

450 4609 786 4664 quaecunque
815 4591 1032 4647 illorum
1066 4599 1206 4657 sunt,
1242 4609 1348 4648 non
1378 4593 1704 4664 praedentur,
1738 4611 1914 4666 neque
1954 4596 2042 4649 di-

447 4680 666 4751 ripiant,
701 4688 752 4735 et
777 4697 880 4751 per
909 4680 1215 4736 violentiam
1245 4698 1305 4736 ac
1336 4682 1481 4736 mala
1509 4681 1728 4754 ingenia
1758 4699 1879 4754 quae
1909 4683 2036 4738 illo-

443 4785 562 4823 rum
602 4777 725 4823 sunt
769 4769 918 4824 nullo
964 4771 1126 4825 modo
1177 4769 1444 4837 auferant,
1500 4771 1592 4842 qui
1649 4771 2030 4842 episcoporum

445 4873 669 4912 suorum
736 4858 966 4913 consilio
1013 4876 1134 4931 quae
1188 4860 1287 4914 Dei
1345 4868 1484 4928 sunt,
1546 4869 1599 4914 et
1657 4860 2040 4915 Christianitati

442 4945 790 5011 conveniunt,
841 4945 1082 5012 faciant;
1133 4949 1223 5020 qui
1263 4949 1452 5020 placita
1494 4965 1602 5002 non
1657 4965 1753 5018 pro
1802 4951 2040 5020 acquisi-

440 5035 586 5090 tione
617 5035 756 5090 lucri
784 5043 1022 5099 teneant,
1057 5037 1154 5090 sed
1184 5045 1242 5090 ut
1270 5053 1410 5092 casae
1449 5037 1568 5107 Dei,
1635 5046 1687 5091 et
1736 5038 1932 5105 vidum,
1983 5055 2046 5096 ac

440 5123 652 5196 pupilli,
687 5131 738 5178 et
787 5124 1017 5194 populus
1063 5125 1322 5192 justitiam
1367 5127 1622 5192 habeant,
1671 5133 1725 5180 et
1780 5126 1900 5196 plus
1945 5127 2044 5182 liti-

440 5221 638 5286 gantes
668 5213 736 5266 ad
767 5211 1134 5278 concordiam,
1169 5213 1315 5267 salva
1339 5214 1567 5284 justitia,
1608 5230 1864 5270 revocare
1921 5223 2041 5269 stu—

435 5311 620 5378 deant,
653 5327 818 5383 quam
846 5311 1183 5366 committere
1211 5318 1270 5364 ut
1297 5311 1399 5382 ipsi
1430 5313 1556 5367 inde
1583 5313 1800 5384 aliquod
1828 5313 2037 5368 lucrum

442 5400 654 5472 possint
689 5399 934 5454 habere:
969 5416 1106 5470 quos
1151 5400 1197 5454 si
1242 5399 1528 5471 pacificare
1585 5418 1694 5456 non
1742 5403 2035 5473 potuerint,

444 5497 571 5544 tunc
598 5487 737 5544 sicut
767 5497 970 5544 rectum
1002 5497 1102 5556 est,
1125 5489 1329 5558 justum
1355 5489 1618 5559 judicium
1649 5491 1867 5547 decerni
1914 5509 2036 5548 cum

496 5601 520 5628 ³
555 5600 822 5662 Pagenses,
847 5610 1082 5662 paysans.

2185 1849 2359 1902 niunt
2375 1864 2499 1902 eam
2516 1847 2732 1916 (Matth.
2755 1849 2874 1918 vn).
2891 1849 3189 1919 Propterea
3201 1849 3508 1922 quicunque
3521 1867 3581 1906 es
3597 1851 3784 1920 homo,

2175 1937 2300 1991 audi
2332 1938 2668 2007 prophetam,
2721 1945 2773 1990 et
2804 1953 2902 1990 ora
2931 1953 3054 1992 cum
3101 1940 3362 2008 propheta
3385 1957 3398 1992 :
3421 1941 3620 2010 Legem
3640 1956 3785 2008 pone

2176 2024 2340 2089 mihi,
2375 2024 2626 2091 Domine,
2658 2027 2807 2079 viam
2845 2026 3329 2096 justiﬁcationum
3395 2031 3643 2092 tuarum,
3727 2032 3785 2083 et

2175 2115 2474 2184 exquiram
2487 2129 2611 2168 eam
2627 2129 2844 2184 semper
2863 2113 3257 2175 (Psal.cxvui).
3273 2115 3338 2168 Et
3359 2133 3372 2168 :
3397 2117 3582 2171 Deduc
3613 2133 3700 2171 me
3717 2119 3784 2172 in

2177 2204 2441 2256 semitam
2467 2203 2868 2256 mandatorum
2895 2206 3142 2268 tuorum,
3179 2207 3233 2257 et
3255 2204 3406 2259 viam
3438 2205 3765 2275 iniquitatis

2177 2306 2368 2345 amove
2386 2307 2419 2344 a
2439 2306 2547 2355 me,
2581 2294 2636 2343 et
2665 2290 2731 2344 de
2753 2291 2864 2360 lege
2893 2294 2988 2344 tua
3003 2293 3268 2347 miserere
3297 2293 3412 2346 mei
3421 2292 3625 2363 (ibid.).
3639 2291 3785 2361 Quia

2176 2377 2312 2432 sicut
2345 2378 2605 2432 Jeremias
2641 2379 2901 2448 prepheta
2939 2379 3102 2434 dicit:
3141 2381 3261 2435 Non
3275 2385 3357 2435 est
3394 2381 3639 2436 hominis
3675 2382 3770 2437 via

2177 2469 2316 2537 eius,
2342 2484 2446 2522 nec
2476 2469 2585 2522 viri
2609 2472 2695 2521 est
2715 2471 2778 2521 ut
2791 2468 3041 2522 ambulet
3068 2471 3123 2522 et
3166 2469 3377 2540 dirigat
3411 2485 3777 2539 gressussuos

2175 2556 2310 2625 (Jer.
2347 2556 2408 2624 τί)
2445 2555 2542 2610 sed
2576 2573 2610 2610 a
2659 2554 2893 2611 Domino
2925 2555 3244 2626 dirigentur
3281 2573 3506 2628 gressus
3549 2561 3677 2620 viri,
3723 2563 3781 2613 et

2175 2645 2324 2698 viam
2348 2646 2470 2714 eius
2493 2644 2830 2716 volet(Psal.
2860 2634 3104 2714 'xxxvi).
3127 2645 3233 2715 Ipsi
3255 2645 3482 2700 comites
3535 2647 3782 2701 similiter

2177 2740 2435 2804 quantum
2466 2733 2758 2803 potuerint,
2793 2732 2997 2788 similes
3050 2733 3152 2788 sibi
3174 2734 3424 2789 timentes
3465 2736 3658 2801 Deum,
3723 2742 3778 2789 et

2169 2821 2434 2889 justitiam
2458 2821 2749 2892 diligentes
2791 2837 2888 2892 per
2916 2837 2974 2876 se
2996 2821 3274 2877 ministros
3299 2823 3648 2889 constituant,
3682 2823 3778 2896 qui

2175 2909 2310 2964 sicut
2340 2909 2585 2963 seniores
2614 2925 2743 2964 suos
2773 2909 3039 2979 benignos
3061 2918 3114 2964 et
3144 2909 3389 2966 affabiles
3436 2911 3772 2982 pagensibus

2175 2997 2286 3052 suis
2307 2997 2558 3062 viderint,
2593 3006 2645 3052 et
2674 2998 2775 3068 ipsi
2803 3013 2904 3068 pro
2936 2996 3156 3053 modqu
3187 3014 3286 3054 suo
3326 2998 3449 3054 illos
3487 2999 3684 3054 imitari
3715 3000 3770 3055 in

2175 3087 2322 3141 omni
2349 3085 2585 3141 bonitate
2608 3094 2660 3140 et
2683 3085 2892 3154 justitia
2922 3095 3150 3142 certent.

2175 3221 2321 3274 Xlll.
2335 3223 2399 3277 Ut
2416 3237 2505 3276 eos
2517 3223 2614 3293 qui
2621 3223 2852 3293 propter
2863 3220 2963 3275 has
2976 3221 3276 3276 seditiones
3289 3223 3778 3278 areommunicati

2280 3314 2435 3374 sunt,
2471 3310 2540 3364 ad
2577 3309 2840 3365 Ecclesiae
2866 3326 3064 3381 pacem
3085 3326 3342 3365 revocare
3369 3311 3619 3366 studeat.

2243 3415 2500 3470 Homines
2529 3416 2688 3470 etiam
2718 3423 2965 3487 potentes
3024 3415 3228 3482 saeculi,
3293 3416 3385 3487 qui
3441 3417 3578 3471 inter
3634 3415 3770 3471 istas

2171 3504 2466 3558 seditiones
2495 3504 2633 3574 legis
2649 3503 2841 3573 jugum
2873 3513 2926 3557 et
2948 3503 3214 3572 justitiam
3242 3503 3510 3574 aequitatis
3541 3503 3769 3577 refuge-

2170 3599 2312 3662 runt,
2347 3600 2399 3646 et
2429 3591 2550 3645 talia
2581 3607 2646 3646 ac
2677 3599 2824 3645 tanta
2854 3590 3097 3646 fecerunt
3128 3607 3224 3660 pro
3255 3591 3450 3662 quibus
3499 3593 3762 3647 ecclesia-

2169 3680 2357 3735 sticam
2389 3688 2441 3733 et
2469 3679 2838 3750 episcOpalem
2881 3678 3488 3734 excommunicationem
3538 3697 3763 3737 merue-

2167 3777 2307 3835 runt,
2337 3769 2405 3824 ad
2449 3769 2601 3839 leges
2645 3775 2697 3822 et
2728 3767 2951 3836 justitize
2987 3767 3253 3821 tramitem
3300 3777 3594 3836 revocate;
3629 3778 3682 3826 et
3709 3781 3769 3826 ut

2165 3857 2232 3910 ad
2263 3873 2390 3911 suos
2433 3856 2720 3926 episcopos
2762 3855 3052 3920 humiliter,
3097 3855 3232 3910 sicut
3264 3856 3343 3910 eis
3389 3873 3618 3913 necesse
3654 3867 3759 3926 est,

2169 3945 2411 4011 veniant,
2441 3945 2628 4013 jubete
2660 3943 2745 3998 vel
2775 3943 2989 4015 cogite;
3021 3952 3071 3998 et
3098 3951 3156 3998 ut
3182 3944 3466 4012 Ecclesiae,
3513 3946 3568 4000 in
3599 3963 3767 4018 quam

2164 4041 2544 4104 peccaverunt,
2593 4039 2682 4086 aut
2727 4047 2850 4086 cum
2888 4032 3070 4086 debita
3109 4035 3422 4088 necessaria
3457 4035 3762 4092 humilitate

2164 4121 2516 4188 satisfaciant,
2539 4130 2631 4175 aut
2659 4120 2928 4174 humiliter
2969 4129 3022 4174 et
3063 4121 3332 4176 veraciter
3375 4138 3434 4178 se
3481 4129 3761 4188 excusent,

2163 4208 2390 4281 qualiter
2403 4210 2614 4264 absolvi
2631 4224 2665 4278 _a
2686 4208 2914 4275 Domino
2931 4223 3028 4278 per
3057 4208 3413 4264 ministerium
3449 4210 3762 4281 episcopale

2163 4291 2388 4358 valeant,
2430 4294 2672 4361 suadete,
2730 4301 2890 4363 atque
2911 4292 3082 4364 'regia
3137 4301 3404 4362 potestate
3457 4294 3754 4364 praecipite.

2159 4383 2225 4436 Et
2255 4383 2301 4437 si
2328 4382 2462 4437 forte
2492 4399 2610 4448 vos,
2643 4381 2730 4436 vel
2761 4381 3066 4452 quicunque
3097 4381 3187 4434 alii
3226 4383 3293 4436 de
3337 4398 3523 4437 eorum
3572 4383 3756 4438 socie-

2158 4471 2279 4526 tatis
2309 4480 2360 4525 et
2390 4470 2782 4539 conjunctionis
2813 4470 3305 4525 communicatione
3334 4470 3514 4526 infecti
3536 4479 3585 4526 et
3617 4487 3755 4527 con-

2160 4561 2395 4615 demnati
2425 4568 2566 4625 sunt,
2600 4559 2970 4630 pmnitentiam
2999 4558 3339 4630 quiscunque
3381 4577 3440 4614 se
3483 4576 3752 4632 recogno-

2141 4651 2344 4704 scendo
2401 4648 2594 4712 faciat;
2646 4648 2790 4720 quia,
2853 4656 2989 4701 teste
3029 4663 3182 4702 sacra
3233 4650 3584 4714 auctoritate,
3638 4665 3746 4704 non

2141 4738 2336 4808 poterit
2363 4737 2572 4792 absolvi
2601 4754 2630 4790 a
2663 4737 2793 4803 suis,
2827 4737 2918 4807 qui
2948 4737 3187 4806 peccatis
3217 4738 3598 4792 damnabiliter
3628 4753 3753 4807 gra-

2142 4836 2295 4882 vatur
2323 4826 2580 4881 externis.
2625 4826 2772 4880 Sicut
2812 4842 2974 4879 orans
3011 4826 3178 4879 Deum
3225 4836 3444 4882 sanctus
3476 4827 3744 4897 propheta

2142 4916 2316 4970 David
2345 4917 2700 4982 demonstrat,
2733 4915 2920 4968 dicens
2945 4931 2957 4966 :
2989 4914 3066 4968 Ab
3097 4917 3332 4970 occultis
3362 4918 3501 4970 meis
3527 4917 3740 4972 munda

2141 5021 2249 5072 me,
2284 5007 2538 5068 Domine,
2575 5004 2725 5057 etab
2754 5003 2960 5057 alienis
3005 5020 3175 5074 parce
3223 5021 3378 5059 servo
3426 5009 3521 5060 tuo
3571 5005 3756 5074 (Psal.

2143 5094 2332 5150 ιιι-ιιι.)

2177 5205 2323 5259 XIV.
2354 5205 2576 5259 Judices
2615 5204 2879 5260 villarum
2907 5208 3188 5276 regiarmn
3218 5207 3464 5277 qualiter
3487 5210 3695 5263 consti-

2783 5295 2978 5348 tuendi
2997 5296 3132 5350 sint.

2245 5390 2465 5446 Judices
2515 5389 2745 5462 denique
2802 5390 3049 5445 villarum
3107 5393 3383 5464 regiarum
3429 5395 3738 5451 constituite

2141 5479 2230 5552 qui
2259 5497 2369 5534 non
2399 5480 2503 5534 sint
2534 5479 2732 5550 cupidi,
2767 5479 2857 5550 qui
2902 5495 3012 5534 non
3057 5481 3284 5555 diligant
3338 5481 3640 5551 avaritiam,
3685 5498 3739 5542 et

2207 5607 2232 5641 b
2270 5599 2584 5664 Friskingas,
2605 5599 2778 5659 jeunes
2801 5611 2967 5665 porcs.
