4026 6308
247 295 308 348 21
1609 293 1836 350 EPISTC

1935 297 1980 350 Ε.
3253 262 3266 277 ο
3478 308 3545 360 22

239 430 428 469 usuras
459 429 564 472 nec
595 413 700 486 ipsi
730 417 948 484 faciant,
971 431 1074 474 nec
1104 419 1360 489 pecunias
1393 419 1576 492 regias
1606 419 1692 475 vel
1722 437 1850 476 suas
1878 423 1934 482 A

241 505 304 559 ad
333 520 535 560 usuras
566 505 792 572 donent,
848 523 1027 579 neque
1055 523 1086 562 a
1115 507 1228 562 suis
1256 509 1486 563 subditis
1517 526 1707 564 usuras
1728 508 1843 565 fieri

238 595 411 649 sinant
443 613 461 648 :
487 611 612 666 quae
643 595 824 650 omnia
864 612 961 652 vos
992 613 1152 668 super
1179 612 1370 652 omnes
1416 597 1692 653 ministros
1751 615 1844 654 ve-

239 690 372 738 stros
403 683 560 738 odire
590 685 804 738 debetis
834 693 886 739 et
917 684 1202 756 fugere.Et
1223 703 1411 742 servos
1429 687 1610 760 regios
1631 688 1844 756 judices

238 787 343 826 non
373 772 714 843 opprimant,
750 789 850 828 nec
871 772 1013 828 ultra
1035 775 1180 845 quod
1211 774 1352 830 soliti
1381 775 1844 831 fueruntreddere

239 870 485 930 tempore
517 860 692 932 patris
711 861 878 917 vestri
916 863 986 916 ab
1017 862 1096 917 eis
1125 863 1341 935 exigant
1372 883 1386 929 ;
1421 881 1598 935 neque
1627 881 1727 935 per
1747 880 1844 918 an-

237 949 414 1020 garias
459 949 517 1004 in
578 957 820 1021 tempore
851 951 1155 1023 incongruo
1189 952 1310 1008 illos
1339 951 1612 1024 afﬂigant;
1665 969 1843 1025 neque

237 1055 332 1109 per
359 1039 543 1103 dolos,
579 1046 670 1093 aut
701 1055 801 1109 per
820 1039 965 1094 mala
997 1040 1236 1111 ingenia,
1259 1041 1374 1096 sive
1396 1039 1842 1096 inconvenientes

234 1127 600 1198 precationes,
659 1127 888 1182 colonos
915 1129 1280 1184 condemnent
1312 1146 1324 1184 :
1358 1130 1480 1201 quia
1511 1129 1556 1183 si
1578 1146 1677 1200 per
1703 1130 1842 1185 tales

236 1215 319 1270 vel
345 1216 486 1270 alias
515 1215 830 1284 bujusmodi
859 1215 1124 1272 factiones
1155 1219 1368 1288 pondus
1389 1219 1605 1291 argenti
1624 1219 1710 1274 vel
1727 1219 1842 1274 auri

237 1304 536 1359 habueritis
566 1304 622 1358 in
652 1319 800 1370 arca,
827 1307 998 1374 majus
1017 1313 1069 1360 et
1098 1307 1322 1378 gravius
1352 1307 1566 1376 pondus
1598 1307 1842 1378 eritpec-

239 1393 338 1448 cati
366 1392 519 1463 quod
536 1393 808 1447 habebitis
852 1393 907 1448 in
945 1394 1278 1449 conscientia
1322 1403 1503 1449 vestra
1537 1403 1590 1450 et
1637 1395 1836 1450 anima.

237 1479 522 1537 Ediﬁcent
551 1481 714 1536 villas
742 1489 950 1536 vestras
972 1482 1266 1537 moderatis
1298 1483 1543 1549 castitiis,
1579 1493 1636 1538 ut
1665 1492 1715 1538 et
1745 1486 1842 1539 ho-

237 1576 413 1625 nestas
446 1569 763 1625 necessaria
792 1569 878 1636 sit,
914 1579 966 1624 et
997 1570 1202 1625 familia
1218 1588 1328 1626 non
1357 1580 1640 1644 gravetur.
1673 1573 1843 1627 Labo-

234 1666 352 1712 rent
381 1666 435 1712 et
458 1658 712 1713 excolant
745 1667 914 1712 terras
945 1667 998 1713 et
1028 1658 1217 1714 vincas
1241 1659 1296 1713 in
1326 1669 1575 1731 tempore
1596 1677 1718 1714 cum
1747 1661 1836 1715 de-

235 1746 342 1800 bita
369 1746 760 1812 sollicitudine,
781 1747 988 1802 salvent
1018 1755 1070 1802 et
1101 1748 1418 1818 dispensent
1439 1749 1680 1804 laborata
1716 1765 1838 1804 cum

238 1833 383 1890 ﬁdeli
415 1834 773 1900 discretione,
805 1834 1002 1891 faciant
1033 1836 1355 1890 nutrimenta
1383 1853 1627 1910 congrua
1643 1846 1696 1892 et
1739 1854 1840 1891 ne-

238 1923 522 1990 cessaria;
561 1923 868 1978 custodiant
899 1924 1084 1994 silvas,
1109 1925 1250 1979 unde
1283 1925 1512 1979 habeant
1529 1927 1839 1996 pastiones;

235 2012 530 2067 defendant
551 2019 602 2067 et
636 2011 882 2067 excolant
911 2021 1088 2084 prata,
1149 2013 1291 2067 unde
1331 2014 1566 2068 habeant
1604 2014 1837 2085 pabula;

234 2109 504 2173 quatenus
534 2115 646 2154 non
676 2101 746 2154 sit
775 2101 931 2155 vobis
953 2117 1180 2156 necesse
1223 2118 1321 2172 per
1351 2119 1704 2174 quascunque
1747 2119 1841 2158 oc-

235 2189 488 2244 casiones
518 2204 962 2260 quorumcumque
991 2190 1298 2244 hortatibus
1331 2190 1560 2245 circuire
1589 2191 1706 2246 loca
1725 2192 1840 2262 epi—

233 2293 545 2349 scoporum,
588 2278 865 2336 abbatum.
899 2278 1295 2332 abbatissarum
1333 2279 1419 2332 vel
1467 2279 1740 2348 comitum,
1793 2289 1844 2335 et

233 2368 470 2436 majores
502 2383 665 2438 quam
700 2367 840 2422 ratio
873 2367 1112 2438 postulat
1158 2376 1377 2437 paratas
1405 2376 1430 2402 ι
1462 2368 1772 2440 exquirere,
1792 2378 1845 2423 et

235 2471 506 2526 pauperes
538 2455 942 2510 ecclesiasticos
971 2463 1026 2510 et
1057 2454 1296 2509 ﬁdelium
1332 2463 1635 2511 vestrorum
1683 2473 1842 2511 man-

233 2545 450 2599 suarios
481 2544 537 2597 in
566 2543 908 2598 carricaturis
935 2551 988 2598 et
1017 2544 1366 2614 paraveredis
1395 2545 1420 2580 ι’
1443 2553 1630 2600 contra
1689 2546 1841 2600 debi-

231 2642 342 2687 tum
371 2633 680 2704 exigendis,
711 2648 961 2703 gravare,
995 2641 1049 2687 et
1079 2641 1364 2704 peccatum
1394 2634 1462 2687 de
1492 2632 1840 2689 facultatibus

227 2722 464 2776 indebite
514 2721 860 2792 consumptis
906 2721 962 2775 in
995 2723 1228 2775 animam
1245 2731 1485 2777 vestram
1516 2739 1838 2793 congerere.

232 2811 422 2881 Neque
451 2817 504 2864 et
525 2809 813 2864 comitibus
841 2809 926 2864 vel
939 2808 1188 2864 fidelibus
1212 2810 1409 2865 vestris
1436 2811 1561 2880 plus
1581 2811 1841 2865 studentis

237 2915 392 2971 quam
423 2898 512 2952 lex
542 2905 594 2952 et
625 2898 964 2954 consuetudo
995 2897 1090 2952 fuit
1110 2905 1353 2968 tempore
1383 2899 1549 2969 patris
1580 2898 1842 2964 vestri,de

232 2986 329 3042 hoc
358 2986 508 3058 quod
538 2986 608 3040 de
638 2985 841 3042 francis
870 2986 1157 3057 accipiunt,
1191 2987 1500 3059 exquirere.
1551 2987 1694 3056 Quin
1735 3004 1839 3058 po-

231 3075 334 3130 tius
362 3075 616 3130 habeatis
647 3075 789 3129 unde
821 3073 1148 3130 sufﬁcienter
1197 3084 1249 3129 et
1298 3077 1523 3130 honeste
1568 3092 1690 3130 cum
1741 3077 1839 3131 do-

228 3165 454 3219 mestica
483 3171 637 3218 corte
666 3171 844 3218 vestra
874 3163 1092 3234 possitis
1124 3163 1324 3228 vivere,
1345 3172 1394 3217 et
1423 3165 1726 3235 legationes
1741 3181 1835 3235 pa-

227 3251 414 3306 latium
446 3260 689 3306 vestrum
707 3252 981 3307 adeuntes
1023 3251 1289 3322 recipere,
1317 3261 1387 3318 et,
1409 3253 1544 3307 sicut
1575 3253 1835 3322 scripturn

227 3349 327 3403 est,
363 3341 509 3395 unde
553 3339 774 3410 possitis
813 3341 880 3394 de
931 3341 1091 3408 justis
1136 3339 1414 3395 laboribus
1457 3341 1835 3396 necessitatem

229 3429 561 3500 patientibus
591 3429 826 3483 tribuere
853 3447 865 3482 :
899 3429 1022 3500 quia
1052 3445 1148 3484 rex
1175 3437 1227 3483 et
1259 3429 1443 3500 largus
1488 3429 1648 3483 debet
1689 3445 1830 3494 esse,

225 3525 276 3571 et
307 3534 418 3572 non
447 3519 594 3589 quod
615 3517 877 3588 largiatur
907 3517 974 3571 de
1005 3517 1261 3586 injustitia
1291 3518 1376 3572 vel
1420 3517 1699 3590 iniquitate
1731 3519 1832 3574 de-

173 3637 183 3650 ι
225 3606 314 3660 bet
336 3607 682 3678 conquirere.
705 3606 925 3660 Judices
947 3622 1076 3661 vero
1102 3607 1353 3661 villarum
1372 3607 1595 3662 colonos
1617 3607 1833 3662 distrin-

223 3703 351 3768 gant
381 3701 437 3748 ut
467 3710 578 3750 non
596 3694 998 3751 ecclesiasticos
1030 3695 1276 3750 homines
1314 3696 1399 3751 vel
1431 3695 1644 3751 francos
1691 3713 1832 3766 pau-

219 3783 486 3855 periores,
520 3791 610 3836 aut
641 3782 847 3838 alienos
875 3799 1085 3852 servos,
1117 3792 1340 3855 propter
1369 3784 1718 3856 privilegium
1737 3801 1830 3839 re-

223 3873 371 3944 gium
401 3871 732 3942 opprimant,
763 3880 857 3926 aut
913 3871 1076 3926 silvas
1109 3872 1194 3927 vel
1231 3888 1568 3944 quiecuiique
1601 3873 1830 3927 aliorum

226 3969 348 4016 sunt
368 3961 422 4014 in
453 3976 556 4015 sua
583 3960 854 4016 vicinitate
879 3961 1188 4016 devastent.
1229 3961 1369 4030 Quia
1401 3977 1496 4015 rex
1521 3962 1718 4030 justus,
1741 3962 1831 4034 qui

218 4048 482 4118 justitiam
514 4048 678 4103 debet
708 4048 960 4121 diligere,
985 4049 1264 4103 ministros
1295 4058 1346 4103 et
1377 4050 1602 4108 colonos
1631 4050 1828 4120 impios

223 4146 272 4192 et
305 4137 522 4210 iniquos
554 4153 661 4191 non
702 4137 861 4191 debet
890 4137 1124 4201 habere;
1159 4138 1256 4191 sed
1303 4139 1553 4192 omnibus
1588 4138 1641 4191 in
1674 4156 1732 4192 se
1779 4147 1830 4193 et

224 4226 278 4280 in
295 4227 407 4280 suis
429 4226 596 4280 debet
623 4225 978 4279 imitationem
999 4225 1237 4279 debitam
1271 4227 1649 4280 demonstrare
1671 4245 1682 4280 :
1705 4227 1827 4298 quia

226 4314 271 4368 si
291 4315 409 4386 ipse
430 4315 607 4368 Deum
629 4313 898 4382 dilexerit,
925 4329 1117 4368 omnes
1148 4315 1275 4370 boni
1307 4314 1533 4383 diligent
1562 4315 1712 4368 illum
1738 4334 1751 4379 ;
1777 4322 1829 4368 et

222 4403 267 4456 si
299 4404 418 4474 ipse
448 4402 625 4456 Deum
655 4401 910 4468 timuerit,
952 4418 1141 4456 omnes
1172 4403 1299 4457 mali
1333 4403 1595 4457 timebunt
1643 4403 1818 4457 illum.

221 4492 288 4546 Et
317 4508 414 4546 rex
444 4499 609 4562 atque
641 4490 724 4544 sui
739 4489 971 4544 ministri
1001 4507 1098 4561 per
1125 4507 1368 4546 amorem
1397 4492 1494 4545 Dei
1512 4492 1714 4545 bonum
1736 4491 1822 4546 fa-
1852 4503 1904 4562 Ι)

2033 425 2348 478 reverentia
2371 424 2588 494 regibus
2617 425 2900 489 debeatur,
2937 429 2990 481 et
3016 427 3158 499 quod
3198 427 3442 501 episcopi
3469 429 3542 484 ad

2015 516 2374 568 sacramenta
2407 513 2673 584 adigendi
2701 530 2815 569 non
2840 515 2977 568 sint.

2018 657 2162 721 Hinc,
2213 657 2338 728 quia
2391 657 2581 711 litteris
2628 657 2824 712 vestris
2841 657 3212 730 signiﬁcastis,
3258 659 3404 730 quod
3442 675 3547 716 no-

1944 745 2152 800 biscum
2175 745 2243 800 de
2273 746 2666 802 restauratione
2725 754 2930 802 sanctae
2973 747 3255 813 Ecclesiae,
3298 755 3350 801 et
3404 755 3549 803 statu

1941 851 2006 889 ac
2038 833 2208 888 salute
2239 835 2426 905 populi
2455 835 2751 905 christiani,
2773 843 3005 891 tractare
3034 835 3265 902 velletis,
3298 835 3547 892 domina-

1943 923 2075 977 tioni
2106 931 2304 979 vestra:
2332 923 2536 994 scripto
2580 924 2921 994 respondere
2955 924 3262 979 curavimus
3294 943 3306 978 :
3341 925 3464 996 quia
3494 933 3549 980 et

1939 1028 2036 1083 pro
2061 1012 2404 1067 inclementia
2433 1012 2596 1077 aeris,
2633 1020 2686 1068 et
2715 1029 2817 1083 pro
2849 1013 3287 1068 inconvenientia
3333 1021 3548 1084 tempo-

1942 1101 2039 1165 ris,
2071 1109 2124 1155 et
2153 1109 2374 1171 propter
2405 1101 2776 1156 imminentem
2807 1102 2953 1157 diem
2983 1101 3201 1156 Domini
3236 1103 3408 1157 nostri
3435 1103 3550 1158 Na-

1943 1188 2098 1257 talis’,
2130 1189 2314 1244 venire
2369 1189 2439 1244 ad
2498 1191 2846 1260 praesentiam
2901 1197 3141 1245 vestram
3187 1190 3544 1263 nequivimus.

1943 1275 2261 1347 Operamini
2283 1294 2382 1333 vos
2413 1278 2627 1334 interim
2657 1279 2762 1334 ista
2797 1295 2918 1350 quae
2947 1294 3070 1335 cum
3117 1277 3366 1334 fidelibus
3443 1295 3543 1335 ve-

1942 1365 2072 1419 stris
2103 1365 2219 1420 sine
2257 1375 2446 1420 nostra
2477 1367 2751 1437 corporali
2782 1367 3071 1438 prasentia
3089 1367 3301 1438 operari
3331 1367 3538 1422 valetis.

1941 1455 2007 1509 Et
2038 1470 2159 1508 cum
2193 1462 2403 1525 tempus
2432 1471 2733 1528 congruum
2763 1464 2815 1510 et
2844 1455 3012 1512 sacris
3043 1456 3344 1511 canonibus
3389 1457 3541 1511 desi-

1941 1550 2167 1615 gnatum
2188 1544 2493 1608 advenerit,
2525 1545 2742 1615 quando
2771 1553 2824 1599 et
2852 1561 2950 1614 pro
2988 1559 3333 1617 paganorum
3361 1545 3534 1600 infes-

1941 1631 2164 1697 tatione,
2198 1641 2250 1686 et
2279 1648 2376 1702 pro
2445 1633 2619 1687 exorti
2650 1632 2909 1688 tumultus
2963 1649 3027 1689 ac
3081 1633 3547 1703 depraedationum

1941 1723 2103 1786 atque
2135 1715 2440 1786 rapinarum
2486 1715 2792 1771 miserrima
2819 1717 2978 1770 nimis
3019 1715 3354 1786 confusione,
3381 1719 3537 1773 nobis

1872 1787 1924 1846 Β
1944 1803 2151 1858 licuerit
2183 1820 2305 1858 cum
2335 1803 2572 1858 dominis
2613 1814 2665 1859 et
2699 1804 3060 1860 confratribus
3089 1821 3152 1860 ac
3183 1806 3533 1876 comprovin-

1945 1891 2176 1946 cialibus
2206 1893 2631 1963 archiepiscopis
2661 1901 2716 1948 et
2743 1893 3084 1964 coepiscopis
3116 1894 3402 1964 synodum,
3447 1893 3533 1950 fa-

1945 1988 2105 2035 vente
2135 1981 2387 2045 Domino,
2421 1982 2722 2048 celebrare,
2757 1998 2878 2052 quae
2893 1981 2978 2036 his
3008 1989 3133 2035 sunt
3149 1982 3385 2048 residua,
3409 1998 3534 2038 cum

1882 2085 1888 2090 '
1944 2069 2023 2123 eis
2045 2069 2183 2124 sicut
2203 2086 2324 2124 cum
2348 2070 2624 2140 magistris
2652 2079 2704 2125 et
2735 2070 2980 2141 patribus
3025 2078 3280 2136 tractare,
3321 2080 3374 2126 et
3432 2088 3531 2128 ve-

1945 2166 2066 2211 strae
2083 2157 2437 2214 dominationi
2467 2158 2707 2212 debitum
2729 2158 3013 2213 consilium
3033 2159 3164 2214 dare
3181 2160 3535 2215 studebimus.

1943 2246 2010 2300 Et
2040 2245 2084 2299 si
2115 2247 2260 2300 Deus
2290 2246 2614 2301 soliditatem
2673 2255 2725 2301 et
2783 2247 3014 2301 salutem
3058 2247 3322 2303 Ecclesia)
3370 2257 3534 2319 atque

1943 2334 2101 2404 regni
2138 2334 2192 2387 in
2221 2351 2381 2388 manu
2412 2344 2592 2390 vestra
2635 2336 2874 2390 adunare
2905 2344 2958 2390 et
2994 2336 3310 2407 prosperari
3338 2337 3536 2392 decre-

1942 2423 2100 2492 verit,
2135 2440 2256 2494 quae
2282 2439 2406 2478 cum
2437 2423 2863 2494 archiepiscopis
2893 2432 2948 2479 et
2977 2425 3316 2496 coepiscopis
3332 2425 3535 2480 nostris

1942 2511 2066 2582 plus
2114 2528 2414 2584 congruere
2469 2512 2666 2566 divinis
2711 2513 3157 2583 dispositionibus
3216 2513 3532 2584 viderimus,

1941 2617 2107 2672 agere
2135 2601 2236 2654 sub
2256 2600 2513 2656 famulatu
2531 2601 2662 2656 recti
2685 2601 2968 2674 regiminis
2984 2602 3152 2657 vestri
3174 2603 3529 2658 studebimus.

1942 2689 2139 2743 Potens
2169 2696 2250 2742 est
2278 2689 2423 2743 enim
2461 2690 2608 2744 Deus
2636 2689 2815 2744 minus
2851 2690 3052 2744 bonum
3085 2690 3294 2744 initium
3323 2690 3380 2744 in
3398 2707 3532 2762 per-

1941 2776 2080 2832 fecte
2103 2777 2303 2830 bonum
2324 2785 2655 2833 commutare
2676 2794 3018 2848 processum,
3045 2778 3133 2833 cui
3153 2778 3395 2834 noscitur
3409 2795 3532 2834 esse

1939 2865 2200 2935 possibile
2229 2867 2375 2936 quod
2408 2866 2743 2935 impossibile
2772 2867 2948 2921 solent
2995 2866 3242 2921 homines
3265 2867 3528 2936 judicare.

1940 2953 1996 3008 Si
2026 2954 2168 3007 enim
2190 2954 2458 3024 sapientia
2476 2963 2656 3009 vestra
2684 2955 2909 3027 dignum
2932 2955 3138 3023 judicat
3167 2955 3314 3026 loqui
3339 2964 3391 3011 et
3421 2964 3531 3010 tra-

1940 3051 2086 3097 ctare
2114 3059 2234 3097 cum
2265 3043 2444 3098 vicino
2474 3060 2607 3115 rege
2657 3043 2881 3114 ejusque
2919 3042 3191 3110 fidelibus,
3239 3045 3529 3100 secedente

1868 3131 2126 3206 Cdeista
2165 3140 2316 3201 parte
2347 3131 2502 3202 regni
2531 3131 2750 3186 domino
2805 3140 3009 3198 nostro,
3068 3131 3233 3186 fratre
3271 3133 3526 3188 videlicet

1936 3228 2137 3283 vestro,
2163 3219 2329 3274 multo
2350 3219 2526 3290 magis
2569 3236 2668 3273 nos
2707 3226 2915 3289 oportet
2953 3227 3272 3290 exspectare
3311 3229 3524 3291 tempus

1934 3307 2276 3371 canonicum,
2310 3316 2367 3361 ut
2409 3323 2535 3363 cum
2577 3307 2834 3362 fratribus
2877 3317 2930 3362 et
2979 3308 3526 3379 comprovincialibus

1933 3395 2356 3466 archiepiscopis
2387 3405 2439 3450 et
2469 3396 2739 3466 episcopis
2768 3396 3071 3468 loquamur,
3096 3396 3222 3469 quia
3247 3397 3525 3468 generalis

1933 3501 2094 3540 causa
2115 3485 2358 3540 imminet
2379 3485 2538 3541 totius
2569 3485 2861 3556 Cisalpina)
2877 3485 3143 3542 ecclesiae.
3180 3487 3407 3542 Maxime
3425 3503 3520 3543 au-

1934 3583 2042 3628 tem
2058 3574 2215 3628 nobis
2244 3591 2473 3630 necesse
2504 3583 2585 3629 est
2614 3575 2762 3646 loqui
2794 3591 2917 3630 cum
2958 3574 3064 3629 illis
3095 3575 3522 3646 archiepiscopis

1933 3671 1982 3718 et
1999 3663 2287 3732 episcOpis,
2323 3663 2414 3734 qui
2445 3679 2716 3718 consensu
2755 3671 2808 3717 et
2852 3663 3125 3718 voluntate
3155 3663 3337 3735 popull
3367 3665 3523 3736 regni

1931 3751 2086 3805 istius
2107 3751 2382 3806 dominum
2413 3760 2654 3806 nostrum
2703 3751 2925 3806 fratrem
2967 3760 3210 3807 vestrum
3252 3761 3523 3808 unxerunt

1929 3834 1986 3890 in
2015 3851 2201 3908 regem
2218 3851 2372 3891 sacro
2394 3835 2687 3891 chrismate
2707 3836 2891 3890 divina
2912 3836 3221 3905 traditione,
3248 3853 3520 3908 quemque

1931 3933 2118 3980 sancta
2134 3925 2294 3979 sedes
2323 3925 2621 3995 apostolica
2652 3933 2825 3980 mater
2857 3933 3043 3980 nostra
3072 3925 3264 3980 litteris
3293 3933 3518 3996 aposto-

1932 4013 2049 4067 licis
2067 4021 2122 4066 ut
2138 4030 2324 4083 regem
2357 4015 2628 4068 honorare
2645 4013 2848 4068 studuit
2865 4021 2918 4068 et
2937 4013 3292 4070 confirmare.
3331 4014 3518 4086 Legite

1929 4101 2100 4155 libros
2120 4101 2388 4171 Regnum,
2409 4111 2461 4156 et
2481 4102 2765 4156 invenietis
2793 4109 2994 4173 quanta
3013 4103 3317 4158 reverentia
3335 4118 3521 4173 repro-

1929 4190 2113 4244 batum
2141 4198 2192 4243 et
2239 4190 2510 4256 abjectum
2540 4206 2569 4242 a
2602 4190 2832 4244 Domino
2881 4191 3012 4244 Saul
3043 4191 3244 4245 ducere
3290 4191 3516 4262 dignum

1927 4278 2076 4331 duxit
2107 4285 2323 4332 sanctus
2354 4278 2592 4345 Samuel,
2627 4278 2778 4345 cujus
2818 4278 2996 4332 locum
3026 4279 3081 4330 in
3123 4278 3370 4332 Ecclesia
3417 4293 3517 4332 nos

1925 4366 2048 4421 licet
2071 4365 2276 4436 indigni
2297 4375 2561 4420 tenemus.
2599 4367 2662 4420 Et
2691 4366 2951 4421 attendite
2979 4382 3160 4438 quanr
3176 4365 3360 4439 magni
3380 4382 3514 4437 pen-

1925 4464 2000 4518 dit
2024 4473 2242 4520 sanctus
2272 4464 2463 4527 David,
2495 4464 2552 4519 in
2580 4465 2700 4520 loco
2728 4465 2874 4520 illius
2903 4465 3129 4533 electus,
3175 4473 3228 4519 et
3271 4471 3464 4520 unctus
3489 4478 3520 4515 a

221 4581 384 4646 ciant,
419 4587 472 4633 et
501 4560 694 4634 omnes
715 4579 856 4634 bona
876 4560 1058 4634 facere
1087 4580 1337 4648 doceant,
1371 4589 1421 4634 et
1449 4597 1547 4651 per
1575 4581 1822 4636 timorem
1853 4560 1888 4562 ᾖ
1925 4560 2178 4627 Domino,
2215 4560 2422 4615 mittere
2453 4577 2670 4616 manum
2703 4562 2758 4615 in
2787 4563 3058 4617 Christum
3102 4561 3350 4627 Domini;
3397 4577 3521 4616 cum

222 4669 325 4724 Dei
355 4669 498 4722 mala
526 4667 754 4739 fugiant,
789 4675 840 4721 et
870 4684 1058 4721 omnes
1088 4667 1142 4722 in
1187 4669 1293 4722 illis
1329 4669 1470 4723 mala
1519 4669 1705 4740 fugere
1735 4670 1823 4724 di-

221 4766 398 4814 scant.
439 4757 638 4811 Missos
655 4756 818 4810 etiam
849 4757 984 4810 tales
1013 4774 1112 4828 per
1141 4774 1372 4828 regnum
1395 4759 1714 4826 constituite,
1736 4759 1826 4830 qui

222 4847 398 4902 sciant
428 4845 667 4918 qualiter
698 4845 924 4900 comites
956 4854 1010 4899 et
1039 4847 1222 4900 czeteri
1252 4847 1487 4900 ministri
1515 4847 1827 4918 reipublicae

213 4935 477 5004 justitiam
508 4942 561 4988 et
585 4933 850 5002 judicium
881 4934 1081 5004 populo
1111 4935 1330 5000 faciant,
1363 4937 1454 5008 qui
1486 4936 1623 4992 sicut
1652 4937 1826 4992 comi-

219 5019 364 5073 tibus
393 5025 804 5090 przeponuntur,
852 5018 927 5072 ita
969 5019 1219 5088 scientia,
1253 5019 1462 5088 justitia
1505 5036 1571 5076 ac
1602 5021 1828 5075 veritate

221 5107 302 5162 eis
334 5106 728 5178 praeemineant
741 5147 753 5160 .

222 5266 343 5320 XV.
374 5269 440 5324 Ut
472 5266 719 5338 synodus
751 5266 1142 5339 episcoporum
1173 5270 1331 5340 regni
1361 5273 1742 5341 exspectetur,
1766 5270 1828 5324 in

300 5373 408 5429 qua
437 5355 574 5430 quid
607 5358 762 5426 facta
807 5357 946 5428 ipsis
977 5373 1114 5430 Opus
1130 5358 1208 5412 sit
1242 5358 1572 5414 deliberent.
1603 5359 1828 5426 Quanta

283 5551 302 5574 ι
326 5544 562 5596 Paratas,
583 5541 726 5588 Frais
745 5542 809 5588 de
827 5541 1104 5600 reception.

1927 4658 2052 4712 Saul
2091 4674 2196 4711 non
2247 4658 2421 4712 solum
2452 4675 2518 4713 ex
2575 4659 2680 4712 alia
2727 4659 3006 4729 progenie,
3071 4673 3260 4710 verum
3297 4671 3364 4711 ex
3413 4659 3520 4714 alia

1926 4758 2065 4812 tribu
2123 4765 2278 4824 erat;
2326 4765 2376 4812 et
2431 4757 2581 4811 illum
2639 4757 2934 4823 rejectum,
2989 4762 3039 4807 et
3089 4771 3148 4809 se
3192 4755 3429 4812 electum
3484 4775 3516 4814 a

1929 4855 2159 4912 Domino
2188 4855 2589 4925 cognoscebat;
2625 4864 2676 4909 et
2709 4853 2840 4906 nihil
2869 4851 3135 4908 ﬁrmitatis
3165 4854 3316 4910 Sauli
3347 4857 3522 4912 David

1929 4955 2150 5020 fecerat,
2184 4955 2280 5008 sed
2304 4954 2598 5026 plurimum
2625 4951 2949 5018 adjutorium
2980 4959 3031 5008 et
3053 4953 3306 5010 devotam
3345 4956 3526 5010 servi-

1930 5060 2098 5107 tutem
2129 5051 2176 5105 ei
2208 5051 2563 5121 impenderat.
2609 5049 2676 5102 Et
2725 5063 2900 5120 neque
2955 5050 3100 5106 bello
3139 5051 3375 5120 auferre,
3428 5069 3529 5107 ne-

1934 5167 2040 5222 que
2068 5149 2270 5222 ingenii
2301 5148 2448 5212 dolo,
2491 5146 2567 5199 illi
2610 5162 2841 5217 regnum
2881 5149 3162 5220 subripere
3208 5151 3525 5206 attentavit.

1931 5250 1998 5303 Et
2028 5265 2147 5304 cum
2179 5247 2374 5301 multos
2403 5245 2472 5298 ad
2503 5245 2605 5300 hoc
2653 5263 2911 5302 suasores
2943 5257 2995 5303 et
3040 5250 3386 5304 auxiliatores
3421 5251 3523 5305 ha-

1936 5347 2164 5410 buisset,
2197 5343 2327 5397 nulli
2356 5350 2536 5398 autem
2566 5353 2624 5400 ut
2641 5345 2743 5400 hoc
2773 5345 3049 5400 moliretur
3068 5347 3528 5415 accommodavit,

1985 5531 2012 5566 δ
2054 5523 2400 5572 σαννίοαιιινίε
2417 5528 2464 5572 et
2478 5527 2824 5587 paraveredis,
2847 5538 3103 5575 carrorum
3123 5531 3175 5576 et
3189 5538 3432 5585 equorum
3455 5531 3518 5575 ad

1936 5595 2314 5643 subvertionem
2337 5600 2527 5654 aperis.
