4026 6326
494 262 563 319 23
1418 258 1761 316 HINCMARI
1816 257 2222 316 RHEMENSIS
2274 257 2825 316 ARCHIEPISCOPI.
3718 263 3794 319 24

493 384 740 459 quamvis
766 401 857 440 mu
887 392 970 440 tas
997 384 1408 457 persecutiones
1435 392 1490 441 et
1513 384 1676 442 morti
1713 384 1989 457 proximas
2018 384 2087 439 ab
2112 383 2171 444 A
2190 382 2486 451 honorabo,
2519 388 2577 441 et
2604 384 2666 441 hi
2691 386 2788 458 qui
2835 387 3104 440 temnunt
3151 400 3262 450 me,
3301 387 3474 440 erunt
3515 383 3794 456 ignobiles

491 489 560 530 eo
587 473 890 546 saepissime
921 474 1260 530 sustinuerit.
1296 474 1528 545 Insuper
1543 480 1596 530 et
1622 474 1764 530 bene
1788 473 1940 530 scitis
1955 471 2087 546 quid

490 562 561 618 de
579 561 676 618 illo
699 562 947 632 jusserit,
979 562 1090 634 qui,
1125 562 1252 618 licet
1279 562 1639 628 mendaciter,
1671 577 1770 633 pro
1823 561 1967 617 illius
1996 568 2085 617 ta-

491 665 621 707 men
648 650 827 724 gratia
858 650 1191 723 acquirendo
1219 666 1280 706 se
1308 666 1532 706 manum
1582 649 1800 705 misisse
1829 649 1887 704 in
1925 650 2085 705 Chri-

493 745 658 806 stum,
689 737 746 794 id
775 744 859 794 est
887 745 1112 795 unctum
1141 737 1378 808 Domini,
1426 738 1690 794 nuntiavit
1720 755 1734 792 :
1763 753 1890 793 nam
1910 737 1956 793 si
2002 745 2086 793 est

489 825 689 899 aliquis
709 826 803 898 qui
831 827 949 883 haec
971 827 1209 900 ignoret,
1249 843 1350 882 nos
1378 827 1431 882 ei
1457 827 1687 884 dicimus
1737 827 1861 899 quia
1897 826 2080 899 gladio

490 930 618 970 eum
644 913 951 971 interﬁcere
973 915 1155 987 jussit.
1175 916 1266 972 Sic
1292 922 1345 971 et
1373 915 1468 987 qui
1510 913 1798 971 inﬁdeliter
1837 922 1891 971 et
1947 930 2085 971 con-

492 1002 780 1060 tumaciter
806 1003 863 1058 in
891 1011 1112 1060 unctum
1141 1003 1573 1076 qualemcunque
1617 1003 1836 1060 Domini
1862 1018 2084 1059 manum

443 1097 451 1103 ’
485 1090 667 1158 mittit,
703 1091 993 1148 Dominum
1023 1091 1361 1148 Christorum
1391 1091 1663 1148 Christum
1684 1091 1998 1161 contemnit,
2031 1100 2085 1146 et

486 1179 542 1234 in
571 1179 749 1235 anima
776 1180 965 1251 procul
1013 1180 1182 1236 dubio
1223 1179 1482 1252 spiritalis
1527 1179 1700 1255 gladii
1746 1180 2087 1237 animadver-

488 1267 644 1325 sione
669 1268 830 1340 perit.
853 1269 983 1324 Haec
1002 1269 1253 1335 dicimus,
1275 1284 1386 1326 non
1402 1277 1462 1324 ut
1480 1269 1933 1342 exaggerationes
1954 1285 2086 1324 con-

485 1363 568 1411 tra
593 1356 1017 1413 dominationem
1051 1365 1288 1430 vestram
1335 1357 1666 1430 incongruas
1708 1357 2080 1430 exquiramus,

488 1445 587 1500 sed
604 1452 663 1500 ut
683 1444 988 1501 evidentius
1008 1461 1107 1516 pro
1127 1421 1386 1518 qualitate
1403 1421 1579 1501 nostri
1598 1421 1906 1513 ministerii,
1928 1421 2078 1518 quid,

489 1539 718 1604 excepta
747 1533 928 1588 debita
959 1531 1065 1588 ﬁde
1094 1541 1149 1588 et
1175 1532 1553 1603 beneﬁcienta,
1611 1533 1772 1590 nobis
1822 1534 1877 1588 in
1915 1532 2084 1590 fratre

482 1628 668 1676 vestro
696 1621 1057 1678 reverendum
1074 1621 1163 1692 sit,
1195 1622 1649 1679 demonstremus.
1678 1623 1867 1678 Talem
1887 1638 2085 1695 nempe

2184 472 2232 543 (Ι
2249 475 2380 545 Reg.
2403 473 2486 544 ιι).
2510 474 2578 528 Et
2600 489 2621 551 _:
2651 473 2759 541 Qui
2778 490 2869 530 vos
2890 474 3099 545 tangit,
3125 474 3312 544 tangit
3324 472 3612 545 pupillam
3638 473 3798 530 oculi

2182 563 2297 617 mei
2317 561 2509 634 (Zach.
2531 561 2615 633 ιι).
2644 562 2714 617 Et
2729 561 2786 617 in
2798 561 3012 633 psalmo
3045 577 3060 616 :
3091 561 3275 618 Nolite
3289 564 3521 633 tangere
3541 561 3787 619 christo:

2191 665 2361 716 meos,
2404 653 2463 705 et
2476 651 2539 706 in
2569 649 3021 722 praphetismeis
3041 649 3218 707 nolite
3253 649 3569 721 malignari
3594 649 3776 721 (Peal.

2187 737 2324 808 CIV);
2347 736 2638 809 quoniam:
2673 737 2780 806 Qui
2819 739 3239 811 malignantur,
3292 736 3348 792 id
3402 744 3486 792 est
3536 738 3789 810 maligna

2187 827 2934 899 agunt,exterminabuntur
2951 841 2971 879 :
2986 828 3340 883 sustinentes
3376 830 3571 884 autem
3593 828 3790 885 Domi-

2182 931 2327 971 num
2355 914 2468 987 ipsi.
2531 914 2944 972 hareditabunt
2965 918 3181 971 terram
3209 915 3385 987 (Psal.
3410 914 3637 988 xxxvr),
3670 914 3779 972 hoc

2184 1009 2266 1058 est
2286 1018 2516 1076 regnum
2531 1003 2652 1058 Dei.
2676 1004 2744 1058 Et
2772 1018 2896 1060 cum
2926 1002 3136 1059 venerit
3164 1010 3380 1075 tempus
3402 1011 3456 1058 et
3498 1003 3673 1068 locus,
3689 1003 3773 1059 si-

2183 1099 2273 1148 cut
2301 1091 2553 1163 superius
2590 1090 2843 1158 diximus,
2867 1091 3155 1163 loquemur
3181 1106 3308 1147 cum
3334 1090 3538 1147 nostris
3555 1089 3778 1149 confra-

2183 1178 2376 1247 tribus;
2396 1187 2449 1235 et
2465 1179 2600 1236 sicut
2615 1179 2832 1236 Domini
2841 1179 3003 1249 iustis
3018 1177 3464 1250 dispositionibus
3481 1179 3786 1237 viderimus

2184 1268 2498 1336 convenire,
2530 1267 2648 1324 sine
2680 1267 2848 1325 dubio
2862 1266 3144 1324 faciemus.
3166 1268 3237 1324 Et
3250 1284 3362 1325 non
3382 1276 3467 1325 est
3485 1268 3783 1325 rationabi-

2183 1355 2254 1412 lis
2272 1371 2441 1413 causa
2459 1365 2781 1429 qumcontra
2797 1356 2904 1413 hoc
2923 1356 3072 1428 quod
3088 1354 3323 1427 petimus
3344 1372 3444 1412 vos
3459 1357 3654 1414 debeat
3673 1357 3781 1414 sti-

2183 1444 2388 1500 mulare
2411 1463 2426 1500 :
2447 1447 2572 1516 quia
2588 1461 2696 1500 non
2713 1461 2902 1500 sumus
2927 1443 3247 1514 huiusmodi
3280 1444 3532 1502 homines
3554 1453 3613 1500 ut
3649 1461 3782 1503 cum

2183 1533 2605 1605 cognoverimus
2621 1533 2960 1589 voluntatem
2977 1532 3216 1601 Domini,
3228 1532 3459 1590 velimus
3478 1542 3569 1589 aut
3587 1533 3784 1591 debea-

2181 1637 2305 1676 mus
2325 1621 2595 1694 quomodo
2616 1621 2902 1687 resultare,
2921 1621 3010 1677 vel
3026 1621 3174 1677 rixas
3204 1629 3258 1676 et
3281 1621 3656 1679 dissensiones
3679 1639 3784 1680 seu

482 1723 583 1764 vos
609 1708 877 1765 debemus
906 1718 959 1766 et
988 1710 1236 1766 volumus
1265 1711 1510 1778 credere,
1544 1718 1602 1766 ut
1630 1727 1733 1768 nec
1775 1727 1876 1767 vos
1919 1711 2078 1783 regni
2106 1735 2162 1797 B
2184 1709 2496 1776 seditiones,
2539 1725 2677 1782 quas
2718 1709 2914 1783 vulgus
2959 1726 3167 1767 werra:
3207 1710 3449 1766 nominat
3478 1710 3784 1768 debeamus

481 1805 838 1870 augmentum
869 1813 993 1854 cum
1039 1798 1235 1855 animae
1262 1807 1459 1855 vestrae
1513 1799 1842 1855 detrimento
1899 1800 2078 1856 velitis

485 1884 712 1952 habere,
745 1901 924 1958 neque
950 1901 1052 1943 nos
1081 1902 1207 1943 cum
1236 1887 1328 1942 tali
1355 1887 1626 1944 dedecore
1655 1888 1726 1943 ad
1753 1888 2081 1958 adiutorium

487 1973 847 2030 ecclesiastici
877 1974 1158 2047 regiminis
1187 1983 1242 2030 et
1271 1975 1682 2049 gubernationis
1715 1976 1983 2048 recipere,
2022 1984 2082 2030 ut

483 2061 606 2118 sine
634 2062 942 2118 sacerdotio
972 2062 1180 2131 simus;
1210 2078 1319 2136 quo
1346 2064 1541 2135 privati
1567 2064 1791 2132 erimus,
1815 2063 1863 2120 si
1891 2073 2081 2120 contra

488 2149 666 2206 Deum
704 2157 759 2205 et
799 2149 1028 2205 rationis
1083 2151 1476 2219 auctoritatem,
1537 2168 1658 2218 nos,
1712 2152 2078 2226 ecclesiasque

480 2244 698 2293 nostras
723 2237 882 2294 vobis
912 2239 1279 2295 studuerimus
1306 2239 1666 2296 committere.
1707 2240 1972 2297 Ecclesiae
1999 2240 2080 2296 si-

480 2325 705 2398 quidem
731 2326 891 2382 nobis
908 2343 941 2382 a
967 2329 1084 2383 Deo
1114 2328 1422 2384 commissae
1450 2345 1560 2384 non
1594 2329 1723 2384 talia
1752 2337 1877 2385 sunt
1906 2329 2078 2386 bene-

479 2413 621 2481 ficia,
653 2421 709 2470 et
736 2414 1047 2485 huiusmodi
1067 2416 1216 2489 regis
1235 2416 1566 2488 proprietas,
1599 2425 1658 2472 ut
1685 2433 1787 2488 pro
1805 2417 1960 2473 libitu
1980 2433 2080 2474 suo

480 2502 787 2559 inconsulte
815 2503 938 2558 illas
993 2505 1168 2576 possit
1212 2504 1363 2575 dare,
1409 2505 1495 2561 vel
1539 2505 1732 2562 tollere
1765 2522 1778 2562 :
1822 2507 2077 2578 quoniam

483 2591 664 2647 omnia
699 2609 821 2664 quae
864 2592 1129 2650 Ecclesiae
1179 2602 1325 2661 sunt,
1385 2594 1500 2650 Deo
1557 2602 1884 2652 consecrata
1931 2604 2075 2651 sunt.

483 2680 640 2735 Unde
664 2679 756 2752 qui
785 2681 1049 2737 Ecclesiae
1075 2681 1290 2754 aliquid
1316 2681 1594 2738 fraudetur
1619 2691 1712 2740 aut
1733 2683 1887 2754 tollit,
1919 2685 2079 2740 sacri-

483 2766 690 2839 legium
710 2768 1012 2824 secundum
1040 2778 1288 2826 sanctam
1317 2771 1652 2842 Scripturam
1680 2770 1864 2828 facere
1891 2772 2078 2828 nosci-

485 2863 595 2912 tur.
625 2856 696 2912 Et
723 2871 826 2912 nos
854 2857 1097 2929 episcopi
1127 2857 1360 2916 Domino
1387 2859 1709 2923 consecrati,
1738 2876 1848 2917 non
1890 2877 2079 2916 sumus

483 2943 795 3014 huiusmodi
823 2945 1074 3000 homines
1103 2955 1161 3002 ut
1218 2946 1356 3002 sicut
1392 2947 1643 3004 homines
1687 2949 1976 3005 saculares
2023 2948 2078 3004 in

483 3031 814 3089 vassallitico
855 3033 1152 3089 debeamus
1191 3050 1292 3091 nos
1357 3035 1582 3093 cuilibet
1654 3037 2073 3105 commendare,

485 3121 584 3176 sed
611 3120 680 3176 ad
708 3119 1084 3178 defensionem
1115 3129 1169 3178 et
1197 3123 1269 3178 ad
1296 3123 1614 3194 adiutorium
1662 3125 2076 3198 gubernationis

484 3208 543 3264 in
571 3209 943 3266 ecclesiastico
972 3211 1241 3283 regimine
1297 3229 1417 3280 nos,
1459 3213 1832 3287 ecclesiasque
1859 3222 2078 3271 nostras

478 3297 839 3364 committere,
869 3307 961 3352 aut
984 3298 1272 3368 iurationis
1318 3309 1737 3371 sacramentum,
1793 3303 1943 3374 quod
1975 3319 2079 3360 nos

475 3384 798 3458 evangelica
817 3393 870 3440 et
896 3386 1203 3456 apostolica
1223 3388 1513 3444 auctoritas
1537 3396 1701 3457 vetat,
1771 3390 2074 3446 debeamus

485 3473 871 3546 quoquomodo
899 3472 1100 3531 facere.
1138 3475 1328 3531 Manus
1356 3475 1501 3532 enim
1543 3477 1840 3534 chrismate
1886 3487 2078 3536 sancto

476 3569 758 3632 peruncta,
791 3578 913 3635 qua:
941 3562 1010 3618 de
1038 3579 1178 3635 pane
1204 3571 1259 3620 et
1286 3563 1413 3621 vino
1443 3581 1586 3638 aqua
1620 3565 1782 3622 misto
1826 3583 1924 3638 per
1951 3582 2078 3622 ora-

483 3649 686 3706 tionem
713 3657 768 3706 et
796 3651 972 3708 crucis
1002 3651 1223 3725 signum
1268 3652 1488 3710 conﬁcit
1528 3669 1726 3726 corpus
1778 3663 1833 3710 et
1879 3655 2079 3711 Christi

478 3737 763 3811 sanguinis
792 3749 1210 3810 sacramentum,
1244 3741 1608 3798 abominabile
1657 3750 1761 3811 est,
1809 3743 2077 3816 quidquid

479 3833 607 3881 ante
636 3826 1033 3883 ordinationem
1062 3827 1268 3896 fecerit,
1299 3837 1358 3886 ut
1385 3838 1510 3902 post
1527 3831 1922 3888 ordinationem
1954 3832 2076 3903 epi-

476 3922 730 3985 scopatus
758 3915 1020 3974 saeculare
1057 3925 1243 3990 tangat
1295 3919 1405 3976 ullo
1432 3920 1598 3976 modo
1641 3928 2067 3976 sacramentum.

483 4003 552 4058 Et
579 4003 764 4076 lingua
793 4005 1053 4077 episcopi,
1087 4023 1208 4079 quae
1237 4006 1376 4064 facta
1430 4016 1515 4064 est
1566 4025 1664 4079 per
1709 4009 1809 4065 Dei
1843 4009 2075 4082 gratiam

474 4091 648 4148 clavis
675 4093 819 4165 coeli,
853 4093 1118 4151 nefarium
1146 4103 1229 4152 est
1258 4104 1316 4151 ut
1351 4097 1490 4153 sicut
1520 4097 1800 4154 saecularis
1847 4097 2076 4170 quilibet

476 4196 643 4252 super
668 4197 826 4237 sacra
835 4182 978 4252 iuret
1005 4183 1061 4238 in
1089 4185 1309 4240 nomine
1332 4185 1549 4242 Domini
1579 4194 1630 4242 et
1652 4193 1968 4243 sanctorum
1982 4186 2073 4242 in-

473 4269 792 4337 vocatione;
824 4271 931 4326 nisi
952 4271 1109 4340 forte,
1149 4275 1295 4345 quod
1323 4275 1482 4341 absit,
1517 4288 1706 4330 contra
1738 4291 1862 4332 eum
1901 4291 2074 4332 scan-

476 4357 661 4412 dalum
687 4359 948 4415 acciderit
966 4361 1228 4417 Ecclesiae
1247 4379 1390 4427 suae;
1417 4371 1471 4418 et
1498 4363 1627 4419 inde
1657 4363 1735 4420 sic
1754 4371 2070 4435 temperan-

2110 3085 2160 3149 Ο

2183 1813 2552 1865 commovere,
2588 1812 2906 1865 conserere,
2957 1798 3046 1854 vel
3075 1806 3280 1869 tenere,
3331 1813 3471 1871 quos
3512 1799 3782 1856 Dominus

2180 1883 2335 1954 pacis
2363 1883 2744 1954 pradicatores
2772 1890 2826 1938 et
2867 1890 3170 1939 sectatores
3203 1882 3368 1939 voluit
3398 1883 3676 1954 ordinare,
3724 1893 3786 1943 et

2181 1980 2408 2044 peccata
2439 1979 2623 2028 nostra
2649 1980 2812 2044 atque
2859 1971 3020 2027 nobis
3049 1971 3486 2040 commissorum,
3527 1981 3581 2028 et
3609 1973 3780 2028 etiam

2181 2061 2346 2117 totius
2381 2060 2586 2132 populi,
2619 2059 2892 2116 constituit
2911 2059 3174 2132 plangere
3190 2067 3243 2115 et
3257 2075 3467 2131 curare,
3491 2068 3546 2116 et
3573 2060 3781 2117 bellum

2180 2165 2304 2206 cum
2334 2149 2497 2216 vitiis,
2530 2157 2585 2204 et
2630 2165 2820 2220 pacem
2875 2165 3001 2205 cum
3042 2148 3303 2204 fratribus
3335 2148 3501 2218 iussit
3547 2149 3777 2207 habere.

2178 2237 2294 2293 Nos
2323 2235 2578 2310 equidem
2597 2253 2789 2309 pacem
2821 2246 2876 2294 et
2904 2237 3160 2309 quietem,
3203 2253 3316 2293 non
3344 2237 3493 2294 rixas
3521 2245 3574 2294 et
3606 2238 3772 2309 bella,

2180 2334 2430 2397 optamus
2451 2334 2505 2382 et
2533 2325 2822 2398 qumﬁmus
2856 2344 2870 2380 :
2904 2325 3039 2396 Quia
3080 2326 3221 2383 sicut
3257 2325 3389 2382 dicit
3426 2325 3721 2398 Apostolus
3755 2344 3772 2383 :

2178 2415 2301 2472 Non
2327 2419 2462 2472 sunt
2492 2415 2648 2473 nobis
2665 2415 2927 2472 carnalia
2944 2431 3127 2480 arma,
3150 2415 3246 2470 sed
3273 2415 3584 2486 spiritalia,
3607 2418 3664 2472 et
3676 2432 3779 2490 po-

2181 2505 2364 2560 tentia
2394 2502 2470 2573 (II
2498 2503 2620 2560 Cor.
2652 2504 2734 2574 χ),
2782 2502 2980 2574 quibus
3009 2519 3198 2558 sumus
3231 2502 3458 2560 calceati
3503 2501 3675 2574 pedes
3717 2503 3778 2559 in

2177 2591 2578 2663 praeparatione
2606 2591 2874 2664 evangelii
2901 2591 3078 2662 pacis,
3133 2590 3308 2646 induti
3352 2590 3519 2648 lorica
3553 2591 3780 2662 iustitiae

2179 2687 2233 2735 et
2261 2679 2423 2751 galea
2443 2679 2653 2748 salutis,
2686 2679 2918 2736 accincti
2943 2679 3158 2735 lumbos
3184 2679 3240 2735 in
3283 2679 3530 2752 veritate,
3563 2680 3778 2737 haben-

2177 2775 2262 2822 tes
2282 2775 2492 2824 scutum
2522 2766 2649 2824 ﬁdei
2669 2775 2724 2824 et
2752 2767 2997 2841 gladium
3014 2767 3250 2840 Spiritus
3278 2768 3449 2825 sancti
3471 2784 3487 2826 t
3517 2769 3644 2842 quia
3662 2785 3778 2826 non

2180 2863 2264 2911 est
2291 2855 2451 2912 nobis
2504 2856 2818 2913 colluctatio
2867 2857 3134 2912 adversus
3189 2873 3408 2913 carnem
3451 2866 3505 2913 et
3552 2858 3775 2933 sangui-
3842 2856 3859 2868 '

2178 2961 2326 3011 nem,
2352 2944 2451 3000 sed
2479 2944 2746 3000 adversus
2773 2944 3050 3016 principes
3082 2952 3137 3001 et
3161 2952 3477 3018 potestates,
3507 2946 3778 3004 adversus

2179 3041 2426 3089 rectores
2453 3032 2804 3089 tenebrarum
2833 3034 3044 3103 harum,
3077 3041 3266 3090 contra
3293 3033 3555 3106 spiritalia
3580 3035 3779 3107 nequi-

2181 3121 2269 3178 tiae
2297 3122 2354 3176 in
2389 3120 2720 3178 caelestibus.
2763 3121 2834 3176 Et
2887 3138 2999 3178 non
3041 3122 3334 3179 militamus
3374 3130 3596 3179 terreno
3632 3123 3772 3196 regi,

2181 3211 2278 3266 sed
2305 3210 2532 3279 caelesti,
2562 3226 2664 3282 pro
2685 3210 2858 3266 salute
2887 3219 2940 3267 et
2967 3219 3153 3267 nostra
3199 3219 3253 3267 et
3283 3210 3489 3267 terreni
3517 3211 3688 3284 regis,
3720 3220 3777 3268 et

2180 3301 2342 3356 totius
2391 3299 2575 3372 populi
2603 3298 2762 3355 nobis
2790 3299 3108 3381 commissi:
3137 3316 3368 3373 quorum
3401 3298 3638 3356 oﬂicium
3687 3307 3775 3356 est

2177 3387 2312 3443 nulli
2338 3404 2554 3455 nocere,
2588 3397 2776 3446 contra
2803 3386 3389 3461 neminemjnﬁdeliter
3415 3403 3599 3460 agere,
3652 3405 3773 3444 om-

2179 3475 2339 3531 nibus
2367 3484 2548 3532 autem
2567 3477 2710 3532 velle
2738 3477 3025 3548 prodesse.
3058 3476 3330 3548 Tandem,
3364 3475 3584 3533 domine
3611 3476 3773 3534 nobis

2179 3580 2297 3630 rex,
2327 3571 2516 3619 contra
2546 3566 2722 3620 Deum
2740 3546 2794 3620 et
2814 3573 3001 3620 contra
3027 3546 3264 3618 animam
3290 3571 3526 3619 vestram
3545 3580 3654 3621 non
3677 3581 3775 3622 au-

2177 3652 2340 3708 diatis
2368 3651 2492 3708 illos
2523 3652 2616 3725 qui
2645 3652 2894 3719 dixerint,
2929 3652 2977 3707 si
3003 3651 3144 3707 forte
3172 3651 3327 3708 vobis
3346 3652 3584 3710 dixerint
3613 3672 3629 3708 :
3660 3670 3772 3711 non
3830 3636 3843 3652 ”

2177 3741 2273 3796 tibi
2303 3739 2371 3795 sit
2398 3756 2562 3810 curae,
2596 3757 2712 3807 rex,
2738 3756 2860 3812 quae
2888 3739 2983 3795 tibi
3010 3739 3344 3797 referuntilli
3363 3739 3593 3798 fellones
3611 3750 3773 3816 atque

2176 3829 2485 3902 ignobiles;
2516 3829 2620 3885 hoc
2647 3827 2733 3885 fac
2762 3830 2907 3901 quod
2935 3828 3034 3884 tibi
3071 3828 3322 3897 dicimus,
3354 3831 3615 3904 quoniam
3642 3848 3772 3891 cum

2176 3917 2398 3985 nostris,
2452 3926 2505 3972 et
2534 3933 2641 3974 non
2673 3933 2798 3974 cum
2840 3917 3065 3973 istorum
3092 3917 3428 3989 parentibus,
3476 3927 3772 3976 tenuerunt

2175 4013 2430 4077 parentes
2460 4005 2536 4060 tui
2570 4022 2821 4076 regnum.
2853 4006 2968 4062 Nos
2994 4014 3178 4063 autem
3205 4007 3558 4064 obsecramus
3585 4008 3770 4065 domi-

2174 4090 2451 4145 nationem
2488 4097 2744 4157 vestram,
2791 4091 3052 4148 attendite
3098 4092 3296 4163 potius,
3349 4093 3395 4148 si
3443 4092 3770 4150 christianus

2174 4194 2271 4233 rex
2299 4177 2451 4241 estis,
2485 4178 2622 4235 sicut
2649 4186 2704 4235 et
2731 4179 2847 4235 Deo
2892 4179 3101 4252 gratias
3131 4180 3340 4253 egistis,
3401 4188 3454 4237 et
3509 4180 3567 4236 in
3610 4181 3767 4238 illum

2169 4266 2408 4335 creditis,
2428 4275 2482 4323 et
2509 4284 2606 4339 per
2623 4267 2774 4324 illum
2804 4285 3035 4340 regnare
3064 4269 3246 4337 vultis,
3280 4273 3390 4326 Per
3407 4285 3591 4343 quem,
3625 4271 3769 4328 sicut

2171 4355 2431 4427 scriptum
2463 4364 2564 4422 est,
2597 4374 2751 4429 reges
2785 4362 3029 4430 regnant
3074 4358 3264 4432 (Prov.
3304 4358 3448 4428 VIII),
3509 4366 3563 4414 et
3609 4359 3766 4429 cuius

473 4453 558 4500 ter
585 4455 729 4518 agat,
762 4447 920 4514 sicut,
949 4449 1182 4527 Domino
1211 4451 1461 4517 docente,
1483 4451 1877 4508 constituerunt
1892 4461 2070 4508 recto-
2095 4440 2148 4500 D
2169 4451 2252 4500 est
2279 4461 2533 4516 regnum.
2566 4445 2676 4502 imo
2701 4447 2852 4501 orbis
2884 4454 3046 4503 terra?
3074 4454 3127 4503 et
3155 4446 3437 4518 plenitudo
3464 4448 3603 4518 ejuS,
3634 4447 3765 4520 quia

472 4549 558 4590 res
576 4535 840 4592 Ecclesiae
870 4536 1119 4607 synodali
1140 4537 1391 4594 concilio.
1413 4539 1483 4593 Et
1498 4539 1545 4594 si
1570 4539 1860 4612 aliquando
1883 4556 2067 4597 sacra-

469 4633 652 4679 menta
681 4624 749 4679 ab
779 4623 1052 4696 episcopis
1081 4634 1273 4682 exacta
1301 4633 1393 4682 aut
1422 4625 1558 4684 facta
1591 4627 1823 4700 fuerunt,
1874 4638 2066 4686 contra

466 4712 640 4766 Deum
672 4721 726 4768 et
754 4713 1160 4771 ecclesiasticas
1187 4715 1424 4787 regulas,
1460 4733 1584 4788 quae
1613 4717 1820 4789 Spiritu
1873 4728 2063 4776 sancto

460 4798 675 4856 dictatas
705 4809 760 4856 et
804 4802 1007 4858 Christi
1051 4811 1176 4858 sunt
1201 4805 1468 4876 sanguine
1520 4804 1874 4876 conﬁrmatae,
1910 4806 2064 4863 irrita

461 4891 664 4940 sanctae
695 4884 988 4956 Scripturae
1016 4887 1234 4960 paginis
1264 4887 1614 4944 declarantur
1639 4908 1653 4956 ;
1694 4897 1747 4945 et
1777 4890 2061 4962 exigentes

463 4980 628 5044 atque
659 4971 921 5029 facientes
949 4975 1348 5033 medicamento
1375 4977 1571 5032 exinde
1602 4977 1858 5034 salutaris
1886 4981 2060 5050 poeni-

466 5061 648 5116 tentiae
702 5052 949 5135 indigent
1005 5071 1050 5118 ι.
1086 5064 1384 5135 Propterea
1412 5073 1761 5136 exspectate,
1817 5067 2055 5133 domine,

458 5145 728 5216 patienter
776 5146 915 5202 sicut
944 5145 1199 5217 princeps
1228 5148 1555 5205 christianus
1598 5151 1862 5207 Ecclesiae
1891 5150 2054 5220 filius,

456 5240 511 5288 et
540 5233 805 5290 honorate
835 5243 1037 5291 sancta:
1066 5234 1330 5292 Ecclesiae
1359 5245 1600 5294 rectores
1628 5256 1643 5304 ;
1675 5246 1732 5294 ut
1760 5255 1857 5294 vos
1886 5241 2057 5296 hono-

458 5329 543 5376 ret
574 5321 665 5394 qui
692 5323 850 5378 nobis
879 5322 1012 5379 dixit
1044 5341 1057 5377 :
1102 5323 1207 5392 Qui
1235 5341 1328 5381 vos
1354 5326 1532 5394 audit,
1554 5343 1644 5383 me
1665 5327 1858 5393 audit,-
1889 5333 1945 5384 et
1960 5333 2056 5402 qui

458 5435 551 5475 vos
579 5423 818 5493 spernit,
845 5438 936 5478 me
951 5423 1173 5494 spernit
1193 5423 1348 5493 (Luc.
1374 5422 1456 5493 χ).
1478 5424 1546 5479 Et
1565 5441 1579 5478 :
1598 5426 1948 5483 Honorantes
1963 5444 2053 5483 me

2166 4532 2311 4589 idem
2343 4534 2492 4589 Deus
2521 4534 2574 4588 in
2605 4550 2769 4590 carne
2797 4535 3042 4602 veniens,
3075 4535 3169 4608 qui
3198 4535 3344 4592 solus
3367 4552 3462 4592 rex
3492 4535 3611 4592 fieri
3656 4552 3763 4608 po-

2165 4621 2264 4676 tuit
2292 4629 2344 4677 et
2371 4622 2648 4690 sacerdos,
2679 4631 2734 4679 et
2776 4622 2832 4678 in
2879 4624 3083 4680 caelum
3119 4625 3424 4681 ascendens
3468 4641 3626 4680 suum
3669 4641 3763 4681 re-

2164 4727 2330 4783 gnum
2353 4753 2366 4775 ,
2401 4709 2455 4765 id
2503 4719 2586 4766 est
2641 4728 2796 4767 suam
2842 4712 3168 4781 Ecclesiam,
3217 4712 3362 4768 inter
3395 4712 3763 4784 pontiﬁcalem

2163 4799 2534 4855 auctoritatem
2566 4807 2618 4856 et
2634 4801 2845 4874 regiam
2865 4808 3184 4872 potestatem
3204 4801 3621 4873 gubernandum
3641 4801 3760 4857 dis-

2162 4888 2362 4958 posuit,
2397 4896 2581 4945 etnon
2612 4889 2776 4960 elegit
2805 4890 2877 4945 ad
2906 4890 3012 4946 hoc
3032 4889 3228 4945 divites
3280 4898 3334 4946 et
3379 4889 3610 4961 nobiles,
3662 4891 3761 4947 sed

2160 4993 2428 5048 pauperes
2456 4986 2509 5033 et
2535 4977 2858 5048 piscatores,
2892 4984 2946 5033 et
2975 4978 3114 5033 sicut
3140 4979 3406 5049 scriptum
3434 4986 3519 5034 est
3551 4996 3564 5034 :
3598 4979 3760 5052 Igno-

2159 5066 2295 5121 bilia
2325 5070 2383 5122 et
2411 5066 2865 5138 contemptibilia
2893 5067 3099 5123 mundi
3125 5067 3312 5138 elegit,
3345 5069 3413 5122 ut
3439 5067 3759 5138 confundat

2159 5155 2333 5223 fortia
2354 5155 2407 5224 (Ι
2431 5155 2554 5211 Cor.
2580 5152 2641 5225 ι).
2676 5155 2744 5209 Et
2772 5153 2890 5209 ﬁeri
2918 5162 3097 5226 potest
3124 5163 3182 5209 ut
3204 5154 3341 5210 tales
3368 5154 3526 5212 vobis
3553 5155 3656 5210 ista
3680 5156 3759 5211 di-

2157 5249 2280 5297 cant
2309 5242 2379 5313 (si
2407 5241 2542 5298 forte
2571 5240 2748 5297 minus
2768 5242 3083 5299 necessario
3112 5243 3289 5298 Deum
3318 5243 3571 5299 timentes
3601 5243 3758 5300 vobis

2155 5329 2408 5403 dixerint)
2430 5346 2552 5386 cum
2582 5347 2810 5403 quorum
2830 5330 3144 5403 parentibus
3159 5330 3430 5399 diabolus,
3451 5331 3542 5404 qui
3562 5347 3756 5389 secun-

2153 5427 2282 5482 dum
2304 5427 2631 5500 Scripturam
2655 5431 2787 5486 :Est
2816 5445 2923 5486 rex
2951 5444 3122 5502 super
3149 5445 3342 5486 omnes
3366 5430 3512 5499 ﬁlios
3551 5446 3753 5503 super-

523 5548 540 5569 ⁸
556 5545 720 5601 Voyez
741 5543 785 5591 le
811 5545 1000 5591 roncile
1018 5544 1082 5591 de
1099 5545 1346 5603 Pontyon,
1367 5545 1431 5592 de
1478 5545 1572 5592 l'an
1601 5552 1696 5602 876,
1743 5548 1809 5595 οὐ
1830 5549 2066 5597 Hincmar
2088 5547 2224 5606 prela
2251 5551 2296 5596 le
2322 5552 2543 5598 serment
2564 5551 2626 5598 de
2657 5548 2850 5598 ﬂdelité
2871 5561 2934 5598 au
2951 5551 3042 5598 roi.
