4026 6294
225 287 294 342 25
1654 261 2032 324 ΕΡΙΕΤΟΙΛΕ.
3463 273 3533 328 26

225 409 325 464 bia:
345 407 470 477 (Job
500 405 641 476 xu),
675 420 908 478 regnum
966 401 1186 471 Christi,
1237 401 1385 474 quod
1439 408 1521 456 est
1565 389 1912 462 Ecclesia,'A
1933 391 2351 452 cellentissimus
2377 413 2470 452 rex
2526 404 2733 467 noster,
2767 412 2886 468 quae
2915 397 2983 452 de
3013 395 3101 450 illa
3129 393 3288 451 vobis
3319 392 3534 467 scriptis

229 494 664 561 conturbaverit,
713 502 766 549 et
803 508 949 548 nunc
981 508 1080 548 eos
1108 493 1162 547 in
1210 506 1386 564 regno
1439 504 1559 554 suo,
1591 486 1646 541 id
1673 492 1756 540 est
1783 483 1840 538 in

229 583 471 649 inferno,
506 583 759 649 retineat,
794 590 847 638 et
878 597 1065 637 secum
1097 581 1152 635 in
1169 579 1368 636 saecula
1412 574 1685 634 retinebit.
1733 573 1839 628 Pro

227 680 379 730 certo
401 679 585 727 autem
617 670 803 727 sciatis
832 669 959 743 quia
987 685 1110 724 cum
1155 668 1358 724 nostris
1403 663 1736 739 parentibus,
1782 661 1840 716 id

221 769 303 816 est
357 775 488 817 cum
542 759 824 831 apostolis,
885 757 1150 826 Christus,
1209 757 1323 813 Rex
1359 769 1570 828 regum,
1605 765 1838 827 regnum

229 866 409 915 suum,
444 849 502 904 id
558 856 642 903 est
681 847 1001 913 Ecclesiam,
1060 845 1406 918 conquisivit,
1451 840 1746 914 ampliavit,
1787 846 1841 894 et

228 939 384 1005 rexit,
420 945 474 994 et
503 953 606 1009 per
632 952 734 992 nos
764 945 818 992 et
846 935 1152 1002 nobiscum,
1185 934 1385 989 utinam
1414 947 1524 988 non
1572 930 1642 986 ad
1687 927 1840 999 judi-

229 1028 372 1082 cium
403 1034 660 1081 nostrum
687 1025 935 1082 dicamus
969 1023 1259 1080 leamdem
1289 1019 1613 1084 Ecclesiam,
1659 1017 1715 1072 id
1757 1023 1841 1072 est

230 1131 460 1189 regnum
490 1130 672 1180 suum,
705 1113 946 1185 quotidie
969 1111 1218 1184 acquirit,
1243 1117 1426 1182 auget,
1449 1117 1611 1180 atque
1640 1105 1840 1179 guber-

229 1212 322 1259 nat
349 1203 500 1259 idem
532 1202 800 1258 Dominus
828 1202 989 1256 Jesus
1019 1199 1283 1266 Christus,
1318 1199 1455 1254 sicut
1483 1197 1687 1252 dictum
1716 1201 1843 1249 esta

227 1287 462 1343 Domino
486 1286 760 1342 Ecclesiae
789 1301 888 1356 per
917 1285 1242 1356 prOphetam
1276 1301 1290 1337 :
1322 1285 1430 1339 Pro
1445 1281 1705 1355 patribus
1729 1277 1842 1334 tui:

228 1378 353 1432 nati
382 1379 530 1432 sunt
555 1376 660 1431 tibi
688 1375 799 1444 ﬁlii
829 1375 944 1446 (Ps.
977 1388 1112 1427 xuv
1137 1391 1152 1439 ;
1183 1372 1238 1427 id
1271 1379 1356 1427 est
1403 1385 1505 1442 pro
1557 1365 1839 1439 apostolis,

229 1464 437 1521 creavit
466 1463 566 1518 tibi
594 1463 904 1534 episcopos,
930 1461 1022 1534 qui
1051 1470 1105 1516 te
1134 1466 1328 1532 regant
1354 1467 1404 1514 et
1419 1458 1673 1514 doceant.
1708 1455 1843 1510 Cum

227 1569 330 1624 qua
351 1552 609 1608 Ecclesia
637 1552 796 1607 nobis
827 1567 857 1605 a
903 1553 1018 1606 Deo
1038 1549 1348 1612 commissa,
1383 1564 1480 1603 rex
1526 1545 1840 1602 christianea

228 1651 278 1696 et
308 1641 554 1708 domine,
601 1641 741 1696 sicut
784 1639 982 1695 litteris
1025 1638 1222 1694 vestris
1245 1637 1506 1708 jussistis,
1535 1633 1756 1705 jejuniis
1786 1640 1840 1688 et

229 1729 590 1795 orationibus,
623 1744 688 1785 ac
715 1727 940 1794 litaniis,
969 1727 1279 1783 Dominum
1329 1741 1598 1780 summum
1627 1722 1834 1794 guber-

228 1826 476 1874 natorem
504 1818 560 1872 in
594 1817 719 1873 navi
749 1825 954 1872 sanctae
981 1815 1244 1872 Ecclesiae
1275 1814 1569 1870 ﬂuctuante
1615 1811 1670 1866 in
1729 1811 1832 1867 hoc

231 1922 400 1971 mare,
433 1907 489 1960 id
541 1914 624 1961 est
681 1905 882 1962 saeculo
929 1903 1283 1976 naufragoso,
1342 1901 1580 1973 peccatis
1632 1898 1835 1956 nostris

231 1995 614 2051 communibus
643 1994 1005 2050 dormientem
1035 1992 1254 2064 pulsare
1283 1999 1336 2046 et
1365 1990 1619 2060 excitare,
1651 1997 1705 2045 et
1733 1991 1834 2060 pro

231 2084 381 2140 vobis
410 2083 698 2154 deprecari
728 2082 1066 2137 studebimus
1099 2099 1114 2136 :
1157 2087 1216 2135 ut
1243 2079 1561 2153 quantocius
1590 2093 1692 2149 pro
1739 2093 1834 2131 sua

229 2171 488 2228 ineffabili
511 2171 714 2243 pietate
732 2171 954 2244 evigilet
978 2177 1030 2225 et
1051 2169 1281 2240 imperet
1309 2168 1486 2224 ventis
1515 2175 1568 2222 et
1595 2167 1754 2232 mari,
1779 2165 1835 2221 id

232 2268 310 2316 est
339 2260 729 2315 tentationibus
747 2258 1036 2314 diabolicis
1065 2265 1117 2312 et
1164 2255 1626 2328 inquietudinibus
1657 2272 1834 2310 saecu-

233 2348 419 2404 larium
446 2347 753 2416 hominum,
795 2355 854 2401 ut
908 2347 1094 2402 redeat
1156 2345 1621 2418 quantulacunque
1677 2351 1834 2398 tran-

233 2437 483 2508 quillitas,
517 2437 691 2510 gratia
723 2443 777 2492 et
803 2435 1181 2491 misericordia
1211 2434 1453 2504 ejusdem
1484 2431 1702 2488 Domini
1730 2447 1835 2487 no-

232 2525 325 2580 stri
351 2527 485 2581 Jesu
517 2514 740 2592 Christi,
775 2524 863 2580 cui
892 2532 976 2579 est
1006 2533 1060 2580 et
1108 2523 1176 2578 sit
1201 2530 1447 2596 potestas
1475 2529 1528 2578 et
1559 2521 1750 2587 honor,
1782 2528 1832 2575 et

233 2614 414 2687 gloria
435 2622 488 2670 et
518 2613 830 2685 imperium,
863 2612 919 2668 in
950 2613 1148 2670 saecula
1179 2611 1519 2667 sazculorum.
1553 2613 1746 2664 Amen.

816 2727 1158 2784 EPISTOLA
1195 2727 1264 2783 II.

722 2831 796 2872 AD
834 2831 1118 2872 NICOLAUM
1156 2829 1338 2871 PAPAM
1347 2857 1360 2870 .

239 2909 308 2962 De
332 2909 628 2964 vacatione
655 2907 805 2962 sedi:
827 2905 1268 2970 Cameracensis,
1303 2907 1359 2960 et
1387 2903 1453 2959 de
1483 2903 1751 2959 Balduini
1779 2905 1834 2958 et

299 2979 495 3034 Iudith
525 2978 970 3049 conjunctione;
1003 2976 1177 3049 deque
1208 2975 1445 3032 Rothadi
1467 2974 1832 3046 depositione,

303 3066 369 3105 ac
399 3049 602 3104 harresi
617 3047 983 3104 Gothescatci.

875 3134 961 3190 (Ex
981 3133 1281 3189 Sirmondo.)

296 3225 530 3281 Domino
558 3225 724 3280 unice
757 3223 1217 3298 singulariterque
1239 3223 1586 3295 suspiciende
1617 3224 1837 3278 Patrum

244 3315 406 3384 Patri,
463 3321 518 3370 et
573 3328 790 3369 summa
815 3312 1168 3369 veneratione
1198 3313 1541 3382 honorando,
1575 3327 1836 3367 reveren-

236 3403 445 3458 tissimo
471 3417 632 3474 papae
659 3401 930 3468 NICOLAO,
952 3402 1301 3469 HINCMARUS,
1334 3400 1555 3456 nomine
1583 3415 1694 3456 non
1721 3415 1836 3454 me-

231 3492 330 3548 rito
357 3493 693 3548 Rhemorum
721 3490 1030 3562 episcopus,
1054 3506 1120 3547 ac
1139 3491 1314 3562 plebis
1343 3491 1444 3546 Dei
1470 3489 1724 3546 famulus.

299 3581 360 3635 In
387 3579 622 3652 epistola
653 3587 850 3636 vestrae
875 3579 1193 3646 sanctitatis,
1224 3597 1325 3651 per
1345 3580 1593 3635 Odonem
1625 3578 1835 3650 episco-

233 3686 357 3740 pum
390 3667 668 3740 episcopis
695 3667 750 3722 in
791 3683 966 3742 regno
994 3667 1228 3723 Lotharii
1258 3683 1359 3740 pro
1388 3667 1703 3740 praejudicio
1728 3667 1834 3722 Ca-

233 3755 565 3814 meracensis
594 3756 857 3812 Ecclesiae
885 3756 1106 3822 directa,
1137 3756 1308 3828 relegi
1337 3764 1572 3812 vestram
1604 3755 1834 3811 auctori-

231 3854 388 3902 tatem
421 3845 842 3911 sciscitaturum,
871 3845 1024 3915 cujus
1055 3845 1306 3918 neglectu
1337 3845 1528 3901 eadem
1585 3844 1834 3900 Ecclesia

233 3936 364 3990 ultra
392 3935 668 3990 decimum
699 3950 942 3989 mensem
973 3941 1198 4004 pastore
1228 3941 1464 3990 vacaret.
1498 3933 1655 3990 Unde
1684 3950 1753 3989 ne
1777 3941 1834 3988 ut

233 4024 522 4096 negligens
579 4039 612 4076 a
659 4030 843 4078 vestro
885 4023 1190 4093 apostolatu
1243 4039 1590 4092 succensear,
1650 4022 1832 4078 indico

231 4111 537 4168 auctoritati
565 4119 782 4177 vestra,
811 4118 934 4182 post
962 4111 1200 4166 directas
1240 4111 1497 4166 Lothario
1527 4119 1579 4166 et
1610 4111 1830 4182 episco—

231 4200 311 4271 pis
340 4200 501 4272 regni
532 4199 670 4269 ejus,
703 4207 862 4271 atque
891 4199 1164 4272 Hilduino,
1199 4199 1290 4271 qui
1336 4199 1584 4254 eamdem
1633 4199 1830 4272 Eccle-

231 4288 362 4342 siam
403 4271 782 4361 irregulariter
825 4295 1074 4358 occupat,
1125 4271 1198 4342 ita
1237 4294 1296 4341 ut
1339 4295 1635 4358 antequam
1685 4271 1830 4357 ipsas

226 4375 832 4446 mitteretis_epistolas,
887 4377 1150 4430 hactenus
1177 4375 1550 4447 praeiudicium
1607 4390 1828 4445 perma-

1937 490 1991 538 et
2019 483 2200 539 verbis
2227 502 2326 557 per
2347 486 2558 559 legatos
2606 495 2819 542 vestros
2875 485 3196 556 apostolatui
3230 491 3414 539 vestro
3441 499 3535 538 re-

1936 572 2235 629 nuntianda
2251 575 2563 646 spopondit,
2587 574 2888 646 adimplere
2906 573 3088 629 vellet.
3105 571 3264 642 Quod
3286 573 3534 628 sieorum

1936 661 2146 716 animos
2174 662 2242 717 ad
2272 663 2327 718 in
2352 664 2737 734 protelandum
2768 678 2892 718 esse
2929 662 3164 717 intentos
3206 660 3536 733 investigare

1936 765 2243 820 possemus,
2276 768 2622 824 nequaquam
2659 768 2778 808 eam
2825 751 3215 823 reciperemus.
3258 748 3532 821 Alioquin,

1937 838 1994 892 id
2022 847 2106 894 est
2151 839 2196 894 si
2249 840 2408 897 aliter
2465 841 2788 914 egissemus,
2843 839 3020 912 gratia
3050 847 3103 894 et
3157 836 3536 895 communione

1937 935 2124 984 vestra
2175 927 2283 984 frui
2335 946 2677 1002 nequaquam
2730 929 3056 986 valeremus.
3119 927 3292 997 Quam
3339 915 3547 982 vestra!

1938 1016 2272 1073 auctoritatis
2301 1018 2590 1090 epistolam
2618 1026 2676 1074 ut
2700 1017 2932 1090 oportuit
2961 1023 3276 1072 reverenter
3297 1013 3532 1086 suscepi,

1939 1111 1993 1160 et
2030 1105 2370 1178 coepiscopis
2413 1107 2618 1162 nostris
2660 1123 2780 1162 eam
2824 1105 3016 1179 relegi,
3071 1112 3125 1160 et
3163 1119 3262 1176 pro
3307 1102 3538 1176 praefata

1937 1194 2122 1249 Judith
2149 1196 2293 1266 apud
2321 1203 2530 1268 patrem
2573 1203 2628 1251 et
2671 1203 2903 1251 matrem
2942 1194 3088 1249 illius
3131 1200 3391 1266 quantum
3433 1206 3538 1263 po-

1938 1282 2160 1351 tuimus,
2193 1291 2251 1338 ut
2286 1283 2583 1340 mandastis
2635 1283 2996 1340 communiter
3049 1281 3440 1338 intervenimus
3487 1287 3541 1338 et

1941 1371 2181 1443 paternis
2203 1388 2266 1429 ac
2295 1373 2554 1428 maternis
2583 1373 2860 1428 obtutibus
2891 1387 3014 1427 eam
3061 1367 3394 1442 praesentare
3423 1377 3538 1426 stu-

1941 1459 2181 1516 duimus.
2225 1459 2348 1516 Post
2375 1477 2497 1532 qua:
2523 1460 2811 1526 voluimus,
2873 1459 2996 1532 quia
3025 1459 3105 1516 sic
3147 1458 3308 1514 nobis
3338 1473 3538 1515 secun-

1941 1549 2073 1604 dum
2121 1563 2303 1604 sacras
2355 1549 2593 1620 regulas,
2625 1549 2764 1605 sicut
2811 1564 2906 1604 eas
2934 1547 3312 1620 intelligimus,
3360 1547 3537 1602 visum

1943 1635 2118 1692 fuerat
2160 1636 2292 1709 (non
2329 1637 2474 1692 enim
2521 1637 2638 1692 sine
2668 1636 2848 1708 dignis
2893 1635 3224 1708 poenitentia
3269 1634 3538 1691 fructibus

1863 1743 1917 1805 Β
1941 1725 2151 1781 absolvi
2178 1741 2342 1796 posse
2373 1733 2644 1796 putamus,
2679 1725 2824 1798 quod
2854 1723 3478 1780 anathematis.vinculo
3507 1739 3542 1779 a

1932 1814 2105 1871 sacris
2143 1813 2350 1886 regulis
2397 1813 2710 1870 innodatum
2754 1813 3028 1882 videmus)
3068 1821 3126 1868 ut
3165 1814 3316 1884 juxta
3353 1811 3531 1868 eccleo

1932 1901 2209 1958 siasticam
2257 1901 2607 1958 traditionem
2659 1901 2810 1973 prius
2867 1901 3130 1957 Ecclesiae
3163 1917 3324 1974 quam
3373 1899 3537 1955 laese-

1931 1999 2056 2048 rant
2083 1989 2480 2058 satisfacerent,
2525 1998 2578 2046 et
2625 1989 2706 2046 sic
2753 1991 2975 2046 demum
3023 1990 3172 2062 quod
3216 1987 3538 2062 praecipiunt

1889 2081 2046 2150 -jura
2093 2079 2649 2152 legummundialium
2688 2079 2914 2151 exsequi
2985 2087 3362 2150 procurarent.
3427 2077 3538 2134 Sed

1933 2169 2187 2241 quoniam
2215 2167 2426 2223 litteras
2454 2175 2685 2234 vestras,
2737 2185 2860 2240 quae
2906 2167 3032 2222 inde
3076 2167 3210 2222 nihil
3255 2181 3539 2239 praecepe-

1933 2265 2077 2326 runt,
2118 2256 2226 2313 imo
2281 2257 2446 2311 etiam
2501 2256 2704 2311 nullam
2762 2255 3179 2327 protelationem
3237 2255 3294 2310 in
3349 2271 3539 2311 eorum

1934 2345 2315 2414 conjunctione
2363 2343 2600 2400 ﬁendam
2645 2342 3114 2416 signiﬁcaveruat,
3156 2344 3261 2399 sibi
3291 2343 3540 2400 sufficere

1934 2433 2241 2502 voluerunt,
2273 2441 2327 2488 et
2355 2433 2472 2489 sine
2499 2440 2682 2488 vestra
2711 2433 3048 2500 auctoritate,
3107 2433 3175 2487 ad
3211 2448 3369 2504 quam
3419 2431 3538 2488 cla-

1933 2529 2237 2591 maverant,
2267 2521 2393 2592 cogi
2427 2521 2532 2576 nisi
2557 2521 2664 2577 alio
2694 2538 2754 2576 se
2800 2521 2961 2577 mode
3005 2521 3382 2576 submitterent
3425 2535 3537 2576 non

1935 2610 2240 2666 debuerunt
2273 2627 2284 2664 :
2321 2625 2386 2665 ex
2416 2609 2590 2665 altera
2617 2609 2845 2681 epistola
2901 2617 3096 2665 vestrae
3127 2607 3428 2664 sanctitatis
3457 2608 3539 2664 eis

1938 2698 2118 2765 retuli,
2150 2699 2296 2770 quod
2324 2713 2434 2754 non
2461 2698 2615 2770 leges
2644 2698 3046 2754 ecclesiasticas
3074 2696 3424 2764 dissolvistis,
3443 2697 3542 2752 sed

1935 2802 2131 2857 preces
2161 2802 2262 2856 pro
2293 2801 2359 2842 eo
2387 2786 2632 2855 misistis,
2691 2786 2784 2858 qui
2824 2785 3002 2858 puniri
3045 2785 3346 2842 secundum
3389 2785 3544 2856 leges

1936 2875 2243 2930 mundanas
2295 2882 2527 2947 poterat,
2588 2882 2858 2947 quatenus
2902 2874 3083 2930 locum
3108 2873 3408 2946 paenitendi
3437 2873 3542 2929 ha-

1938 2963 2094 3018 beret
2143 2963 2290 3036 quod
2335 2971 2526 3020 contra
2571 2963 2726 3036 leges
2771 2962 2985 3018 divinas
3027 2961 3337 3018 admiserat.
3371 2961 3462 3018 Sic
3489 2968 3544 3018 et

1942 3052 2190 3108 Salvator
2260 3059 2466 3118 noster,
2523 3052 2615 3124 qui
2663 3051 2777 3108 vult
2823 3067 3014 3107 omnes
3060 3050 3311 3106 homines
3359 3049 3542 3106 salvos

1861 3101 1910 3162 Ο
1941 3138 2079 3206 ﬁeri,
2110 3147 2164 3194 et
2192 3140 2467 3194 neminem
2495 3101 2610 3195 vult
2638 3140 2842 3210 perire,
2875 3140 2931 3194 in
2959 3153 3122 3195 cruce
3151 3139 3298 3210 apud
3326 3140 3539 3194 Patrem

1929 3228 2056 3297 jure
2086 3227 2390 3284 sacerdotis
2427 3244 2528 3299 pro
2560 3228 2674 3283 suis
2710 3227 3152 3299 persecutoribus
3193 3226 3536 3295 intercessit;

1937 3315 2082 3388 quod
2111 3316 2165 3370 in
2197 3317 2278 3372 eis
2309 3317 2403 3388 qui
2430 3324 2554 3388 post
2591 3317 2904 3388 passionem
2935 3317 3052 3386 ejus
3091 3315 3457 3384 crediderunt,
3490 3323 3546 3372 et

1937 3405 2247 3477 compuncti
2304 3405 2676 3476 paenitentiam
2735 3414 2981 3478 egerunt,
3042 3405 3133 3478 qui
3205 3420 3329 3462 cum
3384 3405 3543 3461 Patre

1936 3495 2120 3550 omnia
2149 3494 2316 3549 donat
2345 3493 2634 3550 efﬁcaciter
2671 3493 3001 3566 impetravit.
3046 3495 3130 3550 Ad
3185 3494 3340 3564 cujus
3369 3493 3544 3550 instar

1934 3583 2304 3654 apostolorum
2353 3583 2610 3653 vicarius,
2659 3584 2729 3638 ad
2775 3599 3001 3655 quorum
3049 3582 3238 3639 limina
3268 3583 3539 3656 coniuge-

1935 3679 2078 3738 runt,
2157 3679 2209 3727 et
2239 3671 2522 3728 catholica
2551 3679 2714 3744 atque
2744 3672 3061 3743 apostolicae
3089 3672 3358 3729 Ecclesiae
3389 3689 3544 3728 sum-

1938 3777 2057 3815 mus
2083 3759 2352 3830 pontifex,
2387 3761 2534 3833 quod
2564 3760 2620 3815 in
2648 3761 2925 3816 hominem
2955 3777 3148 3833 regem
3179 3769 3232 3816 et
3278 3761 3332 3816 in
3390 3761 3544 3834 leges

1933 3849 2122 3904 mundi
2149 3857 2435 3920 peccatum
2465 3858 2548 3905 est
2592 3849 2881 3921 perdonari
2938 3850 3149 3921 petistis
3185 3869 3198 3904 :
3230 3858 3286 3905 ut
3314 3851 3460 3922 quod
3489 3850 3544 3908 in

1932 3949 2118 4005 regem
2163 3933 2287 3990 caeli
2335 3942 2390 3989 et
2434 3942 2610 4004 terra),
2645 3942 2697 3989 et
2728 3935 2781 3988 in
2829 3935 2982 4007 leges
3010 3935 3250 3990 cmlestis
3280 3935 3438 4006 regni
3469 3937 3547 3992 of-

1933 4021 2146 4078 fensum
2202 4031 2340 4090 erat,
2403 4023 2666 4078 haberent
2721 4023 2967 4079 inducias
3021 4040 3124 4094 per
3169 4023 3541 4095 paenitentiam

1931 4111 2206 4167 abolendi.
2239 4113 2479 4167 Econtra
2507 4111 2779 4177 carnales,
2815 4120 2867 4166 et
2896 4112 3057 4167 etiam
3087 4113 3304 4183 quidam
3352 4129 3538 4168 eorum

1932 4199 2024 4271 qui
2082 4207 2239 4254 antea
2296 4199 2662 4268 conjunctioni
2719 4200 3024 4268 hujusmodi
3071 4201 3533 4266 contradicebant,

1931 4287 2030 4342 hac
2057 4285 2375 4342 defensione
2401 4294 2458 4340 ut
2501 4286 2581 4341 eis
2623 4286 2796 4341 visum
2835 4286 3008 4341 fuerat
3052 4303 3111 4341 se
3159 4295 3532 4360 protegentes,

1933 4375 2028 4430 sed
2059 4375 2198 4430 sicut
2227 4391 2286 4431 se
2317 4375 2481 4431 habet
2511 4375 2712 4430 veritas
2745 4375 2920 4431 salute
2950 4375 3232 4444 nudantes,
3275 4376 3346 4432 ab
3386 4376 3542 4430 istius

228 4481 353 4521 nere
387 4484 401 4520 :
435 4481 636 4536 meque
666 4464 974 4519 Lotharium
1003 4481 1195 4536 regem
1217 4473 1270 4519 et
1309 4463 1504 4536 legatis
1535 4470 1588 4519 et
1617 4463 1832 4527 litteris,
1867 4453 1920 4514 D
1941 4463 2254 4520 novissima:
2295 4473 2490 4520 vestrm
2537 4464 2782 4536 epistola:
2827 4465 3007 4521 verbis
3053 4466 3315 4522 recedere
3346 4465 3541 4520 nolue-

230 4563 381 4624 prout
410 4553 582 4626 potui,
615 4569 758 4623 saepe
788 4561 842 4608 et
871 4568 937 4608 eo
976 4569 1150 4625 usque
1199 4553 1624 4619 commonuisse,
1663 4553 1840 4609 donec

231 4643 393 4716 regiis
438 4642 554 4696 suis
602 4641 792 4698 litteris
839 4642 971 4696 mihi
1040 4642 1342 4713 respondit,
1410 4642 1721 4696 Hilduinum
1770 4643 1838 4696 ad

233 4740 463 4786 vestram
494 4730 869 4786 auctoritatem
899 4747 1057 4786 suum
1083 4716 1326 4804 legatum
1359 4731 1595 4796 misisse,
1629 4738 1679 4786 et
1705 4731 1839 4786 nihil

233 4819 383 4875 aliter
410 4821 481 4875 de
512 4819 738 4890 praefata
768 4819 1012 4876 Ecclesia
1059 4819 1162 4874 nisi
1197 4828 1254 4874 ut
1309 4827 1499 4890 egerat
1544 4819 1838 4892 disponere

231 4907 505 4976 debuisse,
537 4908 713 4964 donec
742 4924 773 4962 a
801 4907 957 4964 vobis
987 4908 1112 4962 inde
1144 4924 1465 4979 responsum
1495 4908 1790 4980 acciperet.

299 4997 594 5051 Balduinus
623 5011 838 5068 quoque
869 4996 925 5050 in
955 4996 1202 5066 proximo
1223 5013 1363 5052 nunc
1385 4998 1616 5052 decurso
1647 5014 1835 5052 mense

233 5083 506 5154 Octobrio,
543 5084 732 5156 quinto
762 5085 1038 5140 Kalendas
1066 5086 1414 5152 Novembris,
1447 5102 1544 5157 per
1571 5087 1710 5140 duos
1731 5088 1832 5142 ho-

230 5173 397 5228 mines
434 5189 568 5228 suos
611 5172 744 5226 mihi
772 5173 981 5228 litteras
1013 5173 1353 5229 auctoritatis
1379 5183 1575 5230 vestra}
1612 5175 1828 5240 direxit,

231 5260 284 5314 in
313 5261 508 5332 quibus
537 5261 866 5328 continetur,
897 5269 957 5316 ut
982 5262 1206 5318 easdem
1235 5262 1444 5317 litteras
1491 5263 1833 5334 coepiscOpis

232 5349 521 5418 provinciae
563 5357 767 5404 nostra:
826 5350 1101 5422 legerem,
1148 5359 1200 5405 et
1245 5350 1429 5404 Judith
1473 5352 1718 5420 paternis
1766 5369 1831 5409 ac

234 5438 486 5494 maternis
541 5438 818 5493 obtutibus
847 5440 1284 5509 praesentandam
1314 5439 1737 5511 susciperemus,
1784 5443 1828 5496 si

234 5535 407 5581 tamen
437 5526 886 5600 intelligeremus,
937 5529 1082 5601 quod
1125 5525 1686 5599 confestimfprmfatus
1737 5547 1827 5583 ex-

1939 4561 2083 4619 runt,
2120 4570 2282 4626 quam
2314 4554 2430 4609 sine
2466 4554 2824 4624 protelationc
2874 4571 3057 4611 eorum
3103 4553 3540 4623 conjunctionem

1938 4642 2143 4697 debere
2205 4642 2324 4698 ﬁeri
2383 4643 2762 4699 demonstrare
2818 4644 3090 4698 dicebant.
3142 4641 3356 4697 Dicenti
3410 4658 3539 4698 vero

1937 4730 2090 4796 mihi,
2150 4731 2276 4803 quia
2329 4748 2428 4802 pro
2485 4732 2632 4787 nulla
2688 4739 2954 4802 potestate
3012 4738 3225 4784 terrena
3281 4731 3428 4804 quod
3473 4733 3542 4787 de

1937 4819 2326 4876 ecclesiasticis
2357 4821 2567 4892 regulis
2594 4820 2990 4890 intelligeretur
3039 4817 3310 4876 dimittere
3366 4821 3540 4877 debe-

1937 4927 2050 4963 rem
2087 4927 2099 4962 :
2133 4909 2366 4964 maxime
2424 4925 2546 4965 cum
2605 4909 2765 4962 etiam
2825 4922 3058 4975 mecum,
3109 4908 3221 4964 imo
3245 4925 3368 4965 cum
3399 4911 3536 4979 Deo,

1935 4999 2168 5054 domnus
2225 5014 2317 5052 rex
2375 5005 2562 5052 noster
2623 4994 2764 5048 filius
2797 5003 2978 5050 vester
3031 4996 3262 5053 Carolus
3293 4997 3537 5055 faceret:

1935 5085 2093 5156 quasi
2148 5086 2484 5142 consulendo
2541 5082 2671 5136 mihi
2717 5083 2935 5156 quidam
2963 5085 3068 5142 hoc
3099 5086 3373 5143 dederunt
3400 5105 3540 5144 con-

1934 5174 2133 5241 silium,
2186 5175 2240 5228 in
2289 5190 2396 5246 quo
2441 5187 2546 5226 non
2591 5171 2748 5239 meis,
2791 5175 2890 5229 sed
2936 5175 3118 5230 verbis
3162 5191 3350 5231 eorum
3395 5185 3533 5245 utar,

1933 5281 2055 5335 quae
2085 5262 2444 5318 mansuetudo
2475 5268 2678 5329 vestra,
2711 5263 2856 5318 velut
2885 5265 3195 5335 exemplum
3243 5273 3297 5320 et
3329 5265 3539 5320 doctrix

1929 5351 2232 5422 disciplinae
2289 5349 2408 5414 Dei,
2469 5349 2615 5404 mitis
2673 5359 2724 5406 et
2783 5351 3003 5406 humilis
3035 5355 3203 5409 corde
3233 5369 3299 5410 ac
3329 5353 3542 5426 patiens

1928 5437 2301 5511 arquanimiter
2330 5437 2638 5507 sustinebit,
2671 5439 2987 5510 dicentium,
3047 5450 3105 5496 ut
3135 5442 3261 5515 quia
3290 5458 3399 5498 non
3432 5459 3542 5498 sae-

1929 5526 2150 5586 cularis,
2187 5526 2280 5580 sed
2313 5527 2682 5583 ecclesiastica
2715 5527 2888 5599 pietas
2919 5528 2984 5582 de
3017 5531 3120 5586 hoc
3153 5531 3283 5586 mihi
3313 5531 3542 5604 negotio
