4026 6330
454 312 528 370 27
1129 290 1137 305 '
1395 311 1738 369 amemur
1789 310 2196 370 RHEMENSIS
2252 314 2804 376 ARCHIEPISCOPI.
3685 311 3763 381 28

456 434 765 509 imperaret,
826 436 1285 510 conspirationem
1314 436 1681 495 resistentium
1736 437 2044 512 aliquantu-
2067 437 2123 502 A
2154 441 2208 495 et
2235 441 2534 514 designatis
2561 443 2762 500 nostris
2789 445 3028 516 vicariis,
3048 446 3117 502 ad
3136 453 3375 503 vestram
3402 447 3756 519 praesentiam

454 525 567 581 lum
595 524 948 594 declinarem,
980 541 1049 582 ne
1079 526 1366 600 quisquam
1393 527 1622 583 aemulus
1642 535 1830 584 noster
1855 536 2055 586 vestras

456 614 725 672 sanctitati
764 623 1108 690 suggereret,
1151 615 1305 687 quasi
1359 615 1416 670 in
1457 624 1827 689 contemptum
1884 617 2054 674 sancti

452 704 804 775 Apostolatus
831 703 995 760 vestri
1027 713 1081 760 et
1111 704 1264 760 sedis
1291 704 1600 776 apostolicae
1639 706 1745 762 hoc
1789 706 2050 779 egissent,

457 798 510 846 et
540 798 738 848 vestrae
767 792 1198 849 mansuetudinis
1229 809 1362 866 erga
1387 809 1478 848 me
1523 793 1763 850 animum
1805 810 2054 852 commo-

455 887 631 946 veret,
677 887 730 936 et
783 897 1164 954 quamcunque
1229 882 1866 951 excommunicationem,
1917 883 2056 940 sicut

453 982 554 1038 pro
583 969 831 1026 Rothado
861 978 1038 1043 actum
1067 967 1238 1026 fuerat
1264 969 1435 1043 (quod
1479 979 1661 1027 tamen
1690 972 1761 1027 ad
1802 989 1891 1028 me
1944 988 2054 1029 non

454 1057 723 1128 pervenit,
785 1058 890 1114 nisi
944 1065 1204 1132 quantum
1259 1058 1380 1115 Odo
1435 1061 1746 1132 episcopus,
1779 1068 1832 1117 et
1865 1069 2054 1135 postea

455 1144 628 1202 Luido
674 1146 906 1220 detulit),
941 1156 1232 1221 antequam
1263 1148 1333 1204 ad
1387 1149 1762 1206 auctoritatem
1817 1158 2054 1207 vestram

455 1242 736 1307 gestorum
763 1236 963 1292 seriem
991 1237 1119 1292 inde
1135 1236 1347 1293 mittere
1392 1237 1773 1305 valuissemus,
1806 1239 1892 1295 vel
1919 1257 2057 1312 quo-

456 1324 623 1379 modo
655 1339 746 1380 res
773 1332 927 1397 gesta
957 1323 1119 1381 fuerit
1143 1342 1245 1396 per
1271 1325 1484 1398 legatos
1513 1334 1726 1382 vestros
1755 1327 2050 1396 resciretis,

460 1412 750 1469 obtineret.
800 1414 1112 1470 Praesertim
1141 1431 1266 1470 cum
1318 1415 1374 1469 in
1416 1417 1518 1472 hac
1572 1416 1801 1486 epistola
1854 1427 2054 1475 vestrae

459 1502 791 1557 auctoritatis
820 1501 1052 1576 legatur,
1085 1503 1233 1575 quod
1263 1503 1309 1558 si
1338 1503 1500 1559 aliter
1558 1503 1864 1578 egissemus
1893 1522 2055 1578 quam

457 1589 517 1644 in
559 1604 626 1645 ea
663 1591 923 1662 scriptum
967 1598 1069 1658 est,
1121 1592 1300 1666 gratia
1346 1599 1400 1647 et
1441 1594 1825 1650 communione
1871 1602 2052 1650 vestra

454 1675 561 1733 frui
613 1695 955 1753 nequaquam
1010 1680 1339 1736 valeremus.
1399 1679 1522 1750 Quo
1576 1689 1761 1738 contra
1800 1683 1932 1738 mihi
1962 1684 2051 1739 di-

452 1767 595 1857 centi
623 1769 729 1857 hoc
757 1768 813 1823 in
841 1768 1071 1840 epistola
1094 1777 1277 1825 vestra
1310 1769 1382 1825 ob
1412 1770 1468 1825 id
1511 1771 1780 1842 posuisse,
1839 1788 1908 1828 ue
1959 1770 2044 1829 fe-
2063 1794 2119 1857 Β

454 1855 603 1911 mina
630 1856 721 1911 illa
749 1872 783 1912 a
807 1857 966 1913 nobis
995 1857 1353 1930 deciperetur,
1413 1867 1466 1914 et
1522 1873 1631 1915 non
1687 1859 1760 1916 ob
1802 1861 1926 1930 hoc,
1984 1879 2054 1921 ne

454 1943 717 2001 Ecclesiae
741 1944 1092 2013 satisfaceret,
1112 1947 1532 2019 responderunt,
1555 1964 1654 2004 cur
1672 1948 1830 2005 aliter
1860 1951 2053 2009 vellem

456 2041 690 2090 vestram
733 2035 1018 2106 epistolam
1053 2035 1378 2110 intelligere,
1444 2053 1610 2109 quam
1652 2038 1808 2093 vobis
1850 2040 2055 2112 placuit

458 2137 579 2178 eam
607 2138 957 2194 componere,
991 2140 1116 2181 cum
1143 2124 1298 2181 dein
1351 2126 1626 2197 praeterito
1682 2127 1814 2182 mihi
1865 2137 2054 2185 trans-

458 2210 644 2266 missis
673 2211 790 2282 ejus
829 2228 1050 2269 sensum
1093 2229 1316 2285 posscm
1357 2213 1646 2271 manifeste
1691 2231 2052 2290 cognoscere.

458 2296 808 2372 Quapropter
852 2317 1060 2357 memor
1105 2300 1498 2375 praeteritarum
1546 2303 1893 2375 epistolarum
1922 2307 2054 2362 mihi

460 2394 514 2444 et
542 2387 815 2461 episcopis
843 2390 1002 2462 regni
1032 2386 1128 2445 ﬁlii
1156 2390 1326 2447 vestri
1377 2390 1562 2446 domui
1607 2392 1783 2449 Caroli
1822 2410 1853 2448 a
1899 2394 2055 2451 vobis

457 2475 764 2544 missarum,
805 2479 1088 2535 attendens
1135 2479 1298 2541 etiam
1345 2496 1467 2554 quae
1505 2480 1560 2535 in
1602 2480 1833 2553 epistola
1882 2500 2056 2556 nuper

456 2580 560 2637 per
587 2564 885 2623 Luidonem
928 2567 1062 2623 mihi
1107 2567 1420 2640 benignitas
1468 2576 1652 2626 vestra
1699 2570 2056 2629 mandaverat

460 2653 598 2723 (hmo
628 2654 772 2709 enim
801 2655 858 2709 in
892 2656 1242 2712 Antisiodoro
1295 2664 1422 2729 post
1478 2656 1768 2715 adventum
1798 2659 2056 2717 Luidonis

386 2812 402 2824 υ
458 2741 879 2812 ventilabantur)
924 2743 1067 2800 inter
1106 2752 1308 2800 metum
1350 2747 1751 2817 praeteritarum
1800 2756 1854 2805 et
1901 2765 2056 2820 spem

458 2829 780 2902 posterioris
809 2831 1052 2904 epistolae
1081 2832 1215 2889 mihi
1242 2833 1456 2889 mitiora
1510 2835 1882 2907 monstrantis,
1917 2853 2056 2893 cou-

460 2918 755 2974 tentionem
786 2918 844 2975 in
869 2920 972 2977 hac
1000 2936 1169 2977 causa
1196 2921 1589 2979 dissimulando
1620 2923 1806 2992 vitavi,
1838 2933 1891 2980 et
1918 2941 2055 2981 con-

459 3006 876 3064 descensiouem
937 3010 1092 3082 quasi
1142 3009 1200 3065 iu
1255 3019 1470 3082 tempus
1539 3010 1688 3068 aliud
1756 3011 2057 3070 differendo

460 3094 801 3152 dissimulavi
847 3116 861 3153 :
919 3106 1244 3170 exspectans
1300 3107 1357 3155 ut
1409 3099 1467 3154 in
1524 3115 1706 3157 causae
1743 3098 1904 3171 hujus
1935 3118 2056 3174 quae

2153 548 2279 588 eum
2326 532 2521 588 eodem
2567 533 2812 590 Rothado
2856 534 2938 591 ire
2980 551 3090 592 nou
3131 543 3444 608 potuerunt,
3496 544 3551 592 et
3593 537 3664 594 ob
3693 536 3753 593 id

2152 620 2353 676 diutius
2383 638 2544 693 quam
2575 622 2909 679 voluerimus
2938 623 3206 680 immorati
3234 623 3454 683 fuerunt
3494 643 3508 680 :
3538 624 3756 683 interea.

2153 709 2324 766 Luido
2353 709 2566 784 legatus
2595 711 2781 766 domui
2835 713 3006 768 nostri
3035 714 3182 786 regis
3211 729 3246 769 a
3294 721 3480 770 vestra
3533 715 3756 771 rediens

2152 799 2434 856 sanctitate
2464 799 2638 872 pridie
2665 800 2893 859 Kalend.
2924 802 3245 858 Decembris
3291 811 3500 858 vestras
3526 811 3759 874 aposto-

2153 887 2288 943 licas
2341 887 2550 943 litteras
2614 889 2816 945 domno
2872 896 3059 946 nostro
3114 890 3235 963 regi
3291 889 3403 947 ﬁlio
3454 899 3640 948 vestro
3699 891 3758 947 in

2153 970 2366 1028 civitate
2399 971 2749 1029 Autisiodoro
2777 973 3004 1043 detulit;
3035 982 3088 1031 et
3114 974 3244 1047 quia
3269 972 3412 1030 filius
3443 976 3562 1046 ejus
3591 983 3758 1049 atque

2152 1060 2465 1132 aequivocus
2529 1061 2772 1130 Carolus,
2842 1063 2936 1135 qui
2996 1063 3172 1136 patris
3236 1064 3477 1120 animum
3541 1063 3598 1119 in
3630 1064 3761 1136 quis

2153 1148 2386 1204 busdam
2441 1147 2757 1220 oti‘enderat,
2816 1159 2870 1206 et
2925 1152 2998 1206 ob
3052 1151 3109 1208 id
3134 1152 3202 1208 ad
3258 1153 3374 1223 ejus
3403 1152 3757 1225 praesentiam

2153 1237 2510 1310 quorumdam
2540 1238 2893 1311 suggestione
2920 1239 3314 1312 aliquantulum
3343 1240 3534 1297 venire
3575 1240 3759 1296 distu-

2151 1325 2306 1392 lerat,
2339 1334 2553 1398 patrem
2582 1327 2779 1400 legatis
2809 1329 2922 1384 suis
2948 1329 3120 1401 petiit,
3175 1337 3234 1384 ut
3277 1344 3459 1385 meam
3509 1329 3760 1402 parvita-

2152 1423 2263 1471 tem
2317 1430 2438 1471 cum
2493 1415 2613 1470 aliis
2669 1416 2996 1489 quibusdam
3027 1416 3139 1473 suis
3180 1414 3432 1473 ﬁdelibus
3458 1433 3562 1490 pro
3592 1433 3660 1474 eo
3689 1416 3763 1473 ad

2150 1503 2322 1576 ipsius
2367 1504 2606 1579 vestigia
2652 1506 2975 1563 deducendo
3022 1506 3452 1563 transmitteret:
3485 1515 3760 1579 quatenus

2150 1599 2338 1648 nostro
2364 1592 2672 1649 interventu
2699 1602 2913 1665 patrem
2940 1595 3350 1667 placabiliorem
3379 1595 3622 1651 invenire
3654 1611 3762 1652 va-

2150 1679 2302 1747 leret,
2337 1681 2690 1755 exiguitatem
2721 1682 3032 1739 humilitatis
3061 1699 3202 1740 meae
3227 1684 3462 1740 domnus
3498 1700 3598 1740 rex
3627 1684 3765 1741 illuc

2150 1769 2208 1824 in
2237 1786 2394 1826 suum
2424 1770 2613 1826 venire
2641 1771 2923 1828 servitium
2946 1772 3202 1842 jusserat.
3223 1770 3344 1842 Quo
3371 1789 3499 1829 mox
3523 1779 3581 1827 ut
3609 1773 3761 1857 veni,

2151 1858 2284 1913 mihi
2337 1857 2549 1914 litteras
2603 1867 2818 1916 vestras
2871 1860 3136 1933 legendas
3192 1860 3430 1917 donavit.
3463 1861 3527 1916 In
3556 1861 3765 1934 quibus

2154 1947 2278 2003 licet
2305 1962 2404 2019 pro
2434 1963 2533 2003 sua
2560 1947 2875 2020 dignatione
2906 1948 3210 2005 sublimitas
3248 1957 3430 2006 vestra
3477 1948 3765 2004 humilita-

2155 2044 2265 2093 tem
2301 2051 2481 2091 meam
2537 2037 2656 2094 sine
2710 2037 2817 2092 ulla
2866 2037 3049 2094 meriti
3101 2038 3467 2113 praerogativa
3498 2037 3767 2115 benigne

2154 2125 2491 2194 tractaverit,
2523 2133 2577 2182 et
2617 2143 2652 2181 a
2692 2141 2818 2183 mea
2867 2126 3177 2198 insipientia
3223 2126 3444 2199 scripta,
3499 2126 3767 2198 sapientia

2155 2221 2359 2281 vestra,
2394 2230 2563 2285 supra
2589 2213 2645 2270 id
2691 2214 2835 2288 quod
2865 2213 2979 2271 scio
3005 2222 3168 2287 atque
3222 2215 3490 2288 intelligo,
3523 2230 3635 2270 non
3670 2223 3765 2271 ta-

2155 2319 2282 2358 men
2348 2302 2557 2375 absque
2633 2302 2854 2360 inducto
2919 2303 3182 2371 cauterio,
3243 2303 3468 2361 laudare
3533 2302 3768 2376 dignata

2157 2389 2319 2446 fuerit
2350 2409 2366 2446 :
2400 2400 2579 2447 tamen
2607 2391 2664 2446 in
2693 2391 2773 2447 eis
2800 2391 2990 2448 videor
3015 2391 3148 2447 mihi
3177 2392 3365 2449 videre
3411 2391 3569 2449 vobis
3612 2391 3766 2447 mul—

2158 2479 2437 2552 tiloquium
2465 2496 2649 2536 meum
2676 2480 3008 2536 increscere.
3043 2481 3197 2537 Unde
3218 2480 3474 2554 dignetur
3503 2480 3768 2538 sanctitas

2160 2576 2344 2625 vestra
2371 2569 2664 2642 dignanter
2694 2568 2989 2641 suscipere,
3025 2568 3172 2641 quod
3201 2568 3389 2625 beatus
3426 2569 3772 2642 Augustinus

2161 2658 2229 2714 de
2273 2674 2372 2713 suo
2416 2656 2757 2730 multiloquio
2803 2656 3036 2714 Domino
3099 2656 3448 2713 dominorum
3507 2657 3771 2714 audacter

2162 2761 2271 2802 non
2301 2746 2564 2802 dubitavit
2594 2747 2778 2803 dicere
2807 2746 2927 2817 (lib.
2949 2761 3030 2801 xv
3048 2746 3115 2802 de
3151 2747 3351 2802 Trim't.
3382 2744 3438 2801 in
3458 2744 3608 2817 ﬁne),
3641 2761 3768 2801 cum

2163 2851 2224 2890 se
2252 2835 2379 2891 inde
2408 2835 2551 2905 apud
2578 2851 2704 2890 eum
2732 2835 2902 2891 voluit
2929 2833 3296 2891 excusabilem
3338 2834 3592 2903 reddere,
3625 2833 3772 2890 inter

2164 2923 2273 2980 alia
2301 2923 2550 2980 scribens
2582 2940 2596 2978 :
2636 2944 2659 2975 α
2695 2922 2868 2995 Loqui
2910 2923 3139 2978 multum
3185 2939 3297 2978 non
3323 2930 3407 2978 est
3439 2920 3687 2990 nimium,
3717 2921 3771 2977 si

2164 3020 2346 3069 tamen
2371 3019 2454 3068 est
2475 3011 2872 3068 necessarium.
2911 3032 2933 3062 ι

2236 3101 2355 3171 Qua
2409 3101 2478 3156 de
2533 3117 2612 3168 re,
2669 3100 3008 3157 sanctissime
3064 3100 3283 3157 domine
3330 3108 3384 3156 et
3413 3101 3570 3155 Pater
3597 3115 3768 3157 reve-

457 3184 622 3241 instat
640 3185 996 3258 dispositione
1018 3152 1224 3254 vestra,
1249 3205 1316 3244 ex
1343 3188 1590 3245 Rothado
1610 3152 1832 3246 discere.
1850 3152 2059 3247 valdam
2081 3152 2132 3217 α
2163 3190 2486 3255 rentissime,
2560 3189 2937 3263 aequanimiter
2995 3189 3255 3244 sustinete
3306 3187 3580 3245 modicum
3635 3187 3769 3260 quid

461 3273 695 3347 qualiter
749 3274 818 3331 de
873 3275 1083 3349 reliquo
1138 3275 1195 3331 in
1249 3266 1555 3346 hujusmodi
1603 3294 1770 3350 agere
1809 3279 2057 3336 debeam.

465 3362 664 3435 Sicque
708 3362 843 3418 nihil
890 3363 1050 3420 nobis
1093 3364 1163 3420 de
1220 3365 1588 3422 ecclesiastico
1634 3367 1938 3423 ministerio
1981 3368 2061 3423 eis

463 3450 929 3519 interdicentibus,
993 3453 1092 3509 sed
1136 3460 1320 3510 tamen
1349 3453 1493 3527 quod
1521 3454 1790 3510 valuimus
1819 3463 2061 3512 nostram

462 3541 813 3612 praesentiam
842 3540 910 3596 ab
939 3542 1044 3598 hoc
1064 3541 1287 3615 negotio
1303 3542 1750 3615 subducentibus,
1770 3543 2062 3600 Balduinus

462 3637 516 3684 et
567 3629 750 3685 Iudith
799 3630 926 3700 jura
981 3631 1164 3706 legum
1220 3631 1564 3688 saecularium
1619 3649 1742 3706 quae
1778 3633 2064 3706 elegerunt

463 3719 687 3790 exsequi
716 3718 1055 3776 studuerunt.
1087 3720 1332 3776 Domnus
1361 3721 1522 3777 etiam
1551 3730 1736 3778 noster
1775 3738 1870 3778 rex
1919 3720 2062 3778 ﬁlius

463 3815 646 3862 vester
682 3807 809 3864 huic
855 3807 1265 3880 desponsationi
1311 3817 1364 3865 et
1401 3808 1767 3880 conjunctioni
1796 3811 2064 3866 interesse

461 3911 574 3950 non
599 3895 769 3952 voluit
800 3914 814 3950 :
847 3896 946 3952 sed
975 3897 1159 3952 missis
1186 3897 1420 3968 publicas
1448 3899 1526 3955 rei
1579 3899 1862 3968 ministris,
1926 3899 2064 3955 sicut

461 3984 618 4040 vobis
659 3985 929 4056 promisit,
970 3986 1270 4042 secundum
1310 3986 1464 4060 leges
1507 3987 1692 4044 smeuli
1737 4004 1833 4043 eos
1863 3987 2059 4043 uxoria

462 4073 842 4143 conjunctione
899 4074 1205 4131 adinvicem
1264 4076 1508 4147 copulari
1559 4075 1826 4148 permisit,
1876 4084 1929 4132 et
1957 4077 2062 4132 ho-

462 4179 628 4219 nores
655 4162 922 4220 Balduino
949 4180 1051 4236 pro
1082 4172 1266 4220 vestra
1295 4165 1638 4221 solummodo
1665 4164 1927 4237 petitione
1959 4164 2065 4220 do-

463 4252 611 4308 navit
623 4294 636 4308 .

532 4329 780 4414 Denique
807 4341 879 4396 ad
895 4342 1176 4413 epistolam
1197 4350 1397 4399 vestrae
1415 4342 1780 4410 auctoritatis,
1804 4341 1869 4397 ad
1901 4357 2064 4414 quam

459 4446 549 4486 me
580 4429 828 4496 misistis,
860 4431 1180 4486 obedienter
1205 4431 1556 4499 audiendam,
1587 4430 1913 4504 generaliter
1941 4447 2065 4486 om-

2158 3278 2484 3351 insipientize
2531 3294 2689 3347 meae,
2750 3278 2849 3334 sed
2906 3286 2959 3334 et
3015 3285 3328 3350 supportate
3365 3292 3473 3344 me,
3509 3276 3555 3331 si
3584 3277 3770 3332 adhuc

2159 3368 2420 3441 quiddam
2477 3367 2546 3422 de
2591 3367 2826 3424 Rothadi
2882 3382 3049 3423 causa
3101 3365 3256 3422 vobis
3295 3365 3411 3436 jam
3439 3362 3770 3421 sufﬁcienter

2159 3457 2445 3512 notissima
2500 3457 2660 3529 quasi
2712 3465 2969 3528 repetens
3021 3455 3224 3512 scribo.
3280 3455 3416 3510 Cum
3475 3469 3603 3526 quo,
3635 3453 3769 3526 quia

2160 3544 2316 3601 vobis
2345 3545 2522 3616 placet
2551 3544 2639 3600 cui
2666 3552 2862 3601 cuncta
2890 3545 3036 3601 bona
3081 3543 3319 3616 placent,
3378 3541 3640 3597 mittimus
3678 3540 3768 3596 vi-

2160 3633 2340 3690 carios
2369 3640 2606 3703 nostros,
2636 3648 2746 3690 non
2775 3641 2832 3688 ut
2860 3640 3205 3689 accusatores
3232 3631 3301 3687 ad
3330 3629 3759 3702 conﬂigendum,

2162 3722 2260 3779 sed
2288 3729 2346 3777 ut
2372 3737 2406 3776 a
2445 3722 2712 3792 Rothado,
2762 3730 2924 3794 atque
2971 3737 3004 3777 a
3032 3721 3224 3778 vicinis
3253 3720 3474 3793 nostris,
3511 3717 3602 3791 qui
3627 3734 3764 3775 cau-

2162 3827 2280 3866 sam
2298 3810 2530 3882 pleniter
2556 3826 2622 3866 ac
2650 3810 2916 3867 veraciter
2946 3817 3040 3867 aut
3067 3809 3318 3867 nesciunt
3345 3815 3436 3865 aut
3468 3807 3609 3864 scire
3652 3823 3767 3862 non

2161 3900 2367 3967 volunt,
2412 3899 2669 3956 accusati.
2720 3899 2877 3970 Quod
2918 3914 3030 3956 non
3076 3899 3131 3954 in
3201 3904 3571 3969 contemptum
3619 3895 3770 3952 sedis

2161 3988 2495 4060 apostolica,
2552 3989 2913 4060 appellantem
2970 3987 3274 4044 Rothadum
3306 3985 3600 4042 secundum
3632 3984 3771 4040 Sar-

2163 4072 2417 4128 dicenses
2445 4088 2684 4129 canones
2715 4074 2902 4128 sedem
2948 4070 3324 4145 apostolicam,
3370 4070 3467 4124 sed
3518 4085 3644 4124 eum
3673 4066 3769 4141 qui

2163 4161 2232 4216 ad
2262 4160 2563 4217 electorum
2604 4161 2868 4232 judicium
2917 4161 2987 4215 de
3016 4159 3182 4215 certis
3210 4157 3460 4229 capitulis
3489 4172 3767 4228 provoca-

2163 4249 2258 4316 vit,
2299 4250 2456 4320 juxta
2501 4249 2958 4324 Carthaginenses
3003 4257 3057 4305 et
3084 4245 3372 4303 Africanos
3400 4261 3658 4312 canones,
3705 4261 3771 4303 ac

2163 4339 2381 4395 decreta
2444 4339 2587 4395 beati
2653 4338 2928 4411 Gregorii,
3012 4336 3340 4409 regulariter
3401 4334 3770 4406 judicavimus

2164 4436 2358 4484 vestrae
2396 4443 2623 4483 summa:
2675 4427 2979 4483 auctoritati
3040 4424 3314 4480 humiliter
3374 4423 3760 4480 intimandum.

460 4521 623 4576 nibus
678 4518 950 4591 episc0pis
1004 4519 1162 4592 regni
1217 4518 1405 4574 domui
1459 4518 1632 4575 nostri
1686 4518 1863 4575 Caroli
1914 4519 2060 4593 regis
2082 4509 2138 4572 D
2170 4516 2324 4572 Absit
2353 4517 2548 4571 enima
2576 4515 2755 4581 nobis,
2789 4523 2846 4570 ut
2873 4513 3219 4586 privilegium
3247 4513 3432 4585 primae
3462 4521 3515 4569 et
3544 4527 3774 4568 summa:

460 4609 685 4684 gloriosi
731 4623 834 4681 pro
872 4607 1103 4664 Rothadi
1149 4624 1311 4665 causa
1337 4623 1440 4679 per
1469 4606 1715 4664 Odonem
1749 4607 2065 4679 episcopum

460 4698 858 4765 transmissam,
905 4697 1041 4754 sicut
1089 4696 1284 4752 litteris
1327 4695 1609 4770 exiguitati
1658 4713 1795 4753 mea:
1843 4695 2064 4752 directis

462 4785 718 4842 sanctitas
770 4795 951 4842 vestra
1004 4785 1281 4858 praecepit,
1343 4786 1594 4853 conveni,
1651 4794 1703 4841 et
1749 4784 1909 4841 simul
1939 4801 2065 4842 cum

461 4875 669 4931 eisdem
711 4876 1110 4932 venerabilibus
1183 4875 1474 4948 episcopis,
1540 4883 1799 4946 quantum
1855 4893 1919 4932 ex
1976 4891 2066 4931 me

462 4963 581 5031 fuit,
615 4979 739 5020 mox
760 4972 1049 5035 antequam
1079 4965 1319 5036 synodus
1347 4964 1669 5031 solveretur,
1692 4972 1927 5021 vestram
1951 4963 2067 5032 jus-

463 5053 674 5109 siouem
719 5053 788 5108 de
832 5052 1029 5108 eodem
1075 5054 1338 5123 Rothado,
1373 5069 1443 5108 ue
1473 5052 1653 5124 aliqua
1681 5069 1839 5108 mora
1867 5060 2067 5108 vestra:

462 5141 846 5216 praeceptionis
875 5141 1184 5212 implendas,
1214 5149 1304 5196 aut
1345 5142 1416 5198 de
1447 5141 1864 5213 superventione
1892 5157 2066 5212 paga-

464 5247 682 5298 norum,
737 5238 828 5286 aut
856 5230 926 5286 de
955 5229 1063 5286 alia
1091 5229 1333 5302 qualibet
1361 5246 1527 5287 causa
1556 5229 1928 5297 interveniret,
1963 5229 2069 5285 ad-

464 5320 693 5393 implere
723 5319 931 5388 curavi,
961 5318 1101 5375 sicut
1131 5326 1184 5375 et
1213 5318 1378 5390 legati
1410 5319 1597 5374 domui
1626 5318 1776 5391 regis
1803 5334 1867 5373 ac
1895 5317 2067 5374 nostri

467 5417 521 5468 et
573 5410 766 5466 litterae
822 5408 1054 5482 pleniter
1105 5415 1302 5464 vestrae
1331 5414 1520 5463 notum
1548 5407 1750 5464 facient
1778 5405 2065 5463 sanctitati.

468 5498 578 5556 Sed
606 5496 859 5572 quoniam
911 5513 1076 5555 causa
1101 5495 1516 5562 interveniente,
1578 5511 1742 5569 quam
1768 5495 1926 5552 vobis
1963 5494 2069 5567 ipsi

467 5586 633 5661 legati
661 5586 920 5653 referent,
954 5586 1136 5644 statim
1164 5594 1223 5642 ut
1249 5584 1612 5659 praecepimus
1657 5584 1796 5640 datis
1851 5583 2064 5653 litteris,

2163 4605 2312 4661 sedis
2369 4612 2572 4660 sanctae
2628 4604 2887 4660 Romanae
2938 4601 3201 4658 Ecclesiae
3255 4597 3529 4672 pontiﬁcis
3556 4615 3660 4670 pro
3688 4599 3771 4656 sic

2161 4709 2332 4765 parvo
2358 4693 2681 4765 pendamus,
2715 4701 2772 4747 ut
2801 4691 3196 4749 controversias
3235 4698 3288 4746 et
3311 4689 3493 4763 jurgia
3523 4697 3636 4744 tam
3668 4705 3770 4744 su-

2162 4782 2394 4854 perioris
2422 4798 2588 4855 quam
2619 4783 2783 4838 etiam
2830 4779 3102 4837 inferioris
3145 4779 3376 4845 ordinis,
3408 4795 3531 4851 quae
3559 4777 3775 4835 Nicmui

2165 4879 2219 4928 et
2274 4871 2457 4928 ceteri
2511 4887 2786 4928 sacrorum
2835 4869 3192 4926 conciliorum
3224 4884 3485 4933 canones,
3519 4875 3571 4922 et
3601 4868 3772 4923 Inno-

2164 4960 2328 5018 centii
2371 4968 2532 5033 atque
2580 4960 2809 5016 aliorum
2849 4966 3047 5016 sanctae
3075 4959 3336 5015 Romanae
3366 4956 3514 5012 sedis
3546 4953 3770 5027 pontifi-

2164 5066 2289 5105 cum
2329 5049 2574 5118 decreta,
2622 5049 2678 5104 in
2725 5048 2952 5120 synodis
3002 5046 3429 5119 provincialibus
3476 5060 3510 5100 a
3556 5051 3772 5100 metro-

2164 5137 2419 5210 politanis
2475 5137 2798 5210 praecipiunt
2854 5137 3156 5203 terminari,
3212 5135 3284 5190 ad
3339 5141 3583 5191 vestram
3613 5149 3773 5188 sum-

2164 5243 2314 5283 mam
2343 5226 2719 5283 auctoritatem
2759 5226 3096 5301 fatigandam
3147 5224 3426 5280 ducamus.
3462 5226 3529 5278 At
3558 5222 3607 5278 si
3632 5220 3776 5281 forte

2167 5316 2234 5372 de
2278 5316 2549 5387 episcOpis
2591 5333 2754 5374 causa
2795 5323 2924 5371 nata
2968 5313 3148 5380 fuerit,
3199 5312 3344 5368 unde
3393 5319 3542 5369 certa
3587 5319 3640 5367 et
3672 5327 3776 5367 ex-

2163 5420 2361 5476 pressa
2412 5405 2469 5460 in
2523 5405 2694 5462 sacris
2750 5403 2956 5479 regulis
2984 5419 3094 5459 non
3124 5401 3421 5457 habeamus
3461 5399 3686 5472 judicia,
3719 5407 3779 5456 et

2165 5493 2236 5549 ob
2282 5493 2340 5550 id
2380 5493 2437 5550 in
2477 5494 2800 5566 provinciali
2841 5492 2931 5550 vel
2958 5491 3016 5548 in
3061 5489 3510 5563 comprovinciali
3541 5496 3780 5562 nequeat

2167 5582 2414 5641 examine
2453 5583 2691 5653 diffiniri,
2760 5585 2825 5640 ad
2891 5580 3136 5639 divinum
3199 5577 3505 5645 oraculum,
3576 5577 3630 5632 id
3697 5584 3783 5633 est
