4026 6304
207 317 274 374 29
1713 313 2092 372 EPISTOLIE.
3453 329 3521 381 30

213 439 570 512 apostolicam
601 439 793 494 sedem
835 437 993 494 nobis
1034 439 1160 494 inde
1201 447 1282 494 est
1320 441 1730 496 recurrendum.
1767 439 1825 496 Si
1853 440 2138 500 Atissime
2185 441 2507 514 redargutus
2551 441 2647 510 fui,
2692 459 2791 499 cur
2839 443 3271 518 ineorrigibilem
3317 455 3368 502 et
3413 448 3522 504 mi-

213 529 375 584 etiam
409 529 482 584 de
511 528 816 597 majoribus
846 529 1025 583 causis
1053 545 1084 583 a
1112 529 1432 600 provinciali
1463 530 1720 602 episcopo
1751 531 1823 586 ad

211 617 516 673 electorum
558 617 823 686 judicium
869 633 979 672 non
1035 616 1197 672 fuerit
1241 627 1616 688 provocatum,
1669 627 1723 674 et
1765 619 1822 672 in

211 707 394 778 aliqua
426 722 597 761 causa
631 706 777 760 idem
822 706 1109 776 episcopus
1139 706 1301 761 fuerit
1323 707 1622 776 judicatus,
1657 707 1710 761 id
1741 716 1824 762 est

212 811 242 850 ι
269 795 455 866 gradu
487 811 591 849 suo
621 793 678 848 in
725 795 1168 864 comprovinciali
1217 797 1426 866 synodo
1473 797 1736 865 dejectus,
1771 803 1824 851 et

209 891 360 954 putat
392 899 455 938 se
485 883 689 938 bonam
736 897 956 938 causam
1005 883 1228 951 habere,
1261 891 1313 938 et
1351 885 1701 954 appellaverit
1733 885 1824 956 qui

210 972 456 1040 dejectus
505 979 611 1035 est,
663 979 716 1026 et
762 970 1067 1044 confugerit
1099 973 1169 1026 ad
1217 972 1528 1043 episcopum
1561 974 1822 1028 Romana

209 1060 496 1126 Ecclesia,
532 1068 588 1116 et
619 1059 850 1116 voluerit
881 1077 939 1115 se
971 1059 1149 1114 audiri
1182 1079 1194 1115 ε
1247 1062 1293 1115 si
1315 1062 1523 1130 justum
1555 1061 1824 1132 putaverit

209 1157 267 1204 ut
292 1155 598 1205 renovetur
640 1165 886 1216 examen,
937 1149 1284 1204 scribendum
1335 1158 1417 1204 est
1462 1149 1529 1203 ab
1575 1149 1658 1204 his
1683 1193 1696 1216 ,
1731 1149 1824 1220 qui

213 1253 431 1293 causam
503 1238 888 1292 examinarunt
956 1245 1079 1308 post
1143 1237 1409 1306 judicium
1463 1238 1770 1308 episcopale
1805 1280 1818 1306 ,

213 1327 390 1382 eidem
433 1342 654 1382 summo
701 1325 963 1397 pontifici,
1014 1335 1065 1380 et
1109 1326 1178 1380 ad
1223 1325 1364 1380 illius
1411 1326 1824 1396 dispositionem

215 1416 520 1471 secundum
565 1413 858 1486 septimum
909 1414 1252 1470 Sardicensis
1283 1415 1498 1470 concilii
1531 1415 1820 1485 capitulum

211 1504 574 1560 renovabitur
621 1519 871 1558 examen.
940 1503 1081 1558 Nam
1134 1504 1204 1558 de
1250 1503 1668 1573 metropolitano
1725 1519 1824 1574 per

213 1608 398 1649 sacras
430 1593 652 1664 regulas
681 1592 989 1662 constituto,
1036 1592 1125 1663 qui
1157 1608 1223 1646 ex
1265 1593 1484 1663 antiqua
1523 1601 1820 1646 consuetu-

212 1682 337 1736 dine
371 1681 443 1736 ab
475 1679 780 1752 apostolica
809 1681 938 1735 sede
963 1680 1187 1750 pallium
1217 1680 1431 1750 accipit,
1459 1680 1598 1735 sicut
1627 1681 1736 1735 Leo
1752 1681 1822 1734 ad

213 1769 588 1835 Anastasium,
624 1769 772 1840 quod
822 1776 874 1823 et
903 1769 1186 1824 Nicanum
1217 1768 1507 1824 concilium
1543 1768 1736 1834 innuit,
1771 1777 1822 1824 et

210 1859 392 1914 caeteri
423 1859 684 1913 Romana
713 1857 859 1912 sedis
903 1855 1188 1928 pontifices
1235 1857 1291 1910 in
1330 1856 1566 1913 decretis
1611 1857 1726 1910 suis
1757 1873 1823 1911 ex

214 1947 388 2002 sacris
437 1947 744 2002 canonibus
783 1953 1104 2011 monstrant,
1151 1946 1297 2000 sedis
1341 1946 1512 2016 ipsius
1555 1943 1823 2016 pontificis

211 2036 376 2090 etiam
428 2042 556 2090 ante
595 2034 860 2104 judicium
907 2042 988 2088 est
1037 2033 1304 2088 sententia
1349 2033 1734 2105 prastolanda.
1772 2035 1822 2088 Is

213 2125 354 2179 enim
385 2132 472 2178 est
503 2123 595 2195 qui
627 2123 926 2178 secundum
970 2123 1316 2178 Ezechielem
1348 2124 1666 2194 prophetam
1697 2138 1820 2176 mo-

211 2221 363 2267 ratur
391 2213 451 2266 in
491 2212 888 2285 gazophylacio
937 2213 1084 2283 quod
1132 2211 1354 2282 respicit
1385 2213 1523 2266 viam
1555 2212 1820 2266 meridia-

212 2317 334 2357 nam
363 2309 417 2356 et
464 2301 697 2356 excubat
727 2300 782 2354 in
813 2300 1070 2355 custodiis
1102 2300 1288 2370 templi
1318 2301 1538 2370 (Ex-ach.
1574 2315 1670 2366 χι,
1707 2299 1818 2371 45).

211 2391 278 2445 Et
323 2405 429 2444 nos
477 2388 885 2460 metropolitani
927 2389 996 2442 ad
1045 2389 1511 2458 comparationem
1555 2388 1699 2442 illius
1731 2405 1820 2442 su-

212 2494 331 2533 mus
361 2479 458 2550 qui
489 2481 548 2532 in
576 2477 882 2532 ministerio
913 2477 1119 2546 altaris,
1170 2477 1316 2548 quod
1347 2485 1428 2531 est
1473 2484 1595 2530 ante
1625 2476 1819 2532 faciem

213 2566 418 2638 templi,
471 2566 529 2620 in
572 2581 681 2638 quo
730 2581 924 2621 carnes
972 2565 1364 2631 incenduntur,
1413 2565 1714 2631 servimus,
1767 2573 1821 2619 et

213 2655 620 2711 controversias
664 2653 961 2709 carnalium
1011 2654 1068 2708 in
1117 2654 1340 2724 synodis
1395 2653 1818 2724 provincialibus

213 2743 520 2798 laborantes
567 2743 914 2810 dirimimus,
975 2750 1027 2798 et
1077 2742 1145 2798 de
1191 2742 1490 2812 majoribus
1539 2758 1604 2798 ac
1650 2743 1818 2810 majo-

215 2849 330 2886 rum
388 2830 570 2887 causis
629 2832 700 2886 ad
761 2847 989 2886 examen
1065 2847 1292 2886 summa
1347 2831 1494 2885 sedis
1549 2830 1818 2902 pontificis

214 2929 332 2992 post
353 2920 626 2989 judicium
657 2918 863 2976 referre
909 2935 1183 2976 curamus.
1236 2919 1494 2974 Homines
1543 2919 1686 2974 enim
1718 2919 1816 2974 sub

213 3009 350 3064 illius
399 3016 671 3080 potestate
721 3009 821 3063 sub
867 3009 1026 3063 nobis
1071 3007 1470 3064 commilitones
1509 3008 1812 3074 habemus,

211 3103 262 3152 et
314 3097 552 3153 dicimus
610 3097 735 3152 huic
793 3097 932 3152 vade
991 3105 1042 3150 et
1099 3095 1282 3164 vadit,
1335 3104 1388 3151 et
1433 3096 1541 3150 alio
1591 3096 1714 3151 veni
1763 3103 1815 3150 et

1921 529 2148 585 nisterio
2194 545 2348 586 sacro
2391 531 2635 587 inutilem
2677 533 2862 588 tandiu
2911 535 3146 590 scienter
3194 543 3386 592 contra
3415 538 3520 594 Dei

1923 619 2252 674 voluntatem
2303 628 2355 674 et
2403 637 2614 675 sacram
2643 623 3022 678 auctoritatem
3064 632 3360 694 portarem.
3391 627 3514 698 Ego

1922 723 2074 774 vero,
2111 709 2356 779 quamvis
2387 710 2687 780 saepissime
2737 720 2790 766 et
2828 728 3034 784 regem,
3070 721 3122 767 et
3159 715 3518 786 coepiscopos

1921 811 1985 851 ac
2014 796 2220 852 vicinos
2251 813 2398 863 suos,
2451 807 2504 852 et
2551 798 2712 854 etiam
2753 815 2842 854 me
2889 801 3059 855 multo
3115 801 3334 872 sapius,
3369 804 3522 874 quasi

1925 901 1990 938 ex
2033 885 2211 941 studio
2257 886 2325 941 ad
2373 886 2706 942 iracundiam
2756 905 3058 960 provocare
3107 898 3380 964 satageret
3407 935 3420 958 ,
3453 891 3523 946 li-

1921 981 2007 1028 cet
2063 983 2430 1057 non'posset,
2490 976 2668 1030 sciens
2723 977 3244 1048 periculosissimum
3302 995 3426 1034 esse
3470 979 3526 1034 in

1923 1063 2209 1117 sacerdote
2257 1064 2632 1134 perturbatam
2679 1071 2729 1119 et
2776 1067 3107 1136 praecipitem
3156 1066 3330 1134 iram,
3382 1083 3521 1138 pra-

1920 1150 2245 1224 cipitemque
2293 1151 2544 1222 proferre
2594 1154 2934 1220 sententiam,
2985 1163 3038 1209 et
3083 1151 3524 1226 persecutionum

1922 1239 2176 1309 supplere
2207 1241 2485 1306 saevitiam,
2539 1241 3006 1298 dissimilitudines
3055 1260 3296 1310 morum,
3329 1252 3526 1300 contu-

1921 1327 2127 1382 macias
2160 1328 2606 1396 inobedientium,
2657 1338 2709 1385 et
2750 1331 3110 1404 malignarum
3159 1331 3268 1387 tela
3305 1333 3526 1405 lingua-

1920 1432 2062 1486 rum,
2096 1416 2188 1471 diu
2221 1417 2368 1471 illum
2400 1433 2508 1472 non
2539 1418 2657 1473 sine
2707 1419 2901 1474 timore
2947 1420 3015 1474 de
3044 1420 3289 1491 periculo
3310 1421 3524 1476 anima-

1921 1521 2038 1558 rum
2083 1504 2186 1558 sibi
2243 1505 2656 1560 commissarum
2712 1508 2938 1578 portavi,
3007 1517 3061 1562 et
3115 1525 3234 1563 cum
3293 1508 3526 1580 amplius

1919 1599 2143 1663 portare
2175 1609 2282 1648 non
2315 1594 2500 1660 debui,
2521 1595 2589 1648 ad
2610 1595 2966 1666 plurimorum
2989 1597 3370 1668 episcoporum
3403 1613 3530 1652 con-

1921 1681 2123 1747 cilium,
2173 1691 2230 1736 ut
2279 1683 2365 1738 vel
2413 1698 2507 1738 eos
2558 1684 2786 1750 audiret,
2835 1684 3032 1739 deduxi
3083 1701 3361 1756 :quorum
3417 1701 3526 1740 non

1851 1803 1904 1863 B
1926 1770 2116 1824 audire
2147 1771 2453 1835 consilium,
2487 1773 2584 1826 sed
2613 1773 2902 1827 adversum
2932 1788 3020 1828 me
3073 1773 3353 1844 postulare
3375 1773 3526 1842 judi-

1923 1859 2066 1913 cium
2095 1860 2302 1914 maluit.
2355 1859 2438 1915 Ad
2484 1861 2639 1930 cujus
2687 1861 3000 1932 petitionem
3051 1870 3108 1916 ut
3147 1863 3197 1916 ei
3240 1861 3525 1917 satisface-

1923 1963 2058 2014 rem,
2093 1955 2150 2002 ut
2178 1949 2265 2003 vel
2294 1948 2372 2004 sic
2421 1949 2785 2016 erubesceret,
2837 1958 2889 2004 et
2931 1967 2960 2004 a
3009 1959 3188 2022 capta
3219 1967 3276 2004 se
3309 1950 3526 2005 stultitia

1923 2043 2223 2103 revocaret,
2265 2037 2470 2106 judicio
2527 2055 2613 2092 me
2665 2038 2902 2107 devinxi,
2960 2038 3107 2092 velut
3159 2039 3270 2107 jam
3331 2047 3530 2096 vestra

1924 2125 2192 2180 sanctitati
2221 2125 2434 2195 plenius
2467 2125 2590 2180 aliis
2638 2125 2830 2181 litteris
2877 2126 3146 2194 intimavi,
3181 2137 3233 2182 et
3263 2125 3532 2199 replicare

1923 2229 2010 2268 me
2040 2229 2141 2283 pro
2172 2221 2364 2270 vestra
2395 2215 2731 2270 auctoritatis
2765 2215 3128 2271 satisfactione
3158 2217 3306 2287 cogit
3331 2233 3529 2272 neces-

1923 2301 2070 2367 sitas,
2107 2309 2164 2356 ut
2184 2304 2534 2375 cognoscatis
2557 2295 2810 2375 quoniam
2841 2303 2971 2358 nihil
2995 2305 3052 2359 in
3073 2320 3194 2360 eum
3227 2303 3317 2378 egi
3349 2304 3531 2360 animo

1921 2390 2160 2460 inimico,
2211 2391 2310 2444 sed
2355 2393 2476 2447 zelo
2524 2391 2726 2460 divino,
2776 2400 3037 2464 quantum
3087 2393 3141 2446 in
3189 2392 3527 2448 conscientia

1919 2495 2040 2533 mea
2068 2479 2385 2550 perspicere
2431 2480 2602 2535 valeo.
2657 2481 2764 2535 Sed
2812 2489 2864 2535 et
2893 2481 3094 2536 domno
3125 2481 3260 2554 regi,
3310 2497 3376 2536 ac
3409 2480 3522 2552 epi-

1920 2567 2100 2638 scOpis
2129 2567 2286 2638 regni
2317 2569 2451 2636 ejus,
2499 2576 2550 2622 et
2598 2567 3009 2640 quamplurimis
3057 2577 3164 2622 tam
3195 2569 3526 2626 ecclesiasti-

1919 2656 1996 2712 cis
2029 2671 2188 2727 quam
2219 2656 2566 2711 sacularibus
2596 2657 2746 2726 viris,
2769 2658 2884 2712 haec
2913 2665 3040 2711 sunt
3070 2665 3194 2713 nota
3225 2674 3346 2728 qua
3379 2658 3522 2713 dico.

1916 2743 2042 2799 Post
2089 2745 2486 2815 depositionem
2527 2753 2705 2800 autem
2761 2745 2924 2814 illius,
2985 2745 3190 2802 obtinui
3246 2754 3304 2801 ut
3360 2761 3519 2822 unam

1897 2831 2190 2888 'abbatiam
2233 2833 2392 2888 valde
2440 2833 2636 2888 bonam
2681 2833 2731 2890 ei
2781 2834 3011 2888 domnus
3063 2851 3158 2890 rex
3205 2841 3259 2889 et
3289 2827 3533 2906 episcOpi

1916 2923 2304 2987 consentirent,
2339 2931 2391 2977 et
2429 2937 2618 2978 omnes
2649 2939 2749 2976 nos
2779 2922 2856 2976 illi
2886 2923 3034 2979 sicut
3066 2923 3204 2994 patri
3237 2923 3304 2978 de
3334 2924 3534 2978 nostris

1918 3011 2206 3080 impendiis
2253 3011 2580 3066 serviremus
2613 3029 2626 3064 :
2662 3020 2926 3083 quatenus
2975 3012 3067 3083 qui
3116 3011 3173 3066 in
3202 3011 3414 3068 deliciis
3444 3013 3530 3068 vi-

1921 3107 2034 3154 tam
2083 3115 2301 3170 semper
2347 3099 2687 3169 perduxerat,
2741 3116 2850 3153 non
2903 3099 3270 3171 frangeretur.
3304 3101 3532 3154 Tantum

214 3187 403 3241 venit:
437 3185 692 3258 quoniam
751 3192 809 3239 ut
867 3186 974 3239 Leo
1033 3185 1161 3240 dicit
1192 3160 1380 3258 (epist.
1433 3189 1519 3250 82,
1553 3185 1626 3239 ad
1667 3185 1821 3238 Ana-
1854 3160 1980 3241 Cut
2027 3160 2318 3241 seditiosus
2347 3160 2414 3240 .et
2458 3160 2718 3241 molestus
2775 3160 3062 3242 Ecclesia:
3095 3187 3182 3242 cui
3231 3187 3528 3258 prafuerat

211 3274 476 3346 stasium)
511 3292 526 3328 :
563 3295 586 3324 ι
621 3274 693 3328 Ει
749 3273 890 3328 inter
939 3273 1284 3328 beatissimos
1334 3273 1610 3342 apostolos
1658 3272 1712 3325 in
1743 3271 1822 3325 si-

214 3363 516 3417 militudine
562 3361 784 3417 honoris
829 3360 927 3416 fuit
971 3362 1221 3432 quadam
1271 3361 1530 3416 discretio
1579 3368 1816 3430 potesta-

214 3453 298 3518 tis,
349 3458 402 3506 et
447 3467 574 3507 cum
623 3451 866 3506 omnium
913 3465 1012 3520 par
1057 3458 1203 3504 esset
1249 3449 1460 3518 electio,
1506 3448 1598 3503 uni
1644 3455 1824 3502 tamen

213 3541 398 3595 datum
444 3547 530 3594 est
578 3547 637 3593 ut
685 3538 896 3594 caeteris
917 3539 1310 3609 praemineret.
1362 3539 1442 3592 De
1493 3553 1597 3609 qua
1646 3536 1824 3592 forma

213 3629 594 3700 episcoporum
644 3643 859 3699 quoque
909 3636 1024 3682 orta
1073 3637 1156 3682 est
1201 3625 1493 3691 distinctio,
1545 3634 1596 3680 et
1625 3642 1825 3697 magna

212 3717 553 3772 ordinatione
583 3717 885 3788 provismn,
937 3733 1006 3771 ne
1053 3731 1250 3770 omnes
1301 3716 1404 3768 sibi
1435 3714 1612 3769 omnia
1643 3714 1822 3769 vindi-

213 3814 416 3873 carent,
470 3805 572 3861 sed
619 3813 804 3862 essent
855 3805 908 3858 in
959 3805 1188 3876 singulis
1235 3803 1536 3874 provinciis
1585 3803 1826 3876 singuli,

213 3909 443 3966 quorum
487 3895 629 3948 inter
658 3892 852 3948 fratres
881 3894 1172 3948 haberetur
1221 3892 1395 3963 prima
1427 3893 1697 3946 sententia
1722 3933 1734 3957 ,
1771 3900 1826 3946 et

211 3999 302 4053 per
335 3999 491 4055 quos
549 3981 618 4037 ad
667 3998 831 4036 unam
877 3983 1019 4036 beati
1062 3982 1206 4036 Petri
1251 3982 1438 4036 sedem
1501 3980 1826 4034 universalis

213 4071 472 4127 Ecclesia
502 4087 635 4127 cura
663 4071 980 4139 conﬂueret,
1016 4079 1068 4125 et
1097 4070 1233 4124 nihil
1270 4085 1504 4140 usquam
1536 4085 1568 4123 a
1603 4085 1700 4124 suo
1731 4085 1826 4124 ca-

210 4159 314 4230 pite
343 4157 776 4228 dissideret.Qui
805 4175 939 4232 ergo
971 4160 1072 4214 scit
1105 4176 1164 4213 se
1197 4159 1524 4231 quibusdam
1557 4157 1825 4228 praposi-

215 4265 339 4324 tum,
374 4274 486 4312 non
519 4257 751 4312 moleste
777 4257 922 4312 ferre
945 4257 1112 4311 debet
1134 4256 1372 4328 aliquem
1395 4255 1496 4308 sibi
1527 4271 1648 4309 esse
1679 4272 1826 4324 pra—

213 4354 370 4408 latum
407 4373 420 4409 :
455 4354 556 4410 sed
605 4354 972 4409 obedientiam
1041 4370 1200 4424 quam
1248 4353 1436 4424 exigit,
1497 4351 1655 4406 etiam
1711 4351 1827 4422 ipse

213 4443 499 4514 dependat.
541 4466 561 4491 n
600 4441 775 4512 Quam
823 4443 1112 4498 Rothadus
1141 4459 1172 4496 a
1203 4442 1318 4495 suis
1357 4441 1578 4511 exigere
1607 4439 1783 4512 magis
1807 4484 1820 4510 ,

1923 3291 2044 3330 esse
2073 3291 2182 3330 non
2209 3275 2536 3330 decertaret.
2591 3274 2749 3344 Quod
2783 3275 3018 3346 primum
3049 3275 3269 3348 quidem
3299 3277 3526 3348 acquie-

1922 3363 2016 3418 vit.
2052 3363 2178 3429 Sed,
2213 3372 2269 3418 ut
2311 3363 2497 3418 dicunt
2533 3363 2625 3434 qui
2671 3365 2775 3419 hoc
2805 3380 2864 3417 se
2917 3364 3056 3420 scire
3096 3371 3378 3433 testantur,
3413 3363 3534 3436 qui-

1923 3452 2049 3506 dam
2081 3451 2462 3522 episcoporum
2493 3451 2650 3524 regni
2670 3451 2920 3520 Lotharii,
2961 3452 3076 3507 zelo
3116 3468 3304 3507 amaro
3335 3460 3524 3508 contra

1923 3557 2024 3596 nos
2053 3540 2219 3606 ducti,
2255 3541 2378 3612 quia
2427 3539 2645 3594 illorum
2692 3540 2933 3596 consiliis
2983 3541 3052 3595 de
3087 3540 3387 3595 Waldrada
3416 3557 3526 3596 non

1923 3629 2312 3700 acquievimus,
2347 3636 2402 3683 et
2447 3629 2610 3682 etiam
2659 3628 2825 3700 aliqui
2857 3629 2926 3684 de
2957 3629 3266 3698 Germania,
3307 3637 3365 3683 ut
3396 3629 3524 3702 qui-

1924 3717 2050 3772 dam
2081 3717 2284 3785 dicunt,
2330 3717 2397 3772 ad
2427 3717 2686 3773 Ludovici
2717 3717 2799 3772 sui
2845 3719 2992 3789 regis
3023 3717 3351 3786 suasionem,
3385 3735 3528 3790 quo-

1924 3806 2068 3861 niam
2097 3822 2220 3862 cum
2251 3822 2316 3861 eo
2345 3823 2454 3860 non
2484 3805 2588 3862 feci
2617 3807 2754 3862 sicut
2801 3807 3080 3862 Rothadus
3129 3807 3183 3861 in
3238 3807 3422 3862 fratris
3452 3807 3536 3862 sui

1925 3894 1992 3949 de
2023 3910 2195 3966 regno
2225 3895 2542 3966 expulsione
2563 3937 2577 3964 ,
2609 3903 3004 3966 persuaserunt
3035 3895 3214 3951 eidem
3265 3895 3532 3967 Rothado,

1925 3991 1980 4037 ut
2009 3999 2120 4039 non
2150 4000 2208 4038 se
2240 3997 2272 4037 a
2301 3982 2567 4038 seditione
2615 3983 2885 4038 movenda
2933 3983 3310 4050 concrederet,
3347 3993 3399 4038 et
3426 3984 3536 4055 ipsi

1927 4073 2068 4142 apud
2101 4089 2198 4126 vos
2228 4072 2532 4126 obtinerent
2578 4079 2635 4126 ut
2681 4072 3078 4126 restitueretur.
3122 4073 3280 4128 Nunc
3327 4081 3526 4138 autem,

1927 4161 2066 4216 sicut
2089 4161 2348 4230 jussistis,
2382 4161 2450 4213 ad
2481 4167 2718 4214 vestram
2748 4161 3096 4230 praesentiam
3136 4169 3188 4214 et
3219 4161 3530 4231 dispositio-

1927 4275 2050 4312 nem
2081 4257 2230 4311 illum
2277 4257 2503 4326 perduci
2550 4257 2693 4326 apud
2740 4257 3000 4310 domuum
3051 4265 3299 4311 nostrum
3338 4272 3529 4329 regem

1927 4353 2098 4408 filium
2147 4361 2386 4407 vestrum
2431 4352 2791 4420 obtinuimus,
2849 4351 3141 4408 credentes
3201 4351 3329 4425 quia
3385 4352 3531 4424 quod

1929 4452 2160 4507 Domino
2191 4450 2316 4505 inde
2345 4449 2666 4522 placabilius
2713 4449 2831 4520 erit,
2855 4450 3007 4507 cordi
3036 4459 3218 4505 vestro
3247 4450 3521 4521 inspirare

213 4549 364 4603 quam
395 4531 571 4587 sacris
621 4531 829 4604 regulis
877 4531 1073 4604 sategit
1125 4531 1458 4601 dependere,
1506 4546 1628 4584 cum
1663 4529 1820 4583 etiam
1853 4519 1904 4578 D
1929 4540 2264 4612 dignabitur.
2298 4519 2378 4593 DE,
2425 4555 2534 4610 quo
2564 4539 2686 4610 quia
2715 4539 3108 4612 benignissima
3151 4519 3394 4610 dignatio
3424 4553 3526 4592 ve-

215 4621 379 4676 sancti
408 4620 593 4691 angeli
637 4619 693 4672 in
739 4621 877 4674 cmlo
906 4619 1158 4691 legantur
1224 4619 1338 4673 suis
1364 4618 1668 4688 potioribus
1697 4617 1828 4672 obe-

217 4709 348 4764 dire.
380 4710 448 4763 Et
481 4709 607 4764 ideo
639 4709 709 4762 ad
749 4709 852 4763 hoc
881 4709 1130 4779 pervenit
1162 4716 1218 4761 ut
1255 4707 1414 4776 dejici
1443 4705 1824 4778 promeruerit,

216 4815 368 4868 quem
397 4815 500 4868 per
545 4797 730 4868 plures
778 4813 950 4851 annos
997 4805 1047 4852 et
1105 4796 1394 4852 beneficiis
1443 4795 1722 4866 impensis,
1777 4811 1826 4856 et

214 4887 424 4941 monitis
471 4895 637 4956 atque
683 4885 1174 4950 obsecrationibus,
1222 4902 1323 4956 per
1373 4902 1458 4940 me
1507 4893 1560 4938 et
1603 4901 1702 4954 per
1733 4899 1823 4939 co-

214 4975 516 5047 episcopos,
550 4989 617 5030 ac
666 4991 768 5044 per
811 4990 1166 5045 quoscunque
1215 4973 1512 5028 familiares
1549 4973 1718 5043 potui,
1753 4971 1821 5026 ad

215 5063 579 5119 obediendum
610 5062 780 5118 sacris
808 5062 1014 5132 regulis
1058 5078 1409 5117 commonere
1441 5061 1644 5116 curavi.
1680 5060 1822 5114 Mul-

213 5152 363 5207 toties
423 5151 590 5208 etiam
635 5159 687 5206 et
734 5167 832 5222 per
859 5151 1068 5206 litteras
1113 5151 1582 5222 metropolitanas,
1645 5158 1697 5204 et
1754 5166 1819 5203 ex

214 5240 525 5312 apostolica
555 5239 704 5295 sedis
733 5240 1074 5308 auctoritate,
1110 5239 1288 5294 minas
1321 5240 1371 5294 ei
1411 5239 1687 5294 inculcare
1717 5255 1818 5293 cu-

217 5329 343 5396 ravi,
395 5338 450 5384 et
495 5346 562 5384 ex
619 5327 854 5384 lectione
911 5329 1304 5384 catholicorum
1361 5343 1522 5399 quam
1580 5327 1820 5398 graviter

214 5415 519 5474 oﬁ'endebat
547 5417 599 5472 ei
645 5417 933 5472 ostendere
982 5417 1199 5484 studui;
1247 5417 1316 5470 ad
1364 5432 1484 5486 qua
1517 5415 1816 5486 responde-

213 5507 316 5576 bat,
351 5508 476 5579 quia
518 5505 654 5562 nihil
701 5505 850 5560 aliud
898 5505 1082 5562 facere
1133 5506 1390 5571 sciebam,
1435 5505 1540 5559 nisi
1583 5504 1632 5559 ei
1661 5521 1814 5559 meos

212 5593 422 5650 libellos
453 5604 564 5650 tota
588 5594 678 5650 die
707 5595 1018 5650 ostendere.
1047 5596 1201 5651 Unde
1223 5611 1252 5649 a
1273 5592 1456 5648 multis
1487 5600 1540 5646 et
1559 5592 1814 5662 frequen-

1929 4639 2043 4684 stra
2072 4629 2202 4682 mihi
2233 4645 2391 4682 servo
2423 4644 2522 4699 per
2553 4627 2850 4683 Luidouem
2881 4629 3101 4700 dignata
3132 4634 3214 4679 est
3262 4625 3526 4694 scribere,

1928 4727 1984 4772 ut
2007 4719 2194 4785 juncto
2223 4717 2354 4770 mihi
2399 4717 2610 4788 integro
2659 4717 2892 4787 collegio
2940 4715 3192 4782 fratrum,
3227 4715 3529 4772 secundum

1926 4808 2146 4873 modum
2193 4806 2267 4860 ibi
2313 4806 2664 4876 descriptum,
2720 4813 2897 4860 vestra
2944 4801 3244 4872 apostolica
3292 4821 3527 4861 censura

1927 4891 2116 4958 fretus,
2151 4891 2428 4946 studerem
2461 4890 2610 4943 illum
2638 4887 2866 4958 pristino
2898 4885 3238 4960 reintegrare
3267 4889 3528 4946 decenter

1925 4981 2102 5036 ofﬁcio
2135 4998 2146 5032 :
2181 4980 2313 5034 sciat
2339 4976 2776 5034 reverentissima
2810 4983 2860 5029 et
2890 4977 3264 5033 amantissime
3295 4979 3526 5034 colenda

1922 5069 2242 5126 dulcissima
2281 5078 2459 5124 vestra
2504 5063 2814 5135 paternitas,
2868 5066 2972 5122 hoc
3001 5082 3089 5121 me
3120 5083 3287 5139 agere
3327 5068 3528 5139 nequi-

1922 5159 2086 5225 visse,
2121 5175 2221 5229 pro
2249 5158 2332 5211 his
2363 5171 2484 5226 qua
2513 5151 2854 5208 continentur
2882 5155 2937 5209 in
2968 5155 3222 5210 subditis.
3256 5155 3528 5212 Videlicet

1921 5244 2046 5316 quia
2074 5259 2197 5298 cum
2227 5239 2420 5295 litteris
2451 5237 2520 5291 ad
2566 5246 2804 5292 vestram
2849 5239 3223 5294 auctoritatem
3267 5238 3527 5296 deferen-

1919 5333 2005 5387 dis
2034 5333 2178 5386 idem
2208 5327 2486 5384 Rothadus
2511 5325 2628 5394 jam
2657 5328 2981 5382 commissus
3012 5337 3130 5382 erat
3181 5329 3282 5394 eis,
3333 5327 3426 5400 qui
3455 5329 3527 5383 ad

1918 5430 2156 5477 vestram
2185 5415 2530 5486 praesentiam
2582 5416 2732 5471 illum
2775 5417 3143 5484 deducerent,
3177 5425 3228 5472 et
3255 5417 3388 5471 mihi
3416 5433 3528 5472 non

1917 5517 2036 5564 erat
2075 5504 2340 5576 possibile
2385 5504 2661 5580 integrum
2708 5505 2938 5560 fratrum
2985 5506 3279 5578 collegium
3321 5521 3528 5562 convo-

1915 5611 2042 5650 care
2077 5612 2090 5649 :
2123 5593 2400 5665 quoniam,
2451 5604 2508 5650 ut
2549 5611 2711 5666 supra
2761 5594 2975 5664 scripsi,
3010 5611 3042 5648 a
3082 5593 3306 5648 dioecesi
3335 5600 3520 5646 nostra
