4026 6358
457 293 516 348 31
1339 295 1682 352 ΗΙΝΟΜΑΜ
1735 287 2075 360 ΗΗΕΜΕΝΞ

2197 291 2746 354 ARCHIEPISCOPI.
3693 300 3770 353 32

462 419 678 492 longius
707 436 858 477 eram
885 430 1144 490 remotus,
1177 422 1230 476 in
1261 421 1356 476 ﬁlii
1384 421 1552 477 vestri
1572 421 1723 494 regis
1742 419 1916 479 nostri
1943 434 2052 473 ser—
2081 413 2138 475 A
2165 432 2384 491 scopos,
2419 422 2510 494 qui
2538 422 2716 478 sciunt
2739 430 2795 478 et
2837 439 2926 478 me
2967 437 3077 476 una
3113 437 3238 478 cum
3284 421 3364 476 eis
3395 419 3536 477 scire
3566 429 3776 476 norunt.

465 509 634 564 vitio:
667 517 721 564 et
746 511 1001 582 quoniam
1047 511 1164 566 sine
1209 510 1427 566 illorum
1466 510 1690 579 judicio,
1727 509 1819 582 qui
1855 509 1910 562 in
1941 507 2062 576 ejus

465 597 808 668 depositione
853 598 1087 666 fuerant,
1137 608 1190 654 et
1223 599 1420 671 quibus
1461 599 1588 654 inde
1620 597 1933 674 scripsistis,
1968 611 2062 651 re-

467 685 615 741 stitui
645 687 974 760 regulariter
1013 703 1122 744 non
1171 687 1388 743 valebat
1421 703 1435 742 :
1468 696 1521 742 et
1565 687 1809 759 episcopi
1837 685 2064 741 aliarum

465 774 873 844 provinciarum
916 791 1018 847 per
1060 791 1242 832 meam
1285 777 1736 832 convocationem
1780 775 1837 828 in
1881 771 2065 829 multis

467 864 720 934 occupati
750 866 1077 938 congregari
1107 881 1218 920 non
1245 873 1513 937 poterant.
1547 864 1656 921 Sed
1676 871 1730 920 et
1755 860 2066 934 coepiseOpi

468 951 801 1008 Rhemorum
831 955 1124 1024 provinciae
1170 954 1236 1008 ab
1284 953 1404 1025 ipsa
1451 953 1680 1024 synodo,
1713 951 1764 1006 in
1807 965 1918 1022 qua
1944 948 2064 1020 epi-

470 1039 664 1095 stolam
720 1041 1018 1098 sanctitatis
1061 1050 1260 1098 vestraa
1316 1041 1644 1110 audivimus,
1703 1054 1868 1096 causa
1923 1037 2064 1093 resi-

471 1129 649 1184 stendi
678 1129 1008 1185 Normannis
1055 1130 1127 1186 ad
1165 1146 1292 1185 suas
1334 1131 1494 1185 sedes
1525 1129 1784 1185 festinare
1823 1133 2066 1182 matura-

469 1225 682 1272 verunt.
714 1217 874 1273 Pauci
905 1219 1069 1274 etiam
1097 1235 1324 1274 numero
1354 1216 1615 1290 episcOpi,
1650 1217 1740 1290 qui
1768 1231 1980 1272 mecum
2011 1215 2064 1268 in

471 1302 566 1359 lilii
595 1307 762 1361 vestri
791 1307 936 1380 regis
979 1308 1151 1362 nostri
1181 1316 1336 1362 erant
1367 1307 1634 1378 obsequio
1658 1347 1672 1372 ,
1705 1321 1830 1362 cum
1861 1303 1942 1360 eis
1971 1305 2066 1358 be-

467 1393 746 1466 nignitatis
776 1404 972 1452 vestrm
996 1397 1524 1452 commendationem
1569 1395 1638 1449 de
1681 1392 1929 1450 Rothado
1970 1409 2066 1448 re-

468 1481 598 1552 legi,
632 1484 1029 1554 responderunt
1073 1500 1184 1540 non
1233 1500 1293 1541 se
1341 1485 1480 1540 scire
1512 1483 1678 1538 talem
1707 1482 1875 1537 vitam
1904 1488 2066 1552 atque

471 1570 904 1644 intelligentiam,
953 1573 1170 1644 taleque
1217 1572 1455 1628 studium
1498 1571 1644 1628 sacri
1687 1568 1976 1625 ministerii
2011 1567 2070 1622 in

470 1673 536 1714 eo
565 1658 752 1729 fuisse,
783 1668 842 1716 ut
870 1661 924 1715 in
954 1662 1060 1718 hoc
1089 1677 1148 1717 se
1168 1660 1405 1716 miscere
1435 1660 1736 1727 auderent;
1765 1656 2070 1730 praesertim

469 1763 592 1802 cum
639 1748 704 1818 is,
765 1749 859 1820 qui
907 1757 1063 1806 antea
1108 1749 1347 1821 aliquam
1386 1748 1754 1805 reverentiam
1801 1747 1872 1802 de
1912 1745 2068 1814 deje-

469 1835 648 1892 ctione
677 1853 777 1892 sua
817 1837 1066 1907 habebat,
1117 1847 1172 1893 et
1211 1854 1431 1908 semper
1460 1835 1779 1892 inobediens
1807 1842 1860 1891 et
1890 1831 2065 1890 sacris

469 1924 698 1998 regulis,
731 1933 784 1981 et
813 1927 981 1999 regiae
1008 1927 1278 2000 dignitati,
1311 1934 1362 1982 et
1389 1925 1810 1996 metropolitano
1837 1921 2066 1995 privile-

471 2013 564 2086 gio
615 2012 809 2081 fuerat,
860 2031 1005 2071 nunc
1047 2013 1365 2072 effrenatius
1411 2015 1482 2070 ad
1525 2013 1820 2069 multorum
1865 2011 2067 2066 malum

472 2101 799 2173 exemplum,
849 2111 904 2158 et
949 2103 1306 2176 plurimorum
1361 2101 1800 2160 benevolentium
1839 2098 2068 2156 scanda-

471 2189 602 2256 lum,
637 2191 901 2246 desaavire
931 2200 985 2247 et
1010 2191 1378 2267 negligentius
1408 2198 1572 2263 atque
1593 2188 1955 2261 perniciosius
1983 2187 2068 2243 vi—

473 2294 604 2334 vere
634 2279 1002 2335 voluntatibus
1032 2281 1146 2336 suis
1180 2281 1426 2336 serviens
1473 2295 1598 2336 cum
1627 2278 1878 2334 libertate
1905 2276 2072 2332 debe-

471 2374 571 2423 ret.
606 2367 686 2423 De
715 2383 782 2424 eo
811 2376 992 2424 autem
1021 2370 1167 2441 quod
1215 2369 1521 2441 benignitas
1547 2366 1720 2422 animi
1747 2365 1910 2422 vestri
1938 2381 2071 2436 pen-

473 2471 604 2510 sans
657 2472 765 2512 non
812 2457 1132 2526 belluinum,
1191 2459 1289 2514 sed
1333 2459 1633 2512 humanum
1666 2454 1902 2510 hominis
1949 2452 2072 2507 ani-

471 2560 641 2614 mum,
675 2545 890 2617 scripsit
907 2546 1134 2602 dicens:
1164 2569 1184 2596 α
1221 2547 1478 2601 Fortasse
1507 2549 1806 2618 cognoscet
1828 2541 2074 2597 dilictum

473 2649 649 2698 suum,
703 2641 756 2688 et
802 2649 901 2689 sua
949 2642 1143 2706 sponte
1191 2635 1248 2689 in
1287 2633 1494 2703 judicio
1544 2647 1652 2704 quo
1685 2630 1962 2702 judicatus
1990 2637 2078 2684 est

475 2737 842 2792 perseverare
882 2723 1107 2796 deliget.
1158 2722 1316 2792 Quod
1367 2723 1412 2778 si
1454 2721 1662 2788 fecerit,
1708 2720 1854 2791 apud
1883 2733 2074 2791 regem

474 2809 751 2877 Carolum,
799 2811 1212 2866 dilectissimum
1253 2809 1508 2866 videlicet
1561 2808 1731 2863 filium
1795 2815 2072 2874 vestrum,

476 2898 752 2970 agendum
785 2906 889 2966 est,
921 2907 978 2954 ut
1006 2898 1329 2954 liberalitate
1359 2912 1457 2952 sua
1488 2896 1667 2952 eidem
1698 2909 1944 2968 congrua
1975 2894 2076 2949 be-

475 2983 697 3055 neficia,
720 2985 918 3058 quibus
966 2986 1294 3043 sufﬁcienter
1339 3001 1464 3042 cum
1513 2985 1626 3040 suis
1673 2984 1969 3039 sustentari
2013 2995 2080 3037 ac

475 3073 776 3132 honorifice
803 3075 1008 3148 degere
1053 3075 1242 3147 possit,
1297 3073 1534 3147 benigno
1573 3071 1770 3128 mentis
1807 3069 2078 3143 largiatur

477 3162 674 3220 affectu
707 3182 721 3220 :
758 3185 782 3214 υ
815 3164 948 3221 sciat
976 3164 1222 3237 dignatio
1262 3171 1466 3230 vestra,
1499 3177 1606 3216 non
1637 3161 1790 3216 illum
1819 3175 1944 3215 esse
1975 3159 2075 3214 hu-

469 3253 710 3322 jusmodi
755 3254 1148 3325 temperantia.
1195 3252 1330 3308 Nam
1365 3251 1434 3306 ab
1464 3267 1530 3306 eo
1561 3249 1708 3322 quod
1737 3245 1902 3320 cmpit
1931 3263 2075 3302 nun-

479 3356 644 3412 quam
671 3341 844 3411 potuit
874 3341 1146 3403 revocari.

548 3428 684 3498 Quae
711 3428 874 3484 etiam
903 3444 1010 3502 ego
1050 3427 1281 3482 famulus
1312 3434 1508 3484 vestra:
1537 3424 1924 3480 dominationis
1953 3440 2074 3479 me—

477 3517 678 3573 ditatus
709 3533 829 3573 sum
858 3533 981 3574 cum
1010 3517 1178 3575 corde
1212 3531 1356 3582 meo,
1389 3523 1440 3570 et
1469 3513 1760 3571 conferens
1788 3527 1914 3568 cum
1944 3511 2076 3566 fide-

477 3605 686 3662 lissimo
715 3606 826 3662 tilio
859 3614 1042 3662 vestro
1060 3606 1262 3661 domno
1278 3619 1401 3660 meo
1425 3619 1558 3676 rege
1588 3601 1854 3676 glorioso,
1889 3600 1944 3654 in
1972 3601 2077 3655 hac

477 3710 646 3750 causa
692 3695 946 3767 providi,
1020 3703 1216 3750 vestra;
1291 3692 1707 3764 sapientissimae
1772 3689 2081 3745 auctoritati

479 3783 720 3840 scribere
766 3783 992 3855 dignum
1033 3783 1182 3838 duxi.
1234 3781 1294 3836 Id
1327 3791 1428 3846 est,
1461 3781 1590 3852 quia
1617 3780 1741 3835 licet
1779 3777 1951 3834 fretus
1979 3793 2078 3832 ve-

479 3879 607 3928 strae
629 3871 966 3928 auctoritatis
1011 3871 1226 3936 litteris,
1285 3887 1386 3941 per
1439 3869 1738 3924 Luidonem
1785 3883 1924 3922 mea}
1959 3865 2078 3920 exi-

479 3960 673 4034 guitati
703 3961 943 4029 directis,
995 3975 1226 4032 quarum
1273 3959 1604 4013 mentionem
1633 3955 1837 4012 fecistis
1883 3955 1938 4008 in
1966 3955 2079 4025 epi-

483 4049 642 4118 stola,
677 4065 840 4120 quam
871 4048 980 4104 filio
1010 4056 1191 4105 vestro
1221 4047 1422 4102 domno
1469 4053 1654 4100 nostro
1687 4044 1806 4116 regi
1833 4043 2074 4108 misistis,

481 4154 724 4210 quasque
755 4137 832 4194 illi
877 4137 1070 4209 relegi,
1121 4136 1263 4207 apud
1313 4151 1436 4189 eum
1475 4134 1724 4190 obtinere
1753 4146 1990 4202 possem,
2025 4137 2082 4184 ut

481 4227 664 4282 missis
689 4226 823 4292 suis,
857 4226 950 4298 qui
981 4224 1288 4281 Rothadum
1317 4224 1388 4278 ad
1431 4230 1672 4278 vestram
1700 4219 2079 4275 deducendum

479 4315 828 4388 praesentiam
885 4321 1262 4386 susceperunt,
1322 4313 1624 4380 mandaret,
1685 4317 1952 4381 quatenus
2009 4307 2080 4362 ab

481 4405 795 4476 arripiendo
827 4405 1054 4460 Romam
1083 4403 1277 4457 itinere
1320 4406 1720 4470 exspectarent,
1769 4398 1944 4453 donec
1975 4412 2078 4467 op-

2161 507 2396 565 Rothadi
2421 511 2809 584 negligentiam
2837 519 2892 568 et
2929 511 3192 566 diutinam
3223 511 3278 564 in
3317 525 3474 566 sacro
3504 509 3766 565 ministe-

2163 597 2247 652 rio
2283 598 2622 656 inutilitatem
2647 643 2659 666 ,
2717 601 2787 656 de
2842 600 2961 668 ejus
3011 599 3350 654 restitutione
3406 597 3724 670 alloquerer
3751 638 3768 668 ,

2163 701 2355 742 omnes
2391 703 2479 743 me
2509 687 2844 744 in'sufﬂarent
2869 730 2884 758 ,
2915 696 2968 744 et
2997 696 3272 744 amentem
3300 686 3517 758 penitus
3540 685 3768 756 judica-

2165 783 2305 832 rent.
2341 775 2396 832 Si
2426 776 2588 832 etiam
2616 778 2884 844 Rotliado,
2906 786 2966 833 ut
2993 793 3054 834 se
3083 777 3456 842 concrederet,
3479 776 3630 848 quod
3657 791 3774 831 non

2166 881 2279 920 suae
2308 864 2498 920 salutis
2525 865 2718 921 intuitu
2747 867 2968 934 faceret,
3015 865 3281 922 beneﬁcia
3307 881 3410 920 nos
3439 865 3770 936 impetratu-

2166 968 2258 1009 sos
2303 955 2763 1025 promitteremus,
2822 955 3081 1028 quoniam
3133 970 3274 1026 pene
3315 969 3507 1010 omnes
3553 952 3611 1008 in
3649 953 3773 1008 istis

2166 1043 2463 1112 provinciis
2492 1043 2687 1113 sciunt,
2725 1043 2855 1116 quia
2885 1043 3184 1100 secundum
3227 1042 3690 1115 Carthaginenses
3723 1050 3779 1096 et

2167 1129 2449 1187 Africanos
2497 1147 2754 1198 canones,
2798 1141 2851 1188 et
2894 1131 3115 1190 decreta
3161 1131 3303 1188 beati
3334 1130 3616 1205 Gregorii,
3650 1131 3774 1187 ele-

2167 1227 2371 1274 ctorum
2403 1237 2462 1275 se
2491 1221 2762 1277 commisit
2783 1221 3008 1290 judicio,
3041 1227 3096 1275 et
3137 1218 3373 1292 amplius
3403 1233 3570 1292 quam
3600 1218 3771 1291 quin-

2167 1308 2317 1380 genti
2371 1307 2732 1364 interfuerunt
2787 1309 2990 1364 diversi
3049 1308 3259 1364 ordinis
3316 1307 3456 1375 viri,
3516 1306 3772 1363 videntes

2169 1396 2388 1468 quando
2417 1397 2558 1452 calix
2587 1413 2788 1453 aureus
2817 1414 2942 1454 cum
2972 1397 3203 1470 gemmis
3251 1411 3284 1451 a
3311 1411 3559 1468 caupone
3590 1403 3645 1451 et
3676 1403 3768 1451 ta-

2168 1485 2424 1541 bernaria
2452 1503 2552 1556 per
2579 1487 2804 1542 missum
2835 1486 2982 1558 regis
3002 1486 3070 1541 de
3091 1485 3236 1540 illius
3255 1485 3488 1558 pignore
3520 1491 3776 1556 sumptus

2170 1579 2235 1650 et
2251 1572 2463 1628 delatus
2492 1573 2590 1629 fuit
2627 1575 2684 1628 in
2730 1574 3020 1646 synodum,
3053 1581 3107 1628 et
3135 1573 3368 1629 scientes
3407 1587 3641 1629 coronas
3671 1589 3774 1628 ar-

2171 1668 2398 1734 genteas
2427 1677 2460 1716 a
2499 1663 2708 1728 Iudaeo,
2765 1662 2850 1718 cui
2897 1662 3018 1717 illas
3062 1661 3305 1727 dederat,
3356 1669 3686 1733 resumptas,
3723 1669 3781 1717 et

2106 1765 2162 1827 B
2181 1747 2466 1806 facultates
2497 1751 2899 1808 ecclesiasticas
2928 1751 2998 1805 ab
3029 1766 3094 1806 eo
3141 1764 3487 1822 suppressas,
3519 1756 3573 1805 et
3599 1749 3782 1806 laten-

2182 1846 2268 1893 ter
2304 1839 2714 1895 commendatas
2739 1883 2752 1906 ,
2819 1839 3054 1911 indeque
3111 1845 3362 1909 receptas
3415 1845 3469 1894 et
3513 1836 3784 1894 Ecclesia

2164 1926 2426 1994 redditas,
2449 1935 2502 1983 et
2531 1929 2752 1984 vascula
2783 1935 3068 2000 argentea,
3089 1943 3211 1999 quae
3239 1943 3350 1982 non
3378 1925 3540 1998 pauci
3567 1925 3782 1998 ponde-

2167 2015 2244 2071 ris
2273 2031 2306 2070 a
2335 2016 2502 2088 longo
2531 2024 2779 2087 tempore
2807 2017 2866 2071 in
2885 2015 3135 2072 Ecclesia
3155 2015 3555 2086 pependerunt.
3588 2014 3698 2071 Sed
3721 2021 3782 2070 et

2169 2103 2294 2174 alia,
2329 2121 2452 2176 qum
2479 2105 2564 2159 sui
2605 2105 2926 2162 decessores
2955 2120 3022 2161 ac
3049 2105 3521 2175 praedecessores,
3557 2103 3774 2159 caeteri-

2169 2210 2275 2264 que
2306 2191 2496 2250 fideles
2523 2211 2625 2264 pro
2657 2193 2900 2249 remedio
2929 2193 3122 2248 animae
3151 2208 3264 2249 suae
3297 2191 3477 2248 eidem
3509 2191 3780 2248 Ecclesiae

2176 2282 2508 2350 obtulerunt,
2559 2283 2626 2336 ab
2674 2299 2740 2338 eo
2789 2282 2904 2337 sine
2954 2296 3226 2338 consensu
3268 2281 3672 2353 metropolitani
3710 2295 3784 2336 ac

2169 2371 2636 2442 coepiscoporum,
2673 2379 2724 2426 et
2755 2371 2871 2426 sine
2921 2370 3190 2428 oeconomi
3220 2386 3284 2426 ac
3320 2370 3780 2442 presbyterorum

2171 2469 2224 2516 et
2251 2459 2606 2515 diaconorum
2635 2477 2748 2516 suae
2775 2459 3033 2516 Ecclesiae
3057 2475 3334 2514 consensu
3363 2475 3464 2530 pro
3493 2457 3647 2514 libitu
3674 2475 3783 2514 suo

2173 2549 2392 2604 donata.
2427 2549 2562 2604 Cum
2609 2549 2771 2604 etiam
2817 2549 3008 2602 beatus
3059 2547 3368 2619 Gregorius
3414 2547 3691 2602 multoties
3720 2547 3783 2601 in

2175 2637 2418 2708 epistolis
2446 2637 2560 2692 suis
2599 2654 2666 2693 ex
2709 2637 2882 2693 sacris
2911 2637 3212 2692 canonibus
3243 2635 3463 2702 scribat,
3511 2625 3780 2708 quaecun-

2176 2743 2282 2798 que
2311 2727 2601 2798 episcopus
2631 2733 2752 2798 post
2781 2725 3180 2781 ordinationem
3210 2725 3556 2796 episcopatus
3585 2723 3782 2796 acqui-

2177 2814 2344 2879 sierit,
2390 2814 2573 2870 omnia
2618 2831 2740 2868 esse
2769 2813 3030 2869 Ecclesiae
3075 2813 3131 2866 in
3159 2827 3268 2885 qua
3304 2811 3508 2867 exstitit
3545 2811 3781 2870 ordina-

2177 2909 2283 2956 tus.
2317 2902 2472 2958 Unde
2515 2909 2726 2959 constat
2777 2902 2906 2974 quia
2952 2917 3055 2958 nec
3097 2903 3214 2972 ipse
3237 2901 3356 2956 sine
3402 2915 3690 2956 (economo
3718 2909 3785 2955 et

2177 2990 2506 3046 conscientia
2537 2989 2863 3046 clericorum
2890 2990 2983 3045 illa
3011 2989 3208 3046 debeat
3236 2989 3578 3060 dispensare.

2251 3079 2359 3136 Sed
2405 3086 2459 3135 et
2493 3095 2684 3134 omnes
2730 3078 2876 3134 urbis
2921 3078 3114 3134 incolae
3151 3093 3214 3133 ac
3256 3076 3441 3148 populi
3465 3119 3481 3145 ,
3531 3077 3785 3149 quicum

2180 3184 2311 3240 rege
2341 3175 2394 3222 et
2438 3167 2708 3238 episcopis
2757 3168 2829 3222 ad
2878 3167 3146 3238 synodum
3195 3173 3607 3233 convenerunt,
3641 3173 3695 3220 et
3722 3173 3788 3218 ut

2178 3271 2373 3312 revera
2421 3257 2492 3311 ad
2544 3255 2919 3326 spectaculum
2970 3261 3256 3310 currentes
3280 3296 3292 3319 ,
3345 3269 3472 3308 eum
3530 3253 3790 3310 viderunt

2176 3361 2351 3417 usque
2407 3346 2476 3400 ad
2531 3345 2728 3400 ostium
2786 3344 2981 3416 synodi
3034 3343 3342 3399 venientem
3368 3384 3382 3408 ,
3445 3349 3498 3398 et
3529 3342 3656 3397 inde
3720 3350 3784 3396 ut

2177 3434 2526 3489 maniaticum
2573 3435 2893 3489 redeuntem
2944 3451 2958 3486 :
3018 3431 3219 3504 quique
3283 3430 3461 3488 sciunt
3517 3439 3782 3503 quantam

2177 3517 2570 3590 benignitatem
2599 3517 2749 3590 regis
2779 3525 2832 3571 et
2859 3515 3090 3570 fratrum
3129 3530 3414 3586 spernens,
3449 3514 3684 3586 qualiter
3713 3517 3785 3571 de

2178 3605 2340 3661 certis
2368 3605 2636 3676 capitulis,
2669 3606 2813 3660 unde
2859 3604 3002 3659 sacri
3032 3619 3271 3658 canones
3299 3618 3562 3675 expressa
3583 3603 3784 3660 decre-

2180 3702 2372 3750 verunt
2429 3691 2661 3762 judicia,
2715 3692 2988 3762 judicatus
3044 3691 3472 3762 lacrymantibus
3529 3708 3664 3766 rege
3725 3701 3782 3747 et

2180 3779 2452 3850 episcopis
2479 3778 2670 3834 durior
2699 3793 2832 3832 saxo
2861 3776 3185 3843 recesserit,
3215 3784 3472 3848 putarent
3508 3792 3609 3832 nos
3633 3818 3648 3847 ,
3689 3777 3788 3848 qui

2181 3883 2307 3923 eum
2336 3867 2638 3923 secundum
2675 3875 2862 3922 sacros
2903 3879 3141 3920 canones
3181 3865 3338 3935 (sicut
3367 3881 3463 3920 eos
3507 3864 3786 3920 intellexi-

2181 3971 2320 4021 mus,
2373 3955 2776 4026 judicavimus,
2836 3961 2890 4009 et
2934 3961 3127 4024 postea
3181 3961 3240 4007 ut
3297 3953 3402 4024 ipsi
3456 3953 3786 4025 praecipiunt

2180 4059 2420 4100 canones
2451 4061 2553 4115 per
2573 4043 2958 4114 coepiscopum
2979 4049 3228 4096 nostrum
3251 4041 3344 4113 qui
3374 4041 3554 4096 eidem
3577 4041 3787 4111 judicio

2180 4132 2442 4198 interfuit,
2487 4132 2641 4202 prius
2681 4131 2944 4200 judicium
2975 4139 3224 4185 nostrum
3268 4130 3337 4185 de
3367 4146 3433 4185 eo
3465 4129 3695 4196 referre,
3729 4137 3791 4185 et

2179 4238 2324 4278 nunc
2362 4221 2494 4276 illud
2524 4221 2698 4292 ipsum
2731 4237 2854 4276 cum
2891 4220 3090 4275 nostris
3123 4219 3317 4274 litteris
3347 4227 3508 4290 atque
3540 4219 3784 4284 vicariis,

2177 4310 2314 4366 sicut
2335 4310 2596 4380 jussistis,
2630 4310 2698 4365 ad
2729 4308 3088 4381 apostolicam
3121 4308 3329 4372 sedem,
3368 4323 3488 4378 quae
3517 4315 3784 4378 paternos

2179 4415 2415 4456 canones
2477 4388 2779 4454 servandos
2833 4395 3138 4462 confirmat,
3203 4403 3255 4450 et
3311 4395 3666 4451 confirmatos
3724 4412 3790 4452 ac

482 4501 778 4566 portunum
826 4499 1040 4562 tempus
1093 4489 1380 4560 episc0pos
1431 4488 1718 4560 regionum
1773 4493 2084 4540 nostrarum
2111 4477 2556 4543 Dobservandos
2587 4503 2684 4541 sua
2725 4485 3109 4541 observatione
3138 4485 3512 4551 demonstrat,
3547 4483 3790 4556 dirigere

484 4581 823 4639 convocandi
851 4579 1134 4635 adveniret
1166 4596 1178 4632 :
1214 4577 1342 4650 quia
1386 4593 1496 4631 non
1527 4583 1643 4632 erat
1685 4575 1844 4640 ratio,
1875 4581 1933 4628 ut
1961 4572 2082 4628 aliis

483 4670 893 4738 notiﬁcaretur,
944 4685 1040 4724 cur
1094 4666 1328 4722 Rothadi
1376 4665 1719 4720 transmissio
1774 4663 2086 4718 tardaretur

485 4768 774 4831 antequam
819 4756 1090 4830 episcopis
1139 4763 1338 4811 vestra)
1369 4754 1707 4810 auctoritatis
1749 4751 1980 4823 epistola
2009 4749 2086 4805 le-

486 4856 727 4923 geretur,
760 4855 972 4919 poterat
1001 4845 1140 4912 tieri,
1164 4853 1222 4900 ut
1252 4844 1344 4916 qui
1387 4861 1472 4899 me
1505 4843 1690 4898 divina
1717 4839 2004 4896 clementia
2033 4846 2087 4894 et

487 4953 588 4992 sua
617 4935 950 5008 benignitate
980 4944 1032 4990 et
1079 4934 1284 4990 amoris
1317 4933 1607 4988 devotione
1655 4929 1859 4998 colunt,
1913 4936 1965 4984 et
1993 4927 2087 4982 ali-

491 5026 618 5100 quid
665 5025 934 5080 aestimant
990 5040 1112 5078 esse
1161 5039 1286 5079 cum
1327 5021 1461 5076 nihil
1507 5019 1629 5084 sim,
1692 5025 2089 5092 cognoscentes

486 5131 612 5171 meo
638 5114 860 5170 obtentu
890 5112 946 5166 id
973 5111 1262 5176 accidisse,
1295 5111 1351 5166 in
1379 5127 1468 5165 me
1491 5108 1816 5164 scandalum
1846 5114 2092 5177 pateren-

490 5214 597 5272 tur,
640 5203 795 5276 quasi
851 5199 1126 5257 contemni
1181 5207 1273 5254 aut
1325 5198 1530 5270 negligi
1578 5197 1817 5253 facerem
1855 5203 2092 5251 vestram

491 5290 1042 5356 commendationem,
1079 5287 1170 5360 qui
1199 5287 1342 5342 intra
1372 5287 1694 5342 constitutos
1733 5301 1764 5340 a
1792 5284 1948 5339 vobis
1977 5283 2094 5338 dies

491 5384 544 5438 in
576 5381 807 5453 epistola
852 5394 952 5450 per
981 5377 1231 5434 Odonem
1277 5375 1592 5446 episcopum
1620 5375 1810 5440 missa,
1857 5373 1928 5427 ad
1959 5372 2094 5426 obe-

495 5471 753 5528 diendum
785 5476 1024 5524 vestram
1073 5463 1372 5523 accclerari
1402 5464 1625 5520 fecerim
1657 5470 1916 5534 quantum
1948 5460 2096 5531 potui

492 5559 816 5632 jussionem.
848 5559 914 5611 Et
942 5557 986 5609 si
1019 5555 1236 5627 quando
1281 5554 1339 5608 in
1368 5569 1535 5607 unum
1567 5551 1940 5615 convenirent,
1977 5549 2096 5619 epi-

2181 4577 2644 4647 procuravimus,)
2701 4575 2768 4630 de
2827 4583 3024 4630 vestrae
3079 4573 3416 4629 auctoritatis
3467 4573 3681 4642 justitia
3737 4582 3793 4629 et

2184 4659 2446 4731 aequitatis
2489 4658 2777 4713 libramine
2820 4658 3090 4724 dubitare,
3137 4665 3190 4712 et
3218 4657 3342 4711 ideo
3373 4663 3430 4710 ut
3461 4673 3520 4710 se
3553 4671 3789 4712 concre-

2186 4748 2340 4803 deret
2367 4748 2632 4803 locarium
2659 4747 2710 4802 ei
2736 4747 3076 4818 promittere,
3113 4746 3297 4816 sicque
3327 4761 3428 4800 nos
3475 4752 3532 4798 ut
3561 4744 3790 4800 insanos

2186 4837 2382 4891 merito
2410 4837 2751 4891 denotarent.
2788 4836 2924 4891 Cum
2971 4834 3133 4888 etiam
3179 4834 3224 4888 si
3255 4832 3373 4888 fieri
3402 4842 3607 4904 posset,
3643 4835 3790 4904 quod

2189 4927 2257 4981 ab
2287 4926 2380 4981 illa
2422 4927 2596 4996 prima
2642 4933 2693 4980 et
2732 4931 2918 4978 sancta
2965 4924 3095 4978 sede
3141 4938 3206 4978 ac
3235 4938 3448 4978 summo
3477 4923 3790 4993 apostolatu

2191 5023 2372 5070 vestro
2403 5013 2640 5070 ﬂendum
2670 5029 2778 5068 non
2808 5011 3066 5078 creditur,
3102 5021 3158 5066 ut
3199 5011 3320 5066 talis
3353 5027 3386 5066 a
3412 5011 3567 5066 vobis
3601 5011 3796 5084 cogni-

2191 5115 2276 5162 tus
2305 5105 2584 5160 restitutus
2615 5103 2669 5156 in
2717 5101 2908 5156 ordine
2956 5102 3279 5165 nominetur,
3327 5100 3473 5155 nulla
3519 5101 3678 5156 nobis
3723 5101 3793 5156 de

2193 5203 2393 5250 caetero
2421 5190 2752 5247 conscientia
2779 5190 2847 5244 de
2876 5189 2978 5244 sibi
3009 5205 3041 5245 a
3065 5189 3216 5245 vobis
3238 5189 3546 5244 commissis
3576 5187 3793 5243 anima-

2195 5283 2296 5336 bus
2335 5288 2482 5336 esset
2511 5279 2831 5350 periculum.
2861 5281 2929 5334 Et
2955 5295 3078 5333 cum
3109 5293 3298 5332 omnes
3326 5277 3381 5331 in
3411 5277 3531 5332 istis
3559 5276 3800 5349 regioni-

2195 5372 2295 5425 bus
2328 5369 2499 5424 sciant
2529 5385 2693 5440 quam
2723 5367 3012 5440 negligens
3059 5374 3112 5421 et
3141 5373 3484 5436 contemptor
3513 5382 3794 5421 sacrorum

2198 5474 2489 5520 canonum,
2563 5467 2612 5512 et
2669 5456 2908 5530 quandiu
2975 5470 3246 5527 quamque
3303 5454 3572 5526 patienter
3629 5463 3794 5526 atque

2199 5547 2433 5617 benigne
2476 5545 2637 5600 fuerit
2679 5545 2958 5608 toleratus,
2994 5552 3044 5597 et
3076 5559 3107 5597 a
3138 5559 3296 5614 quam
3327 5542 3539 5606 invitis,
3575 5541 3704 5614 quia
3735 5559 3794 5597 se
