4026 6330
164 285 221 336 33
1581 277 1960 334 EPISTOLJE.
3393 281 3463 335 34

167 403 443 476 corrigere
477 403 674 470 noluit,
709 403 1007 459 secundum
1037 418 1218 460 sacras
1247 403 1490 476 regulas,
1513 402 1651 458 sicut
1666 417 1760 458 eas
1780 403 1838 462 Α
1869 403 2023 458 Unde
2053 403 2200 457 illum
2231 411 2411 458 vestra
2437 403 2828 459 discretissima
2851 405 3044 474 pietas,
3069 420 3189 475 quae
3205 419 3460 475 compas-

169 491 544 558 intelleximus,
579 490 742 546 fuerit
763 490 1060 562 judicatus,
1092 491 1296 546 nullam
1325 491 1531 546 habere
1559 506 1757 561 posse-

171 597 282 635 mus
311 579 706 636 verecundiam
736 579 804 634 de
832 579 1168 634 restitutione
1197 578 1359 645 illius,
1385 579 1430 633 si
1461 578 1596 634 foret
1618 578 1760 634 facta

171 685 200 724 a
245 667 412 724 vestri
459 667 662 723 summi
704 667 1050 738 pontiﬁcatus
1095 667 1294 738 pietate
1320 710 1332 734 ,
1393 668 1523 739 quia
1569 683 1761 722 omnes

171 773 320 813 senes
350 773 476 812 cum
501 756 813 826 junioribus
841 757 1043 819 scimus
1072 765 1288 811 nostras
1313 756 1594 812 Ecclesias
1626 756 1760 810 sub-

172 847 301 901 ditas
346 861 476 900 esse
522 846 785 900 Romanae
832 844 1112 911 Ecclesiae,
1163 853 1216 900 et
1259 861 1361 900 nos
1391 845 1677 916 episcopos
1706 843 1764 898 in

171 935 398 1006 primatu
429 933 577 989 beati
605 934 750 988 Petri
779 933 1051 1002 subjectos
1079 949 1204 989 esse
1233 935 1478 990 Romano
1496 932 1758 1004 pontiﬁci,

170 1033 216 1078 et
244 1023 313 1077 ob
340 1023 399 1077 id
429 1022 587 1078 salva
616 1020 744 1092 ﬁde,
779 1038 900 1093 qua
926 1021 981 1076 in
1015 1021 1264 1078 Ecclesia
1307 1037 1526 1093 semper
1568 1021 1760 1093 viguit,

173 1121 238 1177 et,
267 1110 508 1166 Domino
555 1117 904 1181 cooperante,
956 1110 1190 1180 ﬂorebit,
1235 1110 1395 1166 nobis
1440 1118 1522 1166 est
1567 1116 1765 1166 vestrae

171 1199 476 1270 apostolicae
535 1198 842 1254 auctoritati
891 1199 1277 1254 obediendum.
1340 1198 1511 1254 Nobis
1565 1197 1765 1270 quippe

173 1305 284 1344 cum
314 1287 442 1342 aliis
474 1288 782 1359 quibusque
827 1287 1086 1358 scriptum
1133 1295 1233 1352 est,
1279 1287 1408 1360 quia
1449 1287 1608 1342 Jesus
1651 1294 1767 1342 erat

177 1376 418 1431 subditus
444 1375 769 1448 parentibus
799 1375 911 1430 suis
932 1377 1088 1448 (Luc.
1113 1391 1172 1444 ll,
1194 1377 1311 1446 51),
1343 1375 1610 1446 nobisque
1637 1374 1766 1430 item

179 1464 432 1536 scriptum
448 1473 536 1520 est
555 1483 569 1518 :
593 1465 816 1521 Obedite
829 1467 1150 1537 praepositis
1169 1465 1390 1530 vestris,
1411 1467 1466 1520 et
1486 1465 1768 1536 subjaeete

173 1555 244 1609 eis
259 1553 413 1621 (Hel).
435 1569 540 1620 xu,
561 1553 652 1624 17)
673 1572 688 1618 ;
723 1560 775 1608 et
799 1570 813 1606 :
833 1552 988 1608 Nihil
1003 1569 1106 1624 per
1123 1553 1566 1619 contentionem,
1591 1567 1768 1624 neque

170 1641 518 1713 perinancm
539 1641 781 1712 gloriam
797 1641 1027 1712 (Philip.
1049 1655 1106 1706 ti,
1129 1639 1214 1712 3);
1235 1649 1288 1695 et
1313 1658 1326 1694 :
1351 1643 1420 1696 Et
1440 1642 1492 1696 si
1507 1641 1632 1714 quis
1649 1641 1775 1696 vult

1867 491 2078 546 sionem
2105 490 2372 562 proximo,
2407 500 2460 546 et
2499 491 2874 547 rectitudinem
2919 492 3125 548 dictare
3166 492 3312 548 vitiis
3356 509 3462 548 no-

1864 579 1958 645 vit,
2005 579 2116 634 suis
2165 579 2479 651 apostolicis
2525 579 2716 634 litteris
2735 579 3068 635 sufﬁcienter
3082 581 3450 651 praemonuit:

1869 667 2068 740 quique
2127 667 2269 723 inter
2326 667 2461 723 alias
2519 669 2800 724 secordias
2861 676 3027 724 tantae
3085 668 3295 724 duritiae
3343 686 3464 724 esse

1866 755 2208 826 dignoscitur
2232 799 2246 825 ,
2297 764 2353 810 ut
2401 771 2527 812 cum
2570 756 2842 812 multoties
2889 756 3005 811 sine
3056 756 3166 812 ullo
3213 765 3464 828 respectu

1875 844 2088 900 timoris
2118 845 2206 901 vel
2248 845 2454 900 amoris
2499 845 2686 910 divini,
2733 853 2786 900 et
2831 845 3038 916 absque
3081 844 3190 900 ulla
3231 845 3472 902 humana

1869 933 2235 1000 verecundia,
2294 950 2394 1005 per
2449 941 2527 988 tot
2577 949 2749 989 annos
2799 941 2854 988 et
2906 933 2964 988 in
3029 934 3192 988 tantis
3253 933 3468 1001 causis,

1873 1021 2032 1076 toties
2081 1022 2254 1077 sacris
2301 1021 2636 1087 canonibus,
2692 1030 2746 1076 et
2791 1021 3028 1078 decretis
3073 1029 3274 1078 sanctae
3322 1021 3470 1078 sedis

1868 1110 2126 1164 Romanae
2191 1109 2538 1180 pontiﬁcum,
2615 1118 2668 1164 et
2738 1126 2852 1166 suae
2911 1111 3234 1182 metropolis
3292 1109 3469 1182 privi-

1869 1197 2034 1270 legio,
2083 1215 2146 1253 ac
2194 1199 2547 1270 synodalibus
2586 1198 2808 1268 judiciis
2857 1199 3226 1266 resultaverit,
3275 1207 3329 1254 et
3369 1215 3472 1271 per

1877 1295 2061 1342 tantos
2089 1303 2262 1342 annos
2305 1286 2681 1358 tantisperque
2721 1287 2980 1343 toleratus
3025 1303 3058 1342 a
3100 1304 3198 1342 sua
3250 1287 3474 1342 stultitia

1877 1391 1939 1430 se
1971 1391 2227 1431 revocare
2256 1375 2664 1446 contempserit,
2697 1392 2724 1429 a
2755 1392 2888 1448 rege
2918 1384 2970 1431 et
3001 1376 3274 1447 episcOpis
3293 1375 3474 1430 multi-

1871 1463 2084 1535 pliciter
2113 1465 2429 1519 obsecratus
2471 1465 2528 1518 in
2568 1465 2674 1519 hoc
2713 1464 2909 1520 adduci
2979 1465 3168 1536 potuit,
3217 1473 3274 1520 ut
3303 1465 3472 1522 sacris

1872 1552 2174 1608 canonibus
2205 1560 2258 1606 et
2286 1552 2524 1608 decretis
2554 1561 2758 1608 sanctae
2797 1552 2944 1608 sedis
2986 1553 3248 1610 Romanae
3287 1554 3471 1625 ponti-

1873 1639 2053 1709 ﬁcum,
2089 1648 2142 1696 et
2173 1641 2470 1696 secundum
2501 1657 2564 1695 ea
2593 1657 2705 1695 suae
2733 1640 3050 1712 metropolis
3081 1641 3370 1714 privilegio
3399 1643 3470 1698 de

172 1730 557 1787 contentiosus
573 1745 712 1796 esse,
734 1745 834 1786 nos
857 1731 1032 1785 talem
1053 1729 1524 1792 consuetudinem
1536 1746 1652 1786 non
1675 1730 1767 1784 ha-
1799 1752 1854 1812 B
1872 1737 2071 1785 caetero
2119 1746 2178 1784 se
2221 1729 2567 1784 obediturum
2610 1729 3006 1799 subscriberet,
3053 1729 3310 1800 quoniam
3353 1730 3470 1787 sine

175 1820 377 1885 bemus,
401 1835 584 1890 neque
603 1819 858 1874 Ecclesia
885 1819 986 1874 Dei
1013 1819 1066 1888 (Ι
1095 1819 1214 1875 Cor.
1239 1833 1318 1884 χι,
1346 1817 1460 1886 16.)
1478 1819 1774 1888 Propterea

174 1907 380 1962 locutus
418 1923 542 1961 cum
585 1904 906 1962 ﬁdelissimo
952 1903 1064 1961 ﬁlio
1108 1913 1294 1962 vestro
1321 1947 1334 1974 ,
1399 1907 1602 1961 domno
1647 1921 1774 1960 meo

178 2012 300 2066 rege
329 1993 600 2066 glorioso,
660 1993 739 2048 illi
767 1993 1048 2066 replicavi,
1089 1995 1234 2066 quod
1292 2011 1437 2065 saepe
1481 1994 1772 2063 inculcavi,

178 2084 432 2155 quodque
477 2082 842 2138 libentissime
895 2083 1107 2154 accepit
1151 2087 1206 2138 et
1251 2083 1547 2154 adimplere
1591 2082 1773 2154 cupit,

175 2172 291 2244 quia
321 2172 467 2228 sicut
498 2171 722 2226 Domini
751 2179 833 2227 est
861 2180 1009 2227 terra
1038 2179 1092 2226 et
1119 2171 1398 2242 plenitudo
1449 2173 1584 2241 ejus,
1626 2171 1777 2226 orbis

175 2270 444 2315 terrarum
491 2266 547 2315 et
593 2259 842 2316 universi
887 2259 980 2331 qui
1021 2259 1262 2314 habitant
1306 2260 1362 2314 in
1403 2275 1488 2326 eo,
1525 2268 1577 2316 et
1605 2259 1778 2330 ipsius

173 2357 248 2404 est
276 2365 518 2422 regnum
545 2356 597 2404 et
626 2347 716 2404 cui
746 2347 970 2403 voluerit
1002 2348 1153 2403 dabit
1182 2348 1336 2415 illud,
1360 2348 1435 2404 ita
1464 2349 1583 2420 ipse
1613 2364 1778 2419 supra

176 2435 586 2492 fundamentum
615 2435 929 2508 apostolicae
973 2444 1144 2506 petrae
1193 2453 1345 2491 suam
1387 2435 1633 2492 fundavit
1679 2437 1774 2492 Ec-

176 2525 417 2592 clesiam,
472 2540 642 2596 quam
690 2532 744 2580 et
789 2531 914 2579 ante
957 2525 1275 2595 passionem
1319 2533 1374 2580 et
1419 2533 1543 2596 post
1588 2541 1776 2580 resur-

175 2615 474 2670 rectionem
505 2629 682 2679 suam,
707 2612 933 2683 speciali
961 2629 1092 2668 cura
1109 2621 1162 2668 et
1195 2613 1466 2686 singulari
1493 2613 1777 2685 privilegio

175 2703 330 2758 beato
361 2703 546 2772 Petro,
579 2709 634 2757 et
663 2701 720 2756 in
748 2701 842 2756 illo
874 2701 986 2756 suis
1015 2701 1287 2756 commisit
1329 2701 1568 2758 vicariis.
1615 2702 1778 2770 Cujus

173 2791 356 2845 sedem
388 2775 618 2862 suaeque
649 2789 797 2845 sedis
827 2789 1140 2860 pontiﬁcem
1190 2790 1283 2862 qui
1330 2791 1584 2861 honorat,
1625 2789 1776 2844 illum

175 2880 404 2934 honorat
435 2877 531 2950 qui
560 2877 695 2932 dixit
727 2895 742 2932 :
781 2879 885 2947 Qui
913 2879 1122 2950 accipit
1150 2880 1203 2934 si
1233 2895 1399 2952 quem
1430 2879 1655 2946 misero,
1689 2895 1778 2935 me

174 2968 374 3040 accipit
392 2966 621 3038 (Matth.
643 2982 703 3032 χ,
725 2966 836 3038 40);
861 2974 912 3020 et
928 2967 999 3021 ab
1015 2965 1135 3036 ipso
1155 2966 1516 3022 honorabitur
1531 2967 1774 3022 dicente:

1877 1819 2072 1873 horum
2102 1817 2480 1873 observatione
2509 1811 2671 1873 nemo
2715 1826 2959 1874 nostrum
2991 1825 3171 1889 potest
3197 1835 3320 1874 esse
3350 1819 3472 1890 epi-

1878 1923 2104 1978 scopus,
2135 1915 2189 1961 et
2216 1905 2296 1962 sic
2324 1921 2458 1976 pace
2505 1906 2738 1961 fraterna
2784 1906 2840 1960 in
2891 1907 3144 1962 omnibus
3189 1907 3470 1978 potiretur.

1878 1995 2075 2050 Postea
2101 2002 2280 2049 autem
2315 2011 2409 2050 sua
2440 2003 2632 2066 sponte
2663 1994 2718 2048 in
2747 1993 2930 2050 libello
2953 2011 3066 2050 suae
3094 1994 3473 2066 professionis,

1877 2099 1976 2154 per
2003 2099 2168 2154 quem
2195 2083 2265 2138 ad
2297 2083 2596 2140 electorum
2619 2083 2885 2152 judicium
2913 2083 3250 2154 provocavit,
3282 2087 3398 2140 haec
3415 2101 3476 2140 se

1875 2171 2199 2228 observasse
2261 2171 2604 2242 impudenter
2628 2215 2640 2237 ,
2709 2171 2838 2242 quia
2905 2171 3204 2228 scientibus
3267 2173 3477 2229 cunctis

1877 2259 2234 2326 mendaciter,
2272 2259 2482 2330 synodo
2512 2259 2680 2328 misit,
2715 2268 2768 2315 et
2811 2259 2891 2316 sic
2919 2259 2990 2314 ad
3027 2260 3290 2329 judicium
3338 2277 3474 2332 pro-

1877 2347 2111 2415 vocavit,
2147 2364 2267 2419 quae
2297 2364 2356 2403 se
2387 2355 2726 2404 servaturum
2756 2365 2825 2402 ne
2848 2348 3182 2418 judicaretur
3227 2348 3474 2404 subscri-

1875 2437 2006 2492 bere
2058 2436 2400 2492 detrectavit.
2461 2436 2620 2504 Quod
2684 2436 2836 2504 ideo,
2897 2437 3035 2493 sicut
3079 2444 3272 2508 postea
3313 2437 3474 2492 nobis

1875 2525 2123 2580 dixerunt
2153 2524 2245 2596 qui
2275 2525 2344 2579 ab
2374 2525 2493 2596 ipso
2533 2524 2840 2592 audierunt,
2891 2525 3240 2581 subscribere
3278 2525 3468 2592 noluit,

1871 2613 2016 2684 quod
2061 2621 2230 2668 etnos
2251 2611 2623 2684 eprcepimus,
2657 2628 2726 2668 ne
2778 2613 3130 2670 vinceretur:
3165 2614 3263 2669 sed
3310 2613 3358 2668 si
3404 2613 3461 2668 in
3559 2619 3567 2626 ‘

1873 2697 2062 2756 nostra
2115 2718 2213 2756 rex
2271 2709 2321 2756 et
2374 2699 2618 2772 episcopi
2667 2716 3116 2772 permaneremus
3163 2701 3429 2757 sententia
3455 2745 3468 2769 ,

1877 2790 2109 2845 Romam
2142 2789 2244 2844 iret
2271 2797 2567 2861 antequam
2613 2788 2942 2858 vinceretur,
2987 2798 3039 2846 et
3086 2791 3303 2862 quando
3349 2789 3477 2846 illuc

1878 2878 2104 2944 veniret,
2151 2879 2237 2932 his
2284 2894 2382 2949 per
2421 2886 2660 2934 vestram
2701 2877 3022 2948 jussionem,
3069 2894 3194 2934 cum
3239 2894 3272 2934 a
3318 2879 3474 2935 vobis

1878 2967 2014 3022 foret
2046 2966 2204 3022 nobis
2235 2965 2544 3021 nolentibus
2571 2966 2870 3033 absolutus,
2912 2967 3279 3023 subscriberet
3313 2985 3326 3022 :
3361 2983 3473 3023 non

179 3057 532 3112 Honorantes
551 3071 642 3111 me
674 3055 1069 3124 honoriﬁcabo,
1094 3059 1149 3110 et
1171 3055 1266 3128 qui
1285 3059 1661 3112 contemnunt
1689 3071 1780 3111 me
1798 3106 1843 3128 η
1881 3055 2190 3128 intelligens
2215 3097 2228 3121 ,
2277 3054 2386 3110 imo
2429 3055 2734 3128 intelligere
2778 3070 2888 3110 non
2933 3055 3120 3110 valens
3163 3055 3478 3126 (excaecavit

179 3147 346 3200 erunt
377 3144 652 3215 ignobiles
673 3143 727 3214 (Ι
743 3145 872 3215 Reg.
907 3159 965 3210 ιι,
998 3143 1108 3215 30).

243 3231 455 3288 Idcirco
487 3230 616 3302 quia
645 3231 801 3286 multi
831 3230 1006 3287 sciunt
1037 3230 1270 3302 qualiter
1313 3247 1373 3285 se
1421 3231 1655 3286 Rothadi
1683 3248 1778 3286 re-

179 3321 428 3376 clamatio
456 3320 678 3388 habeat,
729 3327 782 3374 et
825 3319 1046 3392 quidam
1093 3319 1220 3374 inde
1268 3319 1424 3374 aliter
1468 3319 1677 3385 dicunt,
1726 3327 1780 3374 et

179 3425 363 3464 omnes
393 3407 736 3480 generaliter
765 3407 962 3476 sciunt,
991 3407 1249 3480 quoniam
1271 3415 1455 3462 vestra
1486 3407 1779 3464 auctoritas

183 3497 328 3551 illum
359 3513 489 3552 cum
519 3496 722 3551 nostris
749 3495 966 3551 vicariis
995 3495 1066 3551 ad
1097 3513 1252 3551 suum
1299 3495 1560 3566 praecepit
1605 3495 1779 3550 desti-

183 3585 294 3640 nari
315 3585 609 3655 judicium,
641 3584 871 3657 dignum
899 3591 951 3639 et
977 3584 1183 3652 justum
1229 3591 1332 3654 est,
1375 3592 1432 3638 ut
1476 3599 1780 3656 quemcun—

183 3690 279 3744 que
336 3673 664 3744 episcopum
715 3673 986 3728 Romanus
1033 3671 1276 3744 pontifex
1325 3672 1394 3726 ad
1449 3689 1508 3728 se
1551 3673 1782 3728 Romam

186 3763 368 3817 venire
397 3759 764 3829 mandaverit,
786 3761 832 3815 si
860 3759 1144 3815 inﬁrmitas
1175 3759 1262 3816 vel
1278 3759 1503 3832 gravior
1520 3777 1782 3832 quazcun-

183 3867 282 3922 que
311 3849 617 3906 necessitas
664 3849 754 3904 vel
782 3847 1208 3921 impossibilitas,
1261 3848 1401 3904 sicut
1431 3849 1573 3904 sacri
1600 3849 1782 3920 praeli-

185 3945 314 4009 gunt
342 3953 610 4005 canones,
645 3953 771 3992 eum
800 3953 910 3992 non
939 3936 1248 4003 detinuerit,
1296 3937 1369 3992 ad
1395 3937 1550 3992 illum
1593 3937 1781 3993 venire

183 4027 416 4099 studeat,
447 4026 621 4082 multo
650 4025 828 4100 magis
859 4025 1022 4081 etiam
1053 4026 1119 4095 is,
1167 4041 1330 4098 quem
1370 4042 1473 4097 pro
1515 4026 1606 4080 tali
1655 4043 1783 4098 que-

186 4116 288 4171 rela
315 4117 388 4172 ad
413 4131 476 4172 se
520 4130 843 4187 quocunque
893 4115 1057 4171 modo
1105 4114 1436 4170 clamantem
1476 4114 1784 4186 praesentiat

185 4221 292 4260 sum
319 4204 533 4261 indicat
559 4203 946 4259 exhibendum.
989 4203 1058 4258 Et
1107 4203 1415 4276 quicunque
1459 4203 1654 4258 viderit
1698 4203 1783 4258 vel

188 4293 434 4360 audierit,
457 4292 608 4365 quod
636 4308 736 4346 rex
763 4299 816 4347 et
846 4291 1088 4362 episc0pi
1117 4291 1433 4361 apostolica}
1461 4290 1607 4345 sedis
1636 4307 1784 4344 sum-

187 4397 330 4438 mum
367 4380 688 4454 pontiﬁcem
731 4387 984 4452 prompte
1032 4379 1346 4445 obaudiunt,
1394 4387 1447 4434 et
1488 4380 1781 4447 honorant,

1797 3106 1846 3168 C

1886 3143 2030 3198 enim
2060 3159 2185 3198 eum
2214 3142 2417 3196 malitia
2447 3143 2570 3213 sua)
2600 3150 2834 3197 vestram
2854 3143 3230 3198 auctoritatem
3260 3143 3475 3215 sapien-

1879 3231 2088 3286 tissime
2133 3230 2458 3304 intelligere,
2514 3245 2687 3300 quare
2729 3231 2994 3286 Dominus
3037 3231 3105 3285 de
3148 3230 3288 3287 cwlo
3334 3230 3474 3286 allo-

1880 3335 2052 3391 quens
2081 3319 2308 3374 Paulum
2339 3326 2392 3373 et
2422 3317 2626 3374 dicenti
2661 3336 2674 3373 :
2709 3317 2852 3386 Quid
2881 3335 2968 3373 me
2991 3319 3172 3390 jubes,
3223 3318 3473 3386 Domine,

1881 3407 2064 3464 facere
2083 3407 2111 3460 ‘?
2142 3423 2251 3462 non
2284 3407 2468 3462 omnia
2510 3423 2632 3478 quae
2657 3406 2872 3478 agenda
2901 3407 2980 3462 illi
3007 3415 3164 3462 erant
3205 3407 3474 3478 exposuit,

1883 3496 1985 3551 sed
2018 3496 2088 3552 ad
2118 3495 2406 3561 Ananiam,
2439 3511 2470 3549 a
2501 3511 2608 3566 quo
2640 3495 2858 3566 agenda
2901 3495 3182 3551 auditurus
3226 3503 3279 3552 et
3323 3511 3480 3552 acce-

1881 3593 2074 3656 pturus
2104 3592 2242 3653 erat,
2273 3583 2426 3638 illum
2455 3583 2654 3640 direxit
2673 3584 2818 3652 (Act.
2842 3599 2922 3650 Ix,
2947 3585 3024 3656 6).
3058 3583 3148 3640 Sic
3170 3592 3223 3640 et
3249 3585 3478 3656 angelus

1882 3673 2214 3739 Cornelium,
2243 3679 2532 3744 postquam
2561 3672 2712 3728 illum
2742 3672 3056 3728 exauditam
3103 3689 3226 3728 esse
3270 3672 3476 3728 denun-

1879 3761 2052 3827 tiavit,
2084 3761 2154 3816 ad
2183 3760 2328 3816 Petri
2359 3761 2665 3816 doctrinam
2711 3769 2873 3833 atque
2923 3761 3291 3818 obedientiam
3332 3761 3480 3818 misit

1883 3851 2028 3921 (Act.
2081 3865 2140 3914 χ,
2189 3849 2266 3920 ὅ).
2313 3848 2489 3918 Quem
2535 3849 2666 3905 licet
2707 3857 2832 3905 ante
2887 3849 3218 3921 baptismum
3265 3857 3474 3918 sancto,

1883 3945 1942 3993 ut
1972 3938 2047 3992 ita
2089 3937 2354 4003 dicamus,
2403 3937 2608 4008 Spiritu
2653 3937 2999 4010 baptizatum,
3047 3938 3238 3994 beatus
3289 3939 3480 3994 Petrus

1880 4027 2026 4081 illius
2054 4026 2400 4098 baptismate,
2434 4025 2527 4097 qui
2553 4025 2790 4098 baptizat
2817 4026 2873 4081 in
2923 4027 3127 4098 Spiritu
3175 4035 3384 4094 sancto,
3428 4034 3482 4082 et

1883 4115 1939 4170 in
1970 4131 2078 4186 quo
2105 4114 2448 4170 credentium
2477 4115 2643 4170 corda
2674 4113 2780 4170 ﬁde
2804 4113 3176 4185 puriﬁcantur,
3221 4115 3479 4186 baptizari

1880 4203 2158 4274 praecepit.
2192 4203 2348 4258 Unde
2379 4202 2524 4257 facta
2556 4202 2840 4272 questione
2869 4211 3058 4258 contra
3088 4219 3213 4257 eum
3251 4203 3414 4258 etiam
3445 4217 3480 4256 ο,

1881 4290 2178 4345 minoribus
2209 4289 2342 4355 suis,
2372 4297 2552 4344 tamen
2581 4288 2856 4355 ﬁdelibus,
2876 4305 2976 4345 cur
2995 4290 3064 4343 ad
3093 4298 3286 4362 gentes
3314 4289 3482 4344 intra-

1885 4379 2044 4445 verit,
2079 4378 2256 4434 isdem
2285 4378 2656 4448 apostolorum
2676 4379 2930 4451 princeps
2952 4394 3282 4435 summorum
3301 4377 3482 4452 gratia

190 4478 239 4524 et
265 4469 576 4542 promptius
616 4477 668 4524 et
694 4467 950 4523 humilius
987 4468 1066 4524 eis
1111 4467 1340 4537 subjecti
1383 4467 1467 4522 sui
1511 4467 1785 4524 obedient.
1822 4457 2150 4524 Ddonorum
2175 4467 2432 4538 repletus,
2479 4477 2532 4524 et
2573 4468 3050 4526 innumerabilium
3093 4468 3479 4524 miraculorum

191 4558 355 4626 Nam,
405 4566 465 4614 ut
509 4558 705 4612 beatus
755 4556 1059 4630 Gregorius
1103 4555 1264 4626 dicit,
1313 4555 1452 4612 sicut
1491 4555 1784 4630 languente

193 4647 365 4718 capite
395 4647 644 4717 subjecta
672 4645 922 4701 membra
949 4644 1006 4700 in
1035 4661 1250 4701 cassum
1273 4645 1458 4717 vigent
1477 4663 1491 4700 :
1513 4645 1587 4700 ita
1607 4644 1785 4718 gloria

195 4741 244 4788 et
269 4737 476 4791 honore
509 4741 789 4800 coronato,
821 4733 878 4788 id
907 4740 990 4789 est
1015 4731 1374 4789 honoriﬁcato
1420 4748 1486 4790 ac
1527 4733 1785 4790 decorato

199 4824 367 4895 capite
389 4868 405 4891 ,
465 4823 712 4893 subjecta
762 4821 1010 4877 membra
1063 4821 1180 4890 ejus
1227 4821 1432 4876 honore
1476 4836 1544 4878 ac
1573 4813 1807 4878 decore

197 4909 487 4985 fulgebunt.
557 4911 625 4966 Et
689 4910 934 4966 Rothado
999 4910 1057 4964 in
1121 4909 1272 4964 nullo
1327 4917 1539 4981 poterat
1589 4909 1786 4965 melius

201 5000 464 5068 satisﬁeri,
501 5015 666 5071 quam
696 4999 743 5054 si
770 4999 839 5053 ad
870 5005 1111 5054 vestram
1131 5006 1392 5070 pergeret
1418 4998 1784 5070 prasentiam,

202 5096 251 5142 et
289 5090 340 5144 ei
383 5095 661 5145 tantorum
710 5086 1202 5158 subscriptionibus
1247 5087 1650 5158 episcoporum,
1697 5085 1790 5158 qui

204 5176 311 5233 Deo
363 5185 417 5233 et
472 5175 634 5232 vobis
690 5175 908 5231 mentiri
962 5175 1153 5231 nolunt
1175 5217 1188 5242 ,
1247 5183 1301 5231 et
1365 5175 1788 5248 allegationibus

202 5271 272 5320 tot
296 5265 629 5322 vicariorum
658 5263 978 5320 eorumdem
1017 5263 1420 5335 episcoporum,
1453 5262 1612 5320 fuerit
1639 5263 1789 5320 illum

203 5351 388 5408 bonam
417 5369 646 5410 causam
672 5359 1014 5424 nequaquam
1035 5351 1238 5408 habere
1260 5361 1560 5409 ostensum.
1583 5351 1790 5420 Quam-

201 5441 380 5497 obrem
425 5441 528 5498 sibi
572 5440 712 5513 ipsi,
769 5448 820 5496 et
873 5457 984 5496 non
1041 5441 1197 5497 vobis
1249 5448 1498 5512 reputare
1539 5439 1786 5507 debebit,

206 5529 322 5600 quia
351 5531 466 5590 sine
493 5531 848 5591 bonajcausa
895 5547 954 5584 se
999 5539 1052 5586 et
1095 5529 1294 5588 multos
1341 5528 1474 5584 alios
1519 5528 1786 5602 fatigavit.

1879 4564 2154 4628 potestate
2184 4554 2453 4623 suffultus,
2489 4557 2726 4629 querelae
2753 4574 2864 4614 non
2893 4574 2958 4614 ex
2988 4564 3272 4628 potestate,
3297 4555 3394 4610 sed
3411 4570 3480 4610 ex

1883 4645 2087 4700 ratione
2115 4645 2422 4715 respondit,
2455 4661 2779 4720 causamque
2807 4663 2910 4717 per
2938 4645 3188 4701 ordinem
3233 4658 3299 4700 ea
3331 4657 3482 4699 man-

1884 4733 2171 4790 suetudine
2197 4733 2463 4806 exposuit,
2497 4752 2600 4806 qua
2644 4735 2942 4790 humilitate
2985 4731 3214 4802 praefato
3261 4732 3478 4788 Corne-

1883 4822 1958 4877 lio
1986 4839 2046 4878 se
2075 4821 2310 4878 adorare
2339 4822 2540 4878 volenti
2571 4822 2706 4879 dixit
2735 4839 2748 4878 :
2791 4821 2915 4876 Vide
2945 4835 3016 4875 ne
3045 4821 3250 4890 feceris
3287 4840 3305 4877 :
3341 4838 3480 4878 nam

1885 4914 1941 4966 et
1969 4927 2064 4982 ego
2093 4913 2214 4982 ipse
2243 4911 2402 4968 homo
2450 4928 2578 4968 sum
2623 4911 2773 4966 sicut
2819 4911 2876 4964 et
2919 4910 2984 4963 tu
3027 4905 3209 4981 (ibid.,
3256 4925 3314 4980 v,
3363 4910 3476 4982 26).

1887 4999 1945 5054 Si
1991 4998 2136 5054 enim
2183 4999 2240 5054 in
2283 4999 2509 5070 querela
2550 4997 2828 5060 ﬁdelium,
2875 5003 2933 5050 ut
2977 4997 3284 5071 Gregorius
3327 4997 3476 5065 dicit,

1887 5087 2092 5158 aliquid
2138 5088 2206 5143 de
2254 5104 2353 5143 sua
2393 5092 2658 5158 potestate
2711 5083 2952 5154 diceret,
2997 5085 3242 5158 profecto
3289 5087 3482 5144 doctor

1887 5175 2316 5232 mansuetudinis
2366 5190 2476 5230 non
2525 5173 2736 5230 fuisset.
2792 5174 2994 5230 Humili
3047 5190 3184 5248 ergo
3242 5191 3338 5232 eos
3391 5191 3480 5230 ra-

1889 5265 2034 5321 tione
2063 5264 2316 5336 placavit,
2365 5271 2523 5332 atque
2565 5262 2620 5317 in
2663 5278 2833 5320 causa
2873 5263 3320 5336 reprehensionis
3368 5279 3482 5320 sum

1889 5353 2164 5409 humiliter
2192 5351 2454 5406 rationem
2493 5351 2750 5420 τθάάίάιι,
2797 5360 2850 5408 et
2893 5353 3056 5408 etiam
3103 5359 3272 5410 testes
3319 5351 3481 5408 adhi-

1890 5442 2023 5511 buit,
2045 5441 2232 5496 dicens
2267 5457 2279 5491 :
2319 5441 2603 5498 Venerunt
2616 5446 2810 5498 autem
2828 5457 3052 5498 meeum
3069 5445 3127 5498 et
3146 5457 3248 5498 sex
3265 5443 3480 5512 fratres

1893 5531 1987 5587 isti
2019 5529 2163 5596 (Act.
2198 5541 2278 5595 xx,
2315 5528 2422 5595 12).
2474 5530 2639 5601 Cujus
2683 5529 2940 5586 humilem
2987 5529 3380 5594 auctoritatem,
3429 5536 3482 5584 et
