4026 6292
517 247 587 300 35
1367 242 1707 300 HINCMARI
1744 241 2149 300 RHEMENSIS
2193 243 2745 303 ARCEIEPISCOPI.
3743 254 3816 306 36

520 368 1015 425 mansuetissimam
1045 375 1388 440 potestatem,
1442 376 1496 424 et
1524 367 1886 427 rectissimam
1913 367 2109 440 praedi-
2140 369 2197 429 A
2219 371 2436 426 unitatis
2461 379 2664 428 nostrae
2692 371 2851 428 ﬁrma
2878 389 3002 429 esse
3031 388 3324 445 compago,
3352 373 3461 428 nisi
3490 388 3592 437 nos
3619 375 3689 430 ad
3718 374 3815 429 in-

520 453 787 509 cationem
815 453 1049 510 dicentis
1079 471 1092 508 :
1125 455 1247 511 Non
1275 453 1634 510 dominantes
1685 455 1750 508 in
1795 455 1967 520 clero,
2021 452 2118 509 sed

519 543 706 612 forma
736 544 879 614 [acti
895 543 1078 615 gregis
1097 543 1148 612 (Ι
1161 544 1314 598 Petr;
1335 557 1392 607 v,
1417 542 1491 612 3),
1519 549 1738 597 secutus
1755 541 1946 596 beatus
1962 539 2121 597 Gela-

521 629 635 685 sius
662 629 720 685 in
749 629 988 687 decretis
1015 629 1143 686 suis
1157 631 1227 685 ad
1255 645 1446 685 omnes
1462 629 1751 700 episcopos
1771 629 1840 685 de
1861 629 2118 685 institutis

492 737 509 744 -
522 717 927 776 Ecclesiasticis
959 718 1089 774 dicit
1118 719 1308 792 (epist.
1329 721 1369 775 6
1385 719 1457 774 ad
1476 720 1765 775 universos
1781 719 2116 791 episcopos):

525 830 547 857 α
584 808 828 880 Cumque
856 807 1014 864 nobis
1029 814 1222 865 contra
1239 806 1556 862 salutarium
1575 806 1938 862 reverentiam
1956 823 2119 878 regu-

521 895 698 952 larum
726 896 1013 968 cupiamus
1040 904 1246 952 temere
1275 895 1411 952 nihil
1456 895 1640 962 licere,
1690 904 1744 951 et
1791 912 1915 952 cum
1957 896 2119 950 sedes

521 985 820 1056 apostolica
849 1001 1016 1056 super
1042 985 1129 1040 his
1158 984 1432 1051 omnibus,
1463 983 1678 1040 favente
1705 983 1957 1052 Domino,
1997 999 2119 1055 quae

521 1073 766 1144 paternis
811 1072 1114 1130 canonibus
1163 1081 1291 1144 sunt
1334 1072 1592 1144 praeﬁxa,
1640 1073 1734 1144 pio
1754 1116 1767 1138 ,
1815 1073 2119 1144 devotoque

524 1161 744 1218 studeat
771 1170 959 1218 tenere
987 1162 1289 1234 proposito,
1321 1161 1452 1216 satis
1481 1161 1769 1234 indignum
1797 1168 1899 1227 est,
1931 1177 2120 1232 quem-

528 1265 692 1322 quam
724 1251 812 1306 vel
838 1249 1181 1319 Pontificum,
1230 1250 1318 1307 vel
1360 1249 1607 1306 ordinum
1653 1249 2118 1321 subsequentium,

521 1339 668 1396 hanc
691 1338 1094 1395 observantiam
1123 1338 1389 1406 refutare,
1439 1354 1603 1410 quam
1650 1338 1796 1394 beati
1838 1338 1982 1393 Petri
2026 1355 2120 1394 se-

525 1426 654 1483 dem
683 1436 736 1482 et
767 1427 921 1499 sequi
949 1427 1130 1483 videat
1159 1434 1214 1482 et
1238 1427 1437 1483 docere
1471 1444 1483 1479 :
1517 1424 1761 1498 satisque
1788 1427 2122 1482 conveniens

525 1515 612 1583 sit,
649 1523 707 1571 ut
733 1531 934 1586 corpus
962 1515 1227 1572 Ecclesiae
1252 1515 1309 1571 in
1348 1515 1449 1571 hac
1477 1513 1694 1570 sibimet
1735 1515 2120 1573 observatione

524 1603 840 1674 concordet,
873 1619 1037 1676 quam
1063 1604 1178 1662 illic
1205 1605 1391 1676 vigere
1412 1603 1731 1675 conspiciat,
1749 1603 1843 1658 ubi
1857 1603 2122 1660 Dominus

2221 461 2587 532 separabilem
2616 461 2941 518 soliditatem
2971 462 3249 519 vinculum
3279 463 3559 519 charitatis
3605 463 3815 519 astrin-

2219 550 2360 604 xerit
2395 569 2408 603 :
2442 551 2692 622 quoniam
2722 551 2862 607 sicut
2888 551 2945 606 in
2974 567 3081 606 uno
3109 567 3343 623 corpore
3367 552 3536 607 multa
3562 552 3814 608 membra

2220 638 2504 709 habemus,
2525 640 2707 695 omnia
2727 648 2909 696 autem
2938 640 3186 696 membra
3210 656 3322 696 non
3348 641 3603 696 eumdem
3631 648 3813 697 actum

2218 727 2421 782 habent
2453 745 2467 783 :
2502 727 2573 782 ita
2601 729 2758 784 multi
2782 745 2950 784 unum
2993 744 3192 801 corpus
3239 745 3427 784 sumus
3474 729 3530 783 in
3566 721 3810 799 Christo,

2220 815 2418 888 singuli
2446 825 2628 872 autem
2656 817 2881 874 alterius
2907 818 3174 874 membra.
3198 818 3476 874 Connexio
3504 818 3669 874 totius
3687 834 3816 874 cor-

2219 905 2370 975 poris
2400 921 2558 961 unam
2589 906 2894 973 sanitatem,
2945 924 3108 962 unam
3155 906 3612 978 pulchritudinem
3655 906 3808 963 facit.

2218 993 2287 1048 Et
2322 994 2440 1050 haec
2484 994 2704 1067 quidem
2745 1012 3012 1051 connexro
3040 1004 3203 1052 totius
3244 996 3488 1068 corporis
3532 995 3815 1052 unanimi-

2221 1089 2383 1138 tatem
2412 1083 2660 1156 requirit,
2694 1086 2792 1140 sed
2820 1085 3096 1157 praecipue
3125 1085 3293 1159 exigit
3321 1085 3669 1142 concordiam
3713 1102 3812 1142 sa-

2221 1171 2522 1227 cerdotum.
2555 1171 2767 1242 Quibus
2795 1181 2849 1230 et
2877 1175 2923 1228 si
2946 1175 3084 1230 ordo
3115 1181 3195 1230 est
3225 1174 3517 1247 generalis,
3569 1190 3683 1230 non
3720 1182 3812 1230 ta-

2219 1275 2346 1315 men
2373 1262 2678 1316 cornmunis
2704 1269 2786 1317 est
2811 1263 3047 1334 dignitas
3076 1262 3347 1329 omnibus.
3465 1266 3498 1283 ’
3738 1262 3753 1275 '

2291 1349 2421 1405 Haec
2449 1358 2626 1406 autem
2658 1359 2871 1407 servata
2917 1351 3094 1407 altiori
3132 1351 3490 1425 intelligentia
3531 1351 3675 1408 circa
3719 1368 3814 1407 su—

2219 1437 2494 1508 pradictos
2541 1447 2667 1494 sunt
2691 1448 2834 1507 acta,
2863 1447 2917 1496 et
2948 1455 2983 1495 a
3009 1441 3284 1512 praedictis
3310 1441 3492 1511 docta,
3524 1448 3582 1495 ut
3610 1456 3816 1515 cogno-

2223 1535 2427 1594 scatur,
2457 1528 2684 1598 qualiter
2712 1529 2954 1585 minores
2978 1529 3280 1600 potioribus
3310 1530 3543 1585 debeant
3559 1529 3811 1596 obedire,

2221 1622 2276 1670 et
2301 1615 2538 1687 potiores
2565 1615 2865 1672 minoribus
2886 1617 3193 1688 providere,
3219 1625 3270 1673 et
3286 1618 3420 1674 ordo
3436 1634 3470 1673 a
3487 1619 3604 1674 Deo
3625 1617 3816 1688 dispo-

3465 1266 3498 1283 Γ

522 1692 782 1749 Ecclesiae
810 1693 977 1782 totius
1015 1692 1197 1782 posuit
1239 1691 1629 1782 principatum.
1660 1715 1683 1741 »
1725 1693 1818 1782 ‘De
1862 1693 2116 1782 Barnaba
2143 1722 2199 1782 Β
2221 1705 2356 1759 situs
2385 1705 2454 1760 ab
2484 1706 2736 1761 omnibus
2765 1714 2820 1762 et
2855 1707 2913 1761 in
2955 1706 3205 1767 omnibus
3250 1705 3430 1763 valeat
3471 1706 3812 1764 conservari.

524 1796 741 1854 quoque
770 1789 824 1837 et
852 1780 1019 1837 Saulo
1048 1781 1264 1839 dicente
1294 1781 1580 1847 veraciter,
1613 1779 1810 1837 Paulus
1837 1780 2116 1852 apostolus

2224 1793 2378 1850 Unde
2408 1809 2650 1849 summus
2679 1794 2943 1850 Ecclesiae
2969 1802 3161 1867 pastor
3187 1795 3347 1852 docet
3379 1813 3393 1850 :
3425 1796 3484 1852 Si
3526 1798 3650 1868 quis
3696 1797 3815 1850 mi-

524 1886 639 1926 non
678 1870 748 1924 ab
796 1869 1127 1938 hominibus,
1174 1886 1352 1941 neque
1398 1885 1497 1940 per
1537 1868 1834 1936 hominem,
1881 1869 1982 1925 sed
2025 1886 2123 1941 per

523 1959 713 2014 Iesum
743 1957 1016 2015 Christum
1046 1966 1101 2014 et
1128 1958 1421 2014 Dominum
1448 1958 1686 2014 Patrem.
1709 1956 1816 2027 Qui
1832 1965 2121 2030 postquam

522 2046 726 2103 diutius
755 2045 906 2102 fruiti
934 2055 1059 2103 sunt
1087 2047 1458 2119 apostolorum
1487 2047 1784 2114 consortio,
1830 2062 1940 2103 non
1987 2047 2121 2119 ipsis

523 2133 807 2207 apostolis,
843 2135 942 2191 sed
964 2135 1115 2205 juxta
1143 2133 1309 2191 ﬁdem
1338 2150 1513 2191 sacrae
1532 2135 1794 2201 historiae,
1817 2135 2122 2190 ministran-

520 2222 666 2278 tibus
715 2223 947 2280 Domino
993 2224 1280 2295 prophetis
1324 2232 1377 2279 et
1423 2222 1742 2279 doctoribus
1762 2267 1775 2290 ,
1829 2225 1923 2294 qui
1968 2232 2123 2280 erant

522 2311 854 2378 Antiochiae,
901 2312 1038 2367 dixit
1091 2311 1326 2384 Spiritus
1372 2319 1593 2368 sanctus
1623 2327 1637 2367 :
1667 2314 1936 2384 Separate
1977 2312 2124 2368 mihi

519 2400 848 2456 Barnabam
893 2403 952 2456 et
978 2400 1219 2457 Saulum
1247 2403 1311 2457 in
1339 2416 1475 2473 opus
1503 2400 1834 2470 ministerii,
1878 2401 1953 2456 ad
1980 2401 2123 2474 quod

521 2490 807 2561 assumpsi
822 2505 933 2547 eos.
952 2490 1103 2546 Tunc
1111 2491 1448 2562 jejunantes
1479 2495 1537 2546 et
1552 2493 1800 2555 orantes,
1819 2489 2120 2562 imponen-

526 2579 717 2648 tesque
738 2577 819 2632 eis
838 2593 1066 2645 manus,
1102 2578 1449 2637 dimiserunt
1472 2581 1602 2639 illos
1618 2580 1764 2651 (Act.
1789 2593 1910 2649 xm,
1944 2578 2022 2648 2).
2052 2577 2124 2632 Et

523 2664 632 2737 ipsi
647 2663 871 2736 quidem
889 2665 1044 2719 missi
1064 2680 1099 2720 a
1121 2666 1326 2737 Spiritu
1348 2678 1534 2725 sancto
1545 2668 1794 2723 abierunt
1807 2666 1987 2723 vocati
1997 2681 2124 2736 apo-

530 2752 673 2819 stoli,
704 2760 761 2807 et
787 2752 844 2807 in
863 2753 1113 2824 sequenti
1145 2769 1310 2821 anno,
1340 2755 1396 2813 id
1427 2765 1506 2811 est
1536 2763 1733 2828 quarto
1762 2755 1974 2811 decimo
2000 2761 2126 2826 post

525 2839 846 2912 passionem
870 2840 1107 2910 Domini,
1138 2841 1266 2898 licet
1308 2844 1402 2916 qui
1429 2852 1691 2915 operatus
1735 2851 1820 2898 est
1860 2844 2022 2899 Petro
2067 2843 2126 2897 in

528 2927 893 2999 apostolatum
935 2929 1370 2986 circumcisibnis
1388 2973 1402 3002 ,
1452 2940 1713 3003 Operatus
1759 2931 1827 2985 sit
1869 2939 1923 2987 et
1958 2931 2124 2986 Paulo

525 3015 670 3072 inter
700 3023 913 3090 gentes,
950 3024 1129 3073 tamen
1153 3017 1306 3087 juxta
1338 3020 1647 3076 condictum
1673 3019 1881 3086 Jacobi,
1927 3018 2126 3090 Cephaa

528 3111 583 3161 et
609 3105 856 3175 Joannis,
888 3105 1133 3177 gentium
1162 3106 1542 3180 magisterium
1572 3124 1681 3165 una
1711 3124 1831 3164 cum
1876 3107 2127 3163 Barnaba

525 3193 730 3248 Paulus
756 3193 984 3264 accepit.
1029 3195 1182 3252 Idem
1229 3212 1445 3268 quoque
1494 3196 1693 3253 Paulus
1740 3197 1886 3268 apud
1929 3195 2124 3252 Corin-

524 3281 669 3336 thios
698 3281 1106 3354 negligentibus
1125 3284 1434 3340 rectoribus
1452 3287 1521 3341 de
1540 3286 1853 3342 incestuoso
1870 3285 2084 3356 scripsit
2107 3302 2123 3340 :

539 3369 900 3441 Congregatis
921 3370 1065 3426 vobis
1088 3374 1144 3427 et
1163 3388 1285 3428 meo
1304 3373 1533 3445 spiritu,
1571 3374 1785 3429 tradidi
1804 3373 2127 3445 hujusmodi

525 3459 594 3514 in
611 3458 917 3514 interitum
931 3460 1126 3515 carnis
1148 3460 1396 3527 Satanae,
1416 3465 1483 3519 ut
1502 3462 1741 3534 spiritus
1754 3463 1946 3519 salvus
1965 3464 2043 3517 sit
2063 3463 2126 3518 in

527 3545 618 3602 die
645 3547 874 3602 Domini
918 3546 975 3618 (I
1013 3548 1137 3606 Cor.
1173 3563 1230 3618 v,
1271 3548 1349 3620 4).
1390 3549 1503 3622 Ipsi
1543 3549 1689 3605 enim
1726 3548 2127 3606 Corinthiorum

527 3642 772 3691 rectores
799 3634 952 3690 illum
981 3637 1324 3693 tradiderunt
1367 3637 1423 3693 in
1469 3638 1746 3693 interitum
1793 3637 1976 3694 carnis
2020 3639 2125 3694 Sa-

526 3729 668 3781 tanas
703 3740 717 3777 :
748 3729 803 3778 et
829 3722 1031 3779 Paulus
1059 3725 1282 3798 cognito
1309 3725 1429 3795 ejus
1459 3741 1648 3797 opere,
1683 3742 1780 3782 sua
1809 3726 2126 3782 auctoritate

535 3825 663 3867 cum
690 3809 821 3877 illis,
849 3818 905 3867 et
932 3821 1213 3884 comperta
1240 3813 1356 3884 ejus
1386 3815 1724 3885 poenitentia,
1758 3813 1862 3886 ipsi
1889 3831 2015 3870 eum
2040 3832 2127 3871 re-

531 3898 836 3966 stituerunt,
869 3907 925 3954 et
954 3900 1151 3957 Paulus
1176 3917 1278 3957 sua
1307 3903 1629 3959 auctoritate
1665 3919 1789 3960 cum
1830 3903 1939 3959 illis
1974 3919 1987 3958 :
2025 3905 2128 3961 Cui

529 3987 803 4058 inquiens,
828 3988 1047 4062 aliquid
1062 3989 1337 4058 donastis,
1361 3995 1417 4046 et
1439 4007 1554 4063 ego,
1578 4009 1716 4048 nam
1735 3996 1792 4048 et
1813 4008 1906 4066 ego
1925 3993 1976 4049 si
1995 3992 2127 4066 quid

525 4075 748 4143 donavi,
767 4080 1000 4148 propter
1020 4094 1112 4134 vos
1137 4079 1201 4134 in
1217 4095 1461 4153 persona
1483 4081 1696 4137 Christi
1720 4081 1771 4152 (Ι
1787 4081 1908 4139 Cor.
1931 4096 1990 4148 ιι,
2013 4080 2124 4154 10).

523 4163 664 4220 Hinc
691 4163 886 4241 beatus
915 4163 1222 4240 Gregorius
1253 4167 1470 4240 (Mardi.
1501 4167 1596 4224 lib.
1631 4183 1837 4236 χχχιιι,
1874 4185 1996 4241 cap.
2030 4169 2123 4241 8):

409 4247 423 4259 ’
527 4274 550 4300 α
585 4253 634 4308 Α
662 4236 827 4323 Ηοηο,
873 4236 1070 4326 inquit,
1113 4236 1300 4312 vestro
1342 4271 1451 4312 non
1499 4256 1784 4326 dissentio,
1829 4236 2015 4314 meum
2051 4236 2132 4314 sit

524 4341 672 4412 quod
700 4340 806 4410 ipsi
833 4340 1058 4398 fecistis.
1093 4344 1194 4399 Cui
1223 4344 1372 4400 velut
1399 4345 1446 4400 si
1482 4344 1665 4402 dicere
1698 4363 2124 4418 praesumamus,

2221 1883 2458 1949 nistrat,
2477 1887 2750 1956 tanquam
2765 1900 2840 1940 ea:
2857 1886 3071 1940 virtute
3081 1901 3249 1957 quam
3261 1885 3814 1951 administratDeus,

2222 1975 2289 2029 ut
2320 1972 2383 2026 in
2410 1973 2668 2029 omnibus
2698 1973 3104 2042 honoriﬁcetur
3128 1975 3276 2030 Deus
3329 1975 3381 2046 (Ι
3403 1976 3558 2030 Petr.
3587 1988 3665 2043 IV,
3698 1971 3814 2043 11),

2222 2060 2314 2131 qui
2343 2061 2517 2116 servis
2547 2061 2660 2116 suis
2685 2061 2957 2117 commisit
2983 2062 3207 2134 negotia
3251 2077 3370 2130 sua,
3422 2070 3476 2118 et
3519 2061 3820 2133 unicuique

2223 2149 2523 2204 secundum
2570 2166 2842 2221 propriam
2887 2151 3158 2207 virtutem.
3213 2151 3362 2207 Sicut
3404 2159 3458 2206 et
3497 2151 3567 2206 de
3610 2150 3820 2222 Spiritu

2222 2245 2408 2293 sancto
2438 2237 2700 2309 scriptum
2727 2246 2826 2305 est,
2860 2239 2952 2311 qui
2979 2240 3121 2294 dona
3147 2239 3338 2296 dividit
3382 2238 3612 2311 singulis
3652 2247 3822 2310 prout

2222 2326 2354 2382 vult.
2386 2327 2455 2381 Et
2483 2327 2609 2383 hinc
2645 2328 2795 2396 juxta
2844 2327 3170 2384 Sardicense
3213 2327 3502 2384 concilium
3547 2327 3700 2397 (can.
3733 2326 3816 2400 '7),

2224 2430 2470 2470 summus
2497 2415 2690 2486 primae
2719 2423 2774 2471 et
2803 2425 3003 2472 sanctae
3046 2416 3195 2472 sedis
3237 2417 3497 2472 Romana:
3542 2415 3818 2483 Pontifex,

2220 2518 2324 2573 pro
2354 2503 2618 2559 examinis
2646 2503 3001 2560 renovatione
3029 2505 3101 2560 ad
3131 2521 3190 2560 se
3219 2504 3570 2560 reclamantis
3603 2512 3657 2561 et
3683 2519 3823 2560 con-

2222 2590 2479 2663 fugientis
2521 2609 2649 2648 cum
2711 2609 2813 2648 sua
2854 2593 3180 2650 clamatione
3225 2593 3420 2663 dejecti
3462 2592 3826 2666 provincialis

2223 2680 2484 2752 episcopi,
2516 2697 2626 2738 non
2657 2681 2834 2737 statim
2864 2681 3241 2754 singularitate
3259 2681 3534 2756 privilegii
3553 2689 3606 2738 et
3634 2691 3827 2740 aucto—

2224 2769 2394 2824 ritatis
2426 2787 2539 2826 suae
2568 2771 2803 2826 restituit
2835 2789 2848 2826 :
2881 2772 2980 2827 sed
3008 2772 3289 2828 remittens
3318 2787 3445 2827 eum
3484 2771 3557 2826 ad
3591 2771 3826 2842 provin-

2224 2857 2383 2927 ciam,
2438 2859 2531 2913 ubi
2574 2875 2742 2915 causa
2786 2868 3001 2931 patrata
3047 2860 3250 2928 fuerat,
3310 2868 3363 2916 et
3409 2861 3465 2914 in
3512 2876 3620 2932 qua
3657 2859 3822 2930 juxta

2225 2946 2684 3020 Carthaginenses
2711 2964 2966 3017 canones,
2993 2958 3048 3004 et
3059 2949 3184 3018 jura
3198 2949 3337 3022 legis
3355 2950 3630 3016 Romanae,
3651 2963 3825 3006 causa

2225 3042 2403 3105 potest
2444 3035 2733 3108 diligenter
2778 3037 2996 3108 inquiri,
3045 3045 3098 3093 et
3143 3038 3292 3110 quod
3338 3054 3448 3094 non
3492 3037 3560 3092 sit
3599 3035 3825 3092 difﬁcile

2226 3131 2394 3201 testes
2422 3110 2742 3196 producere,
2776 3126 2980 3182 veritas
3008 3126 3259 3194 inveniri,
3291 3134 3386 3182 aut
3414 3123 3656 3180 ﬁnitimis
3694 3125 3824 3198 epi—

2225 3198 2412 3284 scopis
2439 3212 2697 3284 dignatur
2723 3215 2984 3281 scribere,
3019 3222 3110 3270 aut
3141 3230 3172 3271 e
3200 3215 3371 3270 latere
3401 3229 3500 3270 suo
3519 3213 3704 3280 mittit,
3729 3214 3829 3285 qui

2223 3299 2487 3357 habentes
2516 3303 2632 3373 ejus
2658 3303 3032 3360 auctoritatem
3059 3310 3360 3375 praesentes
3389 3318 3514 3360 cum
3543 3302 3826 3374 episcopis

2219 3389 2480 3458 judicent,
2513 3398 2567 3446 et
2594 3391 2885 3463 diligenter
2911 3409 3133 3450 causam
3169 3390 3485 3465 inquisitam
3527 3390 3821 3459 difﬁniant,

2227 3485 2320 3533 aut
2347 3478 2606 3552 dignatur
2635 3481 2861 3537 credere
2890 3481 3179 3552 episcopos
3205 3479 3473 3549 sufﬁcere,
3514 3486 3571 3536 ut
3597 3479 3828 3553 negotio

2226 3566 2511 3623 terminum
2534 3568 2746 3640 possint
2766 3569 3067 3640 imponere.
3085 3569 3154 3624 Et
3169 3568 3518 3625 Innocentius
3548 3568 3740 3642 (epist.
3762 3572 3789 3622 1
3805 3613 3820 3634 ,

2226 3652 2298 3707 ad
2338 3652 2688 3725 Victririum)
2709 3653 2774 3722 si,
2800 3669 2920 3724 quae
2949 3668 3132 3708 causae
3157 3652 3248 3709 vel
3274 3652 3649 3710 contentiones
3675 3653 3828 3708 inter

2226 3739 2456 3796 clericos
2485 3748 2594 3797 tam
2625 3741 2919 3813 superioris
2948 3740 3173 3812 ordinis,
3208 3757 3374 3815 quam
3403 3741 3567 3798 etiam
3593 3741 3825 3798 inferio-

2227 3828 2322 3896 ris,
2356 3828 2554 3885 fuerint
2579 3837 2797 3897 exortae,
2831 3830 3181 3904 congregatis
3219 3830 3520 3887 secundum
3549 3832 3827 3903 synodum

2225 3917 2507 3974 Nicaenam
2534 3918 2781 3988 ejusdem
2807 3918 3106 3990 provinciae
3126 3919 3397 3992 episcopis
3419 3920 3660 3992 jurgium
3679 3936 3829 3991 prae-

2227 4006 2357 4078 cipit
2402 4007 2706 4063 terminari.
2764 4008 2835 4063 Et
2886 4006 3194 4064 Bonifacius
3234 4009 3303 4065 de
3344 4009 3578 4065 Maximo
3635 4009 3827 4065 scribit

2226 4096 2418 4167 (epist.
2448 4099 2502 4163 2,
2534 4095 2608 4152 ad
2630 4098 2908 4170 episcopos
2931 4097 3167 4167 Gallice),
3190 4105 3248 4153 ut
3269 4098 3340 4154 ad
3368 4097 3704 4170 provinciam
3726 4114 3826 4154 ve-

2226 4183 2345 4239 nire
2373 4191 2620 4258 cogatur,
2654 4192 2707 4240 et
2735 4184 2846 4242 illic
2875 4202 2936 4241 se
2965 4186 3265 4242 constituto
3294 4195 3626 4259 praesentare
3667 4187 3827 4256 judi-

2225 4272 2332 4340 cio,
2366 4281 2420 4328 et
2449 4272 2715 4345 quidquid
2743 4273 2812 4330 de
2839 4274 2934 4330 illo
2963 4275 3216 4330 duxerint
3245 4276 3543 4347 provinciae
3572 4275 3827 4348 episcopi

2227 4355 2650 4425 decernendum,
2683 4374 2807 4414 cum
2837 4359 2908 4415 ad
2931 4375 3054 4415 eum
3078 4359 3308 4415 relatum
3355 4359 3514 4425 foret,
3567 4374 3669 4415 sua
3717 4347 3827 4414 ﬁr:

525 4445 698 4521 quare
726 4428 801 4484 ita
829 4438 988 4521 caute
1015 4431 1300 4521 discipulis
1338 4442 1392 4488 te
1433 4433 1658 4505 copulas
1679 4436 1708 4489 ?
1737 4452 1900 4507 quare
1947 4436 2035 4493 vel
2077 4444 2130 4492 te
2158 4437 2466 4502 Dmaretur
2491 4446 2809 4504 auctoritate
2842 4464 2856 4502 :
2891 4456 3176 4521 quatenus,
3199 4457 3256 4504 ut
3278 4448 3425 4505 idem
3454 4448 3526 4506 ad
3554 4447 3825 4505 Hilarium

524 4516 763 4585 illorum,
797 4517 884 4574 vel
911 4517 1036 4574 illos
1067 4520 1173 4574 tuis
1205 4521 1512 4578 actionibus
1552 4531 1662 4578 tam
1689 4522 1919 4580 sollicita
1946 4532 2127 4580 mente

528 4605 922 4679 discipulorum
954 4606 1249 4664 confirmas
1266 4609 1295 4665 ?
1324 4614 1390 4666 ut
1428 4628 1544 4668 non
1585 4613 2123 4686 circumveniantur,

525 4691 718 4765 inquit,
753 4713 790 4752 a
818 4697 1035 4754 Satana
1063 4697 1219 4769 (ibid.
1254 4713 1308 4765 v,
1346 4700 1456 4771 11).
1480 4701 1605 4756 Non
1633 4700 1780 4756 enim
1809 4701 2127 4776 ignoramus

528 4780 892 4854 cogitationes
919 4785 1055 4854 ejus,
1084 4785 1142 4842 id
1169 4794 1253 4841 est
1282 4803 1352 4843 ne
1378 4787 1485 4844 hoc
1515 4789 1662 4860 quod
1692 4790 1832 4847 bene
1859 4807 2018 4848 mens
2046 4792 2130 4847 in-

527 4869 690 4925 choat
719 4870 837 4941 ipse
863 4871 922 4926 in
951 4873 1172 4931 malitiae
1200 4874 1366 4932 ﬁnem
1394 4884 1590 4933 vertat.
1632 4879 1702 4933 Et
1730 4880 2077 4937 Innocentius
2110 4898 2124 4935 :

528 4958 660 5015 Haec
688 4959 761 5014 ad
789 4959 1099 5018 Corinthios
1128 4965 1428 5035 apostolica
1455 4975 1538 5022 est
1569 4967 1840 5025 declarata
1871 4969 2127 5042 benigni-

530 5053 635 5115 tas,
666 5055 725 5103 ut
750 5047 807 5104 in
837 5063 946 5105 uno
977 5049 1168 5122 spiritu
1197 5053 1412 5110 ductam
1457 5069 1525 5111 ac
1571 5057 1854 5114 reductam
1903 5066 2129 5114 senten-

530 5135 664 5195 tiam
694 5136 825 5192 boni
854 5153 1074 5210 semper
1100 5139 1477 5198 indifferenter
1505 5154 1827 5216 sequantur.
1865 5170 1889 5198 ιο
1920 5149 1990 5202 Et
2019 5147 2130 5203 Leo

526 5239 595 5283 ex
613 5225 874 5296 Apostolo
890 5227 1044 5298 (Leo,
1060 5229 1223 5301 epist.
1241 5228 1338 5297 88,
1358 5232 1431 5288 ad
1450 5233 1842 5306 Anastasium)
1863 5255 1881 5291 :
1909 5258 1932 5285 ‹‹
1958 5237 2128 5293 Nemo

525 5313 670 5386 quod
697 5331 867 5373 suum
907 5319 996 5373 est
1035 5323 1272 5390 quierat,
1328 5321 1424 5377 sed
1453 5323 1597 5396 quod
1636 5325 1880 5381 alterius
1925 5324 1977 5395 (I
2004 5325 2126 5381 Cor.

524 5415 585 5469 ι,
615 5401 729 5476 2t);
743 5410 800 5459 et
821 5421 836 5458 :
863 5405 1250 5481 Unusquisque
1262 5411 1524 5482 proximo
1539 5429 1638 5471 suo
1652 5414 1880 5486 placeat
1913 5415 1976 5469 in
1991 5414 2128 5473 bona

527 5494 603 5553 ad
630 5497 1066 5569 adiﬁcationem
1095 5500 1273 5576 (Rom.
1308 5516 1406 5572 xv,
1437 5505 1513 5578 2).
1552 5528 1574 5558 κ
1594 5507 1720 5564 Non
1750 5508 1894 5567 enim
1933 5508 2130 5581 poterit

2225 4535 2408 4592 scribit
2436 4535 2625 4609 (epist.
2658 4538 2733 4608 3),
2766 4536 3171 4608 metropolitani
3199 4537 3283 4593 sui
3312 4554 3652 4610 unaquaeque
3682 4554 3821 4609 pro-

2223 4625 2404 4681 vincia
2431 4625 2487 4679 in
2515 4624 2770 4681 omnibus
2799 4625 2960 4681 rebus
3007 4626 3411 4682 ordinationem
3454 4642 3674 4697 semper
3717 4643 3823 4683 ex-

2225 4720 2451 4786 spectet,
2484 4714 2623 4770 sicut
2649 4714 2910 4786 scriptum
2956 4722 3039 4771 est
3084 4715 3140 4770 in
3185 4716 3409 4773 Nicasno
3453 4714 3708 4783 concilio,
3760 4724 3823 4772 ut

2227 4803 2366 4860 sicut
2381 4803 2525 4874 apud
2541 4803 2938 4873 Alexandriam,
2976 4803 3104 4876 quia
3131 4810 3186 4861 et
3212 4805 3366 4860 urbis
3386 4805 3573 4862 Romae
3588 4803 3820 4874 episco-

2224 4909 2297 4964 po
2310 4891 2502 4964 parilis
2527 4908 2648 4948 mos
2676 4901 2778 4963 est,
2804 4892 3052 4948 similiter
3071 4901 3124 4950 et
3143 4895 3285 4966 apud
3300 4893 3642 4950 Antiochiam
3659 4902 3826 4950 caete-

2225 4997 2424 5054 rasque
2450 4981 2782 5052 provincias,
2815 4981 2928 5037 suis
2963 4982 3254 5057 privilegia
3294 4991 3582 5038 serventur
3624 4983 3820 5040 Eccle-

2228 5065 2342 5120 siis.
2375 5066 2529 5122 Unde
2575 5066 2713 5122 bene
2753 5067 2955 5138 placuit
2996 5067 3154 5122 annis
3198 5066 3430 5141 singulis
3474 5084 3577 5140 per
3615 5082 3820 5123 unam-

2228 5169 2501 5227 quamque
2528 5155 2863 5225 provinciam
2893 5156 2976 5212 bis
3005 5157 3063 5211 in
3089 5171 3234 5212 anno
3264 5156 3496 5213 concilia
3528 5156 3820 5224 celebrari,

2228 5251 2286 5298 ut
2313 5243 2671 5299 communiter
2698 5245 2949 5300 omnibus
2978 5244 3138 5300 simul
3167 5244 3439 5317 episcopis
3469 5244 3822 5318 congregatis

2226 5332 2523 5404 provinciae
2545 5377 2559 5401 ,
2604 5333 2963 5392 discutiantur
3004 5333 3313 5404 huiusmodi
3354 5335 3702 5407 quaestiones.
3752 5335 3826 5392 Et

2227 5421 2347 5478 hinc
2393 5422 2537 5490 dico,
2583 5439 2712 5492 non,
2761 5423 2910 5497 quod
2952 5421 3126 5493 absit,
3178 5422 3538 5495 prmjudicans
3585 5440 3821 5481 summa:

2229 5511 2376 5570 sedis
2403 5512 2734 5584 apostolicae,
2767 5520 2822 5570 et
2852 5513 3026 5572 sancti
3054 5512 3388 5585 apostolatus
3435 5512 3604 5571 vestri
3631 5513 3690 5571 in
3716 5512 3825 5572 ali-
