4026 6346
182 255 246 310 37

1703 247 2077 306 EPISTOLE.
3429 251 3498 307 38

190 395 295 453 quo
324 384 680 450 potestatem,
711 377 802 434 cui
827 379 884 432 in
913 375 1167 432 omnibus
1215 391 1354 440 sum,
1401 374 1542 432 sicut
1589 381 1796 430 rectum
1825 373 1883 436 A
1902 373 2300 439 demonstrant,
2333 372 2779 446 Carthaginensis
2805 373 3156 440 concilii,imo
3185 373 3496 445 apostolicae

190 477 284 534 est,
319 467 558 524 obedire
588 474 810 538 paratus
843 483 856 520 :
891 465 989 520 sed
1019 465 1146 536 quia
1177 480 1449 519 summum
1491 461 1797 520 auctoritati

192 565 384 612 vestrae
411 555 750 628 obsequium
779 561 1159 625 praestare-me
1216 560 1364 624 puto,
1395 617 1400 621 ν
1426 568 1550 608 cum
1582 567 1647 605 ea
1677 567 1798 621 quae

194 645 386 706 sentio,
418 653 513 700 aut
561 645 632 700 ad
676 643 1074 715 probationem,
1135 651 1228 697 aut
1280 641 1348 696 ad
1404 641 1800 696 correctionem

195 733 468 788 humiliter
498 731 784 803 sapientia:
813 731 979 785 vestri
1011 729 1311 802 magisterii
1359 729 1560 800 pando,
1603 736 1656 783 et
1685 729 1800 784 Ro-

194 823 340 878 thadi
370 837 559 877 mores
588 819 746 876 vobis
774 819 1021 874 intimare
1049 834 1306 890 procuro,
1355 834 1423 872 ne
1452 834 1574 872 mea
1614 816 1801 895 negli-

195 911 398 986 gentia,
435 909 533 982 qui
565 925 662 964 eos
702 908 848 973 novi,
905 923 1002 963 vos
1046 907 1268 972 lateant,
1289 915 1554 978 quatenus
1605 905 1806 961 certius

195 1001 338 1072 quod
365 997 526 1055 vobis
554 997 823 1069 placuerit
847 996 915 1050 de
942 996 1034 1051 illo
1063 1003 1247 1050 vestra
1277 995 1574 1050 auctoritas
1603 995 1804 1049 decer-

199 1105 325 1144 nere
355 1087 558 1144 valeat.
593 1085 769 1155 Quem
817 1085 863 1140 si
899 1101 1039 1140 nunc
1067 1083 1123 1138 in
1171 1083 1512 1154 depositione
1543 1083 1805 1149 iudicium

199 1182 438 1230 vestrum
465 1187 697 1226 manere
737 1168 1061 1234 decreverit,
1124 1169 1327 1223 scimus
1375 1168 1442 1222 de
1475 1167 1806 1239 benignitate

200 1271 248 1318 et
275 1261 550 1317 modestia
579 1277 643 1315 ac
671 1256 998 1330 pietate-filii
1026 1257 1191 1312 vestri
1221 1256 1407 1312 domni
1437 1256 1583 1328 regis
1611 1255 1804 1320 Caroli,

201 1350 456 1424 quoniam
486 1347 753 1422 quidquid
784 1347 852 1402 de
882 1346 976 1402 illo
1023 1345 1246 1417 praefato
1289 1343 1401 1399 filio
1449 1354 1632 1400 vestro
1662 1361 1810 1416 pra:-

202 1438 474 1511 ceperitis,
527 1444 581 1492 et
626 1434 1016 1490 rationabiliter
1073 1433 1267 1504 poterit
1321 1433 1638 1504 adimplere,
1695 1433 1812 1486 sine

205 1529 308 1584 ulla
336 1524 726 1583 retractatione
755 1523 992 1578 obediet.
1057 1522 1164 1578 Sed
1195 1531 1248 1578 et
1289 1521 1600 1593 coepiscopi
1645 1512 1818 1576 nostri

205 1616 269 1672 dc
299 1614 678 1672 Ecclesiarum
722 1628 943 1667 suarum
999 1610 1284 1682 stipendiis
1345 1609 1814 1666 abundantissime

1899 463 2067 530 sedis,
2100 479 2222 534 quae
2259 462 2314 517 in
2360 461 2475 516 suis
2511 461 2659 516 idem
2697 462 2954 532 praesedit
2990 462 3230 529 vicariis,
3271 463 3495 519 decreta

1900 559 2239 622 sequentes:
2275 549 2529 627 videlicet
2579 558 2638 605 ut
2681 564 2716 604 a
2760 551 3171 622 quibuscunque
3217 551 3494 620 judicibus

1900 639 2284 696 ecclesiasticis
2313 640 2384 694 ad
2415 639 2552 694 alios
2579 638 2794 708 judices
2823 639 3246 708 ecclesiasticos,
3275 639 3368 694 ubi
3414 647 3498 696 est

1900 729 2074 798 major
2103 728 2414 794 auctoritas,
2447 727 2609 782 fuerit
2647 735 3020 798 provocatum,
3052 743 3163 782 non
3209 727 3288 782 eis
3333 728 3493 794 obsit,

1903 833 2136 889 quorum
2166 817 2326 872 fuerit
2357 817 2534 872 soluta
2563 817 2845 882 sententia,
2897 817 2942 870 si
2970 817 3220 872 convinci
3247 831 3358 870 non
3392 831 3496 886 po-

1903 905 2118 971 tuerint,
2183 906 2270 960 vel
2325 905 2544 960 inimico
2593 904 2774 961 animo
2813 905 3108 975 judicasse,
3175 905 3262 960 vel
3321 905 3503 976 aliqua

1906 995 2200 1066 cupiditate
2229 1003 2320 1049 aut
2348 995 2528 1067 gratia
2588 993 2882 1064 depravati,
2913 995 3060 1049 unde
3088 994 3247 1050 nobis
3275 1001 3328 1048 et
3365 1009 3502 1050 con-

1909 1083 2136 1140 scientia
2163 1083 2414 1154 perhibet
2441 1082 2830 1149 testimonium,
2875 1091 2928 1138 et
2971 1083 3224 1138 omnibus
3270 1082 3360 1154 qui
3415 1083 3504 1137 in-

1908 1171 2214 1227 terfuerunt
2257 1179 2444 1227 notum
2488 1171 2692 1226 factum
2719 1171 2888 1225 fuisse
2936 1171 3296 1242 dignoscitur,
3359 1187 3502 1242 quo-

1909 1260 2058 1315 niam
2087 1261 2240 1314 illum
2269 1276 2489 1315 servare
2522 1276 2683 1330 quam
2697 1259 2945 1328 judicare
2975 1259 3286 1328 maluimus,
3319 1259 3366 1314 si
3403 1274 3505 1330 pro

1913 1366 2197 1406 sacrorum
2259 1365 2532 1404 canonum
2578 1349 2834 1422 neglectu
2886 1365 3077 1404 eorum
3117 1349 3344 1418 judicio,
3403 1365 3506 1419 per

1915 1454 2072 1510 quos,
2093 1437 2295 1508 Spiritu
2318 1445 2508 1492 sancto
2527 1437 2844 1507 inspirante,
2867 1437 3195 1508 promulgati
3216 1445 3358 1505 sunt,
3383 1453 3506 1493 cum

1915 1543 1980 1582 eo
2009 1542 2170 1596 quem
2195 1525 2474 1596 corrigere
2503 1524 2862 1596 nequibamus
2899 1525 3146 1580 damnari
3174 1525 3379 1596 pariter
3397 1540 3506 1578 non

1914 1615 2249 1670 timeremus.
2298 1615 2366 1668 Et
2409 1613 2609 1668 idcirco
2643 1613 2792 1667 nullo
2837 1613 3059 1669 inimico
3108 1613 3306 1681 animo,
3357 1611 3509 1666 nulla

202 1704 276 1759 illi
302 1703 644 1775 impendent.
691 1701 811 1756 Mea
855 1700 1018 1756 etiam
1065 1699 1353 1772 exiguitas,
1385 1699 1524 1754 sicut
1539 1715 1813 1770 nunquam
1843 1723 1896 1784 Β
1917 1705 2212 1774 cupiditate
2243 1710 2334 1756 aut
2362 1701 2568 1774 gratias
2598 1703 2898 1772 depravati,
2915 1702 3108 1757 ﬂentes
3135 1702 3280 1756 illius
3309 1702 3503 1758 incor-

207 1794 270 1849 ad
299 1791 722 1848 retributionem
751 1789 880 1844 mali
926 1795 1150 1860 propter
1183 1796 1523 1858 contemptus
1550 1793 1603 1842 et
1631 1795 1818 1844 contu-

210 1882 402 1938 melias
432 1881 506 1936 ab
525 1880 623 1935 illo
651 1879 786 1934 mihi
812 1878 988 1933 illatas
1017 1877 1304 1948 pervenire
1335 1875 1484 1932 volui
1516 1894 1529 1931 :
1553 1877 1628 1930 ita
1659 1876 1816 1948 quid-

208 1970 337 2044 quid
375 1967 734 2040 benignitatis
778 1975 990 2038 potero,
1042 1964 1400 2021 libentissime
1456 1964 1816 2020 abundantius

206 2059 367 2114 etiam
397 2073 567 2130 quam
597 2071 839 2126 unquam
867 2053 1108 2123 fecerim,
1142 2053 1460 2124 impendere
1482 2053 1812 2124 procurabo.

212 2148 267 2204 Si
292 2162 428 2203 vero
460 2145 580 2200 sine
603 2144 713 2200 ulla
733 2143 1094 2199 satisfactione
1113 2151 1218 2196 tam
1240 2143 1429 2196 diutini
1477 2149 1818 2212 contemptus

217 2251 503 2292 sacrorum
531 2249 825 2301 canonum,
849 2240 901 2287 et
932 2232 1080 2286 sedis
1111 2231 1426 2302 apostolica;
1445 2231 1814 2295 decretorum,

215 2341 277 2382 ac
310 2340 428 2380 suae
455 2321 779 2393 metropolis
807 2320 1098 2392 privilegii,
1121 2327 1282 2392 atque
1313 2319 1652 2391 synodalium
1680 2318 1822 2389 judi-

215 2414 440 2476 ciorum,
476 2411 678 2483 quibus
707 2425 808 2466 nec
839 2407 1084 2473 obedire,
1133 2423 1234 2464 nec
1279 2424 1339 2463 se
1382 2407 1722 2462 obediturum
1752 2407 1820 2461 de

218 2510 415 2558 caetero
445 2497 698 2571 profiteri
740 2497 832 2552 vel
879 2497 1224 2552 subscribere
1267 2496 1452 2564 voluit,
1503 2505 1556 2550 et
1611 2496 1822 2567 absque

217 2587 582 2661 professione,
633 2587 720 2642 vel
767 2585 1163 2656 subscriptione
1212 2601 1325 2640 suae
1375 2584 1726 2640 correctionis
1769 2591 1824 2639 et

217 2677 566 2742 obedientiae,
616 2690 806 2732 coram
851 2673 1084 2729 fratibus
1108 2673 1242 2741 suis,
1283 2689 1513 2745 quorum
1549 2673 1823 2728 multoties

217 2766 499 2840 regularia
529 2771 812 2835 spreverat
849 2762 1074 2828 monita,
1110 2778 1236 2818 cum
1287 2761 1413 2816 inde
1459 2761 1740 2832 pluraliter
1767 2761 1826 2815 in

223 2855 420 2911 Leonis
450 2862 505 2909 et
537 2851 800 2924 Gregorii
827 2849 1070 2922 epistolis
1099 2849 1392 2922 relegatur.
1443 2849 1500 2905 Si
1542 2850 1724 2916 etiam,
1769 2857 1826 2906 ut

222 2944 314 2999 illa
343 2949 765 3014 praetereamus,
799 2955 921 3011 quae
951 2939 1022 2995 ob
1041 2939 1333 2994 sacerdotii
1368 2939 1753 2994 verecundiam
1774 2945 1827 2992 et

224 3031 586 3104 approbrium
619 3027 984 3094 saecularium,
1021 3035 1315 3100 sequentes
1343 3026 1653 3083 Africanum
1695 3043 1828 3083 con-

225 3122 430 3187 cilium,
462 3134 570 3174 nec
600 3119 670 3174 ad
717 3117 994 3174 notionem
1042 3117 1098 3170 in
1145 3116 1414 3187 synodum
1460 3115 1660 3171 deduci
1707 3133 1830 3186 per-

225 3211 495 3274 misimus,
529 3207 688 3278 parvi
715 3205 902 3277 pensis
948 3213 1002 3261 et
1050 3205 1169 3260 sine
1239 3205 1422 3277 aliqua
1491 3205 1831 3260 correctione

229 3297 469 3354 dimissis
515 3296 598 3368 eis
647 3295 899 3366 capitulis
945 3293 1252 3350 auctoritati
1297 3301 1497 3350 vestrm
1554 3293 1658 3348 sub
1705 3293 1834 3349 fidei

232 3385 584 3458 stipulatione
616 3382 855 3449 directis,
887 3399 990 3454 pro
1021 3383 1219 3454 quibus
1248 3381 1426 3436 fuerat
1447 3382 1726 3451 judicatus
1763 3383 1835 3436 ab

232 3473 528 3546 episcopis,
560 3472 631 3527 ad
660 3487 892 3544 quorum
915 3471 1183 3540 judicium
1199 3478 1616 3541 provocaverat,
1638 3485 1834 3526 secun-

232 3563 362 3618 dum
407 3576 674 3632 espressa
730 3575 1018 3615 sacrorum
1075 3574 1344 3615 canonum
1405 3567 1460 3613 et
1522 3557 1836 3629 apostolicae

235 3651 379 3706 sedis
406 3651 655 3714 decreta,
689 3647 982 3704 Caelestino
1002 3647 1215 3703 dicente
1246 3648 1435 3720 (epist.
1476 3651 1528 3714 2,
1565 3648 1837 3719 episcopis

233 3757 333 3814 per
351 3739 522 3812 Apul.
557 3741 613 3794 et
638 3737 852 3808 Calab.)
878 3755 891 3790 :
929 3757 952 3786 α
989 3735 1124 3805 Quae
1145 3735 1291 3792 enim
1310 3752 1342 3790 a
1372 3735 1531 3791 nobis
1560 3751 1650 3791 res
1671 3734 1840 3806 digna

236 3827 565 3893 servabitur,
597 3825 645 3880 si
675 3823 1032 3882 decretalium
1057 3841 1246 3880 norma
1291 3825 1705 3881 constitutorum
1740 3839 1840 3894 pro

238 3917 544 3990 aliquorum
589 3914 746 3969 libitu
787 3913 1006 3970 licentia
1058 3913 1274 3984 populis
1303 3913 1571 3984 permissa
1611 3911 1840 3986 franga-

241 4015 325 4062 tur
351 4008 379 4061 ?
403 4027 426 4054 ν
461 4005 550 4060 Me
577 4014 776 4059 vestrae
805 4002 992 4074 pietati
1027 4001 1300 4074 placuerit
1336 4002 1490 4056 illum
1535 4009 1836 4067 restituere,

243 4103 298 4150 ut
324 4094 521 4166 prima:
551 4091 702 4148 sedis
739 4099 792 4146 et
819 4091 1010 4146 matris
1038 4106 1102 4148 ac
1135 4090 1412 4164 magistrae
1459 4093 1700 4146 omnium
1729 4091 1840 4146 Ec-

245 4183 533 4240 clesiarum
595 4179 894 4252 pontificis;
957 4187 1390 4250 cunctarumque
1453 4179 1841 4250 episcoporum

244 4272 412 4344 patris
441 4279 605 4342 atque
635 4269 900 4342 magistri,
933 4269 1187 4341 regulare
1223 4268 1490 4338 judicium
1521 4267 1666 4324 ferre
1704 4283 1842 4324 con-

249 4361 407 4429 venit,
438 4375 603 4432 aaquo
631 4357 811 4414 animo
853 4356 1042 4412 feram.
1103 4357 1276 4412 Credo
1305 4365 1482 4412 tamen
1531 4356 1842 4430 diligentis-

1859 3080 1910 3143 Ο

1917 1791 2192 1864 rigibilem
2235 1789 2538 1846 secordiam
2586 1798 2639 1844 et
2674 1790 3084 1846 irrevocabilem
3131 1793 3504 1862 pertinaciam,

1914 1880 2193 1954 regularia
2221 1879 2278 1934 in
2305 1895 2430 1934 eum
2455 1879 2664 1948 judicia
2693 1879 2934 1934 exsecuti
2963 1895 3170 1952 sumus,
3203 1897 3326 1953 qua:
3353 1884 3421 1938 ab
3442 1901 3508 1940 eo

1915 1969 2250 2040 suspendere
2275 1968 2476 2023 diutius
2508 1984 2616 2024 non
2646 1968 3114 2039 praesumpsimus.
3141 1971 3333 2026 Vestra
3349 1973 3510 2028 etiam

1917 2059 2136 2129 sapiens
2168 2066 2221 2113 et
2251 2072 2464 2112 summa
2491 2057 2786 2112 auctoritas
2811 2057 2869 2111 in
2898 2058 3246 2114 decernendo
3272 2062 3512 2118 attendet

1919 2147 2238 2218 Apostolum
2259 2145 2698 2216 docentem,quia
2729 2147 3099 2218 quorumdam
3117 2153 3351 2220 peccata
3371 2167 3512 2222 pra:-

1894 2306 1907 2328 ⁸
1919 2235 2178 2292 cedentia
2196 2239 2334 2290 sunt
2349 2235 2421 2290 ad
2429 2235 3113 2306 judicium,quorumdam
3129 2239 3306 2292 etiam
3321 2241 3378 2293 et
3393 2239 3515 2295 sub—

1920 2327 2236 2396 sequuntur
2263 2323 2309 2394 (Ι
2335 2325 2472 2378 Tim.
2505 2337 2562 2391 v,
2585 2323 2700 2393 24).
2726 2321 2860 2390 Quae.
2877 2323 3018 2378 sicut
3057 2323 3248 2380 beatus
3294 2327 3512 2396 exponit

1920 2411 2240 2468 Ambrosius
2270 2411 2357 2482 (in
2399 2411 2625 2482 Apolog.
2675 2411 2868 2475 David,
2917 2427 2966 2466 c.
3001 2414 3076 2482 6),
3101 2427 3163 2468 ac
3185 2413 3232 2468 si
3250 2415 3427 2484 posita
3455 2415 3510 2470 in

1923 2500 2152 2568 bilance,
2203 2499 2259 2554 in
2289 2499 2494 2568 judicio
2541 2506 2664 2553 sunt
2719 2499 3100 2569 examinanda,
3152 2509 3328 2557 utrum
3372 2503 3515 2558 bona

1923 2605 2088 2660 opera
2130 2587 2364 2658 amplius
2406 2587 2690 2657 pensando
2744 2587 3138 2644 remuneranda
3183 2591 3512 2661 praecedant,

1925 2685 1978 2732 et
2033 2677 2176 2732 mala
2226 2675 2372 2732 facta
2426 2675 2650 2730 minima
2711 2675 3137 2732 misericorditer
3199 2677 3520 2735 dimittenda

1925 2765 2320 2831 demonstrent,
2354 2779 2426 2819 an
2456 2763 2597 2819 male
2623 2763 2765 2819 facta
2793 2764 3024 2835 amplius
3061 2766 3342 2836 pensando
3370 2783 3518 2837 prte-

1927 2854 2138 2920 cedant,
2172 2862 2230 2908 ut
2256 2861 2572 2908 mereantur
2599 2852 2961 2908 damnationis
2984 2853 3266 2924 judicium,
3295 2863 3349 2910 et
3377 2855 3522 2912 bona

1927 2943 2160 3015 paucula
2190 2941 2474 2998 suﬁ'ocent.
2513 2940 2650 3009 Quia
2694 2949 2747 2995 et
2775 2957 2876 2996 nos
2904 2957 3006 3012 pro
3047 2943 3268 2998 modulo
3307 2953 3517 3012 nostro,

1929 3048 2040 3087 non
2072 3031 2250 3086 solum
2277 3030 2581 3096 utilitatem,
2632 3045 2821 3086 verum
2866 3037 2921 3084 et
2959 3031 3286 3086 noxietatem
3322 3032 3379 3086 in
3408 3033 3522 3088 Ro-

1931 3121 2095 3175 thado
2141 3134 2266 3175 cum
2311 3118 2471 3174 factis
2501 3118 2614 3173 suis
2655 3119 3022 3188 pensavimus,
3073 3127 3127 3174 et
3173 3120 3321 3175 velut
3365 3119 3522 3176 ficulo

1931 3223 2094 3264 neam
2121 3206 2526 3272 infructuosam,
2579 3213 2780 3260 terram
2815 3207 3135 3262 rationalem
3171 3207 3371 3263 diutius
3397 3208 3523 3264 inu-

1933 3296 2096 3352 tiliter
2149 3301 2525 3365 occupantem,
2576 3302 2630 3348 et
2675 3294 2837 3350 etiam
2878 3302 3011 3365 post‘
3045 3295 3201 3366 plura
3251 3303 3520 3368 tempora,

1933 3385 2228 3456 pluresque
2255 3382 2674 3448 admonitiones,
2707 3382 2861 3454 quasi
2888 3382 3152 3454 cephinos
3178 3384 3527 3458 pinguedinis

1936 3473 2040 3528 sibi
2067 3471 2344 3544 appositos
2364 3487 2475 3525 non
2503 3470 2876 3541 recipientem,
2909 3472 3008 3526 sed
3036 3473 3276 3527 sterilem
3303 3490 3526 3544 perma-

1937 3568 2176 3627 nentem,
2207 3575 2319 3615 non
2347 3559 2463 3614 sine
2491 3558 2678 3614 dolore
2707 3559 2888 3615 cordis
2913 3559 3301 3616 succidendum
3339 3561 3526 3632 provi-

1939 3650 2137 3704 dimus.

2008 3739 2078 3793 Et
2111 3754 2236 3794 cum
2265 3739 2382 3792 haec
2421 3737 2496 3791 ita
2533 3751 2593 3792 se
2641 3737 2892 3802 habeant,
2945 3737 3153 3810 absque
3196 3738 3528 3796 dubitatione

1941 3825 2174 3892 confido,
2211 3825 2336 3898 quia
2363 3825 2517 3891 illud,
2549 3825 2696 3896 quod
2723 3824 2779 3878 in
2830 3824 3059 3896 priefato
3089 3826 3533 3898 Carthaginensis

1941 3915 2157 3972 concilii
2186 3913 2424 3986 capitulo
2469 3913 2587 3967 sine
2615 3913 2727 3967 ulla
2771 3912 3204 3983 interpellatione
3248 3915 3534 3988 subsequi-

1943 4012 2048 4066 tur,
2081 4004 2359 4059 decretum
2387 4001 2556 4058 vestri
2593 4001 2982 4056 moderaminis
3023 4018 3361 4074 nequaquam
3391 4021 3534 4076 pra:-

1942 4093 2131 4148 teriret
2163 4109 2178 4146 ε
2211 4093 2372 4157 Sane,
2406 4089 2578 4162 inquit
2634 4090 2859 4159 (consil.
2883 4090 3164 4161 Africam,
3198 4107 3318 4147 can.
3354 4093 3464 4164 89),
3489 4093 3536 4148 si

1945 4197 2010 4236 ex
2041 4196 2311 4236 consensu
2339 4178 2576 4249 partium
2609 4177 2766 4232 electi
2796 4177 2995 4230 fuerint
3033 4179 3266 4246 judices,
3316 4180 3479 4235 etiam
3505 4197 3539 4235 ο,

1942 4269 2202 4340 pauciore
2232 4281 2457 4321 numero
2505 4280 2670 4336 quam
2698 4263 3045 4318 constitutum
3103 4274 3204 4332 est,
3241 4281 3350 4321 non
3381 4267 3542 4323 liceat

1943 4355 2252 4429 provocari.
2301 4354 2408 4424 Qui
2456 4369 2712 4409 numerus
2756 4353 3076 4409 constitutus
3116 4354 3172 4410 in
3217 4355 3540 4412 duodecimo

250 4449 439 4506 simam
459 4446 848 4503 discretionem
862 4453 1104 4502 vestram
1119 4445 1456 4516 provisuram
1475 4451 1846 4516 contemptum
1871 4434 1924 4494 D
1948 4444 2218 4518 superiori
2255 4443 2492 4516 capitulo
2521 4443 2938 4511 demonstratus,
2969 4451 3021 4500 et
3059 4459 3360 4500 consensus
3405 4461 3540 4516 par-

251 4554 309 4594 ac
350 4535 746 4594 contumaciam
794 4535 1158 4605 subjectorum
1215 4550 1348 4607 erga
1386 4533 1645 4606 praelatos
1699 4549 1848 4600 suos,

255 4634 304 4681 et
339 4625 651 4682 libertatem
692 4624 918 4695 impune
965 4622 1319 4695 delinquendi
1371 4631 1563 4679 contra
1611 4638 1852 4679 canones

259 4731 456 4784 sacros,
477 4730 605 4786 quae
633 4713 761 4768 hinc
789 4711 844 4766 in
876 4711 1078 4768 nostris
1109 4711 1424 4782 regionibus
1471 4720 1746 4783 poterunt,
1795 4719 1854 4766 ut

261 4804 579 4874 quibusdam
607 4801 840 4868 videtur,
873 4801 1066 4856 noxias
1097 4800 1244 4856 vires
1272 4801 1522 4872 accipere
1555 4819 1568 4856 :
1611 4801 1852 4872 praeser-

261 4891 351 4946 tim
413 4908 542 4949 cum
591 4889 1009 4961 sapientissimae
1053 4889 1358 4944 auctoritati
1398 4897 1595 4946 vestrm
1642 4897 1855 4946 constet

263 4992 378 5034 esse
404 4975 773 5044 notissimum,
805 4975 1184 5030 demonstrare
1205 4975 1529 5030 Sardicense
1565 4975 1857 5032 concilium

264 5064 316 5120 in
361 5066 594 5137 septimo
645 5080 745 5120 ruo
785 5062 1036 5135 capitulo,
1087 5062 1320 5135 qualiter
1360 5063 1557 5132 dejecti
1601 5073 1654 5118 et
1695 5064 1766 5119 ad
1796 5081 1856 5120 se

268 5154 545 5210 clamantis
575 5153 820 5225 episcopi
873 5151 1230 5208 restitutionis
1287 5152 1376 5208 vel
1405 5152 1462 5206 in
1517 5153 1856 5223 depositione

265 5242 656 5312 pcrmansionis
686 5241 979 5308 exsecutio,
1013 5256 1135 5299 cum
1155 5239 1510 5297 indemnitate
1540 5241 1858 5314 simpliciter

263 5331 632 5400 iudicantium,
665 5331 734 5386 ab
791 5329 1094 5404 apostolica
1142 5331 1274 5388 sede
1321 5332 1520 5388 debeat
1563 5333 1854 5390 celebrari.

271 5419 420 5489 Quod
451 5428 506 5479 et
535 5419 904 5487 Innocentius,
936 5427 990 5476 et
1016 5419 1346 5492 Bonifacius,
1377 5437 1568 5476 verum
1597 5429 1652 5477 et
1679 5422 1861 5480 Leoin

272 5509 520 5578 decretis,
571 5516 627 5570 et
665 5508 964 5585 Gregorius
1009 5509 1317 5568 evidentius
1359 5509 1416 5571 in
1456 5509 1700 5580 epistolis
1745 5511 1859 5568 suis

1949 4535 2082 4590 tium
2135 4534 2424 4606 expetitus,
2488 4533 2542 4588 in
2590 4532 2970 4602 dijudicatione
3033 4534 3265 4589 Rothadi
3331 4540 3542 4589 constat

1950 4623 2120 4680 fuisse
2149 4623 2470 4696 completus.
2517 4621 2760 4692 Quorum
2797 4631 2851 4677 et
2880 4622 2925 4676 si
2947 4621 3211 4692 judicium
3253 4637 3354 4691 pro
3401 4637 3540 4692 qua-

1951 4729 2164 4786 cunque
2191 4728 2360 4770 causa
2392 4711 2529 4768 forte
2573 4711 2996 4778 rationabiliore,
3049 4718 3103 4763 et
3162 4709 3339 4766 adhuc
3383 4711 3542 4770 nobis

1951 4802 2246 4876 incognita,
2293 4809 2490 4858 vestras
2519 4817 2746 4856 summae
2789 4795 3110 4862 auctoritati,
3163 4814 3328 4870 quam
3369 4801 3543 4858 multa

1953 4891 2112 4947 nobis
2153 4890 2365 4947 occulta
2409 4905 2521 4946 non
2581 4894 2876 4951 transeunt,
2916 4885 3202 4958 placuerit,
3253 4889 3538 4964 refragari,

1955 4981 2084 5054 quia
2107 4995 2288 5035 meum
2319 4987 2403 5033 est
2432 4995 2556 5034 mea
2578 4975 2734 5033 vobis
2772 4973 3079 5030 obediendo
3111 4979 3470 5046 committere,
3495 4987 3548 5034 et

1956 5085 2068 5124 non
2107 5069 2316 5138 judicia
2371 5077 2553 5124 vestra
2597 5063 2868 5118 discutere
2917 5063 3218 5134 sustinebo,
3269 5074 3320 5121 et
3357 5075 3546 5122 contra

1953 5165 2192 5213 vestram
2252 5157 2646 5212 restitutionem
2692 5149 3020 5222 regularem,
3073 5154 3120 5208 si
3176 5153 3316 5210 forte
3363 5155 3419 5208 in
3479 5171 3546 5210 eo

1957 5247 2171 5319 agenda
2185 5247 2303 5302 visa
2331 5243 2490 5299 fuerit
2527 5241 2606 5310 (in
2635 5255 2744 5311 qua
2787 5249 2968 5296 vestra
3013 5241 3265 5313 disponet
3308 5244 3544 5298 auctori-

1957 5344 2057 5404 tas,
2088 5335 2314 5408 qualiter
2340 5332 2514 5386 isdem
2542 5328 2735 5400 victor,
2758 5339 2817 5385 ut
2855 5331 3010 5396 solet,
3063 5338 3117 5385 et
3165 5331 3274 5387 voti
3320 5345 3545 5403 compos

1959 5441 2082 5497 qua
2109 5431 2233 5480 sunt
2277 5419 2519 5492 episcopi
2548 5419 2617 5477 de
2645 5418 2856 5492 reliquo
2903 5417 3104 5489 faciat),
3157 5435 3268 5476 non
3315 5421 3547 5478 recalci-

1960 5513 2116 5568 trabo
2149 5529 2162 5564 :
2201 5511 2407 5566 ducens
2454 5526 2554 5580 pro
2597 5525 2820 5582 magno,
2853 5509 2962 5564 sia
2990 5506 3212 5566 diutinis
3262 5517 3315 5565 et
3361 5508 3544 5565 multis
