  <div class='ocr_page' id='page_1' title='image "/cluster/home/n/w/nwhite01/storage/ocr_20150623/126/umn.31951002477419r/027.png"; bbox 0 0 4026 6298; ppageno 0'>
   <div class='ocr_carea' id='block_1_1' title="bbox 480 202 3773 264">
    <p class='ocr_par' dir='ltr' id='par_1_1' title="bbox 480 202 3773 264">
     <span class='ocr_line' id='line_1_1' title="bbox 480 202 3773 264; baseline -0.001 -1"><span class='ocrx_word' id='word_1_1' title='bbox 480 213 547 263; x_wconf 83' lang='grc'><strong>39</strong></span> <span class='ocrx_word' id='word_1_2' title='bbox 1402 207 1742 264; x_wconf 79' lang='lat' dir='ltr'><strong>HlNCMARI</strong></span> <span class='ocrx_word' id='word_1_3' title='bbox 1799 202 2199 263; x_wconf 76' lang='lat' dir='ltr'><strong>RHEMENSIS</strong></span> <span class='ocrx_word' id='word_1_4' title='bbox 2257 205 2807 264; x_wconf 77' lang='lat' dir='ltr'><strong>ARCHIEPISCOPI.</strong></span> <span class='ocrx_word' id='word_1_5' title='bbox 3701 209 3773 262; x_wconf 62' lang='lat'><strong>1.0</strong></span> 
     </span>
    </p>
   </div>
   <div class='ocr_carea' id='block_1_2' title="bbox 480 329 3770 406">
    <p class='ocr_par' dir='ltr' id='par_1_2' title="bbox 480 329 3770 406">
     <span class='ocr_line' id='line_1_2' title="bbox 480 329 3770 406; baseline -0.001 -18"><span class='ocrx_word' id='word_1_6' title='bbox 480 335 758 400; x_wconf 90' lang='lat' dir='ltr'><strong>molestiis,</strong></span> <span class='ocrx_word' id='word_1_7' title='bbox 793 349 926 406; x_wconf 84' lang='lat' dir='ltr'><strong>quas</strong></span> <span class='ocrx_word' id='word_1_8' title='bbox 957 334 1028 389; x_wconf 92' lang='lat' dir='ltr'><strong>ab</strong></span> <span class='ocrx_word' id='word_1_9' title='bbox 1076 333 1169 389; x_wconf 92' lang='lat' dir='ltr'><strong>illo</strong></span> <span class='ocrx_word' id='word_1_10' title='bbox 1198 341 1252 389; x_wconf 90' lang='lat' dir='ltr'><strong>et</strong></span> <span class='ocrx_word' id='word_1_11' title='bbox 1278 349 1377 404; x_wconf 91' lang='lat' dir='ltr'><strong>pre</strong></span> <span class='ocrx_word' id='word_1_12' title='bbox 1407 334 1499 390; x_wconf 91' lang='lat' dir='ltr'><strong>illo</strong></span> <span class='ocrx_word' id='word_1_13' title='bbox 1553 350 1749 406; x_wconf 90' lang='lat' dir='ltr'><strong>passus</strong></span> <span class='ocrx_word' id='word_1_14' title='bbox 1786 349 1929 400; x_wconf 91' lang='lat' dir='ltr'><strong>sum,</strong></span> <span class='ocrx_word' id='word_1_15' title='bbox 1953 331 2069 400; x_wconf 88' lang='lat' dir='ltr'><strong>jam</strong></span> <span class='ocrx_word' id='word_1_16' title='bbox 2104 329 2160 388; x_wconf 88' lang='lat' dir='ltr'><strong>A</strong></span> <span class='ocrx_word' id='word_1_17' title='bbox 2179 329 2550 399; x_wconf 88' lang='lat' dir='ltr'><strong>Treverensis,</strong></span> <span class='ocrx_word' id='word_1_18' title='bbox 2581 331 2870 388; x_wconf 92' lang='lat' dir='ltr'><strong>commissa</strong></span> <span class='ocrx_word' id='word_1_19' title='bbox 2900 331 3016 387; x_wconf 88' lang='lat' dir='ltr'><strong>fuit.</strong></span> <span class='ocrx_word' id='word_1_20' title='bbox 3050 335 3194 388; x_wconf 86' lang='lat' dir='ltr'><strong>Inter</strong></span> <span class='ocrx_word' id='word_1_21' title='bbox 3223 348 3379 404; x_wconf 90' lang='lat' dir='ltr'><strong>quas,</strong></span> <span class='ocrx_word' id='word_1_22' title='bbox 3401 333 3770 388; x_wconf 80' lang='lat' dir='ltr'><strong>Rhemensem</strong></span> 
     </span>
    </p>
   </div>
   <div class='ocr_carea' id='block_1_3' title="bbox 484 421 2072 494">
    <p class='ocr_par' dir='ltr' id='par_1_3' title="bbox 484 421 2072 494">
     <span class='ocr_line' id='line_1_3' title="bbox 484 421 2072 494; baseline 0 -18"><span class='ocrx_word' id='word_1_23' title='bbox 484 423 706 478; x_wconf 99' lang='lat' dir='ltr'><strong>tandem</strong></span> <span class='ocrx_word' id='word_1_24' title='bbox 760 421 1052 494; x_wconf 84' lang='lat' dir='ltr'><strong>aliquando</strong></span> <span class='ocrx_word' id='word_1_25' title='bbox 1107 421 1320 478; x_wconf 87' lang='lat' dir='ltr'><strong>valeam</strong></span> <span class='ocrx_word' id='word_1_26' title='bbox 1379 423 1678 493; x_wconf 80' lang='lat' dir='ltr'><strong>respirare,</strong></span> <span class='ocrx_word' id='word_1_27' title='bbox 1711 431 1764 478; x_wconf 91' lang='lat' dir='ltr'><strong>et</strong></span> <span class='ocrx_word' id='word_1_28' title='bbox 1793 437 2072 493; x_wconf 83' lang='lat' dir='ltr'><strong>nunquam</strong></span> 
     </span>
    </p>
   </div>
   <div class='ocr_carea' id='block_1_4' title="bbox 483 510 2075 584">
    <p class='ocr_par' dir='ltr' id='par_1_4' title="bbox 483 510 2075 584">
     <span class='ocr_line' id='line_1_4' title="bbox 483 510 2075 584; baseline 0.001 -19"><span class='ocrx_word' id='word_1_29' title='bbox 483 510 614 565; x_wconf 88' lang='lat' dir='ltr'><strong>mihi</strong></span> <span class='ocrx_word' id='word_1_30' title='bbox 645 511 924 584; x_wconf 76' lang='lat' dir='ltr'><strong>contingat</strong></span> <span class='ocrx_word' id='word_1_31' title='bbox 952 511 1178 566; x_wconf 89' lang='lat' dir='ltr'><strong>ulterius</strong></span> <span class='ocrx_word' id='word_1_32' title='bbox 1233 518 1423 567; x_wconf 91' lang='lat' dir='ltr'><strong>contra</strong></span> <span class='ocrx_word' id='word_1_33' title='bbox 1477 511 1621 566; x_wconf 91' lang='lat' dir='ltr'><strong>illius</strong></span> <span class='ocrx_word' id='word_1_34' title='bbox 1675 511 2075 583; x_wconf 89' lang='lat' dir='ltr'><strong>inquietudines</strong></span> 
     </span>
    </p>
   </div>
   <div class='ocr_carea' id='block_1_5' title="bbox 481 599 2076 671">
    <p class='ocr_par' dir='ltr' id='par_1_5' title="bbox 481 599 2076 671">
     <span class='ocr_line' id='line_1_5' title="bbox 481 599 2076 671; baseline -0.001 -17"><span class='ocrx_word' id='word_1_35' title='bbox 481 599 738 654; x_wconf 83' lang='lat' dir='ltr'><strong>inutiliter</strong></span> <span class='ocrx_word' id='word_1_36' title='bbox 783 599 1052 654; x_wconf 83' lang='lat' dir='ltr'><strong>laborare.</strong></span> <span class='ocrx_word' id='word_1_37' title='bbox 1086 599 1155 654; x_wconf 88' lang='lat' dir='ltr'><strong>Et</strong></span> <span class='ocrx_word' id='word_1_38' title='bbox 1197 599 1342 671; x_wconf 92' lang='lat' dir='ltr'><strong>quod</strong></span> <span class='ocrx_word' id='word_1_39' title='bbox 1371 615 1480 655; x_wconf 92' lang='lat' dir='ltr'><strong>non</strong></span> <span class='ocrx_word' id='word_1_40' title='bbox 1511 599 1688 654; x_wconf 91' lang='lat' dir='ltr'><strong>solum</strong></span> <span class='ocrx_word' id='word_1_41' title='bbox 1717 599 1788 654; x_wconf 91' lang='lat' dir='ltr'><strong>ab</strong></span> <span class='ocrx_word' id='word_1_42' title='bbox 1817 599 2076 656; x_wconf 68' lang='lat' dir='ltr'><strong>ecclesxa-</strong></span> 
     </span>
    </p>
   </div>
   <div class='ocr_carea' id='block_1_6' title="bbox 484 687 2075 761">
    <p class='ocr_par' dir='ltr' id='par_1_6' title="bbox 484 687 2075 761">
     <span class='ocr_line' id='line_1_6' title="bbox 484 687 2075 761; baseline 0.001 -19"><span class='ocrx_word' id='word_1_43' title='bbox 484 687 635 744; x_wconf 89' lang='lat' dir='ltr'><strong>sticis</strong></span> <span class='ocrx_word' id='word_1_44' title='bbox 663 689 934 759; x_wconf 83' lang='lat' dir='ltr'><strong>personis,</strong></span> <span class='ocrx_word' id='word_1_45' title='bbox 968 704 1160 744; x_wconf 90' lang='lat' dir='ltr'><strong>verum</strong></span> <span class='ocrx_word' id='word_1_46' title='bbox 1189 697 1240 743; x_wconf 91' lang='lat' dir='ltr'><strong>et</strong></span> <span class='ocrx_word' id='word_1_47' title='bbox 1271 688 1438 743; x_wconf 88' lang='lat' dir='ltr'><strong>multo</strong></span> <span class='ocrx_word' id='word_1_48' title='bbox 1493 687 1668 761; x_wconf 89' lang='lat' dir='ltr'><strong>magis</strong></span> <span class='ocrx_word' id='word_1_49' title='bbox 1707 687 1869 744; x_wconf 90' lang='lat' dir='ltr'><strong>etiam</strong></span> <span class='ocrx_word' id='word_1_50' title='bbox 1910 704 1940 741; x_wconf 91' lang='lat' dir='ltr'><strong>a</strong></span> <span class='ocrx_word' id='word_1_51' title='bbox 1967 703 2075 743; x_wconf 75' lang='lat' dir='ltr'><strong>sae-</strong></span> 
     </span>
    </p>
   </div>
   <div class='ocr_carea' id='block_1_7' title="bbox 486 775 2078 846">
    <p class='ocr_par' dir='ltr' id='par_1_7' title="bbox 486 775 2078 846">
     <span class='ocr_line' id='line_1_7' title="bbox 486 775 2078 846; baseline -0.001 -14"><span class='ocrx_word' id='word_1_52' title='bbox 486 776 762 832; x_wconf 89' lang='lat' dir='ltr'><strong>cularibus</strong></span> <span class='ocrx_word' id='word_1_53' title='bbox 790 784 978 832; x_wconf 88' lang='lat' dir='ltr'><strong>nostra</strong></span> <span class='ocrx_word' id='word_1_54' title='bbox 1000 776 1209 845; x_wconf 83' lang='lat' dir='ltr'><strong>judicia</strong></span> <span class='ocrx_word' id='word_1_55' title='bbox 1237 783 1676 845; x_wconf 88' lang='lat' dir='ltr'><strong>contemnuntur,</strong></span> <span class='ocrx_word' id='word_1_56' title='bbox 1709 784 1762 832; x_wconf 88' lang='lat' dir='ltr'><strong>et</strong></span> <span class='ocrx_word' id='word_1_57' title='bbox 1780 791 1880 846; x_wconf 91' lang='lat' dir='ltr'><strong>pro</strong></span> <span class='ocrx_word' id='word_1_58' title='bbox 1909 775 2078 830; x_wconf 88' lang='lat' dir='ltr'><strong>nihilo</strong></span> 
     </span>
    </p>
   </div>
   <div class='ocr_carea' id='block_1_8' title="bbox 485 864 2077 931">
    <p class='ocr_par' dir='ltr' id='par_1_8' title="bbox 485 864 2077 931">
     <span class='ocr_line' id='line_1_8' title="bbox 485 864 2077 931; baseline -0.001 -12"><span class='ocrx_word' id='word_1_59' title='bbox 485 865 778 931; x_wconf 87' lang='lat' dir='ltr'><strong>ducuntur,</strong></span> <span class='ocrx_word' id='word_1_60' title='bbox 833 864 1141 920; x_wconf 84' lang='lat' dir='ltr'><strong>dicentibus</strong></span> <span class='ocrx_word' id='word_1_61' title='bbox 1169 865 1269 930; x_wconf 90' lang='lat' dir='ltr'><strong>eis,</strong></span> <span class='ocrx_word' id='word_1_62' title='bbox 1317 873 1370 920; x_wconf 88' lang='lat' dir='ltr'><strong>et</strong></span> <span class='ocrx_word' id='word_1_63' title='bbox 1398 865 1466 920; x_wconf 89' lang='lat' dir='ltr'><strong>ad</strong></span> <span class='ocrx_word' id='word_1_64' title='bbox 1503 865 1741 920; x_wconf 90' lang='lat' dir='ltr'><strong>medium</strong></span> <span class='ocrx_word' id='word_1_65' title='bbox 1798 865 2077 920; x_wconf 88' lang='lat' dir='ltr'><strong>devocan-</strong></span> 
     </span>
    </p>
   </div>
   <div class='ocr_carea' id='block_1_9' title="bbox 485 953 2082 1026">
    <p class='ocr_par' dir='ltr' id='par_1_9' title="bbox 485 953 2082 1026">
     <span class='ocr_line' id='line_1_9' title="bbox 485 953 2082 1026; baseline -0.001 -19"><span class='ocrx_word' id='word_1_66' title='bbox 485 953 631 1008; x_wconf 89' lang='lat' dir='ltr'><strong>tibus</strong></span> <span class='ocrx_word' id='word_1_67' title='bbox 687 953 796 1019; x_wconf 90' lang='lat' dir='ltr'><strong>illa,</strong></span> <span class='ocrx_word' id='word_1_68' title='bbox 855 970 978 1026; x_wconf 66' lang='lat' dir='ltr'><strong>quae</strong></span> <span class='ocrx_word' id='word_1_69' title='bbox 1004 954 1137 1008; x_wconf 90' lang='lat' dir='ltr'><strong>mihi</strong></span> <span class='ocrx_word' id='word_1_70' title='bbox 1181 961 1381 1009; x_wconf 63' lang='lat' dir='ltr'><strong>vestrae</strong></span> <span class='ocrx_word' id='word_1_71' title='bbox 1436 953 1743 1009; x_wconf 84' lang='lat' dir='ltr'><strong>auctoritati</strong></span> <span class='ocrx_word' id='word_1_72' title='bbox 1800 968 1910 1008; x_wconf 90' lang='lat' dir='ltr'><strong>non</strong></span> <span class='ocrx_word' id='word_1_73' title='bbox 1957 960 2082 1006; x_wconf 92' lang='lat' dir='ltr'><strong>sunt</strong></span> 
     </span>
    </p>
   </div>
   <div class='ocr_carea' id='block_1_10' title="bbox 488 1040 2081 1110">
    <p class='ocr_par' dir='ltr' id='par_1_10' title="bbox 488 1040 2081 1110">
     <span class='ocr_line' id='line_1_10' title="bbox 488 1040 2081 1110; baseline -0.001 -15"><span class='ocrx_word' id='word_1_74' title='bbox 488 1041 837 1110; x_wconf 86' lang='lat' dir='ltr'><strong>ascribenda,</strong></span> <span class='ocrx_word' id='word_1_75' title='bbox 891 1050 950 1097; x_wconf 92' lang='lat' dir='ltr'><strong>ut</strong></span> <span class='ocrx_word' id='word_1_76' title='bbox 977 1058 1088 1098; x_wconf 92' lang='lat' dir='ltr'><strong>non</strong></span> <span class='ocrx_word' id='word_1_77' title='bbox 1117 1041 1357 1096; x_wconf 90' lang='lat' dir='ltr'><strong>animum</strong></span> <span class='ocrx_word' id='word_1_78' title='bbox 1410 1041 1714 1097; x_wconf 89' lang='lat' dir='ltr'><strong>dulcedinis</strong></span> <span class='ocrx_word' id='word_1_79' title='bbox 1769 1049 1964 1096; x_wconf 72' lang='lat' dir='ltr'><strong>vettrae</strong></span> <span class='ocrx_word' id='word_1_80' title='bbox 2023 1040 2081 1094; x_wconf 92' lang='lat' dir='ltr'><strong>in</strong></span> 
     </span>
    </p>
   </div>
   <div class='ocr_carea' id='block_1_11' title="bbox 484 1129 2075 1202">
    <p class='ocr_par' dir='ltr' id='par_1_11' title="bbox 484 1129 2075 1202">
     <span class='ocr_line' id='line_1_11' title="bbox 484 1129 2075 1202; baseline -0.002 -16"><span class='ocrx_word' id='word_1_81' title='bbox 484 1130 669 1202; x_wconf 90' lang='lat' dir='ltr'><strong>aliquo</strong></span> <span class='ocrx_word' id='word_1_82' title='bbox 697 1146 966 1198; x_wconf 84' lang='lat' dir='ltr'><strong>moveam,</strong></span> <span class='ocrx_word' id='word_1_83' title='bbox 999 1131 1144 1202; x_wconf 92' lang='lat' dir='ltr'><strong>quod</strong></span> <span class='ocrx_word' id='word_1_84' title='bbox 1175 1146 1520 1202; x_wconf 88' lang='lat' dir='ltr'><strong>summopere</strong></span> <span class='ocrx_word' id='word_1_85' title='bbox 1577 1145 1772 1186; x_wconf 91' lang='lat' dir='ltr'><strong>cavere</strong></span> <span class='ocrx_word' id='word_1_86' title='bbox 1799 1129 2075 1186; x_wconf 90' lang='lat' dir='ltr'><strong>desidero.</strong></span> 
     </span>
    </p>
   </div>
   <div class='ocr_carea' id='block_1_12' title="bbox 486 1217 2079 1292">
    <p class='ocr_par' dir='ltr' id='par_1_12' title="bbox 486 1217 2079 1292">
     <span class='ocr_line' id='line_1_12' title="bbox 486 1217 2079 1292; baseline -0.002 -17"><span class='ocrx_word' id='word_1_87' title='bbox 486 1219 544 1276; x_wconf 87' lang='lat' dir='ltr'><strong>Si</strong></span> <span class='ocrx_word' id='word_1_88' title='bbox 573 1219 665 1292; x_wconf 88' lang='lat' dir='ltr'><strong>qui</strong></span> <span class='ocrx_word' id='word_1_89' title='bbox 694 1219 750 1274; x_wconf 91' lang='lat' dir='ltr'><strong>in</strong></span> <span class='ocrx_word' id='word_1_90' title='bbox 777 1219 1059 1291; x_wconf 85' lang='lat' dir='ltr'><strong>provincia</strong></span> <span class='ocrx_word' id='word_1_91' title='bbox 1088 1228 1289 1286; x_wconf 89' lang='lat' dir='ltr'><strong>nostra,</strong></span> <span class='ocrx_word' id='word_1_92' title='bbox 1334 1235 1566 1291; x_wconf 90' lang='lat' dir='ltr'><strong>quorum</strong></span> <span class='ocrx_word' id='word_1_93' title='bbox 1619 1219 1836 1291; x_wconf 89' lang='lat' dir='ltr'><strong>querela</strong></span> <span class='ocrx_word' id='word_1_94' title='bbox 1863 1217 1956 1273; x_wconf 91' lang='lat' dir='ltr'><strong>illo</strong></span> <span class='ocrx_word' id='word_1_95' title='bbox 1984 1234 2079 1272; x_wconf 85' lang='lat' dir='ltr'><strong>re-</strong></span> 
     </span>
    </p>
   </div>
   <div class='ocr_carea' id='block_1_13' title="bbox 486 1307 2081 1378">
    <p class='ocr_par' dir='ltr' id='par_1_13' title="bbox 486 1307 2081 1378">
     <span class='ocr_line' id='line_1_13' title="bbox 486 1307 2081 1378; baseline -0.002 -16"><span class='ocrx_word' id='word_1_96' title='bbox 486 1309 672 1364; x_wconf 89' lang='lat' dir='ltr'><strong>stituto</strong></span> <span class='ocrx_word' id='word_1_97' title='bbox 699 1309 767 1363; x_wconf 92' lang='lat' dir='ltr'><strong>ad</strong></span> <span class='ocrx_word' id='word_1_98' title='bbox 795 1323 894 1363; x_wconf 91' lang='lat' dir='ltr'><strong>vos</strong></span> <span class='ocrx_word' id='word_1_99' title='bbox 922 1308 1099 1364; x_wconf 83' lang='lat' dir='ltr'><strong>valeat</strong></span> <span class='ocrx_word' id='word_1_100' title='bbox 1127 1308 1434 1378; x_wconf 86' lang='lat' dir='ltr'><strong>pervenire,</strong></span> <span class='ocrx_word' id='word_1_101' title='bbox 1468 1309 1538 1362; x_wconf 91' lang='lat' dir='ltr'><strong>de</strong></span> <span class='ocrx_word' id='word_1_102' title='bbox 1566 1307 1864 1377; x_wconf 85' lang='lat' dir='ltr'><strong>majoribus</strong></span> <span class='ocrx_word' id='word_1_103' title='bbox 1901 1307 2081 1362; x_wconf 88' lang='lat' dir='ltr'><strong>causis</strong></span> 
     </span>
    </p>
   </div>
   <div class='ocr_carea' id='block_1_14' title="bbox 479 1395 2080 1468">
    <p class='ocr_par' dir='ltr' id='par_1_14' title="bbox 479 1395 2080 1468">
     <span class='ocr_line' id='line_1_14' title="bbox 479 1395 2080 1468; baseline -0.003 -15"><span class='ocrx_word' id='word_1_104' title='bbox 479 1398 550 1453; x_wconf 90' lang='lat' dir='ltr'><strong>de</strong></span> <span class='ocrx_word' id='word_1_105' title='bbox 582 1405 777 1453; x_wconf 60' lang='lat' dir='ltr'><strong>caetero</strong></span> <span class='ocrx_word' id='word_1_106' title='bbox 805 1397 1051 1468; x_wconf 71' lang='lat' dir='ltr'><strong>quaedam</strong></span> <span class='ocrx_word' id='word_1_107' title='bbox 1081 1396 1474 1462; x_wconf 85' lang='lat' dir='ltr'><strong>commiserint,</strong></span> <span class='ocrx_word' id='word_1_108' title='bbox 1501 1395 1640 1452; x_wconf 88' lang='lat' dir='ltr'><strong>sicut</strong></span> <span class='ocrx_word' id='word_1_109' title='bbox 1669 1397 1738 1451; x_wconf 83' lang='lat' dir='ltr'><strong>de</strong></span> <span class='ocrx_word' id='word_1_110' title='bbox 1759 1395 2080 1467; x_wconf 89' lang='lat' dir='ltr'><strong>quibusdam</strong></span> 
     </span>
    </p>
   </div>
   <div class='ocr_carea' id='block_1_15' title="bbox 484 1481 2084 1556">
    <p class='ocr_par' dir='ltr' id='par_1_15' title="bbox 484 1481 2084 1556">
     <span class='ocr_line' id='line_1_15' title="bbox 484 1481 2084 1556; baseline -0.001 -16"><span class='ocrx_word' id='word_1_111' title='bbox 484 1485 648 1540; x_wconf 88' lang='lat' dir='ltr'><strong>rebus</strong></span> <span class='ocrx_word' id='word_1_112' title='bbox 694 1484 1034 1556; x_wconf 84' lang='lat' dir='ltr'><strong>frequentius</strong></span> <span class='ocrx_word' id='word_1_113' title='bbox 1091 1501 1249 1556; x_wconf 89' lang='lat' dir='ltr'><strong>quam</strong></span> <span class='ocrx_word' id='word_1_114' title='bbox 1280 1484 1335 1538; x_wconf 92' lang='lat' dir='ltr'><strong>in</strong></span> <span class='ocrx_word' id='word_1_115' title='bbox 1390 1483 1509 1538; x_wconf 90' lang='lat' dir='ltr'><strong>istis</strong></span> <span class='ocrx_word' id='word_1_116' title='bbox 1543 1481 1830 1540; x_wconf 77' lang='lat' dir='ltr'><strong>retroactis</strong></span> <span class='ocrx_word' id='word_1_117' title='bbox 1882 1491 2084 1554; x_wconf 88' lang='lat' dir='ltr'><strong>tempo-</strong></span> 
     </span>
    </p>
   </div>
   <div class='ocr_carea' id='block_1_16' title="bbox 486 1571 2083 1638">
    <p class='ocr_par' dir='ltr' id='par_1_16' title="bbox 486 1571 2083 1638">
     <span class='ocr_line' id='line_1_16' title="bbox 486 1571 2083 1638; baseline 0.001 -11"><span class='ocrx_word' id='word_1_118' title='bbox 486 1573 638 1627; x_wconf 89' lang='lat' dir='ltr'><strong>ribus</strong></span> <span class='ocrx_word' id='word_1_119' title='bbox 667 1573 1109 1638; x_wconf 87' lang='lat' dir='ltr'><strong>committuntur,</strong></span> <span class='ocrx_word' id='word_1_120' title='bbox 1144 1589 1212 1627; x_wconf 89' lang='lat' dir='ltr'><strong>ne</strong></span> <span class='ocrx_word' id='word_1_121' title='bbox 1240 1590 1270 1626; x_wconf 88' lang='lat' dir='ltr'><strong>a</strong></span> <span class='ocrx_word' id='word_1_122' title='bbox 1300 1573 1416 1627; x_wconf 92' lang='lat' dir='ltr'><strong>Deo</strong></span> <span class='ocrx_word' id='word_1_123' title='bbox 1461 1573 1692 1628; x_wconf 88' lang='lat' dir='ltr'><strong>damner</strong></span> <span class='ocrx_word' id='word_1_124' title='bbox 1721 1571 1954 1637; x_wconf 67' lang='lat' dir='ltr'><strong>snlentio,</strong></span> <span class='ocrx_word' id='word_1_125' title='bbox 1986 1588 2083 1630; x_wconf 89' lang='lat' dir='ltr'><strong>eos</strong></span> 
     </span>
    </p>
   </div>
   <div class='ocr_carea' id='block_1_17' title="bbox 2173 419 3774 489">
    <p class='ocr_par' dir='ltr' id='par_1_17' title="bbox 2173 419 3774 489">
     <span class='ocr_line' id='line_1_17' title="bbox 2173 419 3774 489; baseline 0 -15"><span class='ocrx_word' id='word_1_126' title='bbox 2173 419 2381 476; x_wconf 87' lang='lat' dir='ltr'><strong>scilicet</strong></span> <span class='ocrx_word' id='word_1_127' title='bbox 2411 429 2464 476; x_wconf 92' lang='lat' dir='ltr'><strong>et</strong></span> <span class='ocrx_word' id='word_1_128' title='bbox 2491 422 2882 476; x_wconf 90' lang='lat' dir='ltr'><strong>Treverensem</strong></span> <span class='ocrx_word' id='word_1_129' title='bbox 2936 420 3238 476; x_wconf 89' lang='lat' dir='ltr'><strong>Ecclesiam</strong></span> <span class='ocrx_word' id='word_1_130' title='bbox 3284 421 3408 489; x_wconf 89' lang='lat' dir='ltr'><strong>(has</strong></span> <span class='ocrx_word' id='word_1_131' title='bbox 3463 419 3606 474; x_wconf 90' lang='lat' dir='ltr'><strong>enim</strong></span> <span class='ocrx_word' id='word_1_132' title='bbox 3633 420 3774 474; x_wconf 91' lang='lat' dir='ltr'><strong>duas</strong></span> 
     </span>
    </p>
   </div>
   <div class='ocr_carea' id='block_1_18' title="bbox 2173 509 3774 582">
    <p class='ocr_par' dir='ltr' id='par_1_18' title="bbox 2173 509 3774 582">
     <span class='ocr_line' id='line_1_18' title="bbox 2173 509 3774 582; baseline 0 -20"><span class='ocrx_word' id='word_1_133' title='bbox 2173 515 2376 562; x_wconf 91' lang='lat' dir='ltr'><strong>tantum</strong></span> <span class='ocrx_word' id='word_1_134' title='bbox 2407 509 2714 580; x_wconf 87' lang='lat' dir='ltr'><strong>provincias</strong></span> <span class='ocrx_word' id='word_1_135' title='bbox 2744 509 2964 582; x_wconf 85' lang='lat' dir='ltr'><strong>Belgica</strong></span> <span class='ocrx_word' id='word_1_136' title='bbox 2992 509 3148 582; x_wconf 87' lang='lat' dir='ltr'><strong>regio</strong></span> <span class='ocrx_word' id='word_1_137' title='bbox 3163 509 3366 578; x_wconf 88' lang='lat' dir='ltr'><strong>habet),</strong></span> <span class='ocrx_word' id='word_1_138' title='bbox 3403 509 3520 564; x_wconf 74' lang='lat' dir='ltr'><strong>haec</strong></span> <span class='ocrx_word' id='word_1_139' title='bbox 3547 524 3774 578; x_wconf 85' lang='lat' dir='ltr'><strong>semper</strong></span> 
     </span>
    </p>
   </div>
   <div class='ocr_carea' id='block_1_19' title="bbox 2174 595 3772 666">
    <p class='ocr_par' dir='ltr' id='par_1_19' title="bbox 2174 595 3772 666">
     <span class='ocr_line' id='line_1_19' title="bbox 2174 595 3772 666; baseline 0 -16"><span class='ocrx_word' id='word_1_140' title='bbox 2174 595 2446 653; x_wconf 90' lang='lat' dir='ltr'><strong>distinctio</strong></span> <span class='ocrx_word' id='word_1_141' title='bbox 2503 596 2618 666; x_wconf 88' lang='lat' dir='ltr'><strong>fuit,</strong></span> <span class='ocrx_word' id='word_1_142' title='bbox 2680 597 2816 653; x_wconf 87' lang='lat' dir='ltr'><strong>sicut</strong></span> <span class='ocrx_word' id='word_1_143' title='bbox 2860 597 2914 652; x_wconf 94' lang='lat' dir='ltr'><strong>in</strong></span> <span class='ocrx_word' id='word_1_144' title='bbox 2963 597 3350 654; x_wconf 88' lang='lat' dir='ltr'><strong>ecclesiasticis</strong></span> <span class='ocrx_word' id='word_1_145' title='bbox 3405 597 3772 652; x_wconf 88' lang='lat' dir='ltr'><strong>monumentis</strong></span> 
     </span>
    </p>
   </div>
   <div class='ocr_carea' id='block_1_20' title="bbox 2175 683 3775 757">
    <p class='ocr_par' dir='ltr' id='par_1_20' title="bbox 2175 683 3775 757">
     <span class='ocr_line' id='line_1_20' title="bbox 2175 683 3775 757; baseline 0.001 -19"><span class='ocrx_word' id='word_1_146' title='bbox 2175 683 2501 751; x_wconf 85' lang='lat' dir='ltr'><strong>invenimus,</strong></span> <span class='ocrx_word' id='word_1_147' title='bbox 2533 693 2588 741; x_wconf 92' lang='lat' dir='ltr'><strong>et</strong></span> <span class='ocrx_word' id='word_1_148' title='bbox 2617 685 3036 741; x_wconf 88' lang='lat' dir='ltr'><strong>vetustissimam</strong></span> <span class='ocrx_word' id='word_1_149' title='bbox 3056 684 3506 742; x_wconf 88' lang='lat' dir='ltr'><strong>consuetudinem</strong></span> <span class='ocrx_word' id='word_1_150' title='bbox 3548 701 3775 757; x_wconf 87' lang='lat' dir='ltr'><strong>semper</strong></span> 
     </span>
    </p>
   </div>
   <div class='ocr_carea' id='block_1_21' title="bbox 2177 773 3772 846">
    <p class='ocr_par' dir='ltr' id='par_1_21' title="bbox 2177 773 3772 846">
     <span class='ocr_line' id='line_1_21' title="bbox 2177 773 3772 846; baseline 0.001 -20"><span class='ocrx_word' id='word_1_151' title='bbox 2177 773 2476 829; x_wconf 89' lang='lat' dir='ltr'><strong>obtinuisse</strong></span> <span class='ocrx_word' id='word_1_152' title='bbox 2507 774 2957 845; x_wconf 90' lang='lat' dir='ltr'><strong>comperimus,ut</strong></span> <span class='ocrx_word' id='word_1_153' title='bbox 2986 774 3159 830; x_wconf 90' lang='lat' dir='ltr'><strong>isdem</strong></span> <span class='ocrx_word' id='word_1_154' title='bbox 3189 774 3482 846; x_wconf 91' lang='lat' dir='ltr'><strong>episcopus</strong></span> <span class='ocrx_word' id='word_1_155' title='bbox 3510 789 3621 829; x_wconf 91' lang='lat' dir='ltr'><strong>non</strong></span> <span class='ocrx_word' id='word_1_156' title='bbox 3637 773 3772 841; x_wconf 90' lang='lat' dir='ltr'><strong>loci,</strong></span> 
     </span>
    </p>
   </div>
   <div class='ocr_carea' id='block_1_22' title="bbox 2179 861 3775 935">
    <p class='ocr_par' dir='ltr' id='par_1_22' title="bbox 2179 861 3775 935">
     <span class='ocr_line' id='line_1_22' title="bbox 2179 861 3775 935; baseline 0.001 -21"><span class='ocrx_word' id='word_1_157' title='bbox 2179 861 2278 915; x_wconf 90' lang='lat' dir='ltr'><strong>sed</strong></span> <span class='ocrx_word' id='word_1_158' title='bbox 2307 861 2570 934; x_wconf 86' lang='lat' dir='ltr'><strong>dignitate</strong></span> <span class='ocrx_word' id='word_1_159' title='bbox 2596 862 2804 917; x_wconf 90' lang='lat' dir='ltr'><strong>ordinis</strong></span> <span class='ocrx_word' id='word_1_160' title='bbox 2832 862 2985 933; x_wconf 91' lang='lat' dir='ltr'><strong>prior</strong></span> <span class='ocrx_word' id='word_1_161' title='bbox 3006 862 3306 918; x_wconf 79' lang='lat' dir='ltr'><strong>secundum</strong></span> <span class='ocrx_word' id='word_1_162' title='bbox 3332 875 3522 918; x_wconf 89' lang='lat' dir='ltr'><strong>sacras</strong></span> <span class='ocrx_word' id='word_1_163' title='bbox 3544 861 3775 935; x_wconf 89' lang='lat' dir='ltr'><strong>regulas</strong></span> 
     </span>
    </p>
   </div>
   <div class='ocr_carea' id='block_1_23' title="bbox 2179 949 3778 1023">
    <p class='ocr_par' dir='ltr' id='par_1_23' title="bbox 2179 949 3778 1023">
     <span class='ocr_line' id='line_1_23' title="bbox 2179 949 3778 1023; baseline 0.003 -21"><span class='ocrx_word' id='word_1_164' title='bbox 2179 949 2489 1016; x_wconf 87' lang='lat' dir='ltr'><strong>haberetur,</strong></span> <span class='ocrx_word' id='word_1_165' title='bbox 2523 950 2616 1022; x_wconf 91' lang='lat' dir='ltr'><strong>qui</strong></span> <span class='ocrx_word' id='word_1_166' title='bbox 2641 949 2778 1006; x_wconf 88' lang='lat' dir='ltr'><strong>foret</strong></span> <span class='ocrx_word' id='word_1_167' title='bbox 2806 951 2862 1004; x_wconf 92' lang='lat' dir='ltr'><strong>in</strong></span> <span class='ocrx_word' id='word_1_168' title='bbox 2882 951 3119 1023; x_wconf 89' lang='lat' dir='ltr'><strong>qualibet</strong></span> <span class='ocrx_word' id='word_1_169' title='bbox 3141 951 3370 1006; x_wconf 88' lang='lat' dir='ltr'><strong>istarum</strong></span> <span class='ocrx_word' id='word_1_170' title='bbox 3397 949 3778 1006; x_wconf 89' lang='lat' dir='ltr'><strong>Ecclesiarum</strong></span> 
     </span>
    </p>
   </div>
   <div class='ocr_carea' id='block_1_24' title="bbox 2177 1037 3783 1108">
    <p class='ocr_par' dir='ltr' id='par_1_24' title="bbox 2177 1037 3783 1108">
     <span class='ocr_line' id='line_1_24' title="bbox 2177 1037 3783 1108; baseline 0.002 -17"><span class='ocrx_word' id='word_1_171' title='bbox 2177 1037 2467 1108; x_wconf 83' lang='lat' dir='ltr'><strong>metrOpoli</strong></span> <span class='ocrx_word' id='word_1_172' title='bbox 2499 1047 2657 1094; x_wconf 90' lang='lat' dir='ltr'><strong>antea</strong></span> <span class='ocrx_word' id='word_1_173' title='bbox 2713 1039 3012 1094; x_wconf 90' lang='lat' dir='ltr'><strong>ordinatus.</strong></span> <span class='ocrx_word' id='word_1_174' title='bbox 3045 1039 3175 1094; x_wconf 87' lang='lat' dir='ltr'><strong>Mihi</strong></span> <span class='ocrx_word' id='word_1_175' title='bbox 3212 1055 3344 1096; x_wconf 89' lang='lat' dir='ltr'><strong>vero</strong></span> <span class='ocrx_word' id='word_1_176' title='bbox 3399 1054 3627 1095; x_wconf 90' lang='lat' dir='ltr'><strong>necesse</strong></span> <span class='ocrx_word' id='word_1_177' title='bbox 3677 1039 3783 1094; x_wconf 90' lang='lat' dir='ltr'><strong>erit</strong></span> 
     </span>
    </p>
   </div>
   <div class='ocr_carea' id='block_1_25' title="bbox 2178 1125 3780 1209">
    <p class='ocr_par' dir='ltr' id='par_1_25' title="bbox 2178 1125 3780 1209">
     <span class='ocr_line' id='line_1_25' title="bbox 2178 1125 3780 1209; baseline 0.003 -29"><span class='ocrx_word' id='word_1_178' title='bbox 2178 1141 2266 1181; x_wconf 89' lang='lat' dir='ltr'><strong>me</strong></span> <span class='ocrx_word' id='word_1_179' title='bbox 2321 1125 2502 1182; x_wconf 84' lang='lat' dir='ltr'><strong>taliter</strong></span> <span class='ocrx_word' id='word_1_180' title='bbox 2559 1143 2774 1200; x_wconf 86' lang='lat' dir='ltr'><strong>gerere,</strong></span> <span class='ocrx_word' id='word_1_181' title='bbox 2833 1143 2902 1182; x_wconf 92' lang='lat' dir='ltr'><strong>ne</strong></span> <span class='ocrx_word' id='word_1_182' title='bbox 2959 1128 3118 1183; x_wconf 90' lang='lat' dir='ltr'><strong>toties</strong></span> <span class='ocrx_word' id='word_1_183' title='bbox 3193 1127 3528 1209; x_wconf 69' lang='lat' dir='ltr'><strong>auctoritatis</strong></span> <span class='ocrx_word' id='word_1_184' title='bbox 3581 1136 3780 1185; x_wconf 75' lang='lat' dir='ltr'><strong>vestrae</strong></span> 
     </span>
    </p>
   </div>
   <div class='ocr_carea' id='block_1_26' title="bbox 2179 1213 3784 1287">
    <p class='ocr_par' dir='ltr' id='par_1_26' title="bbox 2179 1213 3784 1287">
     <span class='ocr_line' id='line_1_26' title="bbox 2179 1213 3784 1287; baseline 0.002 -19"><span class='ocrx_word' id='word_1_185' title='bbox 2179 1213 2438 1284; x_wconf 89' lang='lat' dir='ltr'><strong>epistolas</strong></span> <span class='ocrx_word' id='word_1_186' title='bbox 2497 1215 3081 1271; x_wconf 85' lang='lat' dir='ltr'><strong>excommunicationes</strong></span> <span class='ocrx_word' id='word_1_187' title='bbox 3123 1215 3451 1272; x_wconf 88' lang='lat' dir='ltr'><strong>intentantes</strong></span> <span class='ocrx_word' id='word_1_188' title='bbox 3479 1225 3530 1272; x_wconf 92' lang='lat' dir='ltr'><strong>et</strong></span> <span class='ocrx_word' id='word_1_189' title='bbox 3588 1218 3784 1287; x_wconf 88' lang='lat' dir='ltr'><strong>objur-</strong></span> 
     </span>
    </p>
   </div>
   <div class='ocr_carea' id='block_1_27' title="bbox 2179 1302 3781 1375">
    <p class='ocr_par' dir='ltr' id='par_1_27' title="bbox 2179 1302 3781 1375">
     <span class='ocr_line' id='line_1_27' title="bbox 2179 1302 3781 1375; baseline 0.002 -19"><span class='ocrx_word' id='word_1_190' title='bbox 2179 1302 2450 1374; x_wconf 90' lang='lat' dir='ltr'><strong>gationes,</strong></span> <span class='ocrx_word' id='word_1_191' title='bbox 2466 1319 2604 1374; x_wconf 89' lang='lat' dir='ltr'><strong>quas</strong></span> <span class='ocrx_word' id='word_1_192' title='bbox 2624 1319 2752 1359; x_wconf 89' lang='lat' dir='ltr'><strong>raro</strong></span> <span class='ocrx_word' id='word_1_193' title='bbox 2781 1313 2834 1358; x_wconf 93' lang='lat' dir='ltr'><strong>et</strong></span> <span class='ocrx_word' id='word_1_194' title='bbox 2863 1319 3066 1375; x_wconf 89' lang='lat' dir='ltr'><strong>magna</strong></span> <span class='ocrx_word' id='word_1_195' title='bbox 3121 1305 3444 1360; x_wconf 88' lang='lat' dir='ltr'><strong>necessitate</strong></span> <span class='ocrx_word' id='word_1_196' title='bbox 3478 1303 3692 1362; x_wconf 89' lang='lat' dir='ltr'><strong>fiendas</strong></span> <span class='ocrx_word' id='word_1_197' title='bbox 3722 1306 3781 1361; x_wconf 94' lang='lat' dir='ltr'><strong>in</strong></span> 
     </span>
    </p>
   </div>
   <div class='ocr_carea' id='block_1_28' title="bbox 2179 1391 3784 1465">
    <p class='ocr_par' dir='ltr' id='par_1_28' title="bbox 2179 1391 3784 1465">
     <span class='ocr_line' id='line_1_28' title="bbox 2179 1391 3784 1465; baseline 0.004 -22"><span class='ocrx_word' id='word_1_198' title='bbox 2179 1391 2602 1460; x_wconf 90' lang='lat' dir='ltr'><strong>apostolicorum</strong></span> <span class='ocrx_word' id='word_1_199' title='bbox 2631 1391 2873 1447; x_wconf 90' lang='lat' dir='ltr'><strong>virorum</strong></span> <span class='ocrx_word' id='word_1_200' title='bbox 2904 1393 3099 1448; x_wconf 87' lang='lat' dir='ltr'><strong>litteris</strong></span> <span class='ocrx_word' id='word_1_201' title='bbox 3127 1392 3382 1465; x_wconf 91' lang='lat' dir='ltr'><strong>legimus,</strong></span> <span class='ocrx_word' id='word_1_202' title='bbox 3441 1392 3680 1450; x_wconf 88' lang='lat' dir='ltr'><strong>ferentes</strong></span> <span class='ocrx_word' id='word_1_203' title='bbox 3710 1394 3784 1450; x_wconf 88' lang='lat' dir='ltr'><strong>de</strong></span> 
     </span>
    </p>
   </div>
   <div class='ocr_carea' id='block_1_29' title="bbox 2180 1469 3784 1554">
    <p class='ocr_par' dir='ltr' id='par_1_29' title="bbox 2180 1469 3784 1554">
     <span class='ocr_line' id='line_1_29' title="bbox 2180 1469 3784 1554; baseline 0.004 -22"><span class='ocrx_word' id='word_1_204' title='bbox 2180 1478 2388 1550; x_wconf 91' lang='lat' dir='ltr'><strong>reliquo</strong></span> <span class='ocrx_word' id='word_1_205' title='bbox 2447 1481 2732 1551; x_wconf 90' lang='lat' dir='ltr'><strong>accipiam,</strong></span> <span class='ocrx_word' id='word_1_206' title='bbox 2792 1469 2930 1538; x_wconf 84' lang='lat' dir='ltr'><strong>sicut</strong></span> <span class='ocrx_word' id='word_1_207' title='bbox 2976 1481 3093 1536; x_wconf 91' lang='lat' dir='ltr'><strong>istis</strong></span> <span class='ocrx_word' id='word_1_208' title='bbox 3145 1482 3502 1554; x_wconf 88' lang='lat' dir='ltr'><strong>temporibus,</strong></span> <span class='ocrx_word' id='word_1_209' title='bbox 3535 1484 3784 1554; x_wconf 87' lang='lat' dir='ltr'><strong>peccatis</strong></span> 
     </span>
    </p>
   </div>
   <div class='ocr_carea' id='block_1_30' title="bbox 2180 1567 3783 1642">
    <p class='ocr_par' dir='ltr' id='par_1_30' title="bbox 2180 1567 3783 1642">
     <span class='ocr_line' id='line_1_30' title="bbox 2180 1567 3783 1642; baseline 0.002 -20"><span class='ocrx_word' id='word_1_210' title='bbox 2180 1567 2317 1622; x_wconf 90' lang='lat' dir='ltr'><strong>meis</strong></span> <span class='ocrx_word' id='word_1_211' title='bbox 2345 1569 2696 1636; x_wconf 87' lang='lat' dir='ltr'><strong>merentibus,</strong></span> <span class='ocrx_word' id='word_1_212' title='bbox 2730 1569 3042 1642; x_wconf 89' lang='lat' dir='ltr'><strong>frequenter</strong></span> <span class='ocrx_word' id='word_1_213' title='bbox 3069 1570 3275 1642; x_wconf 91' lang='lat' dir='ltr'><strong>accepi.</strong></span> <span class='ocrx_word' id='word_1_214' title='bbox 3311 1570 3471 1640; x_wconf 83' lang='lat' dir='ltr'><strong>Quod</strong></span> <span class='ocrx_word' id='word_1_215' title='bbox 3502 1571 3549 1627; x_wconf 91' lang='lat' dir='ltr'><strong>si</strong></span> <span class='ocrx_word' id='word_1_216' title='bbox 3568 1572 3783 1628; x_wconf 91' lang='lat' dir='ltr'><strong>sancti-</strong></span> 
     </span>
    </p>
   </div>
   <div class='ocr_carea' id='block_1_31' title="bbox 485 1655 3784 1742">
    <p class='ocr_par' dir='ltr' id='par_1_31' title="bbox 485 1655 3784 1742">
     <span class='ocr_line' id='line_1_31' title="bbox 485 1655 3784 1742; baseline -0 -26"><span class='ocrx_word' id='word_1_217' title='bbox 485 1676 834 1718; x_wconf 90' lang='lat' dir='ltr'><strong>commonere</strong></span> <span class='ocrx_word' id='word_1_218' title='bbox 891 1661 1142 1730; x_wconf 89' lang='lat' dir='ltr'><strong>studebo,</strong></span> <span class='ocrx_word' id='word_1_219' title='bbox 1176 1670 1229 1715; x_wconf 87' lang='lat' dir='ltr'><strong>et</strong></span> <span class='ocrx_word' id='word_1_220' title='bbox 1259 1661 1304 1715; x_wconf 90' lang='lat' dir='ltr'><strong>si</strong></span> <span class='ocrx_word' id='word_1_221' title='bbox 1363 1661 1644 1732; x_wconf 78' lang='lat' dir='ltr'><strong>corrigere</strong></span> <span class='ocrx_word' id='word_1_222' title='bbox 1701 1677 1760 1716; x_wconf 91' lang='lat' dir='ltr'><strong>se</strong></span> <span class='ocrx_word' id='word_1_223' title='bbox 1809 1659 2078 1717; x_wconf 89' lang='lat' dir='ltr'><strong>voluerint</strong></span> <span class='ocrx_word' id='word_1_224' title='bbox 2106 1683 2160 1742; x_wconf 82' lang='grc' dir='ltr'>Î’</span> <span class='ocrx_word' id='word_1_225' title='bbox 2183 1655 2272 1710; x_wconf 84' lang='lat' dir='ltr'><strong>tati</strong></span> <span class='ocrx_word' id='word_1_226' title='bbox 2301 1665 2497 1742; x_wconf 68' lang='lat' dir='ltr'><strong>vestrae</strong></span> <span class='ocrx_word' id='word_1_227' title='bbox 2526 1656 2808 1729; x_wconf 89' lang='lat' dir='ltr'><strong>placuerit,</strong></span> <span class='ocrx_word' id='word_1_228' title='bbox 2831 1674 2940 1714; x_wconf 89' lang='lat' dir='ltr'><strong>non</strong></span> <span class='ocrx_word' id='word_1_229' title='bbox 2969 1659 3124 1714; x_wconf 87' lang='lat' dir='ltr'><strong>vobis</strong></span> <span class='ocrx_word' id='word_1_230' title='bbox 3152 1675 3291 1730; x_wconf 90' lang='lat' dir='ltr'><strong>opus</strong></span> <span class='ocrx_word' id='word_1_231' title='bbox 3337 1675 3506 1733; x_wconf 85' lang='lat' dir='ltr'><strong>agere</strong></span> <span class='ocrx_word' id='word_1_232' title='bbox 3534 1659 3588 1715; x_wconf 91' lang='lat' dir='ltr'><strong>in</strong></span> <span class='ocrx_word' id='word_1_233' title='bbox 3619 1669 3784 1732; x_wconf 91' lang='lat' dir='ltr'><strong>post-</strong></span> 
     </span>
    </p>
   </div>
   <div class='ocr_carea' id='block_1_32' title="bbox 405 1748 2080 1826">
    <p class='ocr_par' dir='ltr' id='par_1_32' title="bbox 405 1748 2080 1826">
     <span class='ocr_line' id='line_1_32' title="bbox 405 1748 2080 1826; baseline -0.002 -20"><span class='ocrx_word' id='word_1_234' title='bbox 405 1821 408 1826; x_wconf 94' lang='lat'><em>_</em></span> <span class='ocrx_word' id='word_1_235' title='bbox 485 1749 867 1823; x_wconf 85' lang='lat' dir='ltr'><strong>congaudebo,</strong></span> <span class='ocrx_word' id='word_1_236' title='bbox 902 1749 986 1804; x_wconf 92' lang='lat' dir='ltr'><strong>sin</strong></span> <span class='ocrx_word' id='word_1_237' title='bbox 1017 1757 1218 1816; x_wconf 89' lang='lat' dir='ltr'><strong>autem,</strong></span> <span class='ocrx_word' id='word_1_238' title='bbox 1251 1749 1320 1804; x_wconf 89' lang='lat' dir='ltr'><strong>ad</strong></span> <span class='ocrx_word' id='word_1_239' title='bbox 1378 1757 1616 1804; x_wconf 88' lang='lat' dir='ltr'><strong>vestrum</strong></span> <span class='ocrx_word' id='word_1_240' title='bbox 1670 1765 1766 1805; x_wconf 89' lang='lat' dir='ltr'><strong>eos</strong></span> <span class='ocrx_word' id='word_1_241' title='bbox 1816 1748 2080 1820; x_wconf 89' lang='lat' dir='ltr'><strong>judicium</strong></span> 
     </span>
    </p>
   </div>
   <div class='ocr_carea' id='block_1_33' title="bbox 485 1837 2084 1910">
    <p class='ocr_par' dir='ltr' id='par_1_33' title="bbox 485 1837 2084 1910">
     <span class='ocr_line' id='line_1_33' title="bbox 485 1837 2084 1910; baseline -0.001 -16"><span class='ocrx_word' id='word_1_242' title='bbox 485 1839 816 1910; x_wconf 90' lang='lat' dir='ltr'><strong>provocabo.</strong></span> <span class='ocrx_word' id='word_1_243' title='bbox 851 1837 958 1906; x_wconf 92' lang='lat' dir='ltr'><strong>Qui</strong></span> <span class='ocrx_word' id='word_1_244' title='bbox 1014 1838 1060 1892; x_wconf 88' lang='lat' dir='ltr'><strong>si</strong></span> <span class='ocrx_word' id='word_1_245' title='bbox 1115 1837 1194 1892; x_wconf 91' lang='lat' dir='ltr'><strong>ire</strong></span> <span class='ocrx_word' id='word_1_246' title='bbox 1223 1837 1514 1904; x_wconf 91' lang='lat' dir='ltr'><strong>voluerint,</strong></span> <span class='ocrx_word' id='word_1_247' title='bbox 1547 1845 1730 1893; x_wconf 87' lang='lat' dir='ltr'><strong>vestra</strong></span> <span class='ocrx_word' id='word_1_248' title='bbox 1757 1846 1940 1894; x_wconf 88' lang='lat' dir='ltr'><strong>sancta</strong></span> <span class='ocrx_word' id='word_1_249' title='bbox 2002 1853 2084 1892; x_wconf 83' lang='lat' dir='ltr'><strong>sa-</strong></span> 
     </span>
    </p>
   </div>
   <div class='ocr_carea' id='block_1_34' title="bbox 483 1925 2080 1998">
    <p class='ocr_par' dir='ltr' id='par_1_34' title="bbox 483 1925 2080 1998">
     <span class='ocr_line' id='line_1_34' title="bbox 483 1925 2080 1998; baseline -0.001 -16"><span class='ocrx_word' id='word_1_250' title='bbox 483 1927 686 1998; x_wconf 91' lang='lat' dir='ltr'><strong>pientia</strong></span> <span class='ocrx_word' id='word_1_251' title='bbox 708 1925 839 1998; x_wconf 90' lang='lat' dir='ltr'><strong>quid</strong></span> <span class='ocrx_word' id='word_1_252' title='bbox 865 1926 993 1982; x_wconf 91' lang='lat' dir='ltr'><strong>inde</strong></span> <span class='ocrx_word' id='word_1_253' title='bbox 1046 1926 1242 1981; x_wconf 88' lang='lat' dir='ltr'><strong>melius</strong></span> <span class='ocrx_word' id='word_1_254' title='bbox 1300 1926 1496 1982; x_wconf 89' lang='lat' dir='ltr'><strong>viderit</strong></span> <span class='ocrx_word' id='word_1_255' title='bbox 1548 1926 1848 1982; x_wconf 89' lang='lat' dir='ltr'><strong>decernere</strong></span> <span class='ocrx_word' id='word_1_256' title='bbox 1879 1941 2080 1996; x_wconf 85' lang='lat' dir='ltr'><strong>procu-</strong></span> 
     </span>
    </p>
   </div>
   <div class='ocr_carea' id='block_1_35' title="bbox 487 2014 2084 2087">
    <p class='ocr_par' dir='ltr' id='par_1_35' title="bbox 487 2014 2084 2087">
     <span class='ocr_line' id='line_1_35' title="bbox 487 2014 2084 2087; baseline 0.001 -18"><span class='ocrx_word' id='word_1_257' title='bbox 487 2015 647 2071; x_wconf 88' lang='lat' dir='ltr'><strong>rabit.</strong></span> <span class='ocrx_word' id='word_1_258' title='bbox 678 2015 736 2070; x_wconf 90' lang='lat' dir='ltr'><strong>Si</strong></span> <span class='ocrx_word' id='word_1_259' title='bbox 765 2023 947 2070; x_wconf 89' lang='lat' dir='ltr'><strong>autem</strong></span> <span class='ocrx_word' id='word_1_260' title='bbox 975 2014 1053 2070; x_wconf 90' lang='lat' dir='ltr'><strong>ire</strong></span> <span class='ocrx_word' id='word_1_261' title='bbox 1083 2014 1374 2081; x_wconf 90' lang='lat' dir='ltr'><strong>noluerint,</strong></span> <span class='ocrx_word' id='word_1_262' title='bbox 1408 2014 1611 2070; x_wconf 82' lang='lat' dir='ltr'><strong>facient</strong></span> <span class='ocrx_word' id='word_1_263' title='bbox 1638 2015 1786 2087; x_wconf 91' lang='lat' dir='ltr'><strong>quod</strong></span> <span class='ocrx_word' id='word_1_264' title='bbox 1815 2015 1917 2070; x_wconf 89' lang='lat' dir='ltr'><strong>sibi</strong></span> <span class='ocrx_word' id='word_1_265' title='bbox 1953 2015 2084 2072; x_wconf 89' lang='lat' dir='ltr'><strong>utile</strong></span> 
     </span>
    </p>
   </div>
   <div class='ocr_carea' id='block_1_36' title="bbox 479 2102 2083 2172">
    <p class='ocr_par' dir='ltr' id='par_1_36' title="bbox 479 2102 2083 2172">
     <span class='ocr_line' id='line_1_36' title="bbox 479 2102 2083 2172; baseline -0.001 -13"><span class='ocrx_word' id='word_1_266' title='bbox 479 2103 861 2172; x_wconf 86' lang='lat' dir='ltr'><strong>judicaverint.</strong></span> <span class='ocrx_word' id='word_1_267' title='bbox 934 2103 1020 2160; x_wconf 83' lang='lat' dir='ltr'><strong>Me</strong></span> <span class='ocrx_word' id='word_1_268' title='bbox 1051 2103 1259 2158; x_wconf 89' lang='lat' dir='ltr'><strong>utinam</strong></span> <span class='ocrx_word' id='word_1_269' title='bbox 1303 2102 1434 2159; x_wconf 90' lang='lat' dir='ltr'><strong>hinc</strong></span> <span class='ocrx_word' id='word_1_270' title='bbox 1463 2103 1698 2160; x_wconf 89' lang='lat' dir='ltr'><strong>adivina</strong></span> <span class='ocrx_word' id='word_1_271' title='bbox 1741 2102 2083 2158; x_wconf 88' lang='lat' dir='ltr'><strong>damnatione</strong></span> 
     </span>
    </p>
   </div>
   <div class='ocr_carea' id='block_1_37' title="bbox 485 2189 2081 2264">
    <p class='ocr_par' dir='ltr' id='par_1_37' title="bbox 485 2189 2081 2264">
     <span class='ocr_line' id='line_1_37' title="bbox 485 2189 2081 2264; baseline 0 -18"><span class='ocrx_word' id='word_1_272' title='bbox 485 2191 751 2247; x_wconf 88' lang='lat' dir='ltr'><strong>sententia</strong></span> <span class='ocrx_word' id='word_1_273' title='bbox 776 2191 950 2247; x_wconf 88' lang='lat' dir='ltr'><strong>sancti</strong></span> <span class='ocrx_word' id='word_1_274' title='bbox 994 2191 1268 2246; x_wconf 77' lang='lat' dir='ltr'><strong>Ambrosii</strong></span> <span class='ocrx_word' id='word_1_275' title='bbox 1297 2189 1512 2262; x_wconf 91' lang='lat' dir='ltr'><strong>liberet,</strong></span> <span class='ocrx_word' id='word_1_276' title='bbox 1549 2209 1654 2264; x_wconf 88' lang='lat' dir='ltr'><strong>qua</strong></span> <span class='ocrx_word' id='word_1_277' title='bbox 1683 2191 1850 2247; x_wconf 91' lang='lat' dir='ltr'><strong>dicit:</strong></span> <span class='ocrx_word' id='word_1_278' title='bbox 1885 2191 1961 2257; x_wconf 89' lang='lat' dir='ltr'><strong>Si,</strong></span> <span class='ocrx_word' id='word_1_279' title='bbox 1993 2191 2081 2246; x_wconf 92' lang='lat' dir='ltr'><strong>in-</strong></span> 
     </span>
    </p>
   </div>
   <div class='ocr_carea' id='block_1_38' title="bbox 486 2280 2083 2352">
    <p class='ocr_par' dir='ltr' id='par_1_38' title="bbox 486 2280 2083 2352">
     <span class='ocr_line' id='line_1_38' title="bbox 486 2280 2083 2352; baseline -0.001 -17"><span class='ocrx_word' id='word_1_280' title='bbox 486 2281 700 2352; x_wconf 91' lang='lat' dir='ltr'><strong>quiens,</strong></span> <span class='ocrx_word' id='word_1_281' title='bbox 734 2280 856 2352; x_wconf 91' lang='lat' dir='ltr'><strong>quis</strong></span> <span class='ocrx_word' id='word_1_282' title='bbox 899 2287 1224 2351; x_wconf 91' lang='lat' dir='ltr'><strong>potestatem</strong></span> <span class='ocrx_word' id='word_1_283' title='bbox 1281 2296 1389 2335; x_wconf 90' lang='lat' dir='ltr'><strong>non</strong></span> <span class='ocrx_word' id='word_1_284' title='bbox 1418 2281 1582 2336; x_wconf 89' lang='lat' dir='ltr'><strong>habet</strong></span> <span class='ocrx_word' id='word_1_285' title='bbox 1610 2297 1772 2352; x_wconf 90' lang='lat' dir='ltr'><strong>quem</strong></span> <span class='ocrx_word' id='word_1_286' title='bbox 1803 2281 1905 2336; x_wconf 92' lang='lat' dir='ltr'><strong>scit</strong></span> <span class='ocrx_word' id='word_1_287' title='bbox 1932 2295 2083 2335; x_wconf 89' lang='lat' dir='ltr'><strong>reum</strong></span> 
     </span>
    </p>
   </div>
   <div class='ocr_carea' id='block_1_39' title="bbox 485 2367 2082 2440">
    <p class='ocr_par' dir='ltr' id='par_1_39' title="bbox 485 2367 2082 2440">
     <span class='ocr_line' id='line_1_39' title="bbox 485 2367 2082 2440; baseline 0 -18"><span class='ocrx_word' id='word_1_288' title='bbox 485 2368 742 2439; x_wconf 89' lang='lat' dir='ltr'><strong>abjicere,</strong></span> <span class='ocrx_word' id='word_1_289' title='bbox 773 2376 867 2424; x_wconf 90' lang='lat' dir='ltr'><strong>aut</strong></span> <span class='ocrx_word' id='word_1_290' title='bbox 923 2369 1158 2440; x_wconf 91' lang='lat' dir='ltr'><strong>probare</strong></span> <span class='ocrx_word' id='word_1_291' title='bbox 1216 2384 1327 2424; x_wconf 92' lang='lat' dir='ltr'><strong>non</strong></span> <span class='ocrx_word' id='word_1_292' title='bbox 1355 2368 1518 2438; x_wconf 89' lang='lat' dir='ltr'><strong>valet,</strong></span> <span class='ocrx_word' id='word_1_293' title='bbox 1552 2368 1806 2423; x_wconf 90' lang='lat' dir='ltr'><strong>immunis</strong></span> <span class='ocrx_word' id='word_1_294' title='bbox 1833 2376 1934 2424; x_wconf 89' lang='lat' dir='ltr'><strong>est.</strong></span> <span class='ocrx_word' id='word_1_295' title='bbox 1969 2367 2082 2423; x_wconf 90' lang='lat' dir='ltr'><strong>Sic-</strong></span> 
     </span>
    </p>
   </div>
   <div class='ocr_carea' id='block_1_40' title="bbox 486 2456 2084 2530">
    <p class='ocr_par' dir='ltr' id='par_1_40' title="bbox 486 2456 2084 2530">
     <span class='ocr_line' id='line_1_40' title="bbox 486 2456 2084 2530; baseline -0.001 -18"><span class='ocrx_word' id='word_1_296' title='bbox 486 2473 614 2529; x_wconf 90' lang='lat' dir='ltr'><strong>que,</strong></span> <span class='ocrx_word' id='word_1_297' title='bbox 651 2465 709 2511; x_wconf 92' lang='lat' dir='ltr'><strong>ut</strong></span> <span class='ocrx_word' id='word_1_298' title='bbox 735 2465 886 2530; x_wconf 93' lang='lat' dir='ltr'><strong>puto,</strong></span> <span class='ocrx_word' id='word_1_299' title='bbox 921 2457 1047 2530; x_wconf 90' lang='lat' dir='ltr'><strong>quia</strong></span> <span class='ocrx_word' id='word_1_300' title='bbox 1075 2457 1130 2511; x_wconf 93' lang='lat' dir='ltr'><strong>in</strong></span> <span class='ocrx_word' id='word_1_301' title='bbox 1184 2457 1369 2511; x_wconf 90' lang='lat' dir='ltr'><strong>multis</strong></span> <span class='ocrx_word' id='word_1_302' title='bbox 1424 2464 1740 2528; x_wconf 89' lang='lat' dir='ltr'><strong>occupatus,</strong></span> <span class='ocrx_word' id='word_1_303' title='bbox 1791 2464 1840 2512; x_wconf 90' lang='lat' dir='ltr'><strong>et</strong></span> <span class='ocrx_word' id='word_1_304' title='bbox 1871 2456 2084 2512; x_wconf 86' lang='lat' dir='ltr'><strong>itineris</strong></span> 
     </span>
    </p>
   </div>
   <div class='ocr_carea' id='block_1_41' title="bbox 483 2545 2082 2618">
    <p class='ocr_par' dir='ltr' id='par_1_41' title="bbox 483 2545 2082 2618">
     <span class='ocr_line' id='line_1_41' title="bbox 483 2545 2082 2618; baseline 0 -18"><span class='ocrx_word' id='word_1_305' title='bbox 483 2545 824 2617; x_wconf 85' lang='lat' dir='ltr'><strong>longitudine</strong></span> <span class='ocrx_word' id='word_1_306' title='bbox 852 2552 1014 2618; x_wconf 91' lang='lat' dir='ltr'><strong>atque</strong></span> <span class='ocrx_word' id='word_1_307' title='bbox 1041 2545 1375 2602; x_wconf 90' lang='lat' dir='ltr'><strong>insoliditate</strong></span> <span class='ocrx_word' id='word_1_308' title='bbox 1433 2545 1745 2612; x_wconf 88' lang='lat' dir='ltr'><strong>obstrictus,</strong></span> <span class='ocrx_word' id='word_1_309' title='bbox 1777 2545 1846 2601; x_wconf 91' lang='lat' dir='ltr'><strong>de</strong></span> <span class='ocrx_word' id='word_1_310' title='bbox 1901 2545 2082 2601; x_wconf 89' lang='lat' dir='ltr'><strong>omni-</strong></span> 
     </span>
    </p>
   </div>
   <div class='ocr_carea' id='block_1_42' title="bbox 482 2633 2082 2706">
    <p class='ocr_par' dir='ltr' id='par_1_42' title="bbox 482 2633 2082 2706">
     <span class='ocr_line' id='line_1_42' title="bbox 482 2633 2082 2706; baseline 0.001 -19"><span class='ocrx_word' id='word_1_311' title='bbox 482 2633 608 2700; x_wconf 89' lang='lat' dir='ltr'><strong>bus,</strong></span> <span class='ocrx_word' id='word_1_312' title='bbox 638 2641 924 2706; x_wconf 86' lang='lat' dir='ltr'><strong>antequam</strong></span> <span class='ocrx_word' id='word_1_313' title='bbox 952 2633 1315 2690; x_wconf 91' lang='lat' dir='ltr'><strong>insolentium</strong></span> <span class='ocrx_word' id='word_1_314' title='bbox 1370 2633 1595 2705; x_wconf 87' lang='lat' dir='ltr'><strong>querela</strong></span> <span class='ocrx_word' id='word_1_315' title='bbox 1641 2634 1711 2688; x_wconf 90' lang='lat' dir='ltr'><strong>ad</strong></span> <span class='ocrx_word' id='word_1_316' title='bbox 1741 2649 1838 2690; x_wconf 90' lang='lat' dir='ltr'><strong>vos</strong></span> <span class='ocrx_word' id='word_1_317' title='bbox 1881 2649 2082 2705; x_wconf 88' lang='lat' dir='ltr'><strong>perve-</strong></span> 
     </span>
    </p>
   </div>
   <div class='ocr_carea' id='block_1_43' title="bbox 483 2705 2082 2793">
    <p class='ocr_par' dir='ltr' id='par_1_43' title="bbox 483 2705 2082 2793">
     <span class='ocr_line' id='line_1_43' title="bbox 483 2705 2082 2793; baseline -0.001 -15"><span class='ocrx_word' id='word_1_318' title='bbox 483 2723 617 2789; x_wconf 91' lang='lat' dir='ltr'><strong>niat,</strong></span> <span class='ocrx_word' id='word_1_319' title='bbox 650 2705 718 2777; x_wconf 79' lang='lat' dir='ltr'><strong>ad</strong></span> <span class='ocrx_word' id='word_1_320' title='bbox 747 2721 1101 2793; x_wconf 88' lang='lat' dir='ltr'><strong>apostolicam</strong></span> <span class='ocrx_word' id='word_1_321' title='bbox 1131 2721 1318 2776; x_wconf 90' lang='lat' dir='ltr'><strong>sedem</strong></span> <span class='ocrx_word' id='word_1_322' title='bbox 1349 2721 1554 2777; x_wconf 89' lang='lat' dir='ltr'><strong>referre</strong></span> <span class='ocrx_word' id='word_1_323' title='bbox 1601 2737 1711 2778; x_wconf 89' lang='lat' dir='ltr'><strong>non</strong></span> <span class='ocrx_word' id='word_1_324' title='bbox 1755 2722 1932 2788; x_wconf 88' lang='lat' dir='ltr'><strong>valeo,</strong></span> <span class='ocrx_word' id='word_1_325' title='bbox 1995 2723 2082 2776; x_wconf 87' lang='lat' dir='ltr'><strong>in-</strong></span> 
     </span>
    </p>
   </div>
   <div class='ocr_carea' id='block_1_44' title="bbox 483 2809 2083 2884">
    <p class='ocr_par' dir='ltr' id='par_1_44' title="bbox 483 2809 2083 2884">
     <span class='ocr_line' id='line_1_44' title="bbox 483 2809 2083 2884; baseline -0.001 -18"><span class='ocrx_word' id='word_1_326' title='bbox 483 2810 736 2866; x_wconf 82' lang='lat' dir='ltr'><strong>ï¬mitate</strong></span> <span class='ocrx_word' id='word_1_327' title='bbox 767 2817 1055 2884; x_wconf 88' lang='lat' dir='ltr'><strong>gravatus,</strong></span> <span class='ocrx_word' id='word_1_328' title='bbox 1089 2817 1144 2865; x_wconf 92' lang='lat' dir='ltr'><strong>et</strong></span> <span class='ocrx_word' id='word_1_329' title='bbox 1172 2809 1376 2882; x_wconf 88' lang='lat' dir='ltr'><strong>gratias</strong></span> <span class='ocrx_word' id='word_1_330' title='bbox 1433 2811 1550 2864; x_wconf 91' lang='lat' dir='ltr'><strong>Deo</strong></span> <span class='ocrx_word' id='word_1_331' title='bbox 1597 2809 1831 2866; x_wconf 90' lang='lat' dir='ltr'><strong>termino</strong></span> <span class='ocrx_word' id='word_1_332' title='bbox 1855 2811 1969 2879; x_wconf 90' lang='lat' dir='ltr'><strong>jam</strong></span> <span class='ocrx_word' id='word_1_333' title='bbox 1996 2810 2083 2865; x_wconf 89' lang='lat' dir='ltr'><strong>vi-</strong></span> 
     </span>
    </p>
   </div>
   <div class='ocr_carea' id='block_1_45' title="bbox 483 2897 2084 2970">
    <p class='ocr_par' dir='ltr' id='par_1_45' title="bbox 483 2897 2084 2970">
     <span class='ocr_line' id='line_1_45' title="bbox 483 2897 2084 2970; baseline -0.002 -15"><span class='ocrx_word' id='word_1_334' title='bbox 483 2899 658 2967; x_wconf 90' lang='lat' dir='ltr'><strong>cinus,</strong></span> <span class='ocrx_word' id='word_1_335' title='bbox 690 2906 878 2970; x_wconf 89' lang='lat' dir='ltr'><strong>potero</strong></span> <span class='ocrx_word' id='word_1_336' title='bbox 908 2913 1222 2969; x_wconf 66' lang='lat' dir='ltr'><strong>praecavere</strong></span> <span class='ocrx_word' id='word_1_337' title='bbox 1250 2914 1320 2954; x_wconf 92' lang='lat' dir='ltr'><strong>ne</strong></span> <span class='ocrx_word' id='word_1_338' title='bbox 1357 2913 1389 2952; x_wconf 89' lang='lat' dir='ltr'><strong>a</strong></span> <span class='ocrx_word' id='word_1_339' title='bbox 1422 2915 1746 2970; x_wconf 91' lang='lat' dir='ltr'><strong>quocunque</strong></span> <span class='ocrx_word' id='word_1_340' title='bbox 1787 2897 2084 2954; x_wconf 86' lang='lat' dir='ltr'><strong>sanctitatis</strong></span> 
     </span>
    </p>
   </div>
   <div class='ocr_carea' id='block_1_46' title="bbox 482 2985 2082 3060">
    <p class='ocr_par' dir='ltr' id='par_1_46' title="bbox 482 2985 2082 3060">
     <span class='ocr_line' id='line_1_46' title="bbox 482 2985 2082 3060; baseline -0.003 -15"><span class='ocrx_word' id='word_1_341' title='bbox 482 2997 678 3046; x_wconf 70' lang='lat' dir='ltr'><strong>vestrae</strong></span> <span class='ocrx_word' id='word_1_342' title='bbox 705 2986 919 3043; x_wconf 88' lang='lat' dir='ltr'><strong>animus</strong></span> <span class='ocrx_word' id='word_1_343' title='bbox 957 3002 1092 3060; x_wconf 89' lang='lat' dir='ltr'><strong>erga</strong></span> <span class='ocrx_word' id='word_1_344' title='bbox 1123 3003 1212 3041; x_wconf 91' lang='lat' dir='ltr'><strong>me</strong></span> <span class='ocrx_word' id='word_1_345' title='bbox 1268 2995 1572 3055; x_wconf 91' lang='lat' dir='ltr'><strong>moveatur,</strong></span> <span class='ocrx_word' id='word_1_346' title='bbox 1621 2995 1681 3042; x_wconf 92' lang='lat' dir='ltr'><strong>ut</strong></span> <span class='ocrx_word' id='word_1_347' title='bbox 1725 2986 1904 3060; x_wconf 87' lang='lat' dir='ltr'><strong>aliqua</strong></span> <span class='ocrx_word' id='word_1_348' title='bbox 1951 2985 2082 3042; x_wconf 90' lang='lat' dir='ltr'><strong>mihi</strong></span> 
     </span>
    </p>
   </div>
   <div class='ocr_carea' id='block_1_47' title="bbox 484 3074 2084 3134">
    <p class='ocr_par' dir='ltr' id='par_1_47' title="bbox 484 3074 2084 3134">
     <span class='ocr_line' id='line_1_47' title="bbox 484 3074 2084 3134; baseline -0.002 -2"><span class='ocrx_word' id='word_1_349' title='bbox 484 3075 976 3134; x_wconf 87' lang='lat' dir='ltr'><strong>excommunicatio</strong></span> <span class='ocrx_word' id='word_1_350' title='bbox 1033 3074 1351 3130; x_wconf 89' lang='lat' dir='ltr'><strong>intentetur.</strong></span> <span class='ocrx_word' id='word_1_351' title='bbox 1416 3076 1485 3130; x_wconf 88' lang='lat' dir='ltr'><strong>Et</strong></span> <span class='ocrx_word' id='word_1_352' title='bbox 1533 3074 1662 3130; x_wconf 86' lang='lat' dir='ltr'><strong>licet</strong></span> <span class='ocrx_word' id='word_1_353' title='bbox 1716 3075 1962 3130; x_wconf 90' lang='lat' dir='ltr'><strong>noverim</strong></span> <span class='ocrx_word' id='word_1_354' title='bbox 1991 3091 2084 3130; x_wconf 92' lang='lat' dir='ltr'><strong>se-</strong></span> 
     </span>
    </p>
   </div>
   <div class='ocr_carea' id='block_1_48' title="bbox 481 3163 2089 3236">
    <p class='ocr_par' dir='ltr' id='par_1_48' title="bbox 481 3163 2089 3236">
     <span class='ocr_line' id='line_1_48' title="bbox 481 3163 2089 3236; baseline -0.002 -14"><span class='ocrx_word' id='word_1_355' title='bbox 481 3165 714 3222; x_wconf 90' lang='lat' dir='ltr'><strong>cundum</strong></span> <span class='ocrx_word' id='word_1_356' title='bbox 759 3164 1008 3236; x_wconf 82' lang='lat' dir='ltr'><strong>Apostoli</strong></span> <span class='ocrx_word' id='word_1_357' title='bbox 1053 3163 1438 3236; x_wconf 87' lang='lat' dir='ltr'><strong>Evangelium,</strong></span> <span class='ocrx_word' id='word_1_358' title='bbox 1500 3164 1841 3220; x_wconf 90' lang='lat' dir='ltr'><strong>redditurum</strong></span> <span class='ocrx_word' id='word_1_359' title='bbox 1903 3163 2089 3220; x_wconf 90' lang='lat' dir='ltr'><strong>Domi-</strong></span> 
     </span>
    </p>
   </div>
   <div class='ocr_carea' id='block_1_49' title="bbox 483 3252 2091 3325">
    <p class='ocr_par' dir='ltr' id='par_1_49' title="bbox 483 3252 2091 3325">
     <span class='ocr_line' id='line_1_49' title="bbox 483 3252 2091 3325; baseline -0.002 -16"><span class='ocrx_word' id='word_1_360' title='bbox 483 3271 614 3310; x_wconf 91' lang='lat' dir='ltr'><strong>num</strong></span> <span class='ocrx_word' id='word_1_361' title='bbox 642 3253 935 3325; x_wconf 88' lang='lat' dir='ltr'><strong>unicuique</strong></span> <span class='ocrx_word' id='word_1_362' title='bbox 965 3252 1273 3308; x_wconf 90' lang='lat' dir='ltr'><strong>secundum</strong></span> <span class='ocrx_word' id='word_1_363' title='bbox 1318 3268 1496 3323; x_wconf 87' lang='lat' dir='ltr'><strong>opera</strong></span> <span class='ocrx_word' id='word_1_364' title='bbox 1530 3253 1648 3322; x_wconf 88' lang='lat' dir='ltr'><strong>ejus</strong></span> <span class='ocrx_word' id='word_1_365' title='bbox 1708 3255 1888 3324; x_wconf 82' lang='lat' dir='ltr'><strong>(Rom.</strong></span> <span class='ocrx_word' id='word_1_366' title='bbox 1921 3268 1980 3320; x_wconf 83' lang='grc' dir='ltr'><strong>Î¹Î¹,</strong></span> <span class='ocrx_word' id='word_1_367' title='bbox 2014 3254 2091 3322; x_wconf 83' lang='grc'><strong>6),</strong></span> 
     </span>
    </p>
   </div>
   <div class='ocr_carea' id='block_1_50' title="bbox 483 3338 2090 3405">
    <p class='ocr_par' dir='ltr' id='par_1_50' title="bbox 483 3338 2090 3405">
     <span class='ocr_line' id='line_1_50' title="bbox 483 3338 2090 3405; baseline -0.001 -8"><span class='ocrx_word' id='word_1_368' title='bbox 483 3341 846 3398; x_wconf 89' lang='lat' dir='ltr'><strong>testimonium</strong></span> <span class='ocrx_word' id='word_1_369' title='bbox 879 3339 1142 3396; x_wconf 89' lang='lat' dir='ltr'><strong>reddente</strong></span> <span class='ocrx_word' id='word_1_370' title='bbox 1171 3338 1277 3393; x_wconf 85' lang='lat' dir='ltr'><strong>illis</strong></span> <span class='ocrx_word' id='word_1_371' title='bbox 1333 3339 1683 3405; x_wconf 83' lang='lat' dir='ltr'><strong>conscientia,</strong></span> <span class='ocrx_word' id='word_1_372' title='bbox 1728 3349 1782 3394; x_wconf 91' lang='lat' dir='ltr'><strong>et</strong></span> <span class='ocrx_word' id='word_1_373' title='bbox 1835 3341 1976 3395; x_wconf 89' lang='lat' dir='ltr'><strong>inter</strong></span> <span class='ocrx_word' id='word_1_374' title='bbox 2029 3357 2090 3396; x_wconf 91' lang='lat' dir='ltr'><strong>se</strong></span> 
     </span>
    </p>
   </div>
   <div class='ocr_carea' id='block_1_51' title="bbox 484 3427 2089 3502">
    <p class='ocr_par' dir='ltr' id='par_1_51' title="bbox 484 3427 2089 3502">
     <span class='ocr_line' id='line_1_51' title="bbox 484 3427 2089 3502; baseline -0.001 -18"><span class='ocrx_word' id='word_1_375' title='bbox 484 3429 716 3486; x_wconf 90' lang='lat' dir='ltr'><strong>invicem</strong></span> <span class='ocrx_word' id='word_1_376' title='bbox 745 3427 1135 3502; x_wconf 88' lang='lat' dir='ltr'><strong>cogitationum</strong></span> <span class='ocrx_word' id='word_1_377' title='bbox 1199 3427 1572 3483; x_wconf 85' lang='lat' dir='ltr'><strong>accusantium</strong></span> <span class='ocrx_word' id='word_1_378' title='bbox 1629 3435 1724 3482; x_wconf 90' lang='lat' dir='ltr'><strong>aut</strong></span> <span class='ocrx_word' id='word_1_379' title='bbox 1776 3427 1938 3483; x_wconf 85' lang='lat' dir='ltr'><strong>etiam</strong></span> <span class='ocrx_word' id='word_1_380' title='bbox 1993 3428 2089 3483; x_wconf 89' lang='lat' dir='ltr'><strong>de-</strong></span> 
     </span>
    </p>
   </div>
   <div class='ocr_carea' id='block_1_52' title="bbox 482 3515 2084 3588">
    <p class='ocr_par' dir='ltr' id='par_1_52' title="bbox 482 3515 2084 3588">
     <span class='ocr_line' id='line_1_52' title="bbox 482 3515 2084 3588; baseline -0.002 -14"><span class='ocrx_word' id='word_1_381' title='bbox 482 3516 832 3582; x_wconf 79' lang='lat' dir='ltr'><strong>fendentium,</strong></span> <span class='ocrx_word' id='word_1_382' title='bbox 863 3516 920 3571; x_wconf 94' lang='lat' dir='ltr'><strong>in</strong></span> <span class='ocrx_word' id='word_1_383' title='bbox 946 3515 1037 3572; x_wconf 91' lang='lat' dir='ltr'><strong>die</strong></span> <span class='ocrx_word' id='word_1_384' title='bbox 1069 3530 1184 3588; x_wconf 87' lang='lat' dir='ltr'><strong>qua</strong></span> <span class='ocrx_word' id='word_1_385' title='bbox 1208 3515 1478 3584; x_wconf 89' lang='lat' dir='ltr'><strong>judicabit</strong></span> <span class='ocrx_word' id='word_1_386' title='bbox 1505 3515 1718 3571; x_wconf 90' lang='lat' dir='ltr'><strong>occulta</strong></span> <span class='ocrx_word' id='word_1_387' title='bbox 1747 3515 2028 3570; x_wconf 87' lang='lat' dir='ltr'><strong>hominum</strong></span> <span class='ocrx_word' id='word_1_388' title='bbox 2071 3533 2084 3570; x_wconf 92' lang='lat'>:</span> 
     </span>
    </p>
   </div>
   <div class='ocr_carea' id='block_1_53' title="bbox 487 3603 2085 3684">
    <p class='ocr_par' dir='ltr' id='par_1_53' title="bbox 487 3603 2085 3684">
     <span class='ocr_line' id='line_1_53' title="bbox 487 3603 2085 3684; baseline -0.003 -21"><span class='ocrx_word' id='word_1_389' title='bbox 487 3614 541 3663; x_wconf 92' lang='lat' dir='ltr'><strong>et</strong></span> <span class='ocrx_word' id='word_1_390' title='bbox 565 3613 624 3662; x_wconf 91' lang='lat' dir='ltr'><strong>ut</strong></span> <span class='ocrx_word' id='word_1_391' title='bbox 651 3607 760 3662; x_wconf 91' lang='lat' dir='ltr'><strong>Leo</strong></span> <span class='ocrx_word' id='word_1_392' title='bbox 790 3604 922 3660; x_wconf 90' lang='lat' dir='ltr'><strong>dicit</strong></span> <span class='ocrx_word' id='word_1_393' title='bbox 967 3620 984 3684; x_wconf 35' lang='grc' dir='ltr'><strong>Ï„â€™</strong></span> <span class='ocrx_word' id='word_1_394' title='bbox 1017 3603 1073 3658; x_wconf 92' lang='lat' dir='ltr'><strong>Si</strong></span> <span class='ocrx_word' id='word_1_395' title='bbox 1130 3603 1263 3676; x_wconf 90' lang='lat' dir='ltr'><strong>quid</strong></span> <span class='ocrx_word' id='word_1_396' title='bbox 1293 3619 1395 3674; x_wconf 90' lang='lat' dir='ltr'><strong>per</strong></span> <span class='ocrx_word' id='word_1_397' title='bbox 1453 3603 1763 3659; x_wconf 90' lang='lat' dir='ltr'><strong>servitutem</strong></span> <span class='ocrx_word' id='word_1_398' title='bbox 1824 3611 2085 3671; x_wconf 89' lang='lat' dir='ltr'><strong>nostram,</strong></span> 
     </span>
    </p>
   </div>
   <div class='ocr_carea' id='block_1_54' title="bbox 487 3691 2090 3765">
    <p class='ocr_par' dir='ltr' id='par_1_54' title="bbox 487 3691 2090 3765">
     <span class='ocr_line' id='line_1_54' title="bbox 487 3691 2090 3765; baseline -0.001 -15"><span class='ocrx_word' id='word_1_399' title='bbox 487 3693 741 3750; x_wconf 89' lang='lat' dir='ltr'><strong>videlicet</strong></span> <span class='ocrx_word' id='word_1_400' title='bbox 767 3691 1184 3759; x_wconf 87' lang='lat' dir='ltr'><strong>sacerdotalem,</strong></span> <span class='ocrx_word' id='word_1_401' title='bbox 1247 3691 1392 3746; x_wconf 91' lang='lat' dir='ltr'><strong>bono</strong></span> <span class='ocrx_word' id='word_1_402' title='bbox 1449 3691 1640 3747; x_wconf 87' lang='lat' dir='ltr'><strong>ordine</strong></span> <span class='ocrx_word' id='word_1_403' title='bbox 1685 3700 1737 3748; x_wconf 91' lang='lat' dir='ltr'><strong>et</strong></span> <span class='ocrx_word' id='word_1_404' title='bbox 1767 3693 2090 3765; x_wconf 86' lang='lat' dir='ltr'><strong>gratulando</strong></span> 
     </span>
    </p>
   </div>
   <div class='ocr_carea' id='block_1_55' title="bbox 484 3779 2090 3852">
    <p class='ocr_par' dir='ltr' id='par_1_55' title="bbox 484 3779 2090 3852">
     <span class='ocr_line' id='line_1_55' title="bbox 484 3779 2090 3852; baseline 0 -16"><span class='ocrx_word' id='word_1_405' title='bbox 484 3781 738 3852; x_wconf 90' lang='lat' dir='ltr'><strong>impletur</strong></span> <span class='ocrx_word' id='word_1_406' title='bbox 763 3779 978 3846; x_wconf 77' lang='lat' dir='ltr'><strong>affectu,</strong></span> <span class='ocrx_word' id='word_1_407' title='bbox 1011 3795 1121 3835; x_wconf 90' lang='lat' dir='ltr'><strong>non</strong></span> <span class='ocrx_word' id='word_1_408' title='bbox 1146 3779 1490 3850; x_wconf 89' lang='lat' dir='ltr'><strong>ambigamus</strong></span> <span class='ocrx_word' id='word_1_409' title='bbox 1521 3796 1622 3851; x_wconf 90' lang='lat' dir='ltr'><strong>per</strong></span> <span class='ocrx_word' id='word_1_410' title='bbox 1653 3781 1912 3852; x_wconf 89' lang='lat' dir='ltr'><strong>Spiritum</strong></span> <span class='ocrx_word' id='word_1_411' title='bbox 1960 3797 2090 3836; x_wconf 89' lang='lat' dir='ltr'><strong>san-</strong></span> 
     </span>
    </p>
   </div>
   <div class='ocr_carea' id='block_1_56' title="bbox 485 3867 2088 3940">
    <p class='ocr_par' dir='ltr' id='par_1_56' title="bbox 485 3867 2088 3940">
     <span class='ocr_line' id='line_1_56' title="bbox 485 3867 2088 3940; baseline -0.002 -15"><span class='ocrx_word' id='word_1_412' title='bbox 485 3878 630 3926; x_wconf 88' lang='lat' dir='ltr'><strong>ctum</strong></span> <span class='ocrx_word' id='word_1_413' title='bbox 649 3867 808 3924; x_wconf 89' lang='lat' dir='ltr'><strong>nobis</strong></span> <span class='ocrx_word' id='word_1_414' title='bbox 835 3867 1007 3924; x_wconf 87' lang='lat' dir='ltr'><strong>fuisse</strong></span> <span class='ocrx_word' id='word_1_415' title='bbox 1067 3868 1346 3934; x_wconf 91' lang='lat' dir='ltr'><strong>donatum,</strong></span> <span class='ocrx_word' id='word_1_416' title='bbox 1404 3875 1458 3923; x_wconf 89' lang='lat' dir='ltr'><strong>et</strong></span> <span class='ocrx_word' id='word_1_417' title='bbox 1513 3869 1660 3940; x_wconf 88' lang='lat' dir='ltr'><strong>quod</strong></span> <span class='ocrx_word' id='word_1_418' title='bbox 1715 3885 1875 3924; x_wconf 90' lang='lat' dir='ltr'><strong>secus</strong></span> <span class='ocrx_word' id='word_1_419' title='bbox 1904 3867 2088 3939; x_wconf 83' lang='lat' dir='ltr'><strong>fuerit,</strong></span> 
     </span>
    </p>
   </div>
   <div class='ocr_carea' id='block_1_57' title="bbox 484 3954 2092 4028">
    <p class='ocr_par' dir='ltr' id='par_1_57' title="bbox 484 3954 2092 4028">
     <span class='ocr_line' id='line_1_57' title="bbox 484 3954 2092 4028; baseline -0.001 -16"><span class='ocrx_word' id='word_1_420' title='bbox 484 3965 666 4014; x_wconf 90' lang='lat' dir='ltr'><strong>ratum</strong></span> <span class='ocrx_word' id='word_1_421' title='bbox 693 3971 816 4012; x_wconf 88' lang='lat' dir='ltr'><strong>esse</strong></span> <span class='ocrx_word' id='word_1_422' title='bbox 844 3971 956 4012; x_wconf 89' lang='lat' dir='ltr'><strong>non</strong></span> <span class='ocrx_word' id='word_1_423' title='bbox 982 3954 1179 4027; x_wconf 88' lang='lat' dir='ltr'><strong>poterit</strong></span> <span class='ocrx_word' id='word_1_424' title='bbox 1210 3971 1224 4010; x_wconf 90' lang='lat'><strong>:</strong></span> <span class='ocrx_word' id='word_1_425' title='bbox 1273 3955 1453 4010; x_wconf 90' lang='lat' dir='ltr'><strong>modis</strong></span> <span class='ocrx_word' id='word_1_426' title='bbox 1497 3956 1771 4022; x_wconf 89' lang='lat' dir='ltr'><strong>omnibus,</strong></span> <span class='ocrx_word' id='word_1_427' title='bbox 1828 3964 2092 4028; x_wconf 89' lang='lat' dir='ltr'><strong>quantum</strong></span> 
     </span>
    </p>
   </div>
   <div class='ocr_carea' id='block_1_58' title="bbox 484 4043 2094 4119">
    <p class='ocr_par' dir='ltr' id='par_1_58' title="bbox 484 4043 2094 4119">
     <span class='ocr_line' id='line_1_58' title="bbox 484 4043 2094 4119; baseline -0.001 -17"><span class='ocrx_word' id='word_1_428' title='bbox 484 4046 604 4119; x_wconf 92' lang='lat' dir='ltr'><strong>ipse</strong></span> <span class='ocrx_word' id='word_1_429' title='bbox 632 4044 932 4111; x_wconf 90' lang='lat' dir='ltr'><strong>donaverit,</strong></span> <span class='ocrx_word' id='word_1_430' title='bbox 965 4060 996 4098; x_wconf 88' lang='lat' dir='ltr'><strong>a</strong></span> <span class='ocrx_word' id='word_1_431' title='bbox 1024 4059 1130 4116; x_wconf 88' lang='lat' dir='ltr'><strong>quo</strong></span> <span class='ocrx_word' id='word_1_432' title='bbox 1163 4051 1246 4098; x_wconf 92' lang='lat' dir='ltr'><strong>est</strong></span> <span class='ocrx_word' id='word_1_433' title='bbox 1299 4059 1462 4099; x_wconf 91' lang='lat' dir='ltr'><strong>omne</strong></span> <span class='ocrx_word' id='word_1_434' title='bbox 1491 4043 1681 4099; x_wconf 90' lang='lat' dir='ltr'><strong>datum</strong></span> <span class='ocrx_word' id='word_1_435' title='bbox 1733 4045 1998 4116; x_wconf 86' lang='lat' dir='ltr'><strong>Optimum</strong></span> <span class='ocrx_word' id='word_1_436' title='bbox 2037 4061 2094 4114; x_wconf 53' lang='lat' dir='ltr'><strong>et</strong></span> 
     </span>
    </p>
   </div>
   <div class='ocr_carea' id='block_1_59' title="bbox 487 4131 2094 4204">
    <p class='ocr_par' dir='ltr' id='par_1_59' title="bbox 487 4131 2094 4204">
     <span class='ocr_line' id='line_1_59' title="bbox 487 4131 2094 4204; baseline -0.001 -14"><span class='ocrx_word' id='word_1_437' title='bbox 487 4150 651 4192; x_wconf 89' lang='lat' dir='ltr'><strong>omne</strong></span> <span class='ocrx_word' id='word_1_438' title='bbox 669 4133 876 4189; x_wconf 90' lang='lat' dir='ltr'><strong>donum</strong></span> <span class='ocrx_word' id='word_1_439' title='bbox 921 4131 1248 4204; x_wconf 88' lang='lat' dir='ltr'><strong>perfectum,</strong></span> <span class='ocrx_word' id='word_1_440' title='bbox 1307 4132 1600 4203; x_wconf 86' lang='lat' dir='ltr'><strong>providere</strong></span> <span class='ocrx_word' id='word_1_441' title='bbox 1651 4132 1900 4200; x_wconf 91' lang='lat' dir='ltr'><strong>studebo,</strong></span> <span class='ocrx_word' id='word_1_442' title='bbox 1960 4149 2031 4189; x_wconf 92' lang='lat' dir='ltr'><strong>ne</strong></span> <span class='ocrx_word' id='word_1_443' title='bbox 2059 4148 2094 4189; x_wconf 89' lang='lat' dir='ltr'><strong>a</strong></span> 
     </span>
    </p>
   </div>
   <div class='ocr_carea' id='block_1_60' title="bbox 487 4221 2094 4295">
    <p class='ocr_par' dir='ltr' id='par_1_60' title="bbox 487 4221 2094 4295">
     <span class='ocr_line' id='line_1_60' title="bbox 487 4221 2094 4295; baseline -0.004 -16"><span class='ocrx_word' id='word_1_444' title='bbox 487 4221 870 4281; x_wconf 88' lang='lat' dir='ltr'><strong>communione</strong></span> <span class='ocrx_word' id='word_1_445' title='bbox 900 4221 1048 4277; x_wconf 90' lang='lat' dir='ltr'><strong>sedis</strong></span> <span class='ocrx_word' id='word_1_446' title='bbox 1071 4221 1401 4294; x_wconf 68' lang='lat' dir='ltr'><strong>apostolicae,</strong></span> <span class='ocrx_word' id='word_1_447' title='bbox 1441 4221 1588 4294; x_wconf 93' lang='lat' dir='ltr'><strong>quod</strong></span> <span class='ocrx_word' id='word_1_448' title='bbox 1644 4221 1806 4288; x_wconf 90' lang='lat' dir='ltr'><strong>absit,</strong></span> <span class='ocrx_word' id='word_1_449' title='bbox 1851 4221 2094 4295; x_wconf 90' lang='lat' dir='ltr'><strong>quolibet</strong></span> 
     </span>
    </p>
   </div>
   <div class='ocr_carea' id='block_1_61' title="bbox 484 4309 2092 4382">
    <p class='ocr_par' dir='ltr' id='par_1_61' title="bbox 484 4309 2092 4382">
     <span class='ocr_line' id='line_1_61' title="bbox 484 4309 2092 4382; baseline -0.002 -14"><span class='ocrx_word' id='word_1_450' title='bbox 484 4312 648 4368; x_wconf 91' lang='lat' dir='ltr'><strong>modo</strong></span> <span class='ocrx_word' id='word_1_451' title='bbox 675 4319 948 4368; x_wconf 87' lang='lat' dir='ltr'><strong>extorrem</strong></span> <span class='ocrx_word' id='word_1_452' title='bbox 976 4327 1065 4367; x_wconf 88' lang='lat' dir='ltr'><strong>me</strong></span> <span class='ocrx_word' id='word_1_453' title='bbox 1093 4310 1314 4366; x_wconf 90' lang='lat' dir='ltr'><strong>ultimus</strong></span> <span class='ocrx_word' id='word_1_454' title='bbox 1341 4310 1480 4378; x_wconf 75' lang='lat' dir='ltr'><strong>dies,</strong></span> <span class='ocrx_word' id='word_1_455' title='bbox 1545 4309 1639 4382; x_wconf 91' lang='lat' dir='ltr'><strong>qui</strong></span> <span class='ocrx_word' id='word_1_456' title='bbox 1676 4310 1810 4366; x_wconf 90' lang='lat' dir='ltr'><strong>mihi</strong></span> <span class='ocrx_word' id='word_1_457' title='bbox 1852 4311 2092 4367; x_wconf 90' lang='lat' dir='ltr'><strong>incertus</strong></span> 
     </span>
    </p>
   </div>
   <div class='ocr_carea' id='block_1_62' title="bbox 2181 1737 3782 1818">
    <p class='ocr_par' dir='ltr' id='par_1_62' title="bbox 2181 1737 3782 1818">
     <span class='ocr_line' id='line_1_62' title="bbox 2181 1737 3782 1818; baseline 0.003 -20"><span class='ocrx_word' id='word_1_458' title='bbox 2181 1737 2414 1800; x_wconf 84' lang='lat' dir='ltr'><strong>modum</strong></span> <span class='ocrx_word' id='word_1_459' title='bbox 2433 1745 2554 1811; x_wconf 89' lang='lat' dir='ltr'><strong>erit,</strong></span> <span class='ocrx_word' id='word_1_460' title='bbox 2587 1746 2761 1802; x_wconf 92' lang='lat' dir='ltr'><strong>donec</strong></span> <span class='ocrx_word' id='word_1_461' title='bbox 2791 1747 3090 1818; x_wconf 89' lang='lat' dir='ltr'><strong>apostolica</strong></span> <span class='ocrx_word' id='word_1_462' title='bbox 3117 1755 3299 1803; x_wconf 90' lang='lat' dir='ltr'><strong>vestra</strong></span> <span class='ocrx_word' id='word_1_463' title='bbox 3345 1747 3520 1818; x_wconf 89' lang='lat' dir='ltr'><strong>jussio</strong></span> <span class='ocrx_word' id='word_1_464' title='bbox 3568 1765 3657 1804; x_wconf 91' lang='lat' dir='ltr'><strong>me</strong></span> <span class='ocrx_word' id='word_1_465' title='bbox 3688 1749 3782 1803; x_wconf 92' lang='lat' dir='ltr'><strong>in-</strong></span> 
     </span>
    </p>
   </div>
   <div class='ocr_carea' id='block_1_63' title="bbox 2179 1832 3787 1910">
    <p class='ocr_par' dir='ltr' id='par_1_63' title="bbox 2179 1832 3787 1910">
     <span class='ocr_line' id='line_1_63' title="bbox 2179 1832 3787 1910; baseline 0.003 -22"><span class='ocrx_word' id='word_1_466' title='bbox 2179 1832 2520 1889; x_wconf 89' lang='lat' dir='ltr'><strong>obedientem</strong></span> <span class='ocrx_word' id='word_1_467' title='bbox 2573 1835 2628 1889; x_wconf 91' lang='lat' dir='ltr'><strong>in</strong></span> <span class='ocrx_word' id='word_1_468' title='bbox 2685 1835 2867 1908; x_wconf 88' lang='lat' dir='ltr'><strong>aliquo</strong></span> <span class='ocrx_word' id='word_1_469' title='bbox 2923 1843 3112 1891; x_wconf 88' lang='lat' dir='ltr'><strong>contra</strong></span> <span class='ocrx_word' id='word_1_470' title='bbox 3164 1836 3384 1910; x_wconf 86' lang='lat' dir='ltr'><strong>regulas</strong></span> <span class='ocrx_word' id='word_1_471' title='bbox 3440 1853 3624 1893; x_wconf 85' lang='lat' dir='ltr'><strong>sacras</strong></span> <span class='ocrx_word' id='word_1_472' title='bbox 3677 1854 3787 1910; x_wconf 88' lang='lat' dir='ltr'><strong>per</strong></span> 
     </span>
    </p>
   </div>
   <div class='ocr_carea' id='block_1_64' title="bbox 2180 1923 3785 1998">
    <p class='ocr_par' dir='ltr' id='par_1_64' title="bbox 2180 1923 3785 1998">
     <span class='ocr_line' id='line_1_64' title="bbox 2180 1923 3785 1998; baseline 0.004 -23"><span class='ocrx_word' id='word_1_473' title='bbox 2180 1929 2570 1992; x_wconf 91' lang='lat' dir='ltr'><strong>contemptum,</strong></span> <span class='ocrx_word' id='word_1_474' title='bbox 2605 1923 2750 1994; x_wconf 89' lang='lat' dir='ltr'><strong>quod</strong></span> <span class='ocrx_word' id='word_1_475' title='bbox 2779 1924 2940 1993; x_wconf 89' lang='lat' dir='ltr'><strong>absit,</strong></span> <span class='ocrx_word' id='word_1_476' title='bbox 2973 1924 3256 1980; x_wconf 88' lang='lat' dir='ltr'><strong>invenerit.</strong></span> <span class='ocrx_word' id='word_1_477' title='bbox 3301 1923 3406 1994; x_wconf 89' lang='lat' dir='ltr'><strong>Qui</strong></span> <span class='ocrx_word' id='word_1_478' title='bbox 3435 1926 3580 1981; x_wconf 90' lang='lat' dir='ltr'><strong>enim</strong></span> <span class='ocrx_word' id='word_1_479' title='bbox 3609 1942 3785 1998; x_wconf 90' lang='lat' dir='ltr'><strong>quare</strong></span> 
     </span>
    </p>
   </div>
   <div class='ocr_carea' id='block_1_65' title="bbox 2181 2009 3787 2083">
    <p class='ocr_par' dir='ltr' id='par_1_65' title="bbox 2181 2009 3787 2083">
     <span class='ocr_line' id='line_1_65' title="bbox 2181 2009 3787 2083; baseline 0.002 -18"><span class='ocrx_word' id='word_1_480' title='bbox 2181 2009 2445 2065; x_wconf 91' lang='lat' dir='ltr'><strong>Dominus</strong></span> <span class='ocrx_word' id='word_1_481' title='bbox 2475 2010 2531 2064; x_wconf 92' lang='lat' dir='ltr'><strong>in</strong></span> <span class='ocrx_word' id='word_1_482' title='bbox 2560 2011 2859 2083; x_wconf 90' lang='lat' dir='ltr'><strong>Evangelio</strong></span> <span class='ocrx_word' id='word_1_483' title='bbox 2901 2013 3233 2069; x_wconf 86' lang='lat' dir='ltr'><strong>centurionis</strong></span> <span class='ocrx_word' id='word_1_484' title='bbox 3282 2012 3448 2069; x_wconf 85' lang='lat' dir='ltr'><strong>fidem</strong></span> <span class='ocrx_word' id='word_1_485' title='bbox 3483 2013 3669 2070; x_wconf 89' lang='lat' dir='ltr'><strong>laudet</strong></span> <span class='ocrx_word' id='word_1_486' title='bbox 3697 2015 3787 2069; x_wconf 88' lang='lat' dir='ltr'><strong>di-</strong></span> 
     </span>
    </p>
   </div>
   <div class='ocr_carea' id='block_1_66' title="bbox 2181 2098 3783 2174">
    <p class='ocr_par' dir='ltr' id='par_1_66' title="bbox 2181 2098 3783 2174">
     <span class='ocr_line' id='line_1_66' title="bbox 2181 2098 3783 2174; baseline 0.002 -20"><span class='ocrx_word' id='word_1_487' title='bbox 2181 2098 2352 2154; x_wconf 88' lang='lat' dir='ltr'><strong>centis</strong></span> <span class='ocrx_word' id='word_1_488' title='bbox 2373 2116 2387 2152; x_wconf 89' lang='lat'>:</span> <span class='ocrx_word' id='word_1_489' title='bbox 2407 2101 2506 2156; x_wconf 84' lang='lat' dir='ltr'><strong>Dic</strong></span> <span class='ocrx_word' id='word_1_490' title='bbox 2521 2101 2679 2156; x_wconf 79' lang='lat' dir='ltr'><strong>verba</strong></span> <span class='ocrx_word' id='word_1_491' title='bbox 2697 2104 2753 2156; x_wconf 82' lang='lat' dir='ltr'><strong>et</strong></span> <span class='ocrx_word' id='word_1_492' title='bbox 2773 2102 3072 2157; x_wconf 75' lang='lat' dir='ltr'><strong>sanabitur</strong></span> <span class='ocrx_word' id='word_1_493' title='bbox 3083 2119 3229 2174; x_wconf 80' lang='lat' dir='ltr'><strong>puer</strong></span> <span class='ocrx_word' id='word_1_494' title='bbox 3241 2118 3400 2158; x_wconf 80' lang='lat' dir='ltr'><strong>meus</strong></span> <span class='ocrx_word' id='word_1_495' title='bbox 3417 2103 3634 2173; x_wconf 84' lang='lat' dir='ltr'><strong>(Matth.</strong></span> <span class='ocrx_word' id='word_1_496' title='bbox 3655 2119 3783 2170; x_wconf 84' lang='lat' dir='ltr'><strong>vm,</strong></span> 
     </span>
    </p>
   </div>
   <div class='ocr_carea' id='block_1_67' title="bbox 2183 2186 3786 2262">
    <p class='ocr_par' dir='ltr' id='par_1_67' title="bbox 2183 2186 3786 2262">
     <span class='ocr_line' id='line_1_67' title="bbox 2183 2186 3786 2262; baseline 0.004 -22"><span class='ocrx_word' id='word_1_497' title='bbox 2183 2187 2236 2256; x_wconf 92' lang='lat'><strong>8)</strong></span> <span class='ocrx_word' id='word_1_498' title='bbox 2293 2186 2567 2260; x_wconf 89' lang='lat' dir='ltr'><strong>intelligit,</strong></span> <span class='ocrx_word' id='word_1_499' title='bbox 2603 2203 2767 2260; x_wconf 92' lang='lat' dir='ltr'><strong>quam</strong></span> <span class='ocrx_word' id='word_1_500' title='bbox 2823 2189 3190 2260; x_wconf 82' lang='lat' dir='ltr'><strong>Operatorium</strong></span> <span class='ocrx_word' id='word_1_501' title='bbox 3248 2190 3316 2245; x_wconf 91' lang='lat' dir='ltr'><strong>sit</strong></span> <span class='ocrx_word' id='word_1_502' title='bbox 3373 2189 3635 2262; x_wconf 90' lang='lat' dir='ltr'><strong>episcopi,</strong></span> <span class='ocrx_word' id='word_1_503' title='bbox 3668 2191 3786 2247; x_wconf 91' lang='lat' dir='ltr'><strong>imo</strong></span> 
     </span>
    </p>
   </div>
   <div class='ocr_carea' id='block_1_68' title="bbox 2181 2275 3787 2353">
    <p class='ocr_par' dir='ltr' id='par_1_68' title="bbox 2181 2275 3787 2353">
     <span class='ocr_line' id='line_1_68' title="bbox 2181 2275 3787 2353; baseline 0.004 -25"><span class='ocrx_word' id='word_1_504' title='bbox 2181 2275 2321 2330; x_wconf 88' lang='lat' dir='ltr'><strong>sicut</strong></span> <span class='ocrx_word' id='word_1_505' title='bbox 2350 2275 2406 2329; x_wconf 93' lang='lat' dir='ltr'><strong>in</strong></span> <span class='ocrx_word' id='word_1_506' title='bbox 2425 2276 2592 2332; x_wconf 87' lang='lat' dir='ltr'><strong>Paulo</strong></span> <span class='ocrx_word' id='word_1_507' title='bbox 2621 2277 2676 2332; x_wconf 91' lang='lat' dir='ltr'><strong>in</strong></span> <span class='ocrx_word' id='word_1_508' title='bbox 2707 2293 2766 2333; x_wconf 90' lang='lat' dir='ltr'><strong>se</strong></span> <span class='ocrx_word' id='word_1_509' title='bbox 2794 2277 3067 2348; x_wconf 89' lang='lat' dir='ltr'><strong>loquentis</strong></span> <span class='ocrx_word' id='word_1_510' title='bbox 3097 2278 3318 2344; x_wconf 89' lang='lat' dir='ltr'><strong>Christi,</strong></span> <span class='ocrx_word' id='word_1_511' title='bbox 3350 2287 3554 2350; x_wconf 89' lang='lat' dir='ltr'><strong>quanto</strong></span> <span class='ocrx_word' id='word_1_512' title='bbox 3597 2280 3787 2353; x_wconf 87' lang='lat' dir='ltr'><strong>magis</strong></span> 
     </span>
    </p>
   </div>
   <div class='ocr_carea' id='block_1_69' title="bbox 2181 2362 3783 2440">
    <p class='ocr_par' dir='ltr' id='par_1_69' title="bbox 2181 2362 3783 2440">
     <span class='ocr_line' id='line_1_69' title="bbox 2181 2362 3783 2440; baseline 0.003 -22"><span class='ocrx_word' id='word_1_513' title='bbox 2181 2362 2454 2434; x_wconf 87' lang='lat' dir='ltr'><strong>pontiï¬cis</strong></span> <span class='ocrx_word' id='word_1_514' title='bbox 2483 2366 2796 2437; x_wconf 68' lang='lat' dir='ltr'><strong>apostolicae</strong></span> <span class='ocrx_word' id='word_1_515' title='bbox 2827 2367 2975 2422; x_wconf 90' lang='lat' dir='ltr'><strong>sedis</strong></span> <span class='ocrx_word' id='word_1_516' title='bbox 3004 2367 3252 2434; x_wconf 85' lang='lat' dir='ltr'><strong>verbum,</strong></span> <span class='ocrx_word' id='word_1_517' title='bbox 3312 2375 3365 2423; x_wconf 90' lang='lat' dir='ltr'><strong>et</strong></span> <span class='ocrx_word' id='word_1_518' title='bbox 3419 2383 3583 2440; x_wconf 91' lang='lat' dir='ltr'><strong>quam</strong></span> <span class='ocrx_word' id='word_1_519' title='bbox 3638 2369 3783 2424; x_wconf 90' lang='lat' dir='ltr'><strong>obe-</strong></span> 
     </span>
    </p>
   </div>
   <div class='ocr_carea' id='block_1_70' title="bbox 2182 2451 3783 2526">
    <p class='ocr_par' dir='ltr' id='par_1_70' title="bbox 2182 2451 3783 2526">
     <span class='ocr_line' id='line_1_70' title="bbox 2182 2451 3783 2526; baseline 0.004 -20"><span class='ocrx_word' id='word_1_520' title='bbox 2182 2451 2378 2507; x_wconf 90' lang='lat' dir='ltr'><strong>dicnda</strong></span> <span class='ocrx_word' id='word_1_521' title='bbox 2399 2453 2465 2508; x_wconf 89' lang='lat' dir='ltr'><strong>sit</strong></span> <span class='ocrx_word' id='word_1_522' title='bbox 2492 2454 2663 2525; x_wconf 90' lang='lat' dir='ltr'><strong>ipsius</strong></span> <span class='ocrx_word' id='word_1_523' title='bbox 2690 2456 3002 2526; x_wconf 72' lang='lat' dir='ltr'><strong>prazceptio,</strong></span> <span class='ocrx_word' id='word_1_524' title='bbox 3036 2455 3199 2510; x_wconf 90' lang='lat' dir='ltr'><strong>etiam</strong></span> <span class='ocrx_word' id='word_1_525' title='bbox 3231 2455 3350 2512; x_wconf 91' lang='lat' dir='ltr'><strong>sine</strong></span> <span class='ocrx_word' id='word_1_526' title='bbox 3377 2455 3488 2510; x_wconf 93' lang='lat' dir='ltr'><strong>ulla</strong></span> <span class='ocrx_word' id='word_1_527' title='bbox 3536 2456 3783 2512; x_wconf 88' lang='lat' dir='ltr'><strong>admira-</strong></span> 
     </span>
    </p>
   </div>
   <div class='ocr_carea' id='block_1_71' title="bbox 2183 2540 3786 2616">
    <p class='ocr_par' dir='ltr' id='par_1_71' title="bbox 2183 2540 3786 2616">
     <span class='ocr_line' id='line_1_71' title="bbox 2183 2540 3786 2616; baseline 0.004 -21"><span class='ocrx_word' id='word_1_528' title='bbox 2183 2540 2347 2596; x_wconf 83' lang='lat' dir='ltr'><strong>tionis</strong></span> <span class='ocrx_word' id='word_1_529' title='bbox 2377 2543 2679 2613; x_wconf 89' lang='lat' dir='ltr'><strong>adjectione</strong></span> <span class='ocrx_word' id='word_1_530' title='bbox 2731 2545 3031 2616; x_wconf 83' lang='lat' dir='ltr'><strong>cognoscit.</strong></span> <span class='ocrx_word' id='word_1_531' title='bbox 3066 2543 3226 2613; x_wconf 89' lang='lat' dir='ltr'><strong>Quod</strong></span> <span class='ocrx_word' id='word_1_532' title='bbox 3256 2552 3310 2599; x_wconf 89' lang='lat' dir='ltr'><strong>et</strong></span> <span class='ocrx_word' id='word_1_533' title='bbox 3364 2545 3658 2601; x_wconf 81' lang='lat' dir='ltr'><strong>scientibus</strong></span> <span class='ocrx_word' id='word_1_534' title='bbox 3688 2545 3786 2600; x_wconf 92' lang='lat' dir='ltr'><strong>in-</strong></span> 
     </span>
    </p>
   </div>
   <div class='ocr_carea' id='block_1_72' title="bbox 2183 2631 3783 2704">
    <p class='ocr_par' dir='ltr' id='par_1_72' title="bbox 2183 2631 3783 2704">
     <span class='ocr_line' id='line_1_72' title="bbox 2183 2631 3783 2704; baseline -0.001 -13"><span class='ocrx_word' id='word_1_535' title='bbox 2183 2635 2423 2701; x_wconf 90' lang='lat' dir='ltr'><strong>culcare,</strong></span> <span class='ocrx_word' id='word_1_536' title='bbox 2460 2641 2512 2688; x_wconf 91' lang='lat' dir='ltr'><strong>et</strong></span> <span class='ocrx_word' id='word_1_537' title='bbox 2530 2631 2900 2687; x_wconf 90' lang='lat' dir='ltr'><strong>nescientibus</strong></span> <span class='ocrx_word' id='word_1_538' title='bbox 2931 2631 3184 2688; x_wconf 89' lang='lat' dir='ltr'><strong>intimare</strong></span> <span class='ocrx_word' id='word_1_539' title='bbox 3215 2632 3553 2704; x_wconf 88' lang='lat' dir='ltr'><strong>sapientibus</strong></span> <span class='ocrx_word' id='word_1_540' title='bbox 3606 2642 3661 2690; x_wconf 92' lang='lat' dir='ltr'><strong>et</strong></span> <span class='ocrx_word' id='word_1_541' title='bbox 3685 2634 3783 2689; x_wconf 91' lang='lat' dir='ltr'><strong>in-</strong></span> 
     </span>
    </p>
   </div>
   <div class='ocr_carea' id='block_1_73' title="bbox 2184 2707 3783 2795">
    <p class='ocr_par' dir='ltr' id='par_1_73' title="bbox 2184 2707 3783 2795">
     <span class='ocr_line' id='line_1_73' title="bbox 2184 2707 3783 2795; baseline 0 -17"><span class='ocrx_word' id='word_1_542' title='bbox 2184 2707 2505 2795; x_wconf 78' lang='lat' dir='ltr'><strong>sipientibus</strong></span> <span class='ocrx_word' id='word_1_543' title='bbox 2533 2721 2808 2776; x_wconf 88' lang='lat' dir='ltr'><strong>debitores</strong></span> <span class='ocrx_word' id='word_1_544' title='bbox 2837 2720 3102 2776; x_wconf 87' lang='lat' dir='ltr'><strong>debemus</strong></span> <span class='ocrx_word' id='word_1_545' title='bbox 3133 2721 3378 2792; x_wconf 87' lang='lat' dir='ltr'><strong>episcopi</strong></span> <span class='ocrx_word' id='word_1_546' title='bbox 3409 2737 3421 2778; x_wconf 92' lang='lat'>:</span> <span class='ocrx_word' id='word_1_547' title='bbox 3474 2722 3671 2794; x_wconf 89' lang='lat' dir='ltr'><strong>quibus</strong></span> <span class='ocrx_word' id='word_1_548' title='bbox 3731 2722 3783 2778; x_wconf 89' lang='lat' dir='ltr'><strong>si</strong></span> 
     </span>
    </p>
   </div>
   <div class='ocr_carea' id='block_1_74' title="bbox 2183 2808 3785 2881">
    <p class='ocr_par' dir='ltr' id='par_1_74' title="bbox 2183 2808 3785 2881">
     <span class='ocr_line' id='line_1_74' title="bbox 2183 2808 3785 2881; baseline -0.001 -13"><span class='ocrx_word' id='word_1_549' title='bbox 2183 2812 2252 2868; x_wconf 90' lang='lat' dir='ltr'><strong>de</strong></span> <span class='ocrx_word' id='word_1_550' title='bbox 2281 2810 2494 2881; x_wconf 90' lang='lat' dir='ltr'><strong>reliquo</strong></span> <span class='ocrx_word' id='word_1_551' title='bbox 2522 2809 2693 2865; x_wconf 89' lang='lat' dir='ltr'><strong>verba</strong></span> <span class='ocrx_word' id='word_1_552' title='bbox 2717 2808 3024 2880; x_wconf 90' lang='lat' dir='ltr'><strong>iniquorum</strong></span> <span class='ocrx_word' id='word_1_553' title='bbox 3053 2809 3438 2880; x_wconf 66' lang='lat' dir='ltr'><strong>praevaluerint</strong></span> <span class='ocrx_word' id='word_1_554' title='bbox 3484 2811 3785 2867; x_wconf 89' lang='lat' dir='ltr'><strong>adversum</strong></span> 
     </span>
    </p>
   </div>
   <div class='ocr_carea' id='block_1_75' title="bbox 2182 2896 3784 2968">
    <p class='ocr_par' dir='ltr' id='par_1_75' title="bbox 2182 2896 3784 2968">
     <span class='ocr_line' id='line_1_75' title="bbox 2182 2896 3784 2968; baseline 0.001 -14"><span class='ocrx_word' id='word_1_555' title='bbox 2182 2915 2304 2964; x_wconf 90' lang='lat' dir='ltr'><strong>nos,</strong></span> <span class='ocrx_word' id='word_1_556' title='bbox 2339 2899 2476 2953; x_wconf 78' lang='lat' dir='ltr'><strong>sicut.</strong></span> <span class='ocrx_word' id='word_1_557' title='bbox 2495 2896 2744 2966; x_wconf 90' lang='lat' dir='ltr'><strong>jactitant</strong></span> <span class='ocrx_word' id='word_1_558' title='bbox 2772 2896 3136 2968; x_wconf 88' lang='lat' dir='ltr'><strong>proferentes,</strong></span> <span class='ocrx_word' id='word_1_559' title='bbox 3167 2913 3277 2952; x_wconf 92' lang='lat' dir='ltr'><strong>non</strong></span> <span class='ocrx_word' id='word_1_560' title='bbox 3308 2898 3410 2954; x_wconf 90' lang='lat' dir='ltr'><strong>erit</strong></span> <span class='ocrx_word' id='word_1_561' title='bbox 3438 2914 3666 2955; x_wconf 90' lang='lat' dir='ltr'><strong>necesse</strong></span> <span class='ocrx_word' id='word_1_562' title='bbox 3707 2900 3784 2956; x_wconf 89' lang='lat' dir='ltr'><strong>de</strong></span> 
     </span>
    </p>
   </div>
   <div class='ocr_carea' id='block_1_76' title="bbox 2183 2985 3784 3060">
    <p class='ocr_par' dir='ltr' id='par_1_76' title="bbox 2183 2985 3784 3060">
     <span class='ocr_line' id='line_1_76' title="bbox 2183 2985 3784 3060; baseline 0.001 -18"><span class='ocrx_word' id='word_1_563' title='bbox 2183 2985 2608 3060; x_wconf 87' lang='lat' dir='ltr'><strong>provincialibus</strong></span> <span class='ocrx_word' id='word_1_564' title='bbox 2638 2985 2880 3056; x_wconf 79' lang='lat' dir='ltr'><strong>synodis,</strong></span> <span class='ocrx_word' id='word_1_565' title='bbox 2914 2985 2969 3040; x_wconf 90' lang='lat' dir='ltr'><strong>in</strong></span> <span class='ocrx_word' id='word_1_566' title='bbox 3017 2986 3213 3058; x_wconf 90' lang='lat' dir='ltr'><strong>quibus</strong></span> <span class='ocrx_word' id='word_1_567' title='bbox 3243 2985 3506 3043; x_wconf 90' lang='lat' dir='ltr'><strong>hactenus</strong></span> <span class='ocrx_word' id='word_1_568' title='bbox 3559 2987 3784 3043; x_wconf 91' lang='lat' dir='ltr'><strong>labora-</strong></span> 
     </span>
    </p>
   </div>
   <div class='ocr_carea' id='block_1_77' title="bbox 2186 3073 3784 3148">
    <p class='ocr_par' dir='ltr' id='par_1_77' title="bbox 2186 3073 3784 3148">
     <span class='ocr_line' id='line_1_77' title="bbox 2186 3073 3784 3148; baseline 0.001 -17"><span class='ocrx_word' id='word_1_569' title='bbox 2186 3076 2384 3142; x_wconf 92' lang='lat' dir='ltr'><strong>vimus,</strong></span> <span class='ocrx_word' id='word_1_570' title='bbox 2415 3088 2754 3148; x_wconf 81' lang='lat' dir='ltr'><strong>magnopere</strong></span> <span class='ocrx_word' id='word_1_571' title='bbox 2783 3073 3032 3130; x_wconf 90' lang='lat' dir='ltr'><strong>laborare</strong></span> <span class='ocrx_word' id='word_1_572' title='bbox 3075 3091 3089 3128; x_wconf 93' lang='lat'><strong>:</strong></span> <span class='ocrx_word' id='word_1_573' title='bbox 3123 3074 3322 3147; x_wconf 90' lang='lat' dir='ltr'><strong>quippe</strong></span> <span class='ocrx_word' id='word_1_574' title='bbox 3361 3077 3615 3148; x_wconf 91' lang='lat' dir='ltr'><strong>quoniam</strong></span> <span class='ocrx_word' id='word_1_575' title='bbox 3672 3077 3784 3132; x_wconf 90' lang='lat' dir='ltr'><strong>erit</strong></span> 
     </span>
    </p>
   </div>
   <div class='ocr_carea' id='block_1_78' title="bbox 2185 3160 3784 3235">
    <p class='ocr_par' dir='ltr' id='par_1_78' title="bbox 2185 3160 3784 3235">
     <span class='ocr_line' id='line_1_78' title="bbox 2185 3160 3784 3235; baseline 0.001 -15"><span class='ocrx_word' id='word_1_576' title='bbox 2185 3173 2238 3220; x_wconf 92' lang='lat' dir='ltr'><strong>et</strong></span> <span class='ocrx_word' id='word_1_577' title='bbox 2265 3164 2351 3220; x_wconf 86' lang='lat' dir='ltr'><strong>lex</strong></span> <span class='ocrx_word' id='word_1_578' title='bbox 2383 3171 2436 3218; x_wconf 91' lang='lat' dir='ltr'><strong>et</strong></span> <span class='ocrx_word' id='word_1_579' title='bbox 2463 3179 2591 3234; x_wconf 90' lang='lat' dir='ltr'><strong>spes</strong></span> <span class='ocrx_word' id='word_1_580' title='bbox 2621 3162 2725 3216; x_wconf 90' lang='lat' dir='ltr'><strong>sibi</strong></span> <span class='ocrx_word' id='word_1_581' title='bbox 2747 3161 2999 3235; x_wconf 90' lang='lat' dir='ltr'><strong>quisque.</strong></span> <span class='ocrx_word' id='word_1_582' title='bbox 3043 3160 3202 3232; x_wconf 89' lang='lat' dir='ltr'><strong>Quod</strong></span> <span class='ocrx_word' id='word_1_583' title='bbox 3232 3163 3452 3234; x_wconf 90' lang='lat' dir='ltr'><strong>quidem</strong></span> <span class='ocrx_word' id='word_1_584' title='bbox 3474 3172 3656 3220; x_wconf 89' lang='lat' dir='ltr'><strong>vestra</strong></span> <span class='ocrx_word' id='word_1_585' title='bbox 3676 3165 3784 3221; x_wconf 90' lang='lat' dir='ltr'><strong>hu-</strong></span> 
     </span>
    </p>
   </div>
   <div class='ocr_carea' id='block_1_79' title="bbox 2185 3250 3779 3323">
    <p class='ocr_par' dir='ltr' id='par_1_79' title="bbox 2185 3250 3779 3323">
     <span class='ocr_line' id='line_1_79' title="bbox 2185 3250 3779 3323; baseline 0.001 -15"><span class='ocrx_word' id='word_1_586' title='bbox 2185 3251 2394 3308; x_wconf 90' lang='lat' dir='ltr'><strong>militati</strong></span> <span class='ocrx_word' id='word_1_587' title='bbox 2422 3267 2558 3308; x_wconf 69' lang='lat' dir='ltr'><strong>meae</strong></span> <span class='ocrx_word' id='word_1_588' title='bbox 2606 3250 2821 3322; x_wconf 89' lang='lat' dir='ltr'><strong>scripsit</strong></span> <span class='ocrx_word' id='word_1_589' title='bbox 2878 3251 3200 3321; x_wconf 90' lang='lat' dir='ltr'><strong>sublimitas,</strong></span> <span class='ocrx_word' id='word_1_590' title='bbox 3241 3251 3420 3323; x_wconf 90' lang='lat' dir='ltr'><strong>primo</strong></span> <span class='ocrx_word' id='word_1_591' title='bbox 3473 3269 3572 3308; x_wconf 90' lang='lat' dir='ltr'><strong>vos</strong></span> <span class='ocrx_word' id='word_1_592' title='bbox 3626 3269 3779 3308; x_wconf 91' lang='lat' dir='ltr'><strong>com-</strong></span> 
     </span>
    </p>
   </div>
   <div class='ocr_carea' id='block_1_80' title="bbox 2185 3339 3775 3412">
    <p class='ocr_par' dir='ltr' id='par_1_80' title="bbox 2185 3339 3775 3412">
     <span class='ocr_line' id='line_1_80' title="bbox 2185 3339 3775 3412; baseline 0.001 -16"><span class='ocrx_word' id='word_1_593' title='bbox 2185 3350 2364 3397; x_wconf 91' lang='lat' dir='ltr'><strong>motos</strong></span> <span class='ocrx_word' id='word_1_594' title='bbox 2395 3357 2518 3396; x_wconf 90' lang='lat' dir='ltr'><strong>esse</strong></span> <span class='ocrx_word' id='word_1_595' title='bbox 2548 3340 2618 3396; x_wconf 87' lang='lat' dir='ltr'><strong>ad</strong></span> <span class='ocrx_word' id='word_1_596' title='bbox 2646 3339 2880 3395; x_wconf 81' lang='lat' dir='ltr'><strong>Rothadi</strong></span> <span class='ocrx_word' id='word_1_597' title='bbox 2909 3355 3130 3396; x_wconf 84' lang='lat' dir='ltr'><strong>causam</strong></span> <span class='ocrx_word' id='word_1_598' title='bbox 3195 3339 3578 3412; x_wconf 89' lang='lat' dir='ltr'><strong>inquirendam</strong></span> <span class='ocrx_word' id='word_1_599' title='bbox 3618 3357 3775 3409; x_wconf 90' lang='lat' dir='ltr'><strong>cura,</strong></span> 
     </span>
    </p>
   </div>
   <div class='ocr_carea' id='block_1_81' title="bbox 2187 3427 3781 3503">
    <p class='ocr_par' dir='ltr' id='par_1_81' title="bbox 2187 3427 3781 3503">
     <span class='ocr_line' id='line_1_81' title="bbox 2187 3427 3781 3503; baseline 0.001 -19"><span class='ocrx_word' id='word_1_600' title='bbox 2187 3445 2296 3500; x_wconf 92' lang='lat' dir='ltr'><strong>qua</strong></span> <span class='ocrx_word' id='word_1_601' title='bbox 2326 3445 2424 3500; x_wconf 92' lang='lat' dir='ltr'><strong>pro</strong></span> <span class='ocrx_word' id='word_1_602' title='bbox 2457 3428 2734 3484; x_wconf 86' lang='lat' dir='ltr'><strong>universis</strong></span> <span class='ocrx_word' id='word_1_603' title='bbox 2785 3427 3013 3483; x_wconf 86' lang='lat' dir='ltr'><strong>fratibus</strong></span> <span class='ocrx_word' id='word_1_604' title='bbox 3069 3428 3267 3484; x_wconf 89' lang='lat' dir='ltr'><strong>vestris</strong></span> <span class='ocrx_word' id='word_1_605' title='bbox 3321 3429 3781 3503; x_wconf 88' lang='lat' dir='ltr'><strong>constringimini,</strong></span> 
     </span>
    </p>
   </div>
   <div class='ocr_carea' id='block_1_82' title="bbox 2186 3516 3784 3590">
    <p class='ocr_par' dir='ltr' id='par_1_82' title="bbox 2186 3516 3784 3590">
     <span class='ocr_line' id='line_1_82' title="bbox 2186 3516 3784 3590; baseline 0.001 -18"><span class='ocrx_word' id='word_1_606' title='bbox 2186 3533 2306 3572; x_wconf 92' lang='lat' dir='ltr'><strong>cum</strong></span> <span class='ocrx_word' id='word_1_607' title='bbox 2335 3516 2518 3572; x_wconf 89' lang='lat' dir='ltr'><strong>debita</strong></span> <span class='ocrx_word' id='word_1_608' title='bbox 2555 3517 2859 3572; x_wconf 86' lang='lat' dir='ltr'><strong>reverentia</strong></span> <span class='ocrx_word' id='word_1_609' title='bbox 2900 3525 3176 3588; x_wconf 82' lang='lat' dir='ltr'><strong>gratanter</strong></span> <span class='ocrx_word' id='word_1_610' title='bbox 3213 3517 3420 3589; x_wconf 91' lang='lat' dir='ltr'><strong>accepi,</strong></span> <span class='ocrx_word' id='word_1_611' title='bbox 3468 3519 3784 3590; x_wconf 85' lang='lat' dir='ltr'><strong>intelligens</strong></span> 
     </span>
    </p>
   </div>
   <div class='ocr_carea' id='block_1_83' title="bbox 2189 3604 3784 3679">
    <p class='ocr_par' dir='ltr' id='par_1_83' title="bbox 2189 3604 3784 3679">
     <span class='ocr_line' id='line_1_83' title="bbox 2189 3604 3784 3679; baseline 0.003 -19"><span class='ocrx_word' id='word_1_612' title='bbox 2189 3605 2318 3678; x_wconf 89' lang='lat' dir='ltr'><strong>quia</strong></span> <span class='ocrx_word' id='word_1_613' title='bbox 2372 3605 2428 3660; x_wconf 92' lang='lat' dir='ltr'><strong>in</strong></span> <span class='ocrx_word' id='word_1_614' title='bbox 2470 3620 2697 3660; x_wconf 91' lang='lat' dir='ltr'><strong>numero</strong></span> <span class='ocrx_word' id='word_1_615' title='bbox 2736 3604 2966 3660; x_wconf 82' lang='lat' dir='ltr'><strong>fratrum</strong></span> <span class='ocrx_word' id='word_1_616' title='bbox 2994 3621 3094 3661; x_wconf 93' lang='lat' dir='ltr'><strong>nos</strong></span> <span class='ocrx_word' id='word_1_617' title='bbox 3136 3606 3540 3679; x_wconf 90' lang='lat' dir='ltr'><strong>qualescunque</strong></span> <span class='ocrx_word' id='word_1_618' title='bbox 3576 3615 3784 3664; x_wconf 91' lang='lat' dir='ltr'><strong>metro-</strong></span> 
     </span>
    </p>
   </div>
   <div class='ocr_carea' id='block_1_84' title="bbox 2187 3693 3789 3768">
    <p class='ocr_par' dir='ltr' id='par_1_84' title="bbox 2187 3693 3789 3768">
     <span class='ocr_line' id='line_1_84' title="bbox 2187 3693 3789 3768; baseline 0.002 -18"><span class='ocrx_word' id='word_1_619' title='bbox 2187 3693 2408 3766; x_wconf 89' lang='lat' dir='ltr'><strong>politani</strong></span> <span class='ocrx_word' id='word_1_620' title='bbox 2441 3693 2743 3764; x_wconf 90' lang='lat' dir='ltr'><strong>computari</strong></span> <span class='ocrx_word' id='word_1_621' title='bbox 2784 3693 3066 3750; x_wconf 83' lang='lat' dir='ltr'><strong>debemus.</strong></span> <span class='ocrx_word' id='word_1_622' title='bbox 3116 3696 3197 3750; x_wconf 87' lang='lat' dir='ltr'><strong>Ea</strong></span> <span class='ocrx_word' id='word_1_623' title='bbox 3225 3704 3464 3768; x_wconf 89' lang='lat' dir='ltr'><strong>propter,</strong></span> <span class='ocrx_word' id='word_1_624' title='bbox 3524 3695 3661 3753; x_wconf 89' lang='lat' dir='ltr'><strong>sicut</strong></span> <span class='ocrx_word' id='word_1_625' title='bbox 3691 3714 3789 3754; x_wconf 88' lang='lat' dir='ltr'><strong>ve-</strong></span> 
     </span>
    </p>
   </div>
   <div class='ocr_carea' id='block_1_85' title="bbox 2190 3781 3784 3858">
    <p class='ocr_par' dir='ltr' id='par_1_85' title="bbox 2190 3781 3784 3858">
     <span class='ocr_line' id='line_1_85' title="bbox 2190 3781 3784 3858; baseline 0.002 -20"><span class='ocrx_word' id='word_1_626' title='bbox 2190 3791 2316 3838; x_wconf 70' lang='lat' dir='ltr'><strong>stra:</strong></span> <span class='ocrx_word' id='word_1_627' title='bbox 2338 3781 2651 3838; x_wconf 90' lang='lat' dir='ltr'><strong>discretioni</strong></span> <span class='ocrx_word' id='word_1_628' title='bbox 2678 3782 3075 3853; x_wconf 84' lang='lat' dir='ltr'><strong>providendum</strong></span> <span class='ocrx_word' id='word_1_629' title='bbox 3113 3791 3212 3851; x_wconf 87' lang='lat' dir='ltr'><strong>est,</strong></span> <span class='ocrx_word' id='word_1_630' title='bbox 3273 3800 3342 3840; x_wconf 92' lang='lat' dir='ltr'><strong>ne</strong></span> <span class='ocrx_word' id='word_1_631' title='bbox 3371 3784 3601 3854; x_wconf 87' lang='lat' dir='ltr'><strong>subjecti</strong></span> <span class='ocrx_word' id='word_1_632' title='bbox 3656 3785 3784 3858; x_wconf 89' lang='lat' dir='ltr'><strong>epi-</strong></span> 
     </span>
    </p>
   </div>
   <div class='ocr_carea' id='block_1_86' title="bbox 2191 3869 3778 3944">
    <p class='ocr_par' dir='ltr' id='par_1_86' title="bbox 2191 3869 3778 3944">
     <span class='ocr_line' id='line_1_86' title="bbox 2191 3869 3778 3944; baseline 0.003 -20"><span class='ocrx_word' id='word_1_633' title='bbox 2191 3870 2342 3942; x_wconf 90' lang='lat' dir='ltr'><strong>scopi</strong></span> <span class='ocrx_word' id='word_1_634' title='bbox 2370 3885 2404 3926; x_wconf 92' lang='lat' dir='ltr'><strong>a</strong></span> <span class='ocrx_word' id='word_1_635' title='bbox 2430 3869 2858 3941; x_wconf 89' lang='lat' dir='ltr'><strong>metropolitanis</strong></span> <span class='ocrx_word' id='word_1_636' title='bbox 2913 3870 3288 3943; x_wconf 90' lang='lat' dir='ltr'><strong>irregulariter</strong></span> <span class='ocrx_word' id='word_1_637' title='bbox 3324 3872 3778 3944; x_wconf 89' lang='lat' dir='ltr'><strong>condemnentur,</strong></span> 
     </span>
    </p>
   </div>
   <div class='ocr_carea' id='block_1_87' title="bbox 2189 3957 3782 4033">
    <p class='ocr_par' dir='ltr' id='par_1_87' title="bbox 2189 3957 3782 4033">
     <span class='ocr_line' id='line_1_87' title="bbox 2189 3957 3782 4033; baseline 0.003 -20"><span class='ocrx_word' id='word_1_638' title='bbox 2189 3957 2262 4014; x_wconf 88' lang='lat' dir='ltr'><strong>ita</strong></span> <span class='ocrx_word' id='word_1_639' title='bbox 2289 3958 2678 4014; x_wconf 91' lang='lat' dir='ltr'><strong>nihilhominus</strong></span> <span class='ocrx_word' id='word_1_640' title='bbox 2705 3959 3102 4031; x_wconf 91' lang='lat' dir='ltr'><strong>providendum</strong></span> <span class='ocrx_word' id='word_1_641' title='bbox 3147 3967 3248 4027; x_wconf 90' lang='lat' dir='ltr'><strong>est,</strong></span> <span class='ocrx_word' id='word_1_642' title='bbox 3282 3969 3340 4016; x_wconf 91' lang='lat' dir='ltr'><strong>ut</strong></span> <span class='ocrx_word' id='word_1_643' title='bbox 3370 3961 3782 4033; x_wconf 86' lang='lat' dir='ltr'><strong>metropolitani</strong></span> 
     </span>
    </p>
   </div>
   <div class='ocr_carea' id='block_1_88' title="bbox 2189 4046 3785 4122">
    <p class='ocr_par' dir='ltr' id='par_1_88' title="bbox 2189 4046 3785 4122">
     <span class='ocr_line' id='line_1_88' title="bbox 2189 4046 3785 4122; baseline 0.004 -21"><span class='ocrx_word' id='word_1_644' title='bbox 2189 4063 2220 4101; x_wconf 91' lang='lat' dir='ltr'><strong>a</strong></span> <span class='ocrx_word' id='word_1_645' title='bbox 2251 4046 2482 4102; x_wconf 90' lang='lat' dir='ltr'><strong>subditis</strong></span> <span class='ocrx_word' id='word_1_646' title='bbox 2510 4047 2623 4102; x_wconf 91' lang='lat' dir='ltr'><strong>suis</strong></span> <span class='ocrx_word' id='word_1_647' title='bbox 2653 4047 2924 4119; x_wconf 84' lang='lat' dir='ltr'><strong>episcOpis</strong></span> <span class='ocrx_word' id='word_1_648' title='bbox 2953 4063 3064 4102; x_wconf 90' lang='lat' dir='ltr'><strong>non</strong></span> <span class='ocrx_word' id='word_1_649' title='bbox 3105 4048 3476 4122; x_wconf 88' lang='lat' dir='ltr'><strong>irregulariter</strong></span> <span class='ocrx_word' id='word_1_650' title='bbox 3531 4058 3785 4106; x_wconf 89' lang='lat' dir='ltr'><strong>contem-</strong></span> 
     </span>
    </p>
   </div>
   <div class='ocr_carea' id='block_1_89' title="bbox 2192 4134 3790 4209">
    <p class='ocr_par' dir='ltr' id='par_1_89' title="bbox 2192 4134 3790 4209">
     <span class='ocr_line' id='line_1_89' title="bbox 2192 4134 3790 4209; baseline 0.003 -19"><span class='ocrx_word' id='word_1_651' title='bbox 2192 4142 2407 4190; x_wconf 91' lang='lat' dir='ltr'><strong>nantur.</strong></span> <span class='ocrx_word' id='word_1_652' title='bbox 2466 4134 2674 4191; x_wconf 88' lang='lat' dir='ltr'><strong>Deinde</strong></span> <span class='ocrx_word' id='word_1_653' title='bbox 2705 4135 2850 4208; x_wconf 92' lang='lat' dir='ltr'><strong>quod</strong></span> <span class='ocrx_word' id='word_1_654' title='bbox 2906 4134 3301 4207; x_wconf 81' lang='lat' dir='ltr'><strong>perfectissime</strong></span> <span class='ocrx_word' id='word_1_655' title='bbox 3345 4137 3638 4209; x_wconf 89' lang='lat' dir='ltr'><strong>scripsistis</strong></span> <span class='ocrx_word' id='word_1_656' title='bbox 3699 4154 3790 4195; x_wconf 87' lang='lat' dir='ltr'><strong>se-</strong></span> 
     </span>
    </p>
   </div>
   <div class='ocr_carea' id='block_1_90' title="bbox 2189 4223 3786 4296">
    <p class='ocr_par' dir='ltr' id='par_1_90' title="bbox 2189 4223 3786 4296">
     <span class='ocr_line' id='line_1_90' title="bbox 2189 4223 3786 4296; baseline 0.002 -16"><span class='ocrx_word' id='word_1_657' title='bbox 2189 4223 2391 4290; x_wconf 92' lang='lat' dir='ltr'><strong>cundo,</strong></span> <span class='ocrx_word' id='word_1_658' title='bbox 2424 4224 2679 4296; x_wconf 88' lang='lat' dir='ltr'><strong>quoniam</strong></span> <span class='ocrx_word' id='word_1_659' title='bbox 2728 4224 2917 4279; x_wconf 89' lang='lat' dir='ltr'><strong>sedem</strong></span> <span class='ocrx_word' id='word_1_660' title='bbox 2972 4224 3326 4295; x_wconf 90' lang='lat' dir='ltr'><strong>apostolicam</strong></span> <span class='ocrx_word' id='word_1_661' title='bbox 3357 4227 3640 4283; x_wconf 87' lang='lat' dir='ltr'><strong>Rothadus</strong></span> <span class='ocrx_word' id='word_1_662' title='bbox 3677 4243 3786 4283; x_wconf 91' lang='lat' dir='ltr'><strong>no-</strong></span> 
     </span>
    </p>
   </div>
   <div class='ocr_carea' id='block_1_91' title="bbox 2189 4311 3788 4386">
    <p class='ocr_par' dir='ltr' id='par_1_91' title="bbox 2189 4311 3788 4386">
     <span class='ocr_line' id='line_1_91' title="bbox 2189 4311 3788 4386; baseline 0.006 -19"><span class='ocrx_word' id='word_1_663' title='bbox 2189 4311 2354 4370; x_wconf 88' lang='lat' dir='ltr'><strong>scitur</strong></span> <span class='ocrx_word' id='word_1_664' title='bbox 2377 4313 2703 4386; x_wconf 91' lang='lat' dir='ltr'><strong>appellasse,</strong></span> <span class='ocrx_word' id='word_1_665' title='bbox 2749 4320 2899 4368; x_wconf 88' lang='lat' dir='ltr'><strong>etne</strong></span> <span class='ocrx_word' id='word_1_666' title='bbox 2929 4312 3221 4368; x_wconf 91' lang='lat' dir='ltr'><strong>videamini</strong></span> <span class='ocrx_word' id='word_1_667' title='bbox 3273 4315 3537 4373; x_wconf 72' lang='lat' dir='ltr'><strong>Ecclesiae</strong></span> <span class='ocrx_word' id='word_1_668' title='bbox 3589 4324 3788 4376; x_wconf 67' lang='lat' dir='ltr'><strong>vestm</strong></span> 
     </span>
    </p>
   </div>
   <div class='ocr_carea' id='block_1_92' title="bbox 483 4390 3785 4472">
    <p class='ocr_par' dir='ltr' id='par_1_92' title="bbox 483 4390 3785 4472">
     <span class='ocr_line' id='line_1_92' title="bbox 483 4390 3785 4472; baseline 0 -16"><span class='ocrx_word' id='word_1_669' title='bbox 483 4408 586 4469; x_wconf 89' lang='lat' dir='ltr'><strong>est,</strong></span> <span class='ocrx_word' id='word_1_670' title='bbox 620 4407 676 4456; x_wconf 91' lang='lat' dir='ltr'><strong>et</strong></span> <span class='ocrx_word' id='word_1_671' title='bbox 722 4399 900 4455; x_wconf 92' lang='lat' dir='ltr'><strong>subito</strong></span> <span class='ocrx_word' id='word_1_672' title='bbox 944 4399 1134 4454; x_wconf 85' lang='lat' dir='ltr'><strong>venire</strong></span> <span class='ocrx_word' id='word_1_673' title='bbox 1191 4406 1389 4470; x_wconf 88' lang='lat' dir='ltr'><strong>potest,</strong></span> <span class='ocrx_word' id='word_1_674' title='bbox 1449 4398 1707 4455; x_wconf 85' lang='lat' dir='ltr'><strong>inveniat.</strong></span> <span class='ocrx_word' id='word_1_675' title='bbox 1739 4399 1855 4454; x_wconf 88' lang='lat' dir='ltr'><strong>Erit</strong></span> <span class='ocrx_word' id='word_1_676' title='bbox 1913 4399 2076 4467; x_wconf 88' lang='lat' dir='ltr'><strong>enim,</strong></span> <span class='ocrx_word' id='word_1_677' title='bbox 2108 4390 2590 4469; x_wconf 85' lang='lat' dir='ltr'><strong>Dprivilegiorum</strong></span> <span class='ocrx_word' id='word_1_678' title='bbox 2645 4396 2965 4452; x_wconf 82' lang='lat' dir='ltr'><strong>detrimenta</strong></span> <span class='ocrx_word' id='word_1_679' title='bbox 3021 4397 3212 4452; x_wconf 91' lang='lat' dir='ltr'><strong>diebus</strong></span> <span class='ocrx_word' id='word_1_680' title='bbox 3269 4399 3464 4454; x_wconf 89' lang='lat' dir='ltr'><strong>vestris</strong></span> <span class='ocrx_word' id='word_1_681' title='bbox 3531 4400 3785 4472; x_wconf 66' lang='lat' dir='ltr'><strong>aequani-</strong></span> 
     </span>
    </p>
   </div>
   <div class='ocr_carea' id='block_1_93' title="bbox 482 4486 2086 4562">
    <p class='ocr_par' dir='ltr' id='par_1_93' title="bbox 482 4486 2086 4562">
     <span class='ocr_line' id='line_1_93' title="bbox 482 4486 2086 4562; baseline -0.002 -16"><span class='ocrx_word' id='word_1_682' title='bbox 482 4487 735 4562; x_wconf 89' lang='lat' dir='ltr'><strong>quamvis</strong></span> <span class='ocrx_word' id='word_1_683' title='bbox 783 4486 987 4543; x_wconf 89' lang='lat' dir='ltr'><strong>tardius</strong></span> <span class='ocrx_word' id='word_1_684' title='bbox 1031 4501 1196 4559; x_wconf 90' lang='lat' dir='ltr'><strong>quam</strong></span> <span class='ocrx_word' id='word_1_685' title='bbox 1243 4502 1470 4544; x_wconf 89' lang='lat' dir='ltr'><strong>necesse</strong></span> <span class='ocrx_word' id='word_1_686' title='bbox 1517 4487 1604 4555; x_wconf 89' lang='lat' dir='ltr'><strong>sit,</strong></span> <span class='ocrx_word' id='word_1_687' title='bbox 1667 4487 1924 4560; x_wconf 90' lang='lat' dir='ltr'><strong>quoniam</strong></span> <span class='ocrx_word' id='word_1_688' title='bbox 1978 4503 2086 4560; x_wconf 86' lang='lat' dir='ltr'><strong>ego</strong></span> 
     </span>
    </p>
   </div>
   <div class='ocr_carea' id='block_1_94' title="bbox 487 4575 2085 4650">
    <p class='ocr_par' dir='ltr' id='par_1_94' title="bbox 487 4575 2085 4650">
     <span class='ocr_line' id='line_1_94' title="bbox 487 4575 2085 4650; baseline -0.002 -17"><span class='ocrx_word' id='word_1_689' title='bbox 487 4578 673 4650; x_wconf 83' lang='lat' dir='ltr'><strong>gravis</strong></span> <span class='ocrx_word' id='word_1_690' title='bbox 701 4583 974 4650; x_wconf 89' lang='lat' dir='ltr'><strong>peccator,</strong></span> <span class='ocrx_word' id='word_1_691' title='bbox 1009 4575 1164 4650; x_wconf 88' lang='lat' dir='ltr'><strong>gravi</strong></span> <span class='ocrx_word' id='word_1_692' title='bbox 1192 4591 1416 4632; x_wconf 90' lang='lat' dir='ltr'><strong>carcere</strong></span> <span class='ocrx_word' id='word_1_693' title='bbox 1446 4576 1692 4649; x_wconf 88' lang='lat' dir='ltr'><strong>corporis</strong></span> <span class='ocrx_word' id='word_1_694' title='bbox 1711 4576 1806 4632; x_wconf 91' lang='lat' dir='ltr'><strong>diu</strong></span> <span class='ocrx_word' id='word_1_695' title='bbox 1841 4575 2085 4632; x_wconf 88' lang='lat' dir='ltr'><strong>inclusus</strong></span> 
     </span>
    </p>
   </div>
   <div class='ocr_carea' id='block_1_95' title="bbox 482 4663 2082 4737">
    <p class='ocr_par' dir='ltr' id='par_1_95' title="bbox 482 4663 2082 4737">
     <span class='ocr_line' id='line_1_95' title="bbox 482 4663 2082 4737; baseline -0.001 -15"><span class='ocrx_word' id='word_1_696' title='bbox 482 4673 692 4733; x_wconf 90' lang='lat' dir='ltr'><strong>teneor,</strong></span> <span class='ocrx_word' id='word_1_697' title='bbox 721 4667 914 4722; x_wconf 89' lang='lat' dir='ltr'><strong>merito</strong></span> <span class='ocrx_word' id='word_1_698' title='bbox 945 4664 1002 4720; x_wconf 89' lang='lat' dir='ltr'><strong>in</strong></span> <span class='ocrx_word' id='word_1_699' title='bbox 1051 4663 1235 4719; x_wconf 90' lang='lat' dir='ltr'><strong>multis</strong></span> <span class='ocrx_word' id='word_1_700' title='bbox 1293 4663 1541 4732; x_wconf 77' lang='lat' dir='ltr'><strong>afï¬‚ictus,</strong></span> <span class='ocrx_word' id='word_1_701' title='bbox 1601 4664 2082 4737; x_wconf 89' lang='lat' dir='ltr'><strong>providentissimo</strong></span> 
     </span>
    </p>
   </div>
   <div class='ocr_carea' id='block_1_96' title="bbox 486 4753 2082 4826">
    <p class='ocr_par' dir='ltr' id='par_1_96' title="bbox 486 4753 2082 4826">
     <span class='ocr_line' id='line_1_96' title="bbox 486 4753 2082 4826; baseline 0 -17"><span class='ocrx_word' id='word_1_702' title='bbox 486 4753 718 4809; x_wconf 91' lang='lat' dir='ltr'><strong>Domino</strong></span> <span class='ocrx_word' id='word_1_703' title='bbox 749 4754 1086 4825; x_wconf 84' lang='lat' dir='ltr'><strong>providente,</strong></span> <span class='ocrx_word' id='word_1_704' title='bbox 1115 4759 1172 4808; x_wconf 93' lang='lat' dir='ltr'><strong>et</strong></span> <span class='ocrx_word' id='word_1_705' title='bbox 1200 4761 1414 4825; x_wconf 91' lang='lat' dir='ltr'><strong>tempus</strong></span> <span class='ocrx_word' id='word_1_706' title='bbox 1443 4761 1496 4810; x_wconf 90' lang='lat' dir='ltr'><strong>et</strong></span> <span class='ocrx_word' id='word_1_707' title='bbox 1552 4769 1788 4826; x_wconf 88' lang='lat' dir='ltr'><strong>persona</strong></span> <span class='ocrx_word' id='word_1_708' title='bbox 1815 4753 1872 4808; x_wconf 89' lang='lat' dir='ltr'><strong>in</strong></span> <span class='ocrx_word' id='word_1_709' title='bbox 1928 4753 2082 4810; x_wconf 81' lang='lat' dir='ltr'><strong>Rhe-</strong></span> 
     </span>
    </p>
   </div>
   <div class='ocr_carea' id='block_1_97' title="bbox 485 4841 2083 4916">
    <p class='ocr_par' dir='ltr' id='par_1_97' title="bbox 485 4841 2083 4916">
     <span class='ocr_line' id='line_1_97' title="bbox 485 4841 2083 4916; baseline 0.002 -20"><span class='ocrx_word' id='word_1_710' title='bbox 485 4858 695 4898; x_wconf 90' lang='lat' dir='ltr'><strong>morum</strong></span> <span class='ocrx_word' id='word_1_711' title='bbox 723 4843 988 4908; x_wconf 89' lang='lat' dir='ltr'><strong>Ecclesia,</strong></span> <span class='ocrx_word' id='word_1_712' title='bbox 1048 4843 1269 4916; x_wconf 88' lang='lat' dir='ltr'><strong>quando</strong></span> <span class='ocrx_word' id='word_1_713' title='bbox 1325 4850 1379 4899; x_wconf 88' lang='lat' dir='ltr'><strong>et</strong></span> <span class='ocrx_word' id='word_1_714' title='bbox 1405 4841 1461 4898; x_wconf 91' lang='lat' dir='ltr'><strong>in</strong></span> <span class='ocrx_word' id='word_1_715' title='bbox 1518 4859 1626 4916; x_wconf 91' lang='lat' dir='ltr'><strong>qua</strong></span> <span class='ocrx_word' id='word_1_716' title='bbox 1662 4843 1731 4898; x_wconf 90' lang='lat' dir='ltr'><strong>ab</strong></span> <span class='ocrx_word' id='word_1_717' title='bbox 1786 4843 2083 4914; x_wconf 88' lang='lat' dir='ltr'><strong>apostolica</strong></span> 
     </span>
    </p>
   </div>
   <div class='ocr_carea' id='block_1_98' title="bbox 483 4929 2083 5004">
    <p class='ocr_par' dir='ltr' id='par_1_98' title="bbox 483 4929 2083 5004">
     <span class='ocr_line' id='line_1_98' title="bbox 483 4929 2083 5004; baseline -0.001 -16"><span class='ocrx_word' id='word_1_718' title='bbox 483 4929 801 4988; x_wconf 89' lang='lat' dir='ltr'><strong>auctoritate</strong></span> <span class='ocrx_word' id='word_1_719' title='bbox 828 4929 1174 5002; x_wconf 85' lang='lat' dir='ltr'><strong>privilegium</strong></span> <span class='ocrx_word' id='word_1_720' title='bbox 1229 4931 1557 5004; x_wconf 87' lang='lat' dir='ltr'><strong>integratum</strong></span> <span class='ocrx_word' id='word_1_721' title='bbox 1603 4931 1709 4988; x_wconf 90' lang='lat' dir='ltr'><strong>sibi</strong></span> <span class='ocrx_word' id='word_1_722' title='bbox 1737 4948 1805 4988; x_wconf 83' lang='lat' dir='ltr'><strong>ex</strong></span> <span class='ocrx_word' id='word_1_723' title='bbox 1861 4931 2083 5004; x_wconf 90' lang='lat' dir='ltr'><strong>antiqua</strong></span> 
     </span>
    </p>
   </div>
   <div class='ocr_carea' id='block_1_99' title="bbox 485 5018 2078 5078">
    <p class='ocr_par' dir='ltr' id='par_1_99' title="bbox 485 5018 2078 5078">
     <span class='ocr_line' id='line_1_99' title="bbox 485 5018 2078 5078; baseline -0.002 -1"><span class='ocrx_word' id='word_1_724' title='bbox 485 5018 875 5077; x_wconf 91' lang='lat' dir='ltr'><strong>consuetudine</strong></span> <span class='ocrx_word' id='word_1_725' title='bbox 921 5018 1177 5074; x_wconf 88' lang='lat' dir='ltr'><strong>collatum</strong></span> <span class='ocrx_word' id='word_1_726' title='bbox 1205 5029 1258 5076; x_wconf 89' lang='lat' dir='ltr'><strong>et</strong></span> <span class='ocrx_word' id='word_1_727' title='bbox 1308 5029 1694 5078; x_wconf 89' lang='lat' dir='ltr'><strong>conservatum</strong></span> <span class='ocrx_word' id='word_1_728' title='bbox 1745 5019 2078 5078; x_wconf 86' lang='lat' dir='ltr'><strong>habebitur:</strong></span> 
     </span>
    </p>
   </div>
   <div class='ocr_carea' id='block_1_100' title="bbox 485 5107 2082 5182">
    <p class='ocr_par' dir='ltr' id='par_1_100' title="bbox 485 5107 2082 5182">
     <span class='ocr_line' id='line_1_100' title="bbox 485 5107 2082 5182; baseline 0.001 -20"><span class='ocrx_word' id='word_1_729' title='bbox 485 5125 606 5181; x_wconf 73' lang='lat' dir='ltr'><strong>qua:</strong></span> <span class='ocrx_word' id='word_1_730' title='bbox 634 5123 913 5180; x_wconf 90' lang='lat' dir='ltr'><strong>nunquam</strong></span> <span class='ocrx_word' id='word_1_731' title='bbox 941 5114 1168 5179; x_wconf 83' lang='lat' dir='ltr'><strong>excepto</strong></span> <span class='ocrx_word' id='word_1_732' title='bbox 1223 5109 1470 5166; x_wconf 85' lang='lat' dir='ltr'><strong>Romano</strong></span> <span class='ocrx_word' id='word_1_733' title='bbox 1513 5107 1767 5182; x_wconf 87' lang='lat' dir='ltr'><strong>pontiï¬ce</strong></span> <span class='ocrx_word' id='word_1_734' title='bbox 1796 5109 2082 5180; x_wconf 90' lang='lat' dir='ltr'><strong>primatem</strong></span> 
     </span>
    </p>
   </div>
   <div class='ocr_carea' id='block_1_101' title="bbox 485 5195 2082 5268">
    <p class='ocr_par' dir='ltr' id='par_1_101' title="bbox 485 5195 2082 5268">
     <span class='ocr_line' id='line_1_101' title="bbox 485 5195 2082 5268; baseline 0.001 -16"><span class='ocrx_word' id='word_1_735' title='bbox 485 5197 688 5268; x_wconf 88' lang='lat' dir='ltr'><strong>habuit,</strong></span> <span class='ocrx_word' id='word_1_736' title='bbox 720 5196 824 5252; x_wconf 92' lang='lat' dir='ltr'><strong>nisi</strong></span> <span class='ocrx_word' id='word_1_737' title='bbox 854 5196 1093 5268; x_wconf 91' lang='lat' dir='ltr'><strong>quandiu</strong></span> <span class='ocrx_word' id='word_1_738' title='bbox 1121 5195 1297 5266; x_wconf 89' lang='lat' dir='ltr'><strong>ejecto</strong></span> <span class='ocrx_word' id='word_1_739' title='bbox 1327 5199 1444 5254; x_wconf 89' lang='lat' dir='ltr'><strong>sine</strong></span> <span class='ocrx_word' id='word_1_740' title='bbox 1473 5199 1584 5255; x_wconf 91' lang='lat' dir='ltr'><strong>ullo</strong></span> <span class='ocrx_word' id='word_1_741' title='bbox 1633 5197 1862 5254; x_wconf 89' lang='lat' dir='ltr'><strong>crimine</strong></span> <span class='ocrx_word' id='word_1_742' title='bbox 1919 5198 1990 5253; x_wconf 89' lang='lat' dir='ltr'><strong>ab</strong></span> <span class='ocrx_word' id='word_1_743' title='bbox 2018 5214 2082 5254; x_wconf 89' lang='lat' dir='ltr'><strong>ea</strong></span> 
     </span>
    </p>
   </div>
   <div class='ocr_carea' id='block_1_102' title="bbox 488 5284 2081 5360">
    <p class='ocr_par' dir='ltr' id='par_1_102' title="bbox 488 5284 2081 5360">
     <span class='ocr_line' id='line_1_102' title="bbox 488 5284 2081 5360; baseline 0 -18"><span class='ocrx_word' id='word_1_744' title='bbox 488 5301 586 5344; x_wconf 88' lang='lat' dir='ltr'><strong>suo</strong></span> <span class='ocrx_word' id='word_1_745' title='bbox 631 5284 887 5356; x_wconf 88' lang='lat' dir='ltr'><strong>pontiï¬ce</strong></span> <span class='ocrx_word' id='word_1_746' title='bbox 949 5285 1249 5356; x_wconf 82' lang='lat' dir='ltr'><strong>Rigoberto</strong></span> <span class='ocrx_word' id='word_1_747' title='bbox 1307 5286 1567 5344; x_wconf 85' lang='lat' dir='ltr'><strong>violentia</strong></span> <span class='ocrx_word' id='word_1_748' title='bbox 1594 5287 1813 5360; x_wconf 81' lang='lat' dir='ltr'><strong>tyranni</strong></span> <span class='ocrx_word' id='word_1_749' title='bbox 1865 5286 2081 5342; x_wconf 86' lang='lat' dir='ltr'><strong>Milonis</strong></span> 
     </span>
    </p>
   </div>
   <div class='ocr_carea' id='block_1_103' title="bbox 494 5373 2080 5447">
    <p class='ocr_par' dir='ltr' id='par_1_103' title="bbox 494 5373 2080 5447">
     <span class='ocr_line' id='line_1_103' title="bbox 494 5373 2080 5447; baseline 0.003 -19"><span class='ocrx_word' id='word_1_750' title='bbox 494 5383 739 5446; x_wconf 90' lang='lat' dir='ltr'><strong>tempore</strong></span> <span class='ocrx_word' id='word_1_751' title='bbox 772 5373 952 5432; x_wconf 90' lang='lat' dir='ltr'><strong>Caroli</strong></span> <span class='ocrx_word' id='word_1_752' title='bbox 982 5373 1242 5446; x_wconf 87' lang='lat' dir='ltr'><strong>principis</strong></span> <span class='ocrx_word' id='word_1_753' title='bbox 1269 5383 1486 5447; x_wconf 82' lang='lat' dir='ltr'><strong>pastore</strong></span> <span class='ocrx_word' id='word_1_754' title='bbox 1535 5390 1749 5443; x_wconf 87' lang='lat' dir='ltr'><strong>vacans,</strong></span> <span class='ocrx_word' id='word_1_755' title='bbox 1804 5373 2080 5432; x_wconf 82' lang='lat' dir='ltr'><strong>Bonifacio</strong></span> 
     </span>
    </p>
   </div>
   <div class='ocr_carea' id='block_1_104' title="bbox 489 5462 2082 5536">
    <p class='ocr_par' dir='ltr' id='par_1_104' title="bbox 489 5462 2082 5536">
     <span class='ocr_line' id='line_1_104' title="bbox 489 5462 2082 5536; baseline 0.001 -18"><span class='ocrx_word' id='word_1_756' title='bbox 489 5462 802 5535; x_wconf 81' lang='lat' dir='ltr'><strong>apostolicae</strong></span> <span class='ocrx_word' id='word_1_757' title='bbox 851 5462 998 5522; x_wconf 89' lang='lat' dir='ltr'><strong>sedis</strong></span> <span class='ocrx_word' id='word_1_758' title='bbox 1027 5463 1210 5536; x_wconf 84' lang='lat' dir='ltr'><strong>legato</strong></span> <span class='ocrx_word' id='word_1_759' title='bbox 1229 5463 1566 5536; x_wconf 90' lang='lat' dir='ltr'><strong>aliquandiu,</strong></span> <span class='ocrx_word' id='word_1_760' title='bbox 1591 5465 1727 5521; x_wconf 89' lang='lat' dir='ltr'><strong>sicut</strong></span> <span class='ocrx_word' id='word_1_761' title='bbox 1759 5473 1810 5520; x_wconf 89' lang='lat' dir='ltr'><strong>et</strong></span> <span class='ocrx_word' id='word_1_762' title='bbox 1836 5464 2082 5522; x_wconf 79' lang='lat' dir='ltr'><strong>Ecclesia</strong></span> 
     </span>
    </p>
   </div>
   <div class='ocr_carea' id='block_1_105' title="bbox 2187 4477 3784 4552">
    <p class='ocr_par' dir='ltr' id='par_1_105' title="bbox 2187 4477 3784 4552">
     <span class='ocr_line' id='line_1_105' title="bbox 2187 4477 3784 4552; baseline 0.002 -11"><span class='ocrx_word' id='word_1_763' title='bbox 2187 4487 2346 4542; x_wconf 89' lang='lat' dir='ltr'><strong>miter</strong></span> <span class='ocrx_word' id='word_1_764' title='bbox 2375 4477 2632 4552; x_wconf 86' lang='lat' dir='ltr'><strong>tolerare,</strong></span> <span class='ocrx_word' id='word_1_765' title='bbox 2693 4486 2879 4542; x_wconf 90' lang='lat' dir='ltr'><strong>ethoc</strong></span> <span class='ocrx_word' id='word_1_766' title='bbox 2933 4485 3284 4542; x_wconf 88' lang='lat' dir='ltr'><strong>nihilominus</strong></span> <span class='ocrx_word' id='word_1_767' title='bbox 3341 4504 3371 4542; x_wconf 89' lang='lat' dir='ltr'><strong>a</strong></span> <span class='ocrx_word' id='word_1_768' title='bbox 3400 4487 3559 4544; x_wconf 90' lang='lat' dir='ltr'><strong>nobis</strong></span> <span class='ocrx_word' id='word_1_769' title='bbox 3607 4497 3660 4544; x_wconf 91' lang='lat' dir='ltr'><strong>et</strong></span> <span class='ocrx_word' id='word_1_770' title='bbox 3715 4489 3784 4544; x_wconf 92' lang='lat' dir='ltr'><strong>ab</strong></span> 
     </span>
    </p>
   </div>
   <div class='ocr_carea' id='block_1_106' title="bbox 2185 4573 3784 4649">
    <p class='ocr_par' dir='ltr' id='par_1_106' title="bbox 2185 4573 3784 4649">
     <span class='ocr_line' id='line_1_106' title="bbox 2185 4573 3784 4649; baseline 0.002 -18"><span class='ocrx_word' id='word_1_771' title='bbox 2185 4573 2438 4631; x_wconf 92' lang='lat' dir='ltr'><strong>omnibus</strong></span> <span class='ocrx_word' id='word_1_772' title='bbox 2484 4582 2568 4630; x_wconf 90' lang='lat' dir='ltr'><strong>est</strong></span> <span class='ocrx_word' id='word_1_773' title='bbox 2621 4573 2926 4631; x_wconf 90' lang='lat' dir='ltr'><strong>rectissime</strong></span> <span class='ocrx_word' id='word_1_774' title='bbox 2983 4575 3414 4649; x_wconf 89' lang='lat' dir='ltr'><strong>suscipiendum,</strong></span> <span class='ocrx_word' id='word_1_775' title='bbox 3474 4584 3528 4632; x_wconf 91' lang='lat' dir='ltr'><strong>et</strong></span> <span class='ocrx_word' id='word_1_776' title='bbox 3600 4577 3784 4634; x_wconf 89' lang='lat' dir='ltr'><strong>soler-</strong></span> 
     </span>
    </p>
   </div>
   <div class='ocr_carea' id='block_1_107' title="bbox 2184 4661 3782 4739">
    <p class='ocr_par' dir='ltr' id='par_1_107' title="bbox 2184 4661 3782 4739">
     <span class='ocr_line' id='line_1_107' title="bbox 2184 4661 3782 4739; baseline 0.003 -21"><span class='ocrx_word' id='word_1_777' title='bbox 2184 4663 2394 4719; x_wconf 90' lang='lat' dir='ltr'><strong>tissime</strong></span> <span class='ocrx_word' id='word_1_778' title='bbox 2443 4664 2901 4720; x_wconf 88' lang='lat' dir='ltr'><strong>conservandum.</strong></span> <span class='ocrx_word' id='word_1_779' title='bbox 2962 4661 3122 4732; x_wconf 88' lang='lat' dir='ltr'><strong>Quod</strong></span> <span class='ocrx_word' id='word_1_780' title='bbox 3149 4673 3202 4722; x_wconf 91' lang='lat' dir='ltr'><strong>et</strong></span> <span class='ocrx_word' id='word_1_781' title='bbox 3257 4681 3364 4739; x_wconf 90' lang='lat' dir='ltr'><strong>ego</strong></span> <span class='ocrx_word' id='word_1_782' title='bbox 3422 4680 3526 4736; x_wconf 90' lang='lat' dir='ltr'><strong>pro</strong></span> <span class='ocrx_word' id='word_1_783' title='bbox 3553 4665 3782 4723; x_wconf 90' lang='lat' dir='ltr'><strong>modulo</strong></span> 
     </span>
    </p>
   </div>
   <div class='ocr_carea' id='block_1_108' title="bbox 2182 4752 3786 4824">
    <p class='ocr_par' dir='ltr' id='par_1_108' title="bbox 2182 4752 3786 4824">
     <span class='ocr_line' id='line_1_108' title="bbox 2182 4752 3786 4824; baseline 0.002 -16"><span class='ocrx_word' id='word_1_784' title='bbox 2182 4769 2326 4820; x_wconf 90' lang='lat' dir='ltr'><strong>meo,</strong></span> <span class='ocrx_word' id='word_1_785' title='bbox 2361 4752 2692 4809; x_wconf 88' lang='lat' dir='ltr'><strong>servandum</strong></span> <span class='ocrx_word' id='word_1_786' title='bbox 2721 4769 2844 4809; x_wconf 87' lang='lat' dir='ltr'><strong>esse</strong></span> <span class='ocrx_word' id='word_1_787' title='bbox 2871 4752 3018 4809; x_wconf 89' lang='lat' dir='ltr'><strong>volui</strong></span> <span class='ocrx_word' id='word_1_788' title='bbox 3047 4761 3101 4809; x_wconf 91' lang='lat' dir='ltr'><strong>et</strong></span> <span class='ocrx_word' id='word_1_789' title='bbox 3131 4752 3272 4824; x_wconf 90' lang='lat' dir='ltr'><strong>volo,</strong></span> <span class='ocrx_word' id='word_1_790' title='bbox 3307 4761 3378 4820; x_wconf 92' lang='lat' dir='ltr'><strong>et,</strong></span> <span class='ocrx_word' id='word_1_791' title='bbox 3413 4753 3629 4812; x_wconf 86' lang='lat' dir='ltr'><strong>favente</strong></span> <span class='ocrx_word' id='word_1_792' title='bbox 3671 4756 3786 4812; x_wconf 94' lang='lat' dir='ltr'><strong>Do-</strong></span> 
     </span>
    </p>
   </div>
   <div class='ocr_carea' id='block_1_109' title="bbox 2181 4841 3783 4917">
    <p class='ocr_par' dir='ltr' id='par_1_109' title="bbox 2181 4841 3783 4917">
     <span class='ocr_line' id='line_1_109' title="bbox 2181 4841 3783 4917; baseline 0.003 -21"><span class='ocrx_word' id='word_1_793' title='bbox 2181 4841 2348 4909; x_wconf 90' lang='lat' dir='ltr'><strong>mino,</strong></span> <span class='ocrx_word' id='word_1_794' title='bbox 2379 4841 2435 4896; x_wconf 91' lang='lat' dir='ltr'><strong>in</strong></span> <span class='ocrx_word' id='word_1_795' title='bbox 2462 4843 2568 4898; x_wconf 92' lang='lat' dir='ltr'><strong>hac</strong></span> <span class='ocrx_word' id='word_1_796' title='bbox 2597 4841 2887 4898; x_wconf 89' lang='lat' dir='ltr'><strong>devotione</strong></span> <span class='ocrx_word' id='word_1_797' title='bbox 2915 4843 3169 4910; x_wconf 89' lang='lat' dir='ltr'><strong>manebo,</strong></span> <span class='ocrx_word' id='word_1_798' title='bbox 3217 4843 3395 4899; x_wconf 90' lang='lat' dir='ltr'><strong>sciens</strong></span> <span class='ocrx_word' id='word_1_799' title='bbox 3434 4844 3783 4917; x_wconf 87' lang='lat' dir='ltr'><strong>privilegium</strong></span> 
     </span>
    </p>
   </div>
   <div class='ocr_carea' id='block_1_110' title="bbox 2182 4929 3785 5002">
    <p class='ocr_par' dir='ltr' id='par_1_110' title="bbox 2182 4929 3785 5002">
     <span class='ocr_line' id='line_1_110' title="bbox 2182 4929 3785 5002; baseline 0.002 -16"><span class='ocrx_word' id='word_1_800' title='bbox 2182 4930 2610 5002; x_wconf 62' lang='lat' dir='ltr'><strong>metropolitanm</strong></span> <span class='ocrx_word' id='word_1_801' title='bbox 2641 4929 2786 4986; x_wconf 91' lang='lat' dir='ltr'><strong>sedis</strong></span> <span class='ocrx_word' id='word_1_802' title='bbox 2837 4929 3186 4999; x_wconf 82' lang='lat' dir='ltr'><strong>Rhemorum,</strong></span> <span class='ocrx_word' id='word_1_803' title='bbox 3236 4931 3321 4988; x_wconf 91' lang='lat' dir='ltr'><strong>cui</strong></span> <span class='ocrx_word' id='word_1_804' title='bbox 3368 4949 3456 4988; x_wconf 90' lang='lat' dir='ltr'><strong>me</strong></span> <span class='ocrx_word' id='word_1_805' title='bbox 3484 4932 3670 4989; x_wconf 88' lang='lat' dir='ltr'><strong>divina</strong></span> <span class='ocrx_word' id='word_1_806' title='bbox 3699 4933 3785 4990; x_wconf 89' lang='lat' dir='ltr'><strong>di-</strong></span> 
     </span>
    </p>
   </div>
   <div class='ocr_carea' id='block_1_111' title="bbox 2183 5018 3784 5094">
    <p class='ocr_par' dir='ltr' id='par_1_111' title="bbox 2183 5018 3784 5094">
     <span class='ocr_line' id='line_1_111' title="bbox 2183 5018 3784 5094; baseline 0.002 -19"><span class='ocrx_word' id='word_1_807' title='bbox 2183 5019 2366 5092; x_wconf 87' lang='lat' dir='ltr'><strong>gnatio</strong></span> <span class='ocrx_word' id='word_1_808' title='bbox 2394 5019 2597 5076; x_wconf 92' lang='lat' dir='ltr'><strong>servire</strong></span> <span class='ocrx_word' id='word_1_809' title='bbox 2626 5018 2912 5090; x_wconf 89' lang='lat' dir='ltr'><strong>disposuit,</strong></span> <span class='ocrx_word' id='word_1_810' title='bbox 2944 5019 2998 5074; x_wconf 92' lang='lat' dir='ltr'><strong>in</strong></span> <span class='ocrx_word' id='word_1_811' title='bbox 3057 5036 3268 5076; x_wconf 92' lang='lat' dir='ltr'><strong>summo</strong></span> <span class='ocrx_word' id='word_1_812' title='bbox 3312 5020 3600 5094; x_wconf 90' lang='lat' dir='ltr'><strong>privilegio</strong></span> <span class='ocrx_word' id='word_1_813' title='bbox 3655 5037 3784 5078; x_wconf 91' lang='lat' dir='ltr'><strong>san-</strong></span> 
     </span>
    </p>
   </div>
   <div class='ocr_carea' id='block_1_112' title="bbox 2183 5107 3785 5184">
    <p class='ocr_par' dir='ltr' id='par_1_112' title="bbox 2183 5107 3785 5184">
     <span class='ocr_line' id='line_1_112' title="bbox 2183 5107 3785 5184; baseline 0.002 -19"><span class='ocrx_word' id='word_1_814' title='bbox 2183 5117 2282 5165; x_wconf 83' lang='lat' dir='ltr'><strong>ctae</strong></span> <span class='ocrx_word' id='word_1_815' title='bbox 2325 5107 2472 5165; x_wconf 90' lang='lat' dir='ltr'><strong>sedis</strong></span> <span class='ocrx_word' id='word_1_816' title='bbox 2527 5107 2806 5178; x_wconf 67' lang='lat' dir='ltr'><strong>Romanae,</strong></span> <span class='ocrx_word' id='word_1_817' title='bbox 2852 5123 3096 5176; x_wconf 88' lang='lat' dir='ltr'><strong>manere,</strong></span> <span class='ocrx_word' id='word_1_818' title='bbox 3157 5117 3210 5166; x_wconf 87' lang='lat' dir='ltr'><strong>et</strong></span> <span class='ocrx_word' id='word_1_819' title='bbox 3264 5108 3612 5184; x_wconf 89' lang='lat' dir='ltr'><strong>privilegium</strong></span> <span class='ocrx_word' id='word_1_820' title='bbox 3658 5127 3785 5168; x_wconf 90' lang='lat' dir='ltr'><strong>esse</strong></span> 
     </span>
    </p>
   </div>
   <div class='ocr_carea' id='block_1_113' title="bbox 2182 5195 3788 5272">
    <p class='ocr_par' dir='ltr' id='par_1_113' title="bbox 2182 5195 3788 5272">
     <span class='ocr_line' id='line_1_113' title="bbox 2182 5195 3788 5272; baseline 0.002 -20"><span class='ocrx_word' id='word_1_821' title='bbox 2182 5197 2328 5255; x_wconf 90' lang='lat' dir='ltr'><strong>sedis</strong></span> <span class='ocrx_word' id='word_1_822' title='bbox 2357 5197 2633 5264; x_wconf 63' lang='lat' dir='ltr'><strong>Romanae,</strong></span> <span class='ocrx_word' id='word_1_823' title='bbox 2694 5195 2740 5252; x_wconf 89' lang='lat' dir='ltr'><strong>si</strong></span> <span class='ocrx_word' id='word_1_824' title='bbox 2769 5213 2868 5253; x_wconf 90' lang='lat' dir='ltr'><strong>sua</strong></span> <span class='ocrx_word' id='word_1_825' title='bbox 2907 5195 3224 5254; x_wconf 88' lang='lat' dir='ltr'><strong>auctoritate</strong></span> <span class='ocrx_word' id='word_1_826' title='bbox 3283 5197 3630 5272; x_wconf 83' lang='lat' dir='ltr'><strong>privilegium</strong></span> <span class='ocrx_word' id='word_1_827' title='bbox 3679 5199 3788 5256; x_wconf 87' lang='lat' dir='ltr'><strong>sibi</strong></span> 
     </span>
    </p>
   </div>
   <div class='ocr_carea' id='block_1_114' title="bbox 2182 5285 3786 5358">
    <p class='ocr_par' dir='ltr' id='par_1_114' title="bbox 2182 5285 3786 5358">
     <span class='ocr_line' id='line_1_114' title="bbox 2182 5285 3786 5358; baseline 0.001 -16"><span class='ocrx_word' id='word_1_828' title='bbox 2182 5287 2444 5356; x_wconf 68' lang='lat' dir='ltr'><strong>subjectae</strong></span> <span class='ocrx_word' id='word_1_829' title='bbox 2492 5285 2638 5342; x_wconf 88' lang='lat' dir='ltr'><strong>sedis</strong></span> <span class='ocrx_word' id='word_1_830' title='bbox 2693 5285 2882 5342; x_wconf 86' lang='lat' dir='ltr'><strong>fecerit</strong></span> <span class='ocrx_word' id='word_1_831' title='bbox 2929 5285 3139 5358; x_wconf 86' lang='lat' dir='ltr'><strong>vigere,</strong></span> <span class='ocrx_word' id='word_1_832' title='bbox 3201 5294 3254 5342; x_wconf 91' lang='lat' dir='ltr'><strong>et</strong></span> <span class='ocrx_word' id='word_1_833' title='bbox 3285 5287 3549 5345; x_wconf 89' lang='lat' dir='ltr'><strong>studuerit</strong></span> <span class='ocrx_word' id='word_1_834' title='bbox 3591 5286 3786 5345; x_wconf 83' lang='lat' dir='ltr'><strong>conï¬r-</strong></span> 
     </span>
    </p>
   </div>
   <div class='ocr_carea' id='block_1_115' title="bbox 2181 5391 2360 5432">
    <p class='ocr_par' dir='ltr' id='par_1_115' title="bbox 2181 5391 2360 5432">
     <span class='ocr_line' id='line_1_115' title="bbox 2181 5391 2360 5432; baseline -0.017 1"><span class='ocrx_word' id='word_1_835' title='bbox 2181 5391 2360 5432; x_wconf 85' lang='lat' dir='ltr'><strong>mare.</strong></span> 
     </span>
    </p>
   </div>
   <div class='ocr_carea' id='block_1_116' title="bbox 2258 5465 3784 5538">
    <p class='ocr_par' dir='ltr' id='par_1_116' title="bbox 2258 5465 3784 5538">
     <span class='ocr_line' id='line_1_116' title="bbox 2258 5465 3784 5538; baseline 0.004 -19"><span class='ocrx_word' id='word_1_836' title='bbox 2258 5466 2344 5520; x_wconf 90' lang='lat' dir='ltr'><strong>De</strong></span> <span class='ocrx_word' id='word_1_837' title='bbox 2375 5480 2442 5520; x_wconf 92' lang='lat' dir='ltr'><strong>eo</strong></span> <span class='ocrx_word' id='word_1_838' title='bbox 2473 5481 2606 5523; x_wconf 87' lang='lat' dir='ltr'><strong>vero</strong></span> <span class='ocrx_word' id='word_1_839' title='bbox 2639 5466 2784 5538; x_wconf 86' lang='lat' dir='ltr'><strong>quod</strong></span> <span class='ocrx_word' id='word_1_840' title='bbox 2815 5465 2975 5522; x_wconf 81' lang='lat' dir='ltr'><strong>tertio</strong></span> <span class='ocrx_word' id='word_1_841' title='bbox 3029 5465 3149 5522; x_wconf 91' lang='lat' dir='ltr'><strong>loco</strong></span> <span class='ocrx_word' id='word_1_842' title='bbox 3179 5467 3245 5522; x_wconf 88' lang='lat' dir='ltr'><strong>ad</strong></span> <span class='ocrx_word' id='word_1_843' title='bbox 3272 5467 3512 5523; x_wconf 88' lang='lat' dir='ltr'><strong>medium</strong></span> <span class='ocrx_word' id='word_1_844' title='bbox 3541 5468 3784 5525; x_wconf 86' lang='lat' dir='ltr'><strong>devoca-</strong></span> 
     </span>
    </p>
   </div>
  </div>
