4026 6362
169 328 224 380 il
1624 315 2000 378 EPISTOLzE.
3400 319 3468 378 42

165 449 273 514 stis,
305 447 558 504 scribere
583 445 733 502 aliud
767 446 898 502 nihil
923 446 1270 518 praesumpsi,
1303 445 1406 501 nisi
1443 445 1570 518 quia
1601 444 1844 505 causaA
1872 445 1998 500 inde
2045 445 2190 515 apud
2216 444 2478 500 domuum
2519 451 2762 499 nostrum
2808 460 2998 516 regem
3041 445 3372 514 adjuvarem,
3411 453 3469 500 ut

166 537 385 594 Rothadi
413 552 448 592 a
479 536 664 592 causis
703 536 941 603 illorum,
965 536 1034 592 de
1072 536 1270 608 quibus
1315 535 1637 607 scripsistis,
1687 543 1772 588 est

168 642 296 697 pene
321 625 379 680 in
406 625 624 682 cunctis
652 625 952 680 dissimilis.
987 626 1068 680 De
1095 641 1162 680 eo
1193 625 1340 696 quod
1371 625 1592 680 tandem
1631 639 1770 694 apo-

172 715 346 770 stolica
389 723 579 770 vestra
627 713 934 787 benignitas
983 713 1292 785 indignitati
1333 730 1470 768 meae
1523 713 1771 769 scribere

173 803 510 875 estdignata,
534 811 595 858 ut
620 805 741 860 haec
781 803 1066 860 vobiscum
1111 802 1368 874 cogitem,
1393 811 1445 858 et
1503 803 1649 874 quod
1703 801 1772 856 de

173 893 410 949 Rothado
440 892 739 948 decernitis
768 893 1091 964 approbem,
1125 899 1176 946 et
1204 907 1316 946 non
1358 891 1430 946 ad
1471 891 1578 946 mei
1627 891 1769 959 inju-

172 983 296 1036 riam
320 981 378 1036 id
410 997 512 1038 vos
570 981 754 1054 egisse
811 980 1204 1052 aliquantulum
1233 987 1509 1036 autumem
1543 997 1555 1032 :
1591 995 1769 1051 quan-

175 1081 278 1126 tum
309 1070 464 1126 valeo
496 1069 625 1125 totis
662 1069 916 1126 medullis
965 1069 1166 1136 cordis,
1213 1085 1337 1126 cum
1371 1068 1521 1124 omni
1564 1067 1770 1139 suppli—

173 1159 378 1215 catione
409 1167 464 1214 et
493 1159 682 1214 debita
709 1174 775 1214 ac
796 1157 1069 1213 submissa
1119 1157 1440 1223 humilitate,
1474 1158 1772 1212 immensas

173 1248 464 1320 gratiarum
481 1247 730 1303 actiones
748 1255 936 1303 sancto
956 1247 1280 1318 apostolatui
1300 1254 1484 1301 vestro
1503 1247 1767 1316 rependo,

179 1353 293 1392 cum
323 1336 478 1392 omni
523 1335 833 1391 sinceritate
877 1335 1045 1390 animi
1089 1335 1422 1401 rescribens,
1473 1333 1601 1406 quia
1635 1333 1774 1389 sicut

177 1425 297 1480 mihi
326 1425 575 1480 scribere
607 1423 816 1497 dignati
847 1423 996 1490 estis,
1024 1423 1099 1478 ita
1128 1440 1228 1494 per
1265 1423 1448 1478 omnia
1475 1423 1662 1478 credo.
1704 1423 1773 1477 Et

172 1514 288 1586 quia
332 1513 687 1584 privilegium
719 1513 887 1567 vestri
917 1511 1116 1567 summi
1145 1509 1512 1582 pontificatus,
1545 1519 1604 1565 ut
1632 1525 1770 1566 con-

173 1603 322 1657 decet
361 1609 418 1656 et
460 1617 656 1657 omnes
684 1601 1082 1666 desideramus,
1125 1599 1486 1656 evindicatum
1531 1599 1765 1665 habetis,

176 1691 312 1762 quod
360 1706 530 1746 nemo
586 1698 833 1745 nostrum
873 1687 1287 1754 Contradixerat,
1337 1688 1395 1742 in
1449 1687 1774 1744 deductione

177 1778 404 1835 Rothadi
423 1777 586 1834 sicuti
614 1777 953 1866 praecepistis
985 1777 1065 1866 ad
1101 1785 1338 1866 vestram
1366 1776 1726 1866 praesentiam
1759 1806 1846 1866 ,Β

175 1877 228 1923 ut
252 1867 564 1939 perdonare
592 1866 805 1938 dignati
833 1865 985 1933 estis,
1018 1865 1208 1920 videre
1225 1864 1510 1932 desidero,
1543 1873 1596 1921 et
1623 1865 1777 1921 visu-

175 1973 286 2012 mm
314 1973 406 2012 me
435 1973 562 2012 esse
592 1954 829 2024 confido,
862 1955 991 2028 quia
1020 1971 1130 2010 non
1173 1953 1323 2009 aliud
1369 1953 1475 2008 nisi
1512 1962 1571 2010 ut
1615 1969 1783 2026 supra

177 2046 495 2112 monstravi,
531 2045 678 2117 quod
710 2044 916 2116 regulae
946 2059 1118 2100 sacrae
1148 2043 1501 2115 praecipiunt,
1563 2051 1615 2098 et
1647 2042 1782 2098 mihi

174 2134 493 2206 petendum,
518 2141 573 2188 et
604 2133 761 2189 vobis
792 2133 1206 2189 concedendum
1236 2140 1336 2187 est.
1369 2131 1592 2188 Postulo
1619 2132 1780 2188 vide-

167 2223 316 2290 licet,
347 2231 410 2278 nt
437 2222 519 2278 sic
546 2222 797 2278 Rothado
825 2221 894 2276 ab
925 2221 1242 2278 auctoritate
1261 2228 1446 2276 vestra
1472 2221 1780 2292 compassio

176 2312 514 2377 exhibeatur,
575 2319 636 2366 ut
693 2310 850 2382 vigor
899 2309 1298 2366 ecclesiasticus
1343 2325 1457 2364 non
1503 2309 1778 2365 dissolva—

173 2409 259 2456 tur
291 2419 303 2454 :
339 2408 394 2456 et
427 2399 508 2455 sic
542 2399 700 2470 vigor
747 2398 1555 2466 ecclesiasticusconservetur,
1587 2407 1645 2453 ut
1677 2398 1778 2454 de-

175 2489 285 2544 bita
329 2487 718 2544 misericordia
747 2497 800 2543 et
845 2487 1153 2544 necessaria
1192 2486 1516 2542 sufﬁcientia
1562 2487 1612 2542 ei
1668 2503 1779 2542 non

175 2579 496 2648 denegetnr.
523 2575 808 2645 Quatenus
836 2580 939 2632 'nec
958 2576 1128 2648 ipsius
1145 2575 1394 2646 exemplo
1411 2576 1481 2630 ad
1503 2576 1778 2631 exceden-

177 2661 299 2718 dum
327 2661 427 2717 alii
453 2667 844 2732 provocentur,
871 2675 975 2716 nec
1005 2659 1201 2732 quibus
1221 2659 1276 2714 in
1300 2659 1420 2713 istis
1437 2659 1774 2732 regionibus,

176 2750 392 2823 longius
413 2749 484 2804 ab
515 2749 819 2820 apostolica
861 2749 993 2804 sede
1022 2748 1263 2813 remotis,
1306 2763 1552 2803 censurae
1595 2747 1777 2803 eccle-

176 2839 403 2895 siastica:
433 2838 741 2894 moderatio
772 2845 854 2892 est
887 2837 1199 2903 commissa,
1232 2836 1378 2905 hinc,
1412 2837 1559 2908 quod
1615 2836 1776 2903 absit,

177 2928 539 2999 conspiciant,
568 2927 716 2982 unde
771 2934 862 2980 aut
907 2925 1271 2999 negligentia,
1305 2933 1394 2979 aut
1423 2925 1777 2981 dissolutione

1871 534 2130 604 quoniam
2155 533 2475 604 praedictum
2505 532 2782 588 hominem
2809 531 2865 586 in
2886 547 2986 588 sua
3015 532 3122 588 ﬁde
3149 541 3466 604 acceperat,

1869 622 2078 676 nullum
2101 621 2304 677 malum
2359 621 2605 676 haberet.
2681 619 2781 676 Cui
2827 621 3101 692 respondi,
3153 629 3214 676 ut
3259 628 3472 678 teneret

1870 711 2051 783 ipsum
2092 711 2370 767 hominem
2417 727 2623 780 secum,
2672 727 2740 765 ne
2788 709 3005 766 interim
3048 709 3218 765 ullum
3263 711 3465 766 malum

1870 807 2162 871 pateretur,
2195 800 2370 855 donec
2399 800 2470 855 ad
2515 807 2726 855 cortem
2775 798 3037 868 redirem,
3089 807 3145 854 et
3206 808 3468 871 quantum

1870 905 2092 960 possem
2118 890 2244 944 inde
2265 889 2420 944 illum
2451 889 2707 959 adjuvare
2751 905 3021 946 curarem.
3072 889 3260 960 Ipsum
3290 897 3471 944 autem

1869 979 2147 1033 hominem
2176 993 2280 1034 nec
2309 985 2438 1034 tunc
2467 994 2572 1034 nec
2599 985 2790 1050 postea
2815 977 2946 1045 vidi,
2979 994 3082 1034 nec
3119 993 3229 1050 quo
3247 978 3471 1034 absces-

1872 1066 2004 1121 serit
2035 1083 2160 1123 cum
2199 1066 2474 1138 episcopis
2505 1067 2716 1123 audivi.

1943 1155 2078 1224 Quae
2105 1155 2311 1211 idcirco
2341 1155 2612 1211 sanctitati
2639 1163 2837 1212 vestrae
2883 1155 3126 1212 scribere
3169 1155 3370 1224 studui,
3412 1164 3472 1211 ut

1873 1245 1918 1298 si
1964 1244 2160 1316 aliquis
2199 1244 2582 1300 malivolorum
2627 1253 2935 1300 nostrorum
2962 1261 3117 1301 more
3155 1261 3256 1301 suo
3309 1244 3501 1307 vobis,

1873 1333 2133 1404 quiddam
2160 1333 2362 1388 sinistri
2406 1350 2473 1388 ex
2520 1335 2644 1400 hoc,
2693 1350 2996 1406 suggerere
3033 1333 3287 1401 voluerit,
3337 1332 3470 1406 quid

1871 1421 1997 1476 inde
2026 1438 2218 1476 verum
2247 1422 2318 1476 sit
2363 1421 2726 1496 cognoscatis,
2787 1429 2840 1477 et
2895 1438 3028 1496 erga
3083 1439 3172 1479 me
3228 1430 3472 1478 vestrum

1873 1509 2113 1564 animum
2168 1526 2277 1566 non
2336 1511 2621 1567 moveatis.
2669 1510 2958 1566 Rationem
3001 1511 3256 1582 denique,
3305 1525 3473 1582 quam

1873 1599 2088 1654 reddidi
2118 1615 2307 1654 coram
2327 1599 2514 1654 electis
2537 1598 2830 1668 judicibus,
2863 1599 2932 1654 de
2961 1600 3158 1671 quibus
3186 1615 3288 1670 per
3314 1600 3474 1656 libel-

1872 1688 1986 1742 lum
2013 1687 2418 1759 provocationis
2447 1688 2518 1742 ad
2548 1687 2846 1744 electorum
2887 1687 3151 1756 judicium
3195 1687 3410 1745 fueram
3442 1705 3475 1744 a

1873 1777 2122 1832 Rothado
2150 1776 2444 1848 impetitus,
2477 1775 2584 1848 ipsi
2611 1776 2950 1833 venerabiles
2971 1777 3242 1849 episcopis
3277 1785 3475 1834 vestra:

1879 1865 2183 1920 auctoritati
2210 1865 2594 1920 transmittunt.
2627 1865 2709 1920 De
2751 1864 2924 1938 gestis
2966 1880 3102 1921 vero
3143 1882 3176 1920 a
3223 1866 3472 1922 Rothado

1877 1962 2002 2026 post
2055 1953 2666 2011 excommunicationem
2698 1970 2854 2009 suam
2885 1953 2942 2009 in
2981 1953 3313 2029 provinciali,
3351 1970 3477 2027 syn-

1879 2044 1985 2099 odo
2013 2043 2335 2115 compilatis,
2395 2055 2516 2116 quae
2571 2059 2672 2114 per
2717 2043 2926 2100 vicinos
2981 2051 3197 2099 nostros
3250 2043 3320 2098 ad
3376 2058 3476 2100 vos

1880 2133 1936 2187 in
1991 2132 2404 2204 derogationem
2458 2140 2707 2188 nostram
2753 2133 3075 2204 pervenisse
3127 2131 3432 2189 audivimus
3455 2175 3470 2200 ,

1879 2220 2122 2292 episcOpi
2151 2222 2483 2278 Rhemorum
2498 2220 2793 2292 provinciae
2811 2237 2911 2293 per
2925 2236 3242 2278 communes
3258 2221 3472 2294 legatos

1879 2318 2098 2366 nostros
2128 2318 2322 2366 vestrae
2352 2310 2620 2366 sanctitati
2659 2327 2782 2382 quae
2811 2309 2988 2366 sciunt
3019 2309 3270 2366 intimare
3311 2325 3473 2368 cura-

1879 2407 2024 2454 runt.

1949 2489 2090 2544 Item
2116 2493 2248 2561 post
2276 2490 2576 2560 aliquanta
2604 2489 2672 2544 de
2695 2490 3048 2561 promotione
3075 2490 3254 2561 ipsius
3283 2488 3479 2545 damni

1877 2578 2172 2633 Hincmari
2185 2578 2257 2632 ad
2275 2579 2682 2650 episcopatum,
2705 2595 2826 2650 quae
2837 2580 2963 2650 jam
2982 2577 3242 2650 superius
3253 2579 3475 2650 partim

1875 2669 2193 2738 praenotata
2221 2682 2338 2722 non
2392 2668 2718 2722 curavimus
2757 2666 2853 2722 hic
2891 2666 3176 2722 iteranda.
3227 2664 3478 2738 Denique

1875 2753 2104 2824 praefato
2125 2753 2316 2810 Ebone
2343 2753 2636 2823 defuncto,
2667 2753 2923 2810 Ecclesia
2968 2753 3068 2810 sed
3114 2761 3171 2808 et
3210 2753 3479 2825 parochia

1877 2849 2092 2910 nostra,
2121 2843 2423 2898 secundum
2453 2842 2905 2900 consuetudinem
2933 2858 3099 2915 quam
3146 2858 3214 2898 ex
3251 2841 3474 2915 antiquo

1877 2930 2064 2986 habuit
2117 2931 2281 2986 etiam
2322 2931 2392 2987 de
2445 2931 2531 2986 his
2577 2931 2850 3002 episcOpis
2907 2930 3000 3003 qui
3042 2931 3102 2986 in
3156 2931 3475 3004 episcopatu

177 3025 457 3088 tepescant
490 3058 505 3085 ,
568 3015 656 3071 vel
714 3015 977 3070 terminos
1033 3031 1170 3086 quos
1225 3021 1523 3068 statuerunt
1591 3021 1777 3085 patres
1868 3035 2041 3091 usque
2069 3021 2138 3074 ad
2169 3019 2378 3076 obitum
2407 3019 2463 3074 in
2494 3020 2688 3076 eadem
2707 3019 2961 3076 Ecclesia
3007 3035 3116 3076 non
3144 3035 3474 3091 permanse-~

179 3103 620 3178 transgrediendi
664 3103 946 3165 materiem
995 3120 1054 3159 se
1101 3119 1318 3158 sumere
1359 3119 1525 3174 posse
1569 3103 1773 3169 dicant,

180 3211 330 3266 quos,
365 3195 511 3250 sicut
540 3193 926 3258 intelleximus,
959 3208 1061 3248 nos
1091 3193 1351 3247 hactenus
1394 3207 1642 3247 servasse
1671 3209 1779 3262 pu-

179 3293 367 3338 tamus.
416 3284 531 3338 Vos
589 3281 844 3338 videbitis
889 3280 1022 3353 quid
1069 3280 1196 3336 inde
1240 3280 1386 3336 facto
1431 3280 1626 3336 melius
1654 3279 1776 3350 erit,

179 3382 227 3427 et
255 3371 416 3429 nobis
444 3371 502 3426 in
528 3370 736 3440 judicio
759 3377 944 3426 vestro
987 3369 1283 3426 videndum
1321 3377 1406 3424 est
1451 3369 1582 3440 quid
1631 3370 1780 3424 Deus

179 3461 298 3516 velit
331 3479 345 3514 :
371 3459 634 3532 quoniam
661 3459 860 3529 injusta
880 3475 1003 3514 esse
1040 3475 1151 3514 non
1181 3465 1437 3530 poterunt
1467 3456 1650 3514 divina
1687 3457 1779 3527 ju-

181 3549 336 3618 dicia,
369 3566 495 3622 quae
525 3565 560 3605 a
590 3548 862 3604 soliditate
905 3547 1264 3605 confessionis
1317 3545 1631 3618 apostolica
1677 3562 1781 3618 pe-

181 3646 289 3706 trae,
321 3639 594 3694 adversus
625 3653 788 3709 quam
815 3635 977 3692 inferi
1004 3645 1193 3708 portae,
1239 3635 1296 3690 id
1343 3643 1426 3691 est
1463 3635 1780 3709 suggestio-

184 3743 276 3783 nes
305 3727 394 3783 vel
434 3725 789 3800 Operationes
819 3741 1020 3798 pravae,
1070 3742 1180 3781 non
1218 3723 1616 3797 praevalebunt,
1670 3724 1786 3780 dic-

179 3824 319 3872 tante
331 3816 547 3887 justitia
575 3815 944 3888 proferentur.

249 3905 560 3978 Epistolam
590 3944 604 3973 ,
664 3920 824 3976 quam
880 3903 1014 3958 mihi
1059 3903 1356 3960 auctoritas
1420 3908 1604 3958 vestra
1659 3917 1784 3958 cum

185 3994 546 4050 obtestatione
591 3991 852 4064 praecepit
908 3992 1155 4048 Rothado
1212 3991 1456 4063 dirigere
1478 4035 1494 4062 ,
1549 3991 1786 4046 domnus

186 4092 367 4139 noster
394 4098 516 4153 rex,
551 4080 698 4136 ﬁlius
725 4088 927 4150 vester,
961 4097 1088 4136 mox
1115 4088 1172 4136 ut
1203 4081 1273 4135 ad
1301 4096 1426 4135 eum
1453 4079 1634 4150 venit,
1683 4096 1786 4151 per

187 4173 430 4228 abbatem
471 4187 631 4228 suum
688 4169 940 4226 Rothado
981 4169 1200 4225 direxit.
1258 4168 1521 4224 Rodulfus
1569 4183 1786 4240 quoque

189 4261 426 4330 ejusdem
471 4259 572 4314 filii
600 4258 770 4316 vestri
817 4259 1004 4314 domni
1049 4259 1220 4315 nostri
1275 4257 1424 4330 regis
1463 4257 1781 4326 avunculus,

191 4350 334 4406 tertio
365 4349 498 4405 Idus
527 4365 674 4404 nunc
702 4347 875 4419 elapsi
906 4347 1112 4402 mensis
1141 4345 1458 4402 Decembris
1513 4361 1545 4398 a
1600 4345 1785 4400 Ludo-

192 4437 266 4494 vic
294 4437 612 4494 Germaniae
629 4452 764 4508 rege
793 4443 1095 4506 revertens,
1125 4451 1250 4492 cum
1291 4433 1448 4490 valde
1494 4433 1712 4504 vesperi
1754 4449 1786 4487 a

1887 3116 2033 3178 runt,
2080 3107 2252 3179 ipsius
2297 3124 2498 3163 nomen
2543 3109 2686 3164 inter
2731 3115 3085 3164 sacrosancta
3125 3107 3384 3180 mysteria
3427 3107 3484 3162 in

1888 3197 2274 3268 episcoporum
2319 3195 2568 3269 catalogo
2607 3195 2839 3252 recitare
2886 3195 3100 3268 pietatis
3147 3195 3322 3267 gratia
3361 3211 3480 3252 coe-

1881 3286 1978 3358 pit,
2009 3293 2062 3340 et
2089 3287 2356 3340 hactenus
2385 3283 2535 3340 facit.
2569 3283 2730 3352 Quod
2760 3301 2884 3358 ego,
2941 3301 3011 3340 ne
3047 3284 3480 3340 scandalizarem

1881 3375 2130 3444 devotos,
2194 3373 2353 3446 quasi
2398 3373 2650 3431 invidens
2707 3373 2871 3428 saluti
2925 3372 3201 3440 fraternae,
3245 3373 3481 3428 maxime

1883 3471 2066 3520 autem
2096 3462 2424 3536 quiescentis
2453 3462 2510 3517 in
2540 3462 2774 3518 Domino
2816 3461 3032 3530 animae,
3085 3463 3178 3534 qui
3223 3476 3334 3518 non
3375 3479 3481 3534 pro

1883 3551 2277 3609 exorbitatione
2307 3568 2339 3606 a
2359 3551 2644 3608 catholicae
2695 3549 2823 3606 ﬁdei
2876 3550 3105 3621 sanitate
3153 3553 3478 3606 anathema-

1881 3650 1989 3708 tus,
2023 3641 2122 3698 sed
2153 3657 2251 3696 sua
2281 3639 2613 3696 conscientia
2641 3639 2951 3696 stimulante
2982 3639 3220 3712 primum
3247 3655 3281 3695 a
3299 3639 3483 3712 seipso

1883 3739 1937 3786 et
1965 3737 2158 3802 postea
2185 3745 2216 3784 a
2244 3729 2475 3801 synodo,
2501 3729 2600 3784 sed
2641 3737 2696 3784 et
2730 3728 3033 3800 apostolica
3075 3729 3208 3784 sede
3251 3728 3482 3784 damna-

1880 3828 1969 3875 tus
2024 3817 2246 3886 exstitit,
2297 3818 2401 3874 hoc
2457 3817 2753 3890 prohibere
2810 3817 2928 3873 sine
2971 3817 3288 3889 apostolicae
3335 3817 3483 3874 sedis

1883 3908 2205 3966 auctoritate
2252 3889 2612 3980 nequaquam.
2641 3906 2988 3979 praesumpsi,
3047 3907 3263 3963 dicente
3317 3906 3481 3964 beato

1884 3997 2175 4054 Caelestino
2203 4011 2367 4068 papa,
2403 3995 2532 4068 quia
2577 3995 2734 4051 nefas
2764 4003 2848 4052 est
2876 3996 2994 4052 haec
3039 3995 3148 4068 pati
3193 3995 3488 4070 religiosas

1884 4086 2116 4154 animas,
2149 4079 2380 4158 quarum
2399 4084 2706 4155 afﬂictione,
2731 4085 2824 4156 qui
2852 4084 3100 4140 membra
3128 4093 3315 4140 nostra
3335 4093 3481 4152 sunt,

1885 4191 1986 4230 nos
2017 4191 2235 4246 quoque
2265 4173 2520 4230 convenit
2539 4173 2830 4228 macerari.
2863 4173 3022 4228 Nunc
3047 4181 3233 4228 autem
3278 4173 3337 4227 in
3367 4173 3484 4243 epi-

1885 4264 2036 4319 stolis
2065 4261 2364 4318 sanctitatis
2397 4268 2619 4331 vestrae,
2651 4275 2790 4332 quas
2819 4261 3190 4332 Engeluvinus
3219 4260 3486 4316 diaconus

1883 4351 2043 4407 nobis
2063 4349 2260 4418 attulit,
2292 4348 2599 4406 invenimus
2629 4355 2688 4403 ut
2723 4347 3100 4422 Teotgaudum
3128 4355 3183 4404 et
3230 4347 3484 4404 Gunthe-

1886 4441 2029 4495 rium
2055 4439 2111 4494 in
2141 4437 2392 4512 catalogo
2449 4437 2836 4510 episcoporum
2881 4453 2993 4494 non
3035 4437 3384 4510 recipiamus.
3417 4438 3488 4493 Et

193 4535 333 4582 oorte
363 4526 519 4598 regis
545 4525 722 4582 nostri
751 4525 823 4580 ad
863 4524 1180 4580 mansiones
1217 4530 1432 4580 nostras
1467 4538 1634 4594 super
1675 4521 1782 4577 ﬂu-
1809 4523 1869 4587 D
1890 4529 2284 4586 Antiochenam
2343 4527 2652 4599 concilium,
2687 4535 2746 4582 ut
2788 4527 3172 4600 praemisimus,
3209 4535 3263 4583 et
3289 4525 3488 4582 melius

193 4615 328 4671 vium
355 4615 615 4688 Ligerim,
661 4630 821 4671 secus
851 4613 1144 4670 conﬁnium
1185 4611 1341 4686 regni
1370 4611 1675 4684 Aquitaniae
1711 4609 1785 4668 fe-

197 4703 441 4761 stinarem
473 4747 487 4772 ,
548 4703 697 4758 misit
744 4703 816 4759 ad
880 4719 970 4759 me
1015 4701 1292 4758 hominem
1351 4718 1508 4756 suum
1565 4699 1786 4756 nomine

199 4791 501 4860 Rodulfum,
551 4792 822 4847 mandans
866 4791 997 4864 quia
1042 4790 1303 4863 praefatus
1360 4807 1457 4846 rex
1482 4789 1788 4847 Ludovicus

197 4881 477 4951 quemdam
530 4881 812 4937 hominem
838 4879 1092 4946 Rothadi,
1144 4896 1269 4935 cum
1309 4879 1555 4950 epistolis
1592 4887 1790 4934 vestrae

199 4970 507 5040 sanctitatis,
539 4969 729 5026 manui
756 4976 811 5026 et
839 4967 968 5025 ﬁdei
1025 4985 1138 5024 suae
1185 4967 1472 5034 commisit,
1520 4975 1790 5040 quatenus

195 5057 270 5112 ita
316 5059 658 5130 praesentiam
727 5057 914 5115 domni
992 5057 1167 5112 nostri
1222 5057 1373 5130 regis
1430 5055 1612 5112 Caroli
1667 5073 1792 5113 cum

197 5145 395 5204 eisdem
415 5147 692 5220 episwpis
723 5163 848 5204 eum
874 5145 1218 5220 perduceret,
1249 5153 1309 5200 ut
1349 5145 1556 5202 nullum
1585 5145 1792 5200 malum

198 5234 254 5289 ei
283 5235 522 5293 inferret.
551 5238 651 5292 Est
700 5236 847 5291 enim
895 5235 1038 5307 apud
1093 5234 1356 5290 domuum
1413 5242 1656 5292 nostrum
1700 5251 1792 5290 re-

197 5339 320 5396 gem
348 5325 490 5382 idem
521 5326 689 5381 homo
735 5332 1042 5392 accusatus,
1087 5324 1234 5396 quod
1273 5323 1551 5380 fraudatus
1594 5323 1663 5379 sit
1703 5340 1795 5380 res

195 5419 256 5466 et
301 5415 612 5470 thesaurum
667 5413 933 5470 Ecclesiae
958 5455 972 5482 ,
1031 5421 1084 5468 et
1130 5420 1256 5484 post
1311 5413 1610 5483 perjurium
1669 5412 1796 5467 inde

193 5504 562 5572 commissum,
593 5503 725 5576 fuga
756 5503 942 5574 lapsus
974 5503 1042 5557 ad
1062 5501 1398 5558 Ludovicum
1428 5519 1617 5574 regem
1661 5519 1796 5573 per-

199 5593 417 5649 rexerit.
457 5593 616 5650 Unde
674 5591 821 5647 idem
881 5589 1148 5648 Rodulfus
1203 5591 1357 5662 petiit
1388 5597 1444 5646 ut
1503 5607 1608 5662 ego
1645 5591 1798 5646 illum

541 5722 785 5778 PATROL.
822 5719 1065 5778 CXXVI.

1882 4618 1988 4691 ipsi
2015 4618 2185 4688 scitis,
2218 4617 2288 4672 de
2318 4633 2384 4672 eo
2404 4617 2498 4689 qui
2527 4623 2654 4689 post
2689 4616 3093 4673 damnationem
3134 4616 3289 4683 juxta
3333 4629 3476 4686 pra-

1885 4708 2171 4764 cedentem
2203 4705 2656 4764 consuetudinem
2693 4705 3005 4780 episcOpale
3059 4701 3338 4773 praesumit
3371 4703 3483 4758 mi-

1884 4797 2188 4864 nisterium,
2220 4795 2366 4868 quod
2412 4795 2661 4852 Ebonem
2701 4793 2900 4851 fecisse
2941 4807 3053 4847 non
3094 4791 3319 4848 dubium
3377 4801 3482 4862 est,

1885 4885 2192 4942 rescribere
2222 4885 2356 4939 mihi
2384 4885 2640 4958 dignetur
2685 4881 2986 4954 apostolica
3016 4887 3202 4938 vestra
3245 4881 3486 4940 auctori-

1887 4983 1988 5046 tas,
2020 4983 2204 5031 utrum
2234 4973 2489 5030 eumdem
2517 4974 2762 5030 Ebonem
2790 4969 2936 5024 inter
2988 4970 3277 5045 episcopos
3306 4973 3363 5027 in
3391 4987 3489 5028 sa-

1889 5059 2000 5116 eris
2029 5058 2263 5131 dypticis
2291 5058 2348 5114 in
2392 5056 2652 5115 Ecclesia
2704 5059 2894 5110 nostra
2922 5055 3210 5112 nominare
3256 5055 3490 5128 permit-

1891 5156 2022 5219 tam,
2053 5163 2126 5204 an
2154 5165 2223 5205 ne
2253 5148 2322 5204 de
2354 5155 2554 5203 caetero
2581 5144 2639 5197 in
2668 5141 3057 5216 episcoporum
3088 5145 3342 5219 catalogo
3383 5160 3488 5202 no-

1891 5239 2128 5294 minetur
2155 5235 2442 5310 prohibere
2463 5233 2695 5288 debeam
2725 5247 2739 5286 :
2774 5241 3045 5305 quatenus
3072 5241 3252 5290 vestra
3295 5243 3490 5291 aucto-

1894 5327 2050 5384 ritate
2081 5327 2266 5395 fultus,
2302 5321 2431 5396 quid
2459 5321 2514 5376 in
2543 5328 2732 5377 nostra
2763 5321 3016 5378 Ecclesia
3045 5322 3174 5378 inde
3203 5323 3275 5378 sit
3301 5324 3494 5380 obser-

1895 5417 2151 5481 vandum,
2185 5415 2300 5468 sine
2331 5409 2683 5483 ambiguitate
2723 5411 3148 5468 decernentibus
3193 5411 3352 5468 vobis
3400 5413 3500 5468 de-

1898 5513 2196 5562 monstrem
2209 5543 2221 5556 .

1968 5594 2238 5648 Ceterum
2266 5588 2435 5647 Luido
2464 5591 2597 5648 mihi
2625 5592 2758 5648 dixit
2779 5591 2926 5663 quod
2955 5607 3081 5648 cum
3109 5605 3176 5648 eo
3206 5590 3494 5647 rationem.
3575 5634 3578 5642 .

2994 5712 3028 5765 2
