4026 6308
478 218 544 268 39

1399 212 1739 269 HlNCMARI
1797 207 2196 268 RHEMENSIS
2253 209 2804 269 ARCHIEPISCOPI.

3697 214 3768 266 :10

478 339 756 405 molestiis,
790 355 922 410 quas
955 339 1026 394 ab
1073 338 1166 394 illo
1195 347 1250 394 et
1274 355 1374 410 pre
1403 338 1496 394 illo
1551 355 1746 410 passus
1782 355 1925 405 sum,
1949 337 2065 405 jam
2100 333 2156 393 A
2175 333 2546 404 Treverensis,
2579 337 2868 393 commissa
2896 336 3012 392 fuit.
3047 339 3192 392 [uter
3219 352 3376 408 quas,
3397 337 3766 392 Rhemensem

481 429 703 483 tandem
757 426 1049 499 aliquando
1104 426 1317 483 valeam
1376 427 1674 498 respirare,
1707 436 1760 483 et
1790 441 2069 504 nunquam

480 515 611 570 mihi
641 515 921 588 contingat
949 515 1175 571 ulterius
1229 523 1420 572 contra
1474 515 1618 571 illius
1672 515 2072 588 inquietudines

479 603 736 660 inutiliter
780 603 1049 659 laborare.
1083 604 1152 659 Et
1194 605 1339 676 quod
1368 619 1478 660 non
1508 605 1685 659 solum
1713 603 1784 658 ab
1813 604 2073 661 ecclesia-

481 691 632 749 sticis
660 694 932 764 personis,
965 709 1157 749 verum
1187 701 1238 748 et
1268 693 1436 748 multo
1489 693 1664 766 magis
1703 692 1866 748 etiam
1907 708 1936 747 a
1964 709 2072 748 sae-

483 781 758 837 cularibus
787 789 975 837 nostra
997 781 1206 850 judicia
1233 789 1672 851 contemnuntur,
1706 789 1758 836 et
1776 779 1876 852 pro
1905 780 2074 836 nihilo

482 870 774 936 ducuntur,
830 869 1138 926 dicentibus
1167 870 1266 936 eis,
1315 878 1367 925 et
1395 871 1464 926 ad
1500 869 1738 925 medium
1795 870 2074 925 devocan-

483 958 628 1013 tibus
683 959 792 1024 illa,
852 975 976 1031 quae
1001 959 1136 1012 mihi
1177 966 1377 1014 vestrae
1433 958 1740 1014 auctoritati
1797 974 1908 1013 non
1953 965 2079 1012 sunt

485 1045 834 1115 ascribenda,
888 1055 948 1102 ut
975 1063 1085 1102 non
1115 1047 1354 1102 animum
1407 1046 1711 1102 dulcedinis
1765 1053 1961 1103 veztrae
2019 1045 2076 1099 in

481 1135 666 1207 aliquo
693 1151 963 1204 moveam,
997 1135 1142 1208 quod
1172 1151 1517 1207 summOpere
1573 1151 1769 1192 cavere
1797 1134 2072 1191 desidero.

483 1223 540 1280 Si
569 1225 662 1296 qui
690 1225 747 1278 in
774 1224 1056 1296 provincia
1085 1233 1287 1291 nostra,
1331 1241 1563 1296 quorum
1616 1224 1833 1296 querela
1860 1222 1954 1278 illo
1982 1239 2076 1278 re-

483 1313 669 1369 stituto
697 1313 764 1368 ad
793 1329 891 1368 vos
919 1313 1095 1369 valeat
1123 1313 1432 1384 pervenire,
1466 1313 1535 1368 de
1562 1313 1860 1382 majoribus
1897 1311 2077 1368 causis

477 1403 546 1458 de
579 1409 774 1458 caetero
801 1403 1048 1474 quwdam
1079 1401 1471 1466 commiserint,
1498 1400 1636 1456 sicut
1665 1401 1734 1456 de
1755 1400 2076 1472 quibusdam

481 1490 644 1545 rebus
692 1489 1030 1561 frequentius
1087 1505 1246 1561 quam
1277 1489 1333 1542 in
1387 1488 1506 1542 istis
1540 1486 1827 1545 retreactts
1879 1496 2079 1558 tempo-

482 1577 636 1632 ribus
663 1579 1074 1634 committuntur
1093 1619 1106 1644 ,
1140 1594 1209 1632 ne
1237 1594 1266 1630 a
1297 1578 1412 1632 Deo
1458 1577 1689 1632 damner
1718 1577 1951 1643 sxlentio,
1983 1593 2080 1635 eos

2169 423 2378 480 scilicet
2408 433 2460 480 et
2487 427 2880 482 Treverensem
2932 425 3236 481 Ecclesiam
3281 425 3404 495 (has
3460 424 3604 479 enim
3631 425 3768 479 duas

2169 521 2372 567 tantum
2403 515 2712 585 provincias
2741 514 2962 586 Belgica
2988 515 3144 587 regio
3160 513 3362 583 habet),
3399 513 3516 570 ιιωο
3545 529 3768 584 semper

2171 600 2444 658 distinctio
2499 601 2614 671 fuit,
2677 602 2814 658 sicut
2857 602 2910 656 in
2959 601 3347 658 ecclesiasticis
3402 601 3768 658 monumentis

2171 688 2498 757 invenimus,
2531 698 2586 746 et
2613 690 3033 746 vetustissimam
3053 689 3504 747 consuetudinem
3545 706 3770 761 semper

2174 777 2474 834 obtinuisse
2503 779 2954 850 comperimus,ut
2983 779 3156 834 isdem
3186 779 3479 850 episcopus
3509 794 3618 834 non
3633 778 3768 845 loci,

2175 865 2274 920 sed
2305 866 2567 940 dignitate
2593 867 2802 922 ordinis
2829 867 2982 938 prior
3003 867 3304 923 secundum
3329 881 3520 923 sacras
3541 867 3772 940 regulas

2176 953 2486 1020 haberetur,
2520 955 2612 1027 qui
2637 954 2775 1010 foret
2803 956 2858 1010 in
2879 955 3116 1027 qualibet
3137 956 3367 1011 istarum
3394 954 3774 1011 Ecclesiarum

2173 1041 2464 1114 metrOpoli
2495 1052 2655 1100 antea
2710 1043 3008 1100 ordinatus.
3041 1045 3172 1099 Mihi
3209 1059 3341 1100 vero
3396 1059 3623 1100 necesse
3673 1044 3780 1100 erit

2175 1147 2262 1186 me
2318 1130 2499 1186 taliter
2557 1148 2771 1204 gerere,
2830 1149 2899 1187 ne
2956 1133 3116 1188 toties
3189 1133 3525 1213 auctoritatis
3578 1141 3778 1190 vestrae

2175 1219 2435 1290 epistolas
2494 1221 3078 1276 excommunicationes
3121 1221 3448 1277 intentantes
3476 1230 3527 1278 et
3585 1223 3781 1292 objur-

2175 1308 2448 1380 gationes,
2463 1324 2601 1379 quas
2621 1324 2750 1364 raro
2779 1317 2832 1364 et
2860 1325 3062 1381 magna
3117 1309 3441 1366 necessitate
3475 1308 3687 1366 ﬁendas
3717 1311 3778 1366 in

2175 1395 2600 1466 apostolicorum
2627 1397 2871 1452 virorum
2901 1397 3096 1453 litteris
3123 1397 3378 1470 legimus,
3438 1397 3675 1455 ferentes
3705 1399 3780 1456 de

2176 1483 2384 1556 reliquo
2444 1486 2729 1556 accipiam,
2789 1473 2928 1542 sicut
2973 1486 3090 1542 istis
3141 1487 3498 1558 temporibus,
3532 1489 3780 1560 peccatis

2177 1573 2314 1628 meis
2343 1573 2693 1641 merentibus,
2726 1574 3038 1647 frequenter
3066 1575 3272 1646 accepi.
3307 1575 3468 1644 Quod
3499 1577 3546 1632 si
3565 1577 3779 1633 sancti-

481 1681 830 1722 commonere
889 1665 1139 1734 studebo,
1173 1675 1226 1720 et
1256 1665 1302 1720 si
1361 1665 1641 1736 corrigere
1698 1681 1758 1720 se
1805 1664 2075 1722 voluerint
2103 1688 2157 1748 B
2179 1661 2270 1715 tati
2299 1669 2494 1748 vestrae
2523 1662 2806 1734 placuerit,
2828 1679 2937 1718 non
2967 1663 3120 1718 vobis
3149 1679 3288 1734 opus
3334 1680 3504 1738 agere
3530 1665 3586 1720 in
3615 1673 3779 1737 post-

401 1826 406 1832 .
483 1754 865 1828 congaudebo,
899 1754 983 1808 sin
1015 1762 1216 1820 autem,
1249 1754 1318 1808 ad
1375 1761 1613 1809 vestrum
1667 1769 1762 1809 eos
1813 1753 2077 1824 judicium

482 1843 813 1915 provocabo.
848 1841 954 1910 Qui
1010 1842 1056 1896 si
1113 1841 1191 1898 ire
1220 1841 1510 1909 voluerint,
1544 1850 1727 1898 vestra
1755 1851 1938 1900 sancta
1999 1857 2080 1896 sa-

481 1932 683 2003 pientia
704 1930 836 2004 quid
862 1931 990 1986 inde
1043 1931 1239 1986 melius
1295 1930 1492 1986 viderit
1545 1930 1846 1986 decernere
1875 1946 2077 2002 procu-

484 2021 644 2076 rabit.
675 2019 733 2075 Si
763 2027 944 2075 autem
971 2019 1050 2074 ire
1079 2019 1370 2086 noluerint,
1404 2018 1608 2075 facient
1635 2019 1782 2092 quod
1813 2019 1914 2075 sibi
1951 2019 2081 2076 utile

477 2107 858 2178 judicaverint.
931 2107 1017 2164 Me
1049 2107 1256 2163 utinam
1299 2107 1431 2164 hinc
1459 2107 1695 2164 adivina
1738 2107 2080 2162 damnatione

483 2196 748 2252 sententia
773 2195 948 2252 sancti
991 2195 1264 2252 Ambrosii
1293 2194 1509 2266 liberet,
1546 2213 1651 2268 qua
1681 2195 1847 2252 dicit:
1882 2196 1958 2263 Si,
1989 2195 2078 2250 in-

483 2286 696 2357 quiens,
730 2284 853 2356 quis
895 2292 1221 2356 potestatem
1277 2301 1386 2340 non
1415 2285 1579 2340 habet
1607 2301 1770 2358 quem
1801 2285 1902 2340 scit
1929 2300 2080 2340 reum

482 2373 738 2444 abjicere,
771 2381 864 2428 aut
920 2373 1155 2444 probare
1213 2389 1324 2428 non
1351 2373 1515 2443 valet,
1549 2373 1804 2428 immunis
1830 2381 1930 2428 est.
1966 2373 2079 2428 Sic-

483 2478 610 2534 que,
646 2471 706 2516 ut
732 2469 883 2534 puto,
917 2461 1044 2534 quia
1071 2461 1126 2516 in
1181 2461 1366 2516 multis
1421 2469 1736 2533 occupatus,
1787 2469 1838 2518 et
1868 2461 2081 2516 itineris

479 2550 820 2622 longitudine
849 2557 1010 2623 atque
1037 2549 1372 2606 insoliditate
1431 2551 1742 2618 obstrictus,
1774 2551 1843 2606 de
1898 2549 2080 2606 omni-

479 2637 604 2705 bus,
634 2646 922 2720 antequam
948 2637 1313 2694 insolentium
1367 2638 1592 2710 querela
1637 2639 1708 2694 ad
1737 2653 1835 2694 vos
1878 2653 2079 2710 perve-

480 2729 614 2794 niat,
647 2727 714 2782 ad
743 2726 1098 2798 apostolicam
1127 2727 1314 2782 sedem
1345 2726 1552 2782 referre
1598 2743 1708 2782 non
1751 2727 1929 2794 valeo,
1991 2727 2079 2782 in-

479 2815 733 2871 ﬁrmitate
765 2822 1052 2888 gravatus,
1087 2823 1140 2870 et
1169 2815 1373 2888 gratias
1431 2815 1547 2870 Deo
1593 2815 1828 2870 termino
1851 2816 1965 2884 jam
1993 2815 2080 2871 vi-

479 2905 655 2972 cinus,
686 2911 876 2975 potero
905 2918 1219 2974 praecavere
1247 2919 1317 2958 ne
1355 2919 1386 2958 a
1419 2919 1742 2975 quocunque
1783 2903 2080 2960 sanctitatis

479 3001 674 3050 vestrae
701 2991 916 3048 animus
955 3007 1089 3065 erga
1121 3007 1208 3047 me
1264 2999 1568 3060 moveatur,
1618 3000 1678 3046 ut
1722 2991 1901 3064 aliqua
1947 2991 2079 3047 mihi

481 3080 972 3138 excommunicatio
1030 3079 1348 3135 intentetur.
1413 3081 1482 3135 Et
1529 3079 1658 3136 licet
1713 3079 1959 3135 noverim
1987 3096 2081 3135 se-

478 3170 710 3226 cundum
756 3168 1005 3240 Apostoli
1050 3169 1436 3241 Evangelium,
1497 3169 1838 3225 redditurum
1899 3167 2086 3224 Domi-

480 3275 610 3314 num
639 3257 932 3330 unicuique
963 3257 1270 3312 secundum
1315 3273 1494 3328 opera
1527 3258 1645 3326 ejus
1705 3259 1884 3328 (Rom.
1917 3273 1976 3323 n,
2011 3259 2088 3327 6),

479 3345 844 3404 testimonium
877 3344 1140 3400 reddente
1167 3343 1274 3398 illis
1330 3344 1680 3410 conscientia,
1725 3353 1779 3399 et
1831 3345 1972 3400 inter
2025 3361 2087 3400 se

481 3433 714 3490 invicem
741 3432 1132 3506 cogitationum
1197 3432 1570 3488 accusantium
1626 3439 1720 3487 aut
1771 3432 1935 3488 etiam
1989 3433 2085 3488 de-

479 3521 830 3587 fendentium,
861 3521 917 3576 in
943 3519 1034 3576 die
1067 3535 1182 3593 qua
1205 3519 1474 3590 judicabit
1503 3520 1714 3576 occulta
1743 3520 2025 3576 hominum
2067 3537 2081 3574 :

483 3619 538 3667 et
562 3618 620 3666 ut
649 3611 758 3666 Leo
788 3609 920 3665 dicit
964 3625 977 3664 ε
1014 3608 1071 3663 Si
1127 3607 1260 3682 quid
1290 3624 1392 3679 per
1450 3608 1759 3664 servitutem
1820 3617 2081 3676 nostram,

484 3698 738 3754 videlicet
765 3695 1181 3764 sacerdotalem,
1244 3695 1389 3752 bono
1446 3697 1636 3752 ordine
1681 3705 1734 3753 et
1763 3697 2086 3770 gratulando

481 3785 735 3858 impletur
761 3783 976 3851 aﬁ'ectu,
1009 3800 1118 3840 non
1143 3784 1486 3856 ambigamus
1518 3801 1618 3856 per
1649 3786 1908 3858 Spiritum
1956 3802 2085 3841 san-

481 3883 628 3932 ctum
646 3873 806 3928 nobis
833 3871 1005 3929 fuisse
1065 3872 1342 3939 donatum,
1401 3881 1454 3928 et
1510 3874 1656 3944 quod
1711 3889 1871 3930 secus
1899 3873 2084 3944 fuerit,

481 3971 663 4020 ratum
690 3976 813 4017 esse
842 3976 952 4017 non
980 3959 1176 4032 poterit
1207 3976 1221 4015 :
1270 3960 1450 4016 modis
1493 3960 1767 4028 omnibus,
1824 3970 2088 4034 quantum

481 4052 602 4124 ipse
629 4049 930 4117 donaverit,
961 4065 994 4104 a
1021 4064 1128 4121 quo
1160 4057 1242 4104 est
1297 4064 1459 4104 omne
1488 4049 1676 4104 datum
1729 4050 1994 4121 optimum
2034 4066 2089 4118 et

483 4155 648 4196 omne
666 4138 874 4194 donum
917 4137 1245 4208 perfectum,
1304 4137 1597 4208 providere
1647 4137 1897 4206 studebo,
1957 4155 2027 4194 ne
2055 4154 2091 4194 a

483 4227 868 4286 communione
897 4225 1045 4282 sedis
1068 4225 1398 4298 apostolicae,
1437 4227 1584 4298 quod
1641 4227 1803 4294 absit,
1847 4226 2090 4301 quolibet

481 4317 644 4374 modo
671 4324 945 4374 extorrem
973 4331 1062 4372 me
1090 4315 1311 4372 ultimus
1337 4315 1476 4383 dies,
1541 4315 1636 4386 qui
1673 4315 1806 4370 mihi
1849 4315 2087 4372 incertus

2111 3041 2160 3104 C

2177 1742 2411 1804 modum
2430 1751 2552 1817 erit,
2583 1751 2758 1807 donec
2788 1751 3086 1823 apostolica
3114 1759 3296 1808 vestra
3343 1753 3518 1822 jussio
3565 1771 3653 1810 me
3683 1754 3777 1808 in-

2176 1837 2518 1894 obedientem
2571 1839 2626 1894 in
2682 1839 2864 1912 aliquo
2919 1848 3110 1896 contra
3161 1841 3382 1915 regulas
3437 1858 3620 1898 sacras
3673 1859 3781 1914 per

2177 1933 2566 1997 contemptum,
2601 1929 2747 2000 quod
2776 1928 2936 1998 absit,
2971 1929 3254 1985 invenerit.
3298 1929 3402 1999 Qui
3433 1931 3576 1986 enim
3607 1947 3779 2002 quare

2177 2014 2442 2070 Dominus
2472 2015 2528 2069 in
2555 2016 2856 2088 Evangelio
2897 2018 3230 2074 centurionis
3279 2017 3444 2074 ﬁdem
3480 2019 3664 2075 laudet
3693 2019 3782 2074 di-

2177 2103 2349 2158 centis
2370 2121 2382 2156 :
2402 2105 2503 2160 Dic
2518 2105 2676 2162 verbo
2693 2109 2749 2162 et
2769 2107 3070 2162 sanabitur
3079 2123 3226 2180 puer
3239 2123 3397 2163 meus
3415 2108 3629 2177 (Matth.
3651 2123 3777 2174 vm,

2179 2191 2233 2262 8)
2289 2191 2564 2265 intelligit,
2599 2209 2764 2264 quam
2821 2195 3187 2265 Operatorium
3245 2195 3314 2250 sit
3370 2194 3632 2268 episcOpi,
3663 2195 3780 2252 imo

2179 2279 2318 2334 sicut
2347 2279 2403 2334 in
2422 2281 2589 2336 Paulo
2617 2282 2673 2337 in
2704 2298 2762 2338 se
2791 2283 3064 2354 loquentis
3095 2283 3315 2350 Christi,
3347 2292 3550 2356 quanto
3593 2285 3781 2358 magis

2178 2367 2450 2438 pontiﬁcis
2479 2371 2794 2441 apostolicae
2825 2372 2972 2427 sedis
3001 2372 3249 2440 verbum,
3309 2380 3362 2428 et
3415 2388 3580 2444 quam
3634 2373 3778 2428 obe-

2178 2457 2375 2512 dienda
2396 2457 2462 2514 sit
2489 2459 2660 2530 ipsius
2687 2461 2999 2532 praeceptio,
3034 2461 3197 2516 etiam
3227 2460 3346 2516 sine
3373 2460 3485 2516 ulla
3533 2461 3778 2517 admira-

2179 2545 2344 2601 tionis
2373 2548 2676 2618 adjectione
2728 2549 3028 2622 cognoscit.
3063 2548 3222 2618 Quod
3253 2557 3308 2604 et
3361 2549 3654 2606 scientibus
3685 2551 3781 2606 in-

2180 2641 2420 2706 culcare,
2456 2646 2509 2694 et
2527 2637 2898 2693 nescientibus
2927 2637 3181 2694 intimare
3212 2637 3550 2709 sapientibus
3603 2647 3657 2694 et
3682 2639 3779 2694 in-

2181 2712 2502 2800 sipientibus
2531 2726 2805 2782 debitores
2835 2725 3098 2781 debemus
3129 2726 3374 2798 episcopi
3405 2743 3418 2782 :
3471 2727 3668 2800 quibus
3727 2727 3778 2784 si

2180 2817 2249 2873 de
2277 2816 2490 2886 reliquo
2519 2814 2690 2870 verba
2714 2814 3021 2886 iniquorum
3050 2815 3435 2886 praevaluerint
3481 2817 3780 2872 adversum

2179 2921 2300 2970 nos,
2335 2903 2472 2958 sicut
2492 2902 2742 2972 jactitant
2769 2901 3132 2974 proferentes,
3163 2919 3274 2958 non
3305 2903 3408 2960 erit
3435 2919 3663 2960 necesse
3705 2905 3779 2961 de

2180 2991 2604 3065 provincialibus
2635 2990 2878 3062 synodis,
2911 2991 2966 3045 in
3013 2991 3209 3062 quibus
3239 2991 3504 3048 hactenus
3557 2992 3778 3048 labora-

2182 3081 2380 3146 vimus,
2412 3093 2750 3152 magnOpere
2779 3079 3029 3136 laborare
3072 3097 3086 3133 :
3120 3079 3319 3152 quippe
3357 3080 3612 3151 quoniam
3669 3081 3780 3136 erit

2181 3177 2234 3225 et
2261 3169 2348 3224 lex
2379 3176 2432 3224 et
2460 3183 2588 3239 spes
2618 3167 2722 3222 sibi
2745 3166 2996 3239 quisque.
3040 3165 3199 3236 Quod
3229 3167 3449 3238 quidem
3471 3177 3653 3224 vestra
3673 3169 3778 3225 hu-

2182 3256 2392 3312 militati
2418 3271 2555 3312 mea;
2603 3255 2818 3327 scripsit
2875 3255 3196 3326 sublimitas,
3237 3255 3417 3327 primo
3470 3273 3570 3313 vos
3623 3273 3774 3312 com-

2182 3355 2360 3402 motos
2391 3361 2515 3400 esse
2545 3345 2614 3400 ad
2643 3343 2876 3400 Rothadi
2906 3359 3127 3400 causam
3191 3343 3576 3416 inquirendam
3615 3362 3770 3414 cura,

2183 3451 2292 3506 qua
2322 3449 2420 3505 pro
2455 3433 2730 3488 universis
2781 3430 3010 3486 fratibus
3066 3431 3264 3488 vestris
3318 3433 3776 3508 constringimini,

2183 3539 2302 3578 cum
2331 3521 2514 3576 debita
2551 3519 2856 3576 reverentia
2897 3527 3173 3591 gratanter
3210 3522 3417 3594 accepi,
3465 3523 3779 3594 intelligens

2185 3611 2314 3683 quia
2367 3610 2424 3664 in
2465 3625 2694 3664 numero
2733 3608 2963 3663 fratrum
2991 3623 3091 3664 nos
3133 3609 3537 3684 qualescunque
3573 3619 3778 3668 metro-

2184 3698 2404 3772 politani
2437 3697 2740 3769 computari
2781 3697 3063 3754 debemus.
3113 3699 3194 3752 Ea
3221 3708 3462 3772 propter,
3522 3699 3658 3758 sicut
3688 3718 3784 3758 ve-

2185 3796 2312 3844 stra:
2334 3785 2648 3842 discretioni
2673 3786 3072 3858 providendum
3110 3794 3210 3855 est,
3270 3803 3340 3844 ne
3370 3789 3600 3859 subjecti
3653 3790 3778 3862 epi-

2187 3875 2338 3947 scopi
2365 3891 2400 3931 a
2425 3874 2854 3946 metropolitanis
2910 3873 3286 3948 irregulariter
3323 3877 3774 3950 condemnentur,

2184 3963 2258 4018 ita
2284 3963 2674 4020 nihilhominus
2701 3963 3098 4035 providendum
3145 3972 3246 4030 est,
3280 3973 3339 4020 ut
3369 3967 3779 4038 metropolitani

2185 4069 2218 4106 a
2247 4052 2478 4108 subditis
2506 4052 2619 4107 suis
2649 4051 2920 4124 episcopis
2950 4068 3061 4107 non
3102 4052 3474 4126 irregulariter
3529 4063 3781 4112 contem-

2188 4148 2403 4196 nantur.
2463 4139 2671 4196 Deinde
2701 4140 2846 4212 quod
2902 4139 3300 4212 perfectissime
3343 4141 3636 4214 scripsistis
3697 4160 3788 4200 se-

2185 4229 2387 4298 cundo,
2420 4229 2676 4302 quoniam
2725 4229 2914 4285 sedem
2969 4229 3326 4300 apostolicam
3355 4231 3638 4287 Rothadus
3676 4248 3784 4288 no-

2186 4317 2351 4376 scitur
2373 4319 2700 4392 appellasse,
2745 4325 2799 4374 et
2827 4333 2896 4372 ne
2926 4317 3220 4373 videamini
3271 4319 3535 4377 Ecclesia
3589 4328 3787 4378 vestrae

480 4413 584 4472 est,
617 4412 673 4461 et
719 4403 898 4460 subito
942 4403 1132 4460 venire
1189 4411 1386 4475 potest,
1445 4403 1704 4460 inveniat.
1736 4403 1852 4458 Erit
1909 4403 2073 4471 enim,
2105 4395 2586 4475 Dprivilegiorum
2642 4401 2962 4458 detrimenta
3019 4402 3210 4458 diebus
3267 4403 3462 4459 vestris
3529 4405 3783 4476 aequani-

479 4492 732 4568 quamvis
779 4490 984 4548 tardius
1029 4506 1194 4564 quam
1239 4506 1467 4547 necesse
1515 4490 1601 4558 sit,
1665 4491 1921 4564 quoniam
1975 4507 2082 4565 ego

483 4583 670 4656 gravis
698 4589 972 4655 peccator,
1006 4579 1162 4654 gravi
1189 4595 1414 4637 carcere
1443 4579 1690 4652 corporis
1709 4579 1803 4635 diu
1838 4579 2081 4636 inclusus

479 4677 688 4738 teneor,
717 4672 911 4728 merito
942 4669 998 4724 in
1049 4668 1232 4724 multis
1289 4667 1538 4736 afﬂictus,
1598 4667 2080 4740 providentissime

483 4758 715 4814 Domino
745 4759 1083 4830 providente,
1113 4765 1168 4814 et
1196 4765 1411 4830 tempus
1441 4765 1494 4814 et
1549 4773 1786 4830 persona
1813 4757 1870 4812 in
1925 4758 2078 4814 Rhe-

482 4862 693 4903 morum
721 4847 984 4914 Ecclesia,
1045 4847 1266 4921 quando
1323 4854 1376 4904 et
1402 4846 1458 4902 in
1516 4863 1624 4920 qua
1659 4847 1728 4902 ab
1783 4846 2080 4919 apostolica

481 4933 798 4992 auctoritate
825 4935 1171 5006 privilegium
1226 4936 1554 5008 integratum
1601 4936 1706 4993 sibi
1735 4953 1803 4992 ex
1857 4936 2080 5010 antiqua

482 5023 872 5081 consuetudine
919 5023 1174 5079 collatum
1202 5033 1256 5080 et
1304 5033 1691 5082 conservatum
1742 5024 2076 5082 habebitur:

482 5129 604 5186 quae
631 5127 910 5184 nunquam
939 5118 1165 5183 excepto
1219 5114 1468 5170 Romano
1510 5112 1764 5186 pontifice
1793 5114 2078 5186 primatem

482 5200 686 5271 habuit,
717 5201 822 5256 nisi
851 5200 1091 5273 quandiu
1119 5201 1294 5270 ejecto
1325 5203 1440 5259 sine
1469 5203 1581 5259 ullo
1631 5203 1858 5260 crimine
1915 5203 1987 5258 ab
2015 5218 2080 5258 ea

485 5305 584 5348 suo
629 5288 884 5361 pontiﬁce
947 5289 1247 5361 Rigoberto
1305 5290 1563 5348 violentia
1591 5293 1810 5366 tyranni
1863 5290 2098 5372 Milonis

491 5387 736 5450 tempore
769 5377 950 5436 Caroli
979 5377 1238 5452 principis
1267 5387 1483 5451 pastore
1531 5395 1746 5448 vacans,
1801 5378 2078 5437 Bonifacio

487 5467 800 5540 apostolicae
848 5467 995 5526 sedis
1024 5468 1207 5540 legato
1227 5467 1563 5540 aliquandiu,
1588 5470 1724 5527 sicut
1755 5479 1807 5525 et
1833 5467 2080 5526 Ecclesia

2183 4492 2343 4548 miter
2371 4491 2628 4557 tolerare,
2689 4498 2744 4546 et
2770 4491 2876 4547 hoc
2930 4490 3282 4548 nihilominus
3339 4509 3370 4546 a
3398 4492 3558 4548 nobis
3605 4502 3660 4548 et
3712 4493 3784 4549 ab

2181 4579 2434 4636 omnibus
2481 4586 2564 4635 est
2618 4579 2923 4636 rectissime
2981 4580 3412 4654 suscipiendum,
3473 4589 3526 4637 et
3599 4582 3784 4638 soler-

2181 4669 2391 4724 tissime
2440 4669 2898 4725 conservandum.
2960 4667 3119 4737 Quod
3147 4677 3200 4726 et
3255 4685 3362 4744 ego
3421 4685 3524 4741 pro
3551 4670 3780 4728 modulo

2179 4773 2324 4824 meo,
2357 4757 2689 4815 servandum
2719 4773 2842 4814 esse
2867 4757 3016 4814 volui
3045 4765 3099 4814 et
3129 4757 3270 4829 volo,
3305 4765 3376 4826 et,
3411 4757 3627 4816 favente
3669 4761 3784 4816 Do-

2179 4847 2345 4914 mino,
2375 4845 2432 4901 in
2459 4847 2565 4903 hac
2595 4845 2884 4902 devotione
2911 4847 3166 4914 manebo,
3214 4847 3394 4904 sciens
3433 4848 3781 4922 privilegium

2179 4934 2608 5006 metropolitanae
2637 4934 2783 4990 sedis
2834 4934 3184 5004 Rhemorum,
3233 4935 3319 4992 cui
3367 4953 3455 4992 me
3483 4937 3668 4994 divina
3697 4937 3784 4994 di-

2180 5023 2364 5096 gnatio
2392 5023 2594 5081 servire
2623 5023 2910 5094 disposuit,
2941 5025 2996 5080 in
3055 5041 3266 5082 summo
3310 5025 3599 5098 privilegio
3653 5041 3783 5082 san-

2181 5120 2280 5170 ctae
2322 5113 2470 5169 sedis
2525 5113 2803 5183 Romanae,
2849 5129 3094 5180 manere,
3155 5121 3208 5170 et
3263 5113 3610 5188 privilegium
3656 5131 3782 5172 esse

2181 5201 2327 5258 sedis
2356 5201 2630 5270 Romanae,
2691 5200 2739 5256 si
2765 5217 2866 5258 sua
2905 5199 3222 5259 auctoritate
3281 5202 3628 5277 privilegium
3677 5203 3786 5260 sibi

2179 5291 2442 5360 subjectae
2489 5289 2636 5347 sedis
2690 5291 2880 5348 fecerit
2927 5291 3136 5364 vigere,
3199 5299 3252 5348 et
3283 5292 3547 5350 studuerit
3589 5291 3784 5350 conﬁr-

2179 5395 2358 5437 mare.

2255 5471 2341 5524 De
2373 5484 2439 5525 eo
2471 5485 2604 5527 vero
2637 5471 2783 5544 quod
2812 5469 2995 5552 tertio
3025 5471 3146 5526 loco
3177 5472 3242 5527 ad
3270 5472 3510 5552 medium
3540 5473 3781 5531 devoca-
