4026 6354
168 323 220 374 ti
1618 306 1994 370 EPISTOLzE.
3393 311 3462 370 42

165 443 268 508 stis,
301 441 552 498 scribere
575 440 726 497 aliud
759 440 892 496 nihil
916 440 1263 512 praesumpsi,
1296 439 1400 494 nisi
1437 438 1564 512 quia
1595 438 1838 498 causaA
1865 438 1992 492 inde
2037 437 2183 508 apud
2210 437 2472 492 domuum
2513 444 2756 491 nostrum
2801 452 2992 509 regem
3033 436 3366 506 adjuvarem,
3405 445 3462 492 ut

165 530 380 588 Rothadi
408 547 444 586 a
474 530 658 586 causis
697 530 934 596 illorum,
959 530 1028 586 de
1065 529 1263 601 quibus
1308 528 1631 600 scripsistis,
1680 536 1765 583 est

168 637 292 692 pene
317 621 374 674 in
402 619 617 676 cunctis
645 619 946 674 dissimilis.
981 620 1062 674 De
1089 634 1156 674 eo
1187 619 1334 690 quod
1365 619 1586 674 tandem
1625 632 1764 688 apo-

171 709 342 765 stolica
385 717 573 764 vestra
620 707 928 782 benignitas
976 707 1286 779 indignitati
1326 724 1464 762 meae
1516 707 1764 762 scribere

171 798 506 869 estdignata,
527 805 590 851 ut
614 799 735 853 haec
774 797 1059 853 vobiscum
1105 795 1362 868 cogitem,
1387 805 1438 851 et
1497 795 1643 868 quod
1697 795 1765 850 de

172 887 406 943 Rothado
435 885 733 942 decernitis
763 886 1085 957 approbem,
1118 892 1170 940 et
1198 901 1309 940 non
1351 885 1423 939 ad
1463 884 1572 940 mei
1620 884 1763 953 inju-

171 976 292 1031 riam
317 976 375 1030 id
405 991 507 1031 vos
565 975 749 1048 egisse
805 973 1199 1046 aliquantulum
1227 981 1503 1029 autumem
1536 991 1549 1027 :
1585 988 1763 1044 quan-

173 1073 275 1120 tum
305 1064 460 1120 valeo
491 1063 619 1119 totis
655 1063 910 1119 medullis
959 1063 1160 1130 cordis,
1207 1078 1330 1119 cum
1365 1061 1516 1118 omni
1559 1061 1764 1133 suppli-

172 1153 374 1210 catione
405 1161 459 1208 et
489 1153 676 1208 debita
703 1168 770 1208 ac
791 1151 1064 1207 submissa
1113 1151 1434 1218 humilitate,
1468 1151 1766 1206 immensas

172 1243 460 1314 gratiarum
476 1241 724 1297 actiones
742 1249 930 1297 sancto
950 1240 1275 1312 apostolatui
1295 1247 1478 1295 vestro
1497 1239 1762 1310 rependo,

176 1347 289 1386 cum
319 1330 473 1386 omni
517 1329 827 1384 sinceritate
871 1329 1039 1384 animi
1084 1329 1416 1395 rescribens,
1467 1327 1596 1400 quia
1628 1327 1768 1382 sicut

174 1419 293 1474 mihi
321 1419 569 1474 scribere
601 1417 810 1491 dignati
842 1417 991 1483 estis,
1018 1417 1094 1472 ita
1122 1433 1222 1487 per
1259 1416 1443 1471 omnia
1469 1415 1656 1471 credo.
1699 1416 1767 1470 Et

171 1508 284 1580 quia
327 1506 681 1579 privilegium
713 1506 881 1561 vestri
912 1505 1111 1560 summi
1140 1503 1506 1576 pontiﬁcatus,
1539 1512 1599 1558 ut
1627 1519 1764 1560 con-

170 1597 316 1652 decet
357 1603 413 1650 et
455 1611 651 1652 omnes
678 1595 1076 1660 desideramus,
1119 1592 1480 1649 evindicatum
1525 1592 1760 1658 habetis,

174 1685 308 1757 quod
355 1700 524 1740 nemo
581 1692 827 1740 nostrum
867 1682 1281 1748 contradixerat,
1332 1681 1389 1736 in
1443 1681 1768 1736 deductione

173 1772 398 1829 Rothadi
419 1772 580 1828 sicuti
609 1771 947 1843 praecepistis
979 1772 1061 1860 ad?
1095 1779 1328 1826 vestram
1375 1769 1721 1842 praesentiam
1753 1811 1766 1836 ,
1785 1799 1840 1860 B

173 1871 224 1918 ut
248 1862 558 1934 perdonare
587 1860 800 1932 dignati
828 1859 979 1927 estis,
1011 1859 1202 1914 videre
1219 1857 1506 1924 desidero,
1536 1866 1590 1914 et
1618 1859 1771 1914 visu-

173 1968 281 2006 rum
309 1967 400 2006 me
431 1967 558 2007 esse
586 1947 824 2018 confido,
857 1949 986 2022 quia
1013 1965 1124 2004 non
1168 1947 1318 2003 aliud
1362 1947 1469 2002 nisi
1506 1956 1565 2002 ut
1610 1962 1777 2018 supra

174 2040 491 2106 monstravi,
526 2039 673 2111 quod
705 2039 911 2110 regulae
941 2053 1114 2094 sacrae
1142 2037 1495 2109 praecipiunt,
1557 2043 1610 2092 et
1641 2035 1776 2091 mihi

173 2128 488 2201 petendum,
513 2135 567 2182 et
597 2127 755 2182 vobis
787 2127 1200 2183 concedendum
1231 2133 1332 2181 est.
1363 2125 1586 2181 Postulo
1614 2125 1774 2181 vide-

166 2217 314 2284 licet,
343 2225 405 2272 ut
433 2217 514 2272 sic
541 2215 792 2272 Rothado
820 2215 888 2270 ab
920 2215 1236 2271 auctoritate
1256 2222 1442 2270 vestra
1467 2214 1774 2285 compassio

174 2307 509 2372 exhibeatur,
569 2313 630 2360 ut
687 2303 846 2376 vigor
893 2303 1293 2360 ecclesiasticus
1339 2319 1452 2358 non
1497 2303 1772 2358 dissolva-

169 2403 256 2450 tur
287 2414 300 2448 :
335 2402 389 2450 et
423 2393 504 2449 sic
537 2393 694 2464 vigor
741 2391 1151 2449 ecclesiasticus
1175 2399 1550 2459 conservetur,
1581 2399 1639 2446 ut
1671 2391 1772 2447 de-

172 2484 282 2539 bita
325 2481 712 2538 misericordia
741 2490 795 2537 et
840 2481 1149 2538 necessaria
1187 2480 1511 2536 sufficientia
1557 2481 1607 2535 ei
1663 2496 1775 2535 non

173 2573 491 2642 denegetur.
518 2569 802 2640 Quatenus
831 2574 934 2626 'nec
953 2570 1123 2641 ipsius
1140 2569 1389 2640 exemplo
1405 2569 1476 2624 ad
1498 2569 1772 2624 exceden-

173 2656 296 2712 dum
324 2655 424 2711 alii
449 2661 838 2727 provocentur,
865 2669 970 2710 nec
1000 2653 1196 2725 quibus
1216 2653 1272 2707 in
1296 2653 1414 2706 istis
1431 2652 1770 2725 regionibus,

173 2745 389 2817 longius
409 2744 480 2798 ab
510 2743 814 2816 apostolica
856 2743 988 2798 sede
1017 2741 1258 2806 remotis,
1301 2757 1546 2796 censurae
1589 2740 1772 2796 eccle-

173 2833 399 2889 siasticae
429 2832 736 2888 moderatio
767 2837 849 2887 est
881 2830 1194 2897 commissa,
1227 2830 1372 2898 hinc,
1407 2830 1553 2902 quod
1609 2829 1770 2896 absit,

175 2921 533 2993 conspiciant,
561 2921 711 2977 unde
766 2927 857 2974 aut
902 2919 1266 2992 negligentia,
1301 2925 1390 2973 aut
1419 2917 1772 2974 dissolutione

174 3019 500 3082 tepescant,
562 3009 651 3065 vel
709 3009 972 3064 terminos
1029 3024 1166 3080 quos
1221 3014 1518 3062 statuerunt
1585 3015 1773 3078 patres

175 3097 614 3171 transgrediendi
657 3097 942 3158 materiem
990 3114 1049 3152 se
1096 3112 1314 3152 sumere
1355 3112 1520 3167 posse
1565 3096 1768 3162 dicant,

1865 527 2124 598 quoniam
2149 525 2469 598 pradictum
2498 525 2774 580 hominem
2803 524 2859 578 in
2880 540 2980 580 sua
3010 524 3115 580 ﬁde
3143 532 3459 597 acceperat,

1863 615 2071 670 nullum
2095 614 2298 670 malum
2352 613 2599 670 haberet.
2675 611 2774 669 Cui
2820 613 3096 684 respondi,
3147 621 3208 668 ut
3253 620 3466 670 teneret

1863 704 2044 776 ipsum
2085 703 2364 760 hominem
2410 719 2617 772 secum,
2665 719 2734 758 ne
2782 701 2999 758 interim
3042 701 3212 757 ullum
3256 703 3458 758 malum

1863 800 2156 864 pateretur,
2188 793 2364 848 donec
2393 793 2464 848 ad
2509 799 2720 848 cortem
2769 791 3031 860 redirem,
3083 798 3138 847 et
3200 799 3463 863 quantum

1864 897 2085 953 possem
2111 883 2238 937 inde
2259 882 2414 936 illum
2444 883 2701 952 adjuvare
2745 897 3015 938 curarem.
3066 882 3254 952 Ipsum
3284 888 3465 936 autem

1863 971 2140 1026 hominem
2169 987 2273 1027 nec
2303 978 2432 1027 tunc
2461 987 2565 1027 nec
2592 979 2784 1043 postea
2808 970 2940 1038 vidi,
2973 986 3076 1026 nec
3113 985 3223 1042 quo
3241 970 3465 1026 absces-

1865 1060 1999 1114 serit
2029 1076 2154 1116 cum
2193 1059 2468 1131 episcopis
2497 1059 2710 1116 audivi.

1937 1147 2072 1218 Quae
2099 1148 2304 1204 idcirco
2335 1148 2606 1204 sanctitati
2633 1155 2832 1204 vestrae
2877 1147 3120 1204 scribere
3163 1147 3364 1216 studui,
3406 1156 3466 1204 ut

1866 1237 1913 1292 si
1958 1237 2154 1309 aliquis
2193 1237 2575 1292 malivolorum
2621 1245 2929 1293 nostrorum
2956 1253 3112 1293 more
3150 1254 3250 1293 suo
3304 1237 3496 1301 vobis,

1867 1327 2128 1397 quiddam
2155 1326 2356 1381 sinistri
2400 1343 2467 1381 ex
2514 1327 2639 1393 hoc,
2687 1342 2990 1398 suggerere
3029 1326 3282 1393 voluerit,
3331 1325 3464 1398 quid

1865 1413 1992 1470 inde
2019 1431 2212 1470 verum
2241 1415 2312 1469 sit
2357 1415 2720 1488 cognoscatis,
2781 1422 2834 1470 et
2890 1431 3023 1488 erga
3076 1432 3166 1471 me
3222 1423 3466 1471 vestrum

1867 1502 2108 1558 animum
2161 1519 2271 1558 non
2329 1504 2615 1560 moveatis.
2663 1502 2952 1558 Rationem
2995 1503 3251 1576 denique,
3299 1519 3468 1575 quam

1867 1591 2083 1647 reddidi
2113 1608 2301 1648 coram
2321 1591 2508 1648 electis
2532 1591 2825 1661 judicibus,
2858 1592 2926 1647 de
2956 1592 3152 1663 quibus
3180 1607 3282 1663 per
3309 1591 3469 1647 libel-

1867 1681 1980 1735 lum
2007 1681 2412 1752 provocationis
2441 1681 2512 1735 ad
2542 1680 2842 1736 electorum
2882 1681 3146 1750 judicium
3190 1681 3405 1737 fueram
3437 1697 3470 1736 a

1869 1771 2116 1825 Rothado
2144 1769 2438 1840 impetitus,
2471 1769 2577 1840 ipsi
2607 1769 2945 1826 venerabiles
2965 1769 3238 1841 episcopis
3271 1777 3470 1826 vestrae

1873 1857 2177 1914 auctoritati
2204 1858 2589 1913 transmittunt.
2621 1858 2704 1913 De
2746 1857 2918 1930 gestis
2960 1873 3096 1914 vero
3137 1874 3170 1913 a
3217 1858 3466 1914 Rothado

1872 1954 1996 2019 post
2049 1947 2661 2003 excommunicationem
2693 1963 2848 2002 suam
2880 1945 2936 2001 in
2976 1945 3308 2020 provinciali
3347 1962 3472 2019 syn-

1873 2037 1980 2092 odo
2008 2035 2330 2108 compilatis,
2389 2048 2511 2108 quae
2565 2052 2667 2106 per
2711 2035 2920 2091 vicinos
2976 2043 3192 2092 nostros
3245 2036 3314 2091 ad
3371 2050 3472 2092 vos

1874 2125 1932 2180 in
1985 2125 2399 2197 derogationem
2453 2132 2701 2181 nostram
2747 2125 3070 2196 pervenisse
3121 2123 3428 2182 audivimus
3451 2168 3464 2192 ,

1874 2213 2117 2286 episcopi
2145 2215 2478 2270 Rhemorum
2492 2213 2787 2284 provinciae
2805 2230 2905 2284 per
2919 2229 3237 2270 communes
3253 2213 3467 2286 legatos

1873 2311 2093 2359 nostros
2123 2311 2316 2360 vestrae
2347 2302 2616 2358 sanctitati
2653 2319 2777 2376 quae
2805 2301 2984 2359 sciunt
3015 2302 3264 2358 intimare
3307 2317 3468 2360 cura-

1872 2399 2019 2446 runt.

1944 2482 2086 2537 Item
2111 2487 2244 2554 post
2271 2482 2571 2553 aliquanta
2599 2481 2667 2537 de
2691 2483 3043 2554 promotione
3070 2482 3249 2554 ipsius
3277 2480 3474 2538 damni

1873 2571 2167 2626 Hincmari
2179 2571 2252 2626 ad
2271 2571 2677 2643 episcopatum,
2700 2587 2822 2642 quae
2831 2573 2958 2643 jam
2978 2569 3238 2642 superius
3249 2571 3470 2642 partim

1871 2662 2188 2731 praenotata
2217 2675 2334 2715 non
2387 2661 2714 2715 curavimus
2753 2659 2848 2714 hic
2886 2659 3172 2714 iterando.
3221 2657 3472 2730 Denique

1869 2745 2100 2817 prmfato
2120 2747 2311 2802 Ebone
2338 2745 2631 2815 defuncto,
2663 2745 2918 2802 Ecclesia
2963 2745 3064 2802 sed
3109 2753 3166 2800 et
3205 2744 3474 2818 parochia

1873 2843 2086 2902 nostra,
2117 2837 2418 2892 secundum
2447 2834 2900 2892 consuetudinem
2929 2851 3095 2908 quam
3141 2851 3208 2890 ex
3247 2834 3470 2908 antiquo

1872 2923 2060 2980 habuit
2113 2925 2276 2980 etiam
2317 2924 2387 2980 de
2440 2924 2526 2978 his
2572 2923 2846 2996 episcOpis
2902 2923 2996 2996 qui
3039 2924 3097 2978 in
3151 2923 3471 2996 episcopatu

1863 3029 2036 3084 usque
2065 3014 2134 3067 ad
2165 3013 2374 3068 obitum
2401 3012 2458 3066 in
2489 3013 2684 3068 eadem
2703 3011 2957 3068 Ecclesia
3002 3027 3113 3068 non
3141 3027 3470 3084 permanse--

1882 3109 2028 3171 runt,
2075 3101 2248 3172 ipsius
2292 3117 2492 3156 nomen
2538 3101 2681 3156 inter
2727 3107 3082 3156 sacrosancta
3120 3099 3380 3172 mysteria
3424 3099 3480 3154 in

176 3205 327 3260 quos,
362 3189 506 3244 sicut
534 3187 921 3252 intelleximus,
955 3202 1056 3242 nos
1087 3187 1346 3241 hactenus
1389 3200 1638 3240 servasse
1667 3202 1774 3256 pu-
1807 3159 1856 3222 Ο
1883 3190 2268 3262 episcoporum
2315 3189 2564 3262 catalogo
2604 3188 2834 3245 recitare
2882 3187 3096 3262 pietatis
3143 3188 3319 3260 gratia
3357 3203 3475 3244 coe-

175 3287 363 3333 tamus.
413 3278 524 3332 Vos
583 3275 840 3332 videbitis
885 3275 1017 3346 quid
1065 3274 1192 3330 inde
1235 3273 1380 3330 facto
1427 3274 1622 3329 melius
1650 3272 1771 3344 erit,

175 3376 222 3421 et
251 3365 411 3423 nobis
441 3365 495 3420 in
521 3364 732 3434 judicio
755 3371 940 3420 vestro
983 3363 1279 3420 videndum
1317 3370 1401 3418 est
1447 3362 1578 3434 quid
1626 3363 1776 3418 Deus

173 3456 294 3511 velit
327 3453 629 3527 :quoniam
656 3453 856 3522 injusta
875 3469 999 3508 esse
1037 3469 1146 3508 non
1177 3459 1433 3524 poterunt
1461 3451 1646 3507 divina
1682 3451 1775 3521 ju-

176 3545 332 3612 dicia,
365 3560 490 3616 quae
519 3560 555 3598 a
584 3542 858 3598 soliditate
901 3541 1260 3598 confessionis
1313 3540 1626 3612 apostolica:
1673 3555 1776 3612 pe-

175 3641 284 3700 trae,
317 3633 589 3689 adversus
619 3647 784 3704 quam
811 3630 972 3686 inferi
1000 3639 1188 3702 portae,
1234 3629 1290 3684 id
1339 3636 1422 3685 est
1459 3629 1775 3702 suggestio-

178 3738 270 3778 nes
299 3722 389 3778 vel
428 3719 784 3794 Operationes
816 3736 1016 3792 pravae,
1065 3735 1176 3775 non
1213 3717 1612 3791 praevalebunt,
1665 3717 1781 3773 dic-

173 3819 313 3866 tante
325 3811 542 3881 justitia
571 3808 940 3882 proferentur.

243 3899 555 3972 Epistolam
585 3939 600 3968 ,
661 3914 819 3969 quam
876 3897 1010 3952 mihi
1055 3897 1352 3954 auctoritas
1416 3903 1601 3952 vestra
1655 3911 1780 3952 cum

177 3989 541 4044 obtestatione
587 3985 849 4059 praecepit
903 3986 1151 4042 Rothado
1209 3985 1452 4056 dirigere
1474 4029 1489 4054 ,
1545 3984 1781 4040 domnus

179 4087 362 4133 noster
389 4093 511 4148 rex,
547 4075 694 4130 ﬁlius
721 4082 924 4144 vester,
957 4091 1083 4130 mox
1111 4083 1169 4130 ut
1199 4075 1268 4130 ad
1297 4090 1422 4129 eum
1449 4073 1630 4142 venit,
1679 4090 1782 4144 per

179 4167 426 4222 abbatem
467 4181 628 4222 suum
685 4163 936 4220 Rothado
977 4163 1196 4219 direxit.
1254 4161 1516 4218 Rodulfus
1565 4176 1781 4234 quoque

182 4256 421 4324 ejusdem
467 4253 568 4309 filii
597 4253 766 4310 vestri
813 4253 1000 4308 domni
1045 4251 1216 4309 nostri
1271 4251 1420 4324 regis
1459 4250 1776 4319 avunculus,

183 4345 330 4400 tertio
360 4343 494 4400 Idus
522 4359 672 4398 nunc
699 4341 872 4412 elapsi
903 4341 1108 4396 mensis
1137 4339 1454 4396 Decembris
1509 4355 1542 4393 a
1596 4339 1781 4394 Ludo-

183 4431 262 4488 vic
288 4431 610 4488 Germaniae
626 4446 760 4502 rege
789 4437 1092 4500 revertens,
1121 4446 1246 4486 cum
1287 4427 1444 4484 valde
1491 4427 1710 4498 vesperi
1750 4443 1782 4480 a

1876 3279 1972 3350 pit,
2005 3287 2058 3333 et
2085 3279 2351 3334 hactenus
2381 3277 2531 3334 facit.
2565 3276 2725 3345 Quod
2756 3294 2880 3351 ego,
2937 3293 3007 3332 ne
3042 3276 3476 3334 scandalizarem

1877 3369 2125 3438 devotos,
2189 3367 2348 3439 quasi
2395 3366 2646 3423 invidens
2703 3365 2866 3422 saluti
2921 3365 3196 3434 fraternae,
3241 3365 3478 3421 maxime

1878 3465 2061 3512 autem
2091 3455 2420 3529 quiescentis
2449 3455 2506 3510 in
2536 3455 2770 3512 Domino
2812 3454 3028 3522 animae,
3081 3455 3174 3526 qui
3219 3470 3330 3510 non
3372 3470 3477 3527 pro

1878 3545 2273 3602 exorbitatione
2303 3561 2334 3598 a
2354 3543 2639 3602 catholicae
2691 3543 2820 3600 ﬁdei
2872 3543 3102 3600 sanitate
3149 3545 3474 3598 anathema-

1878 3643 1985 3702 tus,
2019 3635 2118 3692 sed
2149 3650 2246 3689 sua
2277 3632 2608 3690 conscientia
2637 3631 2948 3688 stimulante
2979 3632 3216 3704 primum
3243 3632 3479 3704 aseipso

1879 3732 1932 3779 et
1961 3731 2152 3796 postea
2181 3739 2211 3777 a
2239 3723 2471 3794 synodo,
2497 3723 2596 3777 sed
2637 3729 2692 3778 et
2725 3721 3029 3793 apostolica
3071 3722 3204 3777 sede
3247 3721 3478 3776 damna-

1875 3821 1964 3868 tus
2020 3810 2241 3878 exstitit,
2293 3811 2397 3867 hoc
2454 3810 2749 3882 prohibere
2807 3809 2924 3866 sine
2968 3809 3284 3882 apostolicae
3331 3809 3480 3866 sedis

1879 3901 2201 3958 auctoritate
2248 3883 2607 3973 nequaquam'
2637 3898 2983 3971 praesumpsi,
3043 3899 3259 3955 dicente
3313 3899 3476 3956 beato

1880 3990 2171 4047 Caelestino
2199 4004 2363 4061 papa,
2399 3989 2528 4062 quia
2573 3988 2730 4044 nefas
2760 3996 2844 4044 est
2872 3989 2990 4044 haec
3034 3988 3144 4060 pati
3190 3987 3484 4062 religiosas

1880 4079 2110 4147 animas,
2146 4073 2376 4150 quarum
2395 4077 2702 4148 afﬂictione,
2727 4077 2821 4150 qui
2848 4077 3095 4133 membra
3124 4085 3312 4133 nostra
3331 4085 3477 4144 sunt,

1879 4184 1982 4224 nos
2012 4184 2231 4240 quoque
2261 4166 2518 4224 convenit
2536 4167 2827 4222 macerari.
2859 4167 3018 4222 Nunc
3044 4173 3229 4220 autem
3275 4165 3333 4219 in
3363 4165 3480 4236 epi-

1881 4256 2032 4312 stolis
2061 4254 2361 4312 sanctitatis
2393 4263 2615 4324 vestree,
2647 4269 2786 4325 quas
2815 4253 3187 4326 Engeluvinus
3215 4253 3482 4308 diaconus

1879 4344 2039 4401 nobis
2059 4343 2256 4411 attulit,
2288 4342 2596 4400 invenimus
2626 4349 2684 4396 ut
2719 4340 3096 4415 Teotgaudum
3124 4348 3178 4397 et
3226 4340 3480 4396 Gunthe-

1882 4434 2026 4490 rium
2052 4433 2106 4488 in
2137 4431 2388 4505 catalogo
2445 4430 2832 4504 episcoporum
2877 4446 2989 4486 non
3031 4429 3380 4502 recipiamus.
3413 4431 3483 4486 Et

185 4529 328 4577 corte
358 4521 515 4594 regis
541 4519 719 4576 nostri
747 4519 820 4575 ad
861 4519 1176 4574 mansiones
1213 4524 1428 4574 nostras
1463 4532 1630 4588 super
1671 4515 1778 4571 ﬂu-
1805 4517 1864 4582 D
1885 4523 2280 4580 Antiochenum
2339 4520 2648 4592 concilium,
2683 4528 2742 4576 ut
2783 4519 3168 4592 praemisimus,
3204 4527 3258 4575 et
3285 4519 3483 4575 melius

186 4608 322 4665 vium
351 4609 612 4682 Ligerim,
659 4624 818 4664 secus
848 4607 1139 4664 confinium
1182 4606 1338 4680 regni
1367 4605 1671 4678 Aquitania:
1707 4603 1780 4662 fe-

189 4698 435 4755 stinarem
467 4742 482 4766 ,
544 4697 695 4752 misit
741 4697 812 4752 ad
876 4713 966 4753 me
1011 4695 1288 4752 hominem
1347 4712 1504 4750 suum
1561 4693 1783 4750 nomine

190 4786 496 4855 Rodulfum,
547 4786 820 4841 mandans
863 4785 994 4858 quia
1038 4783 1300 4857 praefatus
1357 4801 1453 4840 rex
1478 4783 1784 4840 Ludovicus

191 4877 472 4946 quemdam
525 4874 809 4931 hominem
835 4873 1089 4941 Rothadi,
1141 4890 1265 4929 cum
1305 4871 1551 4945 epistolis
1589 4881 1786 4928 vestrae

193 4965 502 5035 sanctitatis,
535 4963 726 5020 manui
753 4971 807 5019 et
836 4961 965 5019 ﬁdei
1021 4979 1135 5018 suae
1181 4961 1469 5029 commisit,
1517 4969 1786 5034 quatenus

190 5051 264 5107 ita
309 5053 656 5126 praesentiam
723 5051 910 5108 domni
988 5050 1163 5107 nostri
1219 5051 1370 5124 regis
1427 5049 1608 5106 Caroli
1663 5065 1788 5106 cum

193 5140 390 5198 eisdem
409 5141 691 5214 episcopis
721 5157 846 5197 eum
871 5140 1214 5214 perduceret,
1245 5147 1306 5194 ut
1345 5139 1553 5196 nullum
1581 5139 1788 5194 malum

195 5229 246 5284 ei
277 5230 517 5288 inferret.
547 5232 648 5286 Est
699 5230 845 5285 enim
891 5229 1034 5301 apud
1089 5229 1353 5284 domuum
1410 5236 1652 5284 nostrum
1697 5243 1790 5284 re-

195 5333 314 5389 gem
342 5320 485 5376 idem
516 5321 687 5375 homo
732 5326 1038 5386 accusatus,
1084 5318 1230 5390 quod
1271 5317 1547 5372 fraudatus
1590 5317 1660 5372 sit
1699 5333 1792 5373 res

195 5413 248 5460 et
297 5409 608 5466 thesaurum
664 5407 929 5464 Ecclesiae
954 5449 968 5476 ,
1027 5415 1081 5462 et
1127 5413 1253 5478 post
1308 5406 1606 5477 perjurium
1665 5405 1792 5460 inde

195 5499 557 5566 commissum,
590 5497 722 5569 fuga
753 5497 938 5568 lapsus
969 5497 1038 5551 ad
1058 5495 1394 5552 Ludovicum
1424 5512 1614 5568 regem
1657 5512 1792 5567 pcr—

200 5588 412 5644 rexerit.
453 5587 612 5644 Unde
671 5585 817 5642 idem
877 5585 1144 5642 Rodulfus
1200 5584 1354 5656 petiit
1384 5591 1440 5640 ut
1500 5600 1604 5656 ego
1642 5585 1795 5640 illum

537 5716 782 5772 PATBOL.
819 5713 1062 5790 CXXVI.

1879 4611 1984 4685 ipsi
2011 4611 2181 4681 scitis,
2214 4611 2284 4666 de
2314 4627 2380 4666 eo
2400 4610 2494 4682 qui
2523 4617 2650 4682 post
2685 4609 3090 4666 damnationem
3130 4609 3284 4676 juxta
3329 4623 3472 4678 pra-

1881 4702 2167 4758 cedentem
2200 4697 2652 4756 consuetudinem
2689 4698 3001 4772 episc0pale
3055 4695 3335 4767 praesumit
3367 4696 3480 4752 mi-

1880 4790 2184 4857 nisterium,
2215 4789 2362 4862 quod
2409 4789 2657 4845 Ebonem
2697 4787 2896 4844 fecisse
2937 4801 3050 4842 non
3091 4785 3315 4842 dubium
3375 4794 3479 4855 est,

1881 4879 2189 4936 rescribere
2218 4879 2352 4933 mihi
2381 4877 2636 4952 dignetur
2682 4875 2982 4948 apostolica
3013 4881 3199 4932 vestra
3241 4875 3484 4934 auctori-

1883 4977 1985 5040 tas,
2016 4975 2200 5024 utrum
2230 4967 2486 5024 eumdem
2513 4967 2760 5023 Ebonem
2787 4963 2932 5020 inter
2985 4964 3274 5038 episcopos
3303 4966 3360 5020 in
3389 4980 3487 5021 sa-

1886 5053 1996 5110 cris
2025 5051 2259 5125 dypticis
2287 5051 2344 5108 in
2389 5049 2648 5108 Ecclesia
2701 5055 2891 5104 nostra
2919 5049 3208 5106 nominare
3253 5049 3487 5122 permit-

1886 5150 2018 5213 tam,
2050 5157 2122 5198 an
2150 5159 2219 5198 ne
2249 5142 2318 5197 de
2351 5149 2551 5198 caetero
2579 5139 2636 5192 in
2665 5136 3054 5210 episcoporum
3085 5139 3339 5213 catalogo
3380 5153 3486 5195 no-

1889 5231 2124 5288 minetur
2151 5230 2439 5302 prohibere
2460 5229 2693 5283 debeam
2721 5243 2736 5281 :
2771 5236 3042 5300 quatenus
3069 5235 3248 5286 vestra
3291 5235 3487 5284 aucto-

1891 5321 2048 5377 ritate
2077 5320 2262 5390 fultus,
2299 5317 2429 5390 quid
2456 5317 2512 5371 in
2540 5324 2730 5372 nostra
2761 5317 3014 5374 Ecclesia
3042 5317 3172 5372 inde
3200 5316 3272 5372 sit
3298 5317 3492 5374 obser-

1891 5411 2148 5475 vandum,
2182 5408 2298 5462 sine
2328 5404 2680 5478 ambiguitate
2721 5405 3146 5464 decernentibus
3191 5405 3348 5462 vobis
3397 5405 3496 5460 de-

1894 5507 2193 5556 monstrem
2207 5539 2218 5550 .

1965 5589 2236 5644 Caeterum
2264 5585 2433 5644 Luido
2461 5586 2594 5642 mihi
2623 5587 2755 5642 dixit
2776 5586 2922 5658 quod
2953 5601 3078 5642 cum
3107 5601 3172 5640 eo
3203 5583 3491 5640 rationem.
3571 5628 3575 5634 .

2991 5706 3025 5759 2
