4026 6292
528 251 597 312 63

1497 243 1839 300 HINCMARI
1869 239 2271 300 RHEMENSIS
2301 241 2852 301 ARCHIEPISCOPI.
3761 240 3833 301 44

539 372 609 433 de
638 369 987 430 damnatione
1039 378 1093 425 et
1122 369 1429 426 reclusione
1467 369 1814 426 Gothescalci
1861 369 2154 424 habuisse-
2171 366 2228 430 Α
2255 385 2377 424 sum
2405 370 2689 426 catholicis
2717 369 2937 424 auribus
2967 367 3281 438 diSplicere,
3314 381 3576 423 revocare
3605 382 3665 421 se
3685 381 3719 420 a
3748 381 3850 422 sua

544 459 634 519 tis.
676 459 832 518 Unde
855 458 1115 532 quoniam
1146 475 1246 532 per
1277 459 1414 514 alios
1437 459 1550 528 jam
1579 459 1859 514 audieram
1915 459 1983 514 ad
2025 475 2148 514 san-

541 548 778 609 ctitatem
839 557 1078 604 vestram
1132 548 1300 604 verba
1357 548 1611 614 venisse,
1670 548 1794 602 misi
1843 547 2150 604 auctoritati

548 647 743 700 vestrae
774 638 1025 711 quadam
1057 655 1122 694 ex
1152 637 1332 693 verbis
1362 646 1414 693 et
1457 637 1847 695 catholicorum
1896 637 2150 692 sensibus

551 727 606 787 in
635 727 836 793 rotula,
871 727 1106 800 qualiter
1136 735 1324 783 contra
1383 727 1556 798 ipsius
1611 726 1858 798 pestiferi
1915 725 2149 781 hominis

538 833 762 874 sensum
792 816 1040 886 sentiam,
1093 833 1195 888 per
1227 816 1478 872 Odonem
1509 815 1847 888 episcopum,
1908 824 1959 869 et
2018 813 2150 868 nihil

532 906 660 964 inde
690 905 1068 979 responsionis
1098 905 1351 976 accipere
1381 905 1576 960 merui.
1613 907 1692 960 De
1724 921 1833 978 quo
1864 903 2141 959 nihilomi-

538 1011 642 1050 nus
681 1003 738 1050 ut
768 995 1055 1051 redderem
1106 994 1395 1060 rationem,
1430 993 1650 1068 quidam
1699 993 1959 1065 episcopi,
2007 1008 2147 1064 quo-

539 1101 662 1140 rum
695 1083 830 1139 nihil
861 1084 930 1140 de
961 1083 1054 1139 illo
1111 1083 1396 1148 intererat,
1457 1083 1717 1156 quoniam
1769 1099 1872 1138 nec
1921 1098 2037 1149 eos,
2091 1089 2149 1135 ut

539 1171 646 1252 ipsi
675 1171 977 1229 manifestis
1005 1171 1222 1228 indiciis
1251 1171 1630 1243 prodiderunt,
1665 1171 1734 1226 ad
1765 1172 1870 1226 hoc
1917 1169 2147 1226 charitas

540 1261 939 1328 commovebat,
973 1277 1076 1318 nec
1110 1259 1407 1317 auctoritas
1437 1260 1762 1328 deducebat,
1795 1277 1882 1313 me
1912 1260 1980 1313 ad
2011 1275 2146 1315 con-

543 1351 856 1410 ciliabulum
886 1367 1062 1421 nuper
1092 1350 1248 1405 Metis
1277 1349 1541 1419 habitum,
1602 1349 1748 1420 quod
1796 1348 1982 1404 vocari
2013 1364 2146 1418 syn-

541 1440 709 1497 odum
739 1438 1004 1506 vetuistis,
1062 1439 1200 1509 sicut
1229 1438 1496 1511 intelligo,
1530 1437 1908 1511 irregulariter
1953 1445 2148 1508 quarto

541 1528 630 1584 die
661 1537 955 1602 antequam
984 1535 1436 1601 congregaretur,
1468 1542 1592 1582 cum
1611 1542 1716 1599 ego
1747 1525 1966 1597 longius
1987 1542 2147 1597 quam

541 1618 838 1692 octoginta,
873 1623 924 1672 et
967 1617 1113 1673 idem
1171 1615 1568 1672 Gothescalcus
1599 1616 1890 1686 plusquam
1929 1623 2146 1670 centum

2249 459 2502 530 opinione
2523 460 2808 524 debuerat,
2842 473 2944 514 nec
2972 457 3046 512 ita
3079 455 3344 512 Ecclesiae
3375 454 3640 527 praesules
3679 470 3843 512 com-

2246 565 2491 617 movere,
2523 557 2580 604 ut
2611 547 2973 604 damnationis
3005 546 3331 602 sententiam
3361 553 3668 601 mereretur
3699 545 3851 600 exci-

2246 625 2398 715 pere.
2421 645 2596 714 Quam
2625 643 2832 716 utique,
2865 643 2911 698 si
2941 643 2997 698 in
3044 659 3144 698 suo
3166 659 3330 698 sensu
3360 641 3593 696 voluerit
3624 655 3850 712 perma-

2247 750 2399 799 nere,
2435 733 2616 788 nullus
2643 733 2840 804 poterit
2887 732 3150 786 relaxare.
3191 733 3237 786 Α
3269 747 3376 802 qua
3405 730 3754 786 damnatione
3802 729 3853 783 si

2249 823 2510 877 voluisset
2532 823 2602 877 ad
2634 839 2855 876 sensum
2885 821 3212 876 catholicum
3243 819 3598 890 resipiscere,
3625 827 3852 890 paratus

2248 928 2464 982 semper
2493 911 2568 966 fui
2597 919 2649 966 et
2690 927 2828 976 sum,
2863 910 3119 982 quoniam
3151 909 3229 964 sic
3263 909 3603 964 venerabiles
3625 907 3852 977 judica-

2249 1009 2442 1059 verunt
2479 999 2742 1070 episcOpi,
2776 1015 2898 1055 eum
2928 999 2985 1053 in
3014 998 3292 1055 catholicae
3313 997 3576 1053 Ecclesiae
3605 1013 3853 1052 commu-

2247 1088 2465 1144 nionem
2493 1089 2761 1159 recipere,
2795 1088 2934 1144 sicut
2990 1088 3042 1142 ei
3081 1087 3247 1156 jubeo
3309 1102 3430 1158 quae
3477 1093 3603 1140 sunt
3631 1085 3854 1156 corpori

2247 1178 2555 1234 necessaria
2582 1178 2912 1234 ministrare.

2317 1268 2373 1323 Si
2403 1275 2584 1322 autem
2613 1276 2799 1322 vestra
2821 1261 3089 1322 catholica
3117 1265 3384 1337 sapientia
3413 1265 3524 1322 vult
3551 1265 3694 1322 scire
3726 1281 3854 1345 quae

2246 1364 2437 1413 contra
2464 1356 2782 1412 catholicam
2814 1354 2980 1411 ﬁdem
3009 1373 3075 1412 ex
3101 1355 3274 1410 veteri
3325 1354 3524 1410 haeresi
3554 1354 3853 1409 Praedesti-

2245 1445 2482 1514 natiana,
2514 1462 2635 1516 qua;
2663 1445 2897 1516 primum
2927 1445 2983 1499 in
3039 1443 3243 1511 Africa,
3291 1453 3484 1514 postea
3534 1442 3593 1496 in
3653 1443 3854 1498 Galliis

2245 1551 2346 1606 per
2365 1534 2510 1590 idem
2542 1543 2774 1604 tempus,
2810 1534 3030 1605 quando
3061 1542 3114 1588 et
3140 1533 3467 1588 Nestoriana
3495 1531 3723 1586 haeresis
3769 1540 3857 1586 est

2245 1627 2449 1684 exorta,
2483 1627 2535 1674 et
2564 1627 2806 1688 tempore
2839 1617 3112 1673 Caelestini
3142 1635 3314 1689 papae,
3375 1616 3548 1687 ipsius
3595 1615 3841 1670 auctori-

540 1705 780 1764 millibus
802 1706 872 1762 ab
900 1706 1020 1778 ipsa
1050 1705 1267 1761 civitate
1299 1704 1562 1776 disparati
1592 1720 1859 1774 essemus,
1893 1703 2028 1757 nihil
2056 1720 2144 1758 me
2171 1731 2225 1798 B
2247 1715 2372 1776 tate,
2409 1716 2460 1762 et
2478 1702 2736 1761 instantia
2765 1707 2938 1762 sancti
2969 1706 3222 1776 Prosperi
3251 1713 3335 1760 est
3390 1704 3614 1769 revicta,
3663 1703 3852 1759 dicere

543 1805 671 1859 ante
716 1795 1094 1868 praemonitum
1137 1811 1239 1866 per
1283 1795 1572 1866 quemdam
1618 1794 1821 1849 laicum
1868 1792 2145 1848 hominem

536 1885 733 1942 litteris
763 1890 1115 1941 vocaverunt.
1149 1883 1218 1939 Et
1249 1899 1388 1938 nunc
1408 1883 1533 1938 ideo
1563 1883 1807 1939 breviter
1835 1882 1903 1937 de
1937 1898 2002 1937 eo
2020 1897 2149 1936 san-

545 1973 718 2034 ctitati
747 1982 945 2030 vestrae
975 1988 1236 2047 suggero,
1277 1972 1535 2046 quoniam
1585 1981 1877 2044 antequam
1915 1971 1983 2025 ad
2025 1970 2146 2042 epi-

546 2071 800 2135 scOpatus
829 2063 1079 2120 ordinem
1106 2061 1473 2133 pervenirem,
1527 2061 1666 2116 sicut
1713 2061 1884 2116 abbas
1932 2076 2064 2115 suus
2095 2069 2148 2115 et

543 2153 818 2220 monachi,
851 2150 994 2208 inter
1025 2167 1162 2225 quos
1195 2150 1374 2207 fuerat
1405 2159 1780 2218 conversatus,
1814 2151 1863 2205 ei
1895 2149 2146 2204 testimo-

543 2242 690 2298 nium
717 2241 1026 2314 perhibent,
1049 2240 1106 2296 in
1151 2241 1471 2312 metropolis
1519 2239 1782 2296 Ecclesia:
1813 2239 2146 2294 Rhemorum

546 2331 880 2388 monasterio
909 2331 966 2386 in
1013 2330 1340 2386 Suessonica
1389 2329 1660 2401 parochia,
1709 2329 1857 2400 quod
1901 2328 2147 2383 Orbacus

547 2421 767 2488 dicitur,
799 2420 988 2476 habitu
1043 2420 1362 2484 monachus,
1425 2426 1605 2474 mente
1662 2417 1890 2483 ferinus,
1952 2417 2147 2488 quietis

543 2510 856 2582 impatiens,
907 2517 962 2566 et
1008 2525 1201 2565 vocum
1249 2507 1486 2564 novitate
1536 2507 1834 2573 delectans,
1898 2523 1962 2561 ac
2004 2505 2146 2560 inter

555 2615 682 2656 suos
707 2598 1003 2655 mobilitate
1031 2597 1195 2654 noxia
1245 2596 1562 2670 singularis,
1612 2595 1680 2650 de
1725 2594 1976 2650 omnibus
2023 2611 2147 2665 quae

540 2687 599 2744 in
643 2687 728 2743 his
785 2687 1104 2760 regionibus
1160 2701 1423 2758 perverse
1479 2693 1605 2740 tunc
1663 2683 1926 2754 temporis
1985 2698 2148 2738 sensa

545 2783 897 2850 cognoverat,
931 2775 1180 2846 quaedam
1237 2774 1340 2828 sibi
1369 2773 1533 2846 elegit
1554 2773 1806 2843 capitula,
1827 2780 1884 2826 ut
1910 2771 2147 2827 novitate

547 2880 746 2922 vocum
775 2863 1044 2920 innotesci
1077 2863 1298 2928 valeret,
1365 2870 1529 2934 utque
1573 2860 1902 2932 simplicium
1945 2868 1998 2915 et
2045 2860 2147 2915 de-

551 2962 837 3024 ceptorum
888 2968 1084 3008 sensus
1139 2959 1476 3024 pervertere,
1537 2959 1590 3005 et
1645 2949 1898 3021 magistri
1947 2965 2148 3004 nomen

545 3042 861 3116 usurpando
890 3049 1015 3114 post
1044 3057 1103 3097 se
1149 3040 1450 3112 discipulos
1481 3040 1720 3107 trahere,
1780 3039 1994 3110 illisque
2052 3038 2145 3109 qui

543 3125 614 3182 ad
646 3142 744 3182 sua
773 3133 898 3182 vota
913 3124 1216 3197 prurientes
1237 3125 1464 3180 auribus
1485 3123 1779 3198 magistros
1800 3122 1903 3177 sibi
1925 3138 2149 3179 concer'

548 3231 675 3272 vare
697 3215 1000 3280 decertant,
1037 3231 1285 3286 quaerere
1308 3213 1569 3280 indebite,
1603 3213 1862 3286 quoniam
1899 3211 2142 3284 legitime

543 3320 656 3360 non
671 3311 906 3374 poterat,
939 3301 1278 3358 simulatione
1323 3301 1448 3357 vitae
1476 3301 1752 3374 religiosa:
1799 3309 1851 3355 et
1897 3301 2145 3356 doctrina

545 3407 807 3464 praeesse.
857 3389 1069 3462 Quique
1113 3405 1147 3446 a
1193 3390 1527 3446 Rhcmorum
1583 3389 1996 3460 chorepiscopo,
2053 3388 2146 3460 qui

547 3489 676 3538 tunc
705 3488 838 3551 erat,
899 3487 1092 3536 contra
1147 3477 1372 3552 regulas
1419 3479 1706 3550 presbyter
1752 3477 2054 3544 ordinatus,
2113 3493 2147 3531 a

549 3569 880 3628 monasterio
927 3568 1301 3642 irregulariter
1349 3568 1557 3635 exiens,
1603 3567 1911 3642 peragratis
1958 3566 2147 3640 regio—

548 3659 710 3715 nibus
757 3658 1025 3731 plurimis,
1059 3666 1113 3714 et
1152 3657 1382 3715 exitiosa
1421 3657 1630 3714 semina
1678 3666 1823 3713 sator
1878 3656 2149 3728 pessimus

556 3747 836 3806 seminans
869 3788 883 3816 ,
934 3747 1154 3802 tandem
1211 3746 1267 3802 in
1322 3747 1638 3821 Moguntina
1684 3746 1897 3802 civitate
1953 3745 2150 3801 habitae

559 3836 771 3910 synodo
802 3843 856 3891 et
883 3835 1110 3892 Rabano
1141 3834 1552 3906 archiepiscopo
1581 3835 1824 3890 libellum
1877 3834 1960 3890 sui
1990 3849 2150 3890 erro-

559 3925 634 3982 ris
663 3923 972 3998 porrigens,
1005 3925 1298 3979 damnatus
1327 3925 1396 3978 ab
1425 3923 1679 3979 omnibus
1709 3923 2014 3980 Germania
2031 3923 2150 3994 epi-

561 4014 744 4086 scopis
773 4055 792 4082 ,
853 4029 978 4070 cum
1023 4012 1216 4069 litteris
1276 4013 1628 4084 synodalibus
1693 4013 1762 4067 ad
1811 4012 2152 4084 metropolim

561 4103 916 4172 Rhemorum,
949 4101 1037 4158 cui
1061 4102 1174 4172 jam
1203 4109 1426 4159 auctore
1470 4101 1703 4158 Domino
1749 4118 2041 4172 praeeram,
2073 4109 2155 4156 est

564 4191 848 4250 remissus.
873 4192 1071 4247 Postea
1099 4198 1282 4247 autem
1337 4206 1371 4247 a
1412 4191 1668 4264 Belgicae,
1715 4190 2050 4246 Rhemorum
2091 4207 2156 4245 ac

559 4279 859 4354 Galliarum
904 4279 1311 4352 provinciarum
1364 4280 1638 4352 episcopis
1694 4279 1927 4349 auditus,
1973 4287 2026 4334 et
2066 4279 2154 4334 in-

561 4376 756 4428 ventus
785 4369 1093 4434 haereticus,
1131 4369 1260 4441 quia
1288 4367 1538 4440 resipisci
1558 4385 1593 4424 a
1629 4385 1726 4422 sua
1754 4369 2018 4439 pravitate
2049 4385 2159 4424 non

2248 1797 2508 1865 videatur,
2543 1797 2611 1851 de
2657 1796 2840 1850 multis
2872 1811 3044 1866 pauca
3090 1795 3264 1851 vobis-
3291 1809 3544 1863 numero,
3589 1792 3689 1848 sed
3737 1808 3851 1847 non

2247 1885 2506 1957 pondere,
2543 1883 2877 1954 capitulatim
2895 1882 3284 1956 significamus.
3313 1883 3473 1950 Dicit,
3503 1881 3650 1953 quod
3679 1889 3733 1936 et
3753 1897 3854 1936 ve-

2246 1982 2393 2030 teres
2424 1973 2890 2029 Praedestinatiani
2937 1973 3203 2038 dixerunt,
3237 1971 3494 2045 quoniam
3532 1969 3671 2026 sicut
3701 1970 3854 2025 Deus

2249 2063 2515 2135 quosdam
2544 2063 2614 2118 ad
2644 2063 2810 2118 vitam
2840 2071 3122 2129 aeternam,
3154 2063 3230 2117 ita
3260 2060 3526 2133 quosdam
3547 2059 3848 2130 praedesti-

2245 2153 2394 2208 navit
2423 2153 2489 2207 ad
2519 2161 2753 2207 mortem
2799 2161 3075 2208 aeternam.
3111 2151 3268 2218 Dicit,
3318 2149 3466 2222 quod
3523 2157 3575 2203 et
3619 2157 3844 2204 veteres

2247 2241 2716 2296 Praidestinatiani
2743 2241 3015 2306 dixerunt,
3051 2241 3305 2312 quoniam
3353 2255 3462 2324 non
3518 2237 3630 2292 vult
3695 2239 3854 2294 Deus

2247 2347 2437 2386 omnes
2469 2331 2716 2386 homines
2749 2330 2931 2386 salvos
2957 2330 3092 2398 fieri,
3115 2331 3213 2384 sed
3248 2337 3456 2384 tantum
3493 2341 3588 2381 eos
3620 2328 3712 2400 qui
3742 2327 3856 2382 sal-

2247 2429 2468 2488 vantur;
2503 2437 2693 2476 omnes
2713 2429 2892 2475 autem
2925 2419 3128 2475 salvari
3177 2436 3532 2492 quoscunque
3563 2419 3680 2490 ipse
3730 2417 3852 2472 sal-

2247 2526 2376 2565 vare
2409 2509 2659 2578 voluerit,
2693 2525 2757 2565 ac
2785 2526 2885 2580 per
2912 2510 3017 2564 hoc
3047 2509 3356 2580 quicunque
3389 2527 3498 2564 non
3539 2508 3850 2572 salvantur,

2246 2599 2460 2670 penitus
2493 2617 2604 2654 non
2633 2616 2754 2654 esse
2776 2598 3067 2653 voluntatis
3099 2598 3206 2652 illis
3235 2606 3291 2652 ut
3337 2599 3633 2656 salventur.
3685 2596 3849 2666 Quo-

2247 2688 2395 2743 niam
2415 2689 2460 2743 si
2490 2705 2598 2744 non
2621 2705 2810 2742 omnes
2841 2688 3118 2742 salvantur
3147 2703 3284 2759 quos
3314 2689 3428 2742 vult
3466 2690 3614 2744 Deus
3658 2686 3849 2742 salvos

2247 2775 2381 2846 fieri,
2414 2794 2522 2832 non
2550 2777 2734 2832 omnia
2767 2794 3104 2848 quaecunque
3149 2777 3320 2832 voluit
3350 2776 3514 2845 fecit;
3547 2785 3599 2832 et
3639 2775 3686 2830 si
3731 2775 3854 2830 vult

2247 2867 2393 2938 quod
2423 2883 2530 2920 non
2557 2874 2752 2936 potest,
2787 2881 2897 2920 non
2926 2865 3289 2936 omnipotens,
3324 2867 3420 2921 sed
3460 2865 3708 2920 infirmus
3738 2871 3848 2919 est.

2245 2955 2344 3009 Est
2371 2963 2553 3010 autem
2584 2953 2929 3024 omnipotens
2959 2955 3050 3026 qui
3081 2955 3208 3010 fecit
3246 2955 3609 3026 quodcunque
3651 2951 3850 3020 voluit,

2245 3043 2459 3100 dicente
2490 3043 2770 3114 Scriptura
2804 3060 2816 3098 :
2858 3045 3057 3100 Omnia
3087 3061 3430 3117 quaecunque
3451 3045 3629 3100 voluit
3659 3043 3856 3099 Domi-

2248 3151 2357 3189 nus
2375 3135 2516 3204 fecit
2538 3135 2602 3189 in
2629 3133 2762 3188 coelo
2795 3137 2850 3188 et
2881 3135 2943 3188 in
2975 3137 3148 3199 terra,
3177 3135 3240 3188 in
3261 3135 3411 3189 mari
3437 3138 3493 3190 et
3510 3134 3571 3188 in
3589 3133 3855 3188 omnibus

2244 3223 2452 3294 abyssis
2472 3223 2646 3293 (Psat.
2668 3237 2905 3289 cxxxrv,
2933 3221 3021 3290 6);
3045 3230 3098 3276 et
3127 3222 3256 3276 item
3281 3239 3294 3276 :
3326 3223 3391 3276 In
3407 3224 3700 3278 voluntate
3723 3224 3849 3287 tua,

2244 3312 2496 3379 Domine,
2528 3315 2736 3367 cuneta
2751 3315 2889 3366 sunt
2905 3313 3108 3383 posita,
3132 3315 3189 3365 et
3207 3328 3322 3367 non
3343 3315 3428 3366 est
3449 3312 3544 3383 qui
3561 3311 3741 3383 possit
3760 3327 3857 3366 re-

2244 3403 2448 3456 sistere
2467 3404 2578 3456 tua:
2593 3401 2875 3455 uoluntati
2896 3415 2914 3450 :
2932 3401 2982 3456 si
2999 3400 3312 3455 decreveris
3329 3402 3416 3456 sal
3424 3416 3552 3454 vare
3569 3415 3690 3464 nos,
3716 3415 3855 3455 con-

2249 3490 2406 3544 tinuo
2439 3489 2803 3544 liberabimur
2824 3490 3048 3555 (Esther
3070 3492 3280 3560 xm,9).
3312 3488 3468 3554 Dicit,
3506 3489 3652 3560 quod
3683 3496 3738 3542 et
3758 3504 3858 3543 ve-

2247 3586 2394 3632 teres
2425 3577 2895 3633 Praedestinatiani
2925 3578 3197 3644 dixerunt,
3235 3579 3380 3650 quod
3411 3593 3521 3634 non
3548 3593 3646 3648 pro
3688 3577 3859 3632 totius

2249 3665 2432 3720 mundi
2457 3667 2850 3738 redemptione,
2886 3666 2941 3720 id
2971 3675 3051 3722 est
3082 3682 3192 3722 non
3234 3683 3334 3738 pro
3381 3666 3619 3722 omnium
3669 3665 3858 3720 homi-

2249 3772 2379 3810 num
2400 3755 2570 3810 salute
2603 3763 2655 3810 et
2683 3756 3052 3827 redemptione
3099 3756 3363 3812 Dominus
3421 3763 3474 3810 et
3496 3755 3749 3811 Salvator
3765 3771 3862 3811 no-

2252 3853 2364 3899 ster
2393 3845 2552 3899 Jesus
2600 3845 2848 3900 Christus
2892 3845 2960 3900 sit
3006 3843 3298 3900 crucifixus
3350 3852 3402 3900 et
3444 3851 3712 3908 mortuus,
3756 3843 3860 3899 sed

2249 3941 2453 3988 tantum
2485 3949 2580 4004 pro
2611 3933 2694 3988 bis
2723 3934 2814 4006 qui
2845 3934 3139 3989 salvantur.
3191 3932 3328 3988 Dicit
3376 3949 3596 4004 quoquo
3646 3933 3845 4000 modo,

2254 4021 2461 4092 dispari
2491 4023 2798 4087 traditione,
2835 4023 2931 4076 sed
2962 4021 3083 4092 pari
3112 4037 3318 4090 errore,
3365 4022 3513 4092 quod
3543 4029 3598 4076 et
3642 4030 3857 4078 veteres

2254 4111 2716 4173 Praedestinatiani
2745 4112 3017 4180 dixerunt,
3050 4126 3328 4180 exponens
3365 4111 3686 4165 sententiam
3733 4127 3868 4182 apo-

2257 4200 2379 4256 stoli
2401 4201 2564 4267 Petri,
2597 4217 2728 4257 eum
2748 4203 2842 4274 qui
2861 4202 2997 4256 emit
3019 4217 3108 4256 eos
3123 4203 3395 4272 negantes
3429 4201 3505 4271 (II
3519 4203 3673 4255 Petr.
3697 4215 3758 4264 ιι,
3782 4203 3859 4271 1).

2256 4289 2534 4360 Baptismi,
2579 4290 2768 4361 inquit,
2819 4297 3156 4344 sacramento
3200 4305 3296 4344 eos
3325 4288 3472 4355 cmit,
3522 4304 3632 4344 non
3677 4297 3865 4344 tamen

2257 4395 2358 4450 pro
2387 4379 2467 4434 eis
2495 4395 2710 4435 crucem
2742 4377 2922 4448 subiit,
2956 4395 3134 4450 neque
3179 4386 3413 4432 mortem
3463 4377 3704 4449 pertulit,
3756 4395 3866 4434 ne-

561 4457 752 4528 νοΙιιὶι,
802 4473 872 4513 ne
899 4456 1020 4511 aliis
1044 4465 1269 4512 noceret
1299 4456 1392 4528 qui
1449 4457 1554 4511 sibi
1609 4457 1874 4528 prodesse
1919 4458 2158 4524 nolebat,
2179 4459 2234 4524 D
2261 4485 2366 4540 que
2399 4468 2719 4539 sanguinem
2749 4465 2904 4521 fudit,
2940 4466 3097 4534 Quod
3141 4474 3320 4522 autem
3358 4467 3616 4537 baptismi
3663 4483 3867 4537 pel-ce-

561 4545 768 4617 judicio
795 4543 1148 4617 praefatarum
1195 4544 1601 4616 provinciarum
1657 4545 2058 4617 episcoporum,
2111 4547 2166 4601 in

567 4645 758 4692 nostra
787 4633 1066 4706 parochia,
1107 4633 1367 4706 quoniam
1396 4634 1696 4701 Ruthadus,
1747 4635 1815 4690 de
1861 4635 2012 4705 cujus
2059 4652 2164 4707 pa-

569 4723 760 4780 rochia
791 4732 928 4794 erat,
978 4723 1056 4778 illi
1111 4722 1393 4779 nesciebat
1451 4723 1728 4794 resistere,
1789 4732 1842 4780 et
1896 4725 2166 4781 novitates

570 4826 760 4886 amans
790 4811 1084 4868 timebatur
1111 4828 1143 4867 a
1171 4812 1330 4868 nobis
1371 4827 1441 4866 ne
1469 4812 1704 4868 disceret
1732 4829 1899 4884 prava
1927 4817 2126 4871 sentire
2144 4857 2161 4882 ,

567 4899 662 4978 qui
689 4898 860 4956 noluit
887 4900 1100 4958 discere
1128 4909 1281 4958 recta
1317 4901 1536 4971 docere,
1569 4918 1706 4959 neve
1752 4903 1898 4959 idem
1964 4905 2167 4960 Gothe-

573 4987 808 5059 scalcus,
841 5003 968 5044 cum
994 4988 1114 5045 aliis
1142 5006 1486 5046 communem
1534 4990 1695 5046 vitam
1717 4992 1942 5064 ducens,
1993 4993 2171 5050 errori

570 5093 671 5134 suo
703 5077 905 5134 faceret
951 5094 1073 5134 esse
1104 5094 1444 5148 communes,
1493 5082 1864 5137 monasteriali
1907 5083 2170 5140 custodias

570 5165 914 5238 mancipatus
945 5175 1047 5236 est,
1098 5167 1330 5224 docente
1361 5169 1619 5241 Apostolo
1650 5188 1664 5226 :
1698 5172 2025 5228 Hiereticum
2071 5172 2172 5227 ho-

571 5255 776 5312 minem
805 5264 929 5328 post
957 5257 1188 5330 primam
1219 5266 1272 5313 et
1315 5260 1611 5314 secundam
1639 5262 2038 5332 correptionem
2067 5261 2170 5315 de-

571 5345 700 5413 vita,
735 5345 917 5402 sciens
943 5346 1268 5403 subversum
1324 5365 1446 5405 esse
1489 5350 1800 5421 hujusmodi
1847 5359 1899 5406 et
1945 5350 2171 5421 proprio

569 5433 778 5504 judicio
807 5433 1227 5493 condemnatum
1247 5437 1380 5508 (Tit.
1413 5453 1494 5508 tu,
1529 5441 1640 5511 10).
1673 5439 1778 5510 Qui
1808 5447 1866 5494 ut
1895 5439 2003 5496 Leo
2031 5454 2172 5510 papa

574 5532 647 5618 de
675 5533 922 5613 Eutyche
949 5535 1099 5608 dicit.
1131 5553 1256 5599 cum
1288 5535 1494 5595 videret
1523 5536 1849 5610 insipientia
1875 5553 1990 5596 sum
2037 5553 2172 5595 sen-

2263 4556 2374 4628 ptio
2404 4556 2706 4627 redemptio
2736 4562 3099 4624 nuncupatur,
3141 4555 3329 4610 doctor
3356 4556 3600 4628 gentium
3628 4555 3871 4612 manife-

2264 4654 2346 4700 ste
2378 4644 2574 4699 fatetur
2598 4662 2612 4697 :
2639 4645 2818 4700 Nolite
2840 4645 3200 4710 contristare,
3222 4644 3412 4716 inquit,
3439 4645 3716 4716 Spiritum
3737 4661 3873 4702 san-

2265 4738 2421 4791 ctum
2443 4734 2560 4803 Dei,
2603 4735 2664 4788 in
2695 4749 2800 4804 quo
2830 4734 3044 4803 signati
3075 4735 3210 4789 estis
3241 4736 3303 4789 in
3333 4735 3422 4788 die
3459 4733 3872 4805 redemptionis

2265 4822 2488 4895 (Ephes.
2522 4837 2598 4892 tv,
2631 4824 2742 4891 30).
2775 4824 2840 4875 At
2864 4821 2957 4875 illa
2990 4838 3110 4893 quae
3136 4822 3363 4894 propria
3399 4830 3452 4876 et
3482 4821 3735 4892 specialis
3785 4832 3874 4878 est

2267 4910 2509 4966 solorum
2538 4911 2778 4964 omnium
2801 4909 3118 4978 electorum,
3166 4927 3332 4984 quam
3367 4911 3446 4966 eis
3490 4913 3871 4970 tantummodo

2265 4998 2556 5057 crucifixus
2585 4998 2874 5070 impertivit
2904 5000 3024 5070 pius
3054 5001 3388 5071 Redemptor
3417 4999 3681 5070 ipsorum,
3723 5000 3870 5058 sicut

2267 5105 2297 5144 a
2325 5087 2634 5159 praeteritis,
2668 5088 2741 5142 ita
2769 5088 3025 5145 nimirum
3081 5106 3112 5144 a
3158 5089 3538 5160 praesentibus,
3602 5097 3764 5144 natos
3814 5098 3873 5145 et

2268 5177 2596 5244 nascituros,
2631 5177 2784 5232 vivos
2814 5187 2864 5232 et
2893 5187 3155 5244 mortuos,
3194 5178 3448 5234 videlicet
3469 5194 3661 5233 omnes
3707 5179 3872 5248 pari-

2273 5275 2350 5322 ter
2395 5267 2594 5322 electos
2633 5260 2884 5335 redemit,
2935 5268 3092 5333 eruit,
3140 5267 3415 5340 abluitque
3455 5268 3712 5338 peccatis.
3755 5268 3870 5339 Ipsi

2270 5372 2514 5428 prorsus,
2539 5356 2642 5428 ipsi
2671 5366 2796 5414 sunt
2824 5358 3060 5414 mundus
3086 5374 3186 5428 pro
3218 5375 3327 5430 quo
3353 5374 3550 5430 passus
3568 5367 3650 5413 est
3679 5357 3875 5412 Domi-

2274 5462 2397 5513 nus,
2428 5453 2485 5501 ut
2503 5446 2618 5518 ipse
2640 5447 2804 5503 dixit:
2825 5447 3002 5503 Panis
3023 5464 3186 5520 quem
3217 5464 3314 5519 ego
3346 5447 3564 5515 dedero,
3585 5463 3717 5504 caro
3739 5463 3875 5504 mea

2273 5539 2360 5594 est
2375 5553 2476 5609 pro
2505 5538 2708 5596 mundi
2737 5538 2855 5594 vita
2883 5537 3066 5610 (toan.
3093 5553 3168 5606 v1,
3204 5537 3316 5611 52).
3339 5537 3408 5595 Et
3421 5537 3552 5595 item
3574 5535 3702 5594 alibi
3721 5535 3874 5593 idem

3141 5720 3165 5744 \
