  <div class='ocr_page' id='page_1' title='image "/cluster/home/n/w/nwhite01/storage/ocr_20150623/126/umn.31951002477419r/032.png"; bbox 0 0 4026 6336; ppageno 0'>
   <div class='ocr_carea' id='block_1_1' title="bbox 246 237 3555 309">
    <p class='ocr_par' dir='ltr' id='par_1_1' title="bbox 246 237 3555 309">
     <span class='ocr_line' id='line_1_1' title="bbox 246 237 3555 309; baseline -0.001 -12"><span class='ocrx_word' id='word_1_1' title='bbox 246 241 314 298; x_wconf 66' lang='lat' dir='ltr'>is</span> <span class='ocrx_word' id='word_1_2' title='bbox 1712 237 2085 309; x_wconf 73' lang='lat' dir='ltr'>EPISTOSE,</span> <span class='ocrx_word' id='word_1_3' title='bbox 3483 245 3555 309; x_wconf 66' lang='grc' dir='ltr'>ιε</span> 
     </span>
    </p>
   </div>
   <div class='ocr_carea' id='block_1_2' title="bbox 254 363 3560 438">
    <p class='ocr_par' dir='ltr' id='par_1_2' title="bbox 254 363 3560 438">
     <span class='ocr_line' id='line_1_2' title="bbox 254 363 3560 438; baseline 0.002 -18"><span class='ocrx_word' id='word_1_4' title='bbox 254 364 649 422; x_wconf 85' lang='lat' dir='ltr'>Gothescalcus</span> <span class='ocrx_word' id='word_1_5' title='bbox 691 366 879 424; x_wconf 83' lang='lat' dir='ltr'>scribit</span> <span class='ocrx_word' id='word_1_6' title='bbox 912 383 925 419; x_wconf 91' lang='lat'>:</span> <span class='ocrx_word' id='word_1_7' title='bbox 963 386 986 418; x_wconf 71' lang='grc' dir='ltr'>ε</span> <span class='ocrx_word' id='word_1_8' title='bbox 1020 367 1175 422; x_wconf 82' lang='lat' dir='ltr'>Absit</span> <span class='ocrx_word' id='word_1_9' title='bbox 1206 367 1398 438; x_wconf 86' lang='lat' dir='ltr'>procul</span> <span class='ocrx_word' id='word_1_10' title='bbox 1446 381 1479 422; x_wconf 89' lang='lat' dir='ltr'>a</span> <span class='ocrx_word' id='word_1_11' title='bbox 1529 382 1636 432; x_wconf 89' lang='lat' dir='ltr'>me,</span> <span class='ocrx_word' id='word_1_12' title='bbox 1671 374 1727 419; x_wconf 90' lang='lat' dir='ltr'>ut</span> <span class='ocrx_word' id='word_1_13' title='bbox 1771 364 1858 420; x_wconf 91' lang='lat' dir='ltr'>vel</span> <span class='ocrx_word' id='word_1_14' title='bbox 1888 363 1944 424; x_wconf 89' lang='lat' dir='ltr'><strong>A</strong></span> <span class='ocrx_word' id='word_1_15' title='bbox 1965 373 2098 421; x_wconf 88' lang='lat' dir='ltr'>tare.</span> <span class='ocrx_word' id='word_1_16' title='bbox 2133 367 2290 423; x_wconf 85' lang='lat' dir='ltr'>Unde</span> <span class='ocrx_word' id='word_1_17' title='bbox 2319 382 2430 422; x_wconf 91' lang='lat' dir='ltr'>non</span> <span class='ocrx_word' id='word_1_18' title='bbox 2459 368 2637 424; x_wconf 89' lang='lat' dir='ltr'>solum</span> <span class='ocrx_word' id='word_1_19' title='bbox 2664 368 2862 424; x_wconf 82' lang='lat' dir='ltr'>idiotas</span> <span class='ocrx_word' id='word_1_20' title='bbox 2909 367 2967 424; x_wconf 87' lang='lat' dir='ltr'>in</span> <span class='ocrx_word' id='word_1_21' title='bbox 3012 369 3430 433; x_wconf 84' lang='lat' dir='ltr'>admirationem</span> <span class='ocrx_word' id='word_1_22' title='bbox 3473 371 3560 428; x_wconf 86' lang='lat' dir='ltr'>sui</span> 
     </span>
    </p>
   </div>
   <div class='ocr_carea' id='block_1_3' title="bbox 256 453 1857 522">
    <p class='ocr_par' dir='ltr' id='par_1_3' title="bbox 256 453 1857 522">
     <span class='ocr_line' id='line_1_3' title="bbox 256 453 1857 522; baseline 0.001 -14"><span class='ocrx_word' id='word_1_23' title='bbox 256 454 390 508; x_wconf 91' lang='lat' dir='ltr'>illud</span> <span class='ocrx_word' id='word_1_24' title='bbox 421 453 768 512; x_wconf 86' lang='lat' dir='ltr'>solummodo</span> <span class='ocrx_word' id='word_1_25' title='bbox 798 454 958 511; x_wconf 88' lang='lat' dir='ltr'>velim</span> <span class='ocrx_word' id='word_1_26' title='bbox 992 455 1282 522; x_wconf 82' lang='lat' dir='ltr'>somniare,</span> <span class='ocrx_word' id='word_1_27' title='bbox 1314 455 1517 510; x_wconf 88' lang='lat' dir='ltr'>nedum</span> <span class='ocrx_word' id='word_1_28' title='bbox 1547 453 1718 509; x_wconf 87' lang='lat' dir='ltr'>semel</span> <span class='ocrx_word' id='word_1_29' title='bbox 1760 470 1857 510; x_wconf 88' lang='lat' dir='ltr'>su—</span> 
     </span>
    </p>
   </div>
   <div class='ocr_carea' id='block_1_4' title="bbox 260 544 1857 615">
    <p class='ocr_par' dir='ltr' id='par_1_4' title="bbox 260 544 1857 615">
     <span class='ocr_line' id='line_1_4' title="bbox 260 544 1857 615; baseline -0.001 -17"><span class='ocrx_word' id='word_1_30' title='bbox 260 559 501 610; x_wconf 89' lang='lat' dir='ltr'>surrare,</span> <span class='ocrx_word' id='word_1_31' title='bbox 535 553 593 598; x_wconf 90' lang='lat' dir='ltr'>ut</span> <span class='ocrx_word' id='word_1_32' title='bbox 624 544 796 598; x_wconf 89' lang='lat' dir='ltr'>ullum</span> <span class='ocrx_word' id='word_1_33' title='bbox 845 561 1034 599; x_wconf 90' lang='lat' dir='ltr'>eorum</span> <span class='ocrx_word' id='word_1_34' title='bbox 1081 545 1465 615; x_wconf 89' lang='lat' dir='ltr'>perpetualiter</span> <span class='ocrx_word' id='word_1_35' title='bbox 1505 560 1692 598; x_wconf 90' lang='lat' dir='ltr'>secum</span> <span class='ocrx_word' id='word_1_36' title='bbox 1732 559 1857 613; x_wconf 90' lang='lat' dir='ltr'>per-</span> 
     </span>
    </p>
   </div>
   <div class='ocr_carea' id='block_1_5' title="bbox 258 633 1858 706">
    <p class='ocr_par' dir='ltr' id='par_1_5' title="bbox 258 633 1858 706">
     <span class='ocr_line' id='line_1_5' title="bbox 258 633 1858 706; baseline -0.001 -19"><span class='ocrx_word' id='word_1_37' title='bbox 258 633 458 687; x_wconf 89' lang='lat' dir='ltr'>iturum</span> <span class='ocrx_word' id='word_1_38' title='bbox 488 633 742 704; x_wconf 87' lang='lat' dir='ltr'>antiquus</span> <span class='ocrx_word' id='word_1_39' title='bbox 772 650 963 703; x_wconf 91' lang='lat' dir='ltr'>rapere</span> <span class='ocrx_word' id='word_1_40' title='bbox 986 634 1160 688; x_wconf 85' lang='lat' dir='ltr'>valeat</span> <span class='ocrx_word' id='word_1_41' title='bbox 1191 634 1405 706; x_wconf 90' lang='lat' dir='ltr'>anguis,</span> <span class='ocrx_word' id='word_1_42' title='bbox 1432 651 1532 703; x_wconf 91' lang='lat' dir='ltr'>pro</span> <span class='ocrx_word' id='word_1_43' title='bbox 1555 633 1750 704; x_wconf 87' lang='lat' dir='ltr'>quibus</span> <span class='ocrx_word' id='word_1_44' title='bbox 1773 649 1858 686; x_wconf 87' lang='lat' dir='ltr'>re-</span> 
     </span>
    </p>
   </div>
   <div class='ocr_carea' id='block_1_6' title="bbox 259 720 1858 792">
    <p class='ocr_par' dir='ltr' id='par_1_6' title="bbox 259 720 1858 792">
     <span class='ocr_line' id='line_1_6' title="bbox 259 720 1858 792; baseline -0.001 -17"><span class='ocrx_word' id='word_1_45' title='bbox 259 722 536 776; x_wconf 89' lang='lat' dir='ltr'>dimendis</span> <span class='ocrx_word' id='word_1_46' title='bbox 567 730 678 776; x_wconf 89' lang='lat' dir='ltr'>tam</span> <span class='ocrx_word' id='word_1_47' title='bbox 734 723 999 792; x_wconf 87' lang='lat' dir='ltr'>pretiosus</span> <span class='ocrx_word' id='word_1_48' title='bbox 1031 724 1145 776; x_wconf 93' lang='lat' dir='ltr'>Deo</span> <span class='ocrx_word' id='word_1_49' title='bbox 1176 723 1319 776; x_wconf 83' lang='lat' dir='ltr'>Patri</span> <span class='ocrx_word' id='word_1_50' title='bbox 1341 722 1555 777; x_wconf 89' lang='lat' dir='ltr'>Domini</span> <span class='ocrx_word' id='word_1_51' title='bbox 1578 721 1748 776; x_wconf 83' lang='lat' dir='ltr'>nostri</span> <span class='ocrx_word' id='word_1_52' title='bbox 1773 720 1858 774; x_wconf 86' lang='lat' dir='ltr'>Fi-</span> 
     </span>
    </p>
   </div>
   <div class='ocr_carea' id='block_1_7' title="bbox 261 809 1859 883">
    <p class='ocr_par' dir='ltr' id='par_1_7' title="bbox 261 809 1859 883">
     <span class='ocr_line' id='line_1_7' title="bbox 261 809 1859 883; baseline -0.001 -19"><span class='ocrx_word' id='word_1_53' title='bbox 261 810 317 864; x_wconf 87' lang='lat' dir='ltr'>lii</span> <span class='ocrx_word' id='word_1_54' title='bbox 347 811 431 864; x_wconf 92' lang='lat' dir='ltr'>sui</span> <span class='ocrx_word' id='word_1_55' title='bbox 461 809 616 864; x_wconf 88' lang='lat' dir='ltr'>fusus</span> <span class='ocrx_word' id='word_1_56' title='bbox 647 819 731 864; x_wconf 91' lang='lat' dir='ltr'>est</span> <span class='ocrx_word' id='word_1_57' title='bbox 761 811 1002 883; x_wconf 80' lang='lat' dir='ltr'>sanguis,</span> <span class='ocrx_word' id='word_1_58' title='bbox 1050 814 1243 866; x_wconf 82' lang='lat' dir='ltr'>Amen.</span> <span class='ocrx_word' id='word_1_59' title='bbox 1278 833 1298 865; x_wconf 71' lang='grc' dir='ltr'><strong><em>ι</em></strong></span> <span class='ocrx_word' id='word_1_60' title='bbox 1343 813 1408 865; x_wconf 87' lang='lat' dir='ltr'>Et</span> <span class='ocrx_word' id='word_1_61' title='bbox 1454 811 1584 865; x_wconf 83' lang='lat' dir='ltr'>item</span> <span class='ocrx_word' id='word_1_62' title='bbox 1628 810 1859 880; x_wconf 89' lang='lat' dir='ltr'>loquens</span> 
     </span>
    </p>
   </div>
   <div class='ocr_carea' id='block_1_8' title="bbox 263 899 1860 970">
    <p class='ocr_par' dir='ltr' id='par_1_8' title="bbox 263 899 1860 970">
     <span class='ocr_line' id='line_1_8' title="bbox 263 899 1860 970; baseline -0.001 -17"><span class='ocrx_word' id='word_1_63' title='bbox 263 900 330 953; x_wconf 90' lang='lat' dir='ltr'>ad</span> <span class='ocrx_word' id='word_1_64' title='bbox 361 901 540 954; x_wconf 90' lang='lat' dir='ltr'>Deum</span> <span class='ocrx_word' id='word_1_65' title='bbox 569 918 581 953; x_wconf 95' lang='lat'>:</span> <span class='ocrx_word' id='word_1_66' title='bbox 618 921 640 949; x_wconf 75' lang='lat' dir='ltr'>er</span> <span class='ocrx_word' id='word_1_67' title='bbox 668 899 843 955; x_wconf 89' lang='lat' dir='ltr'>Claret</span> <span class='ocrx_word' id='word_1_68' title='bbox 871 901 1050 970; x_wconf 84' lang='lat' dir='ltr'>itaque</span> <span class='ocrx_word' id='word_1_69' title='bbox 1082 901 1210 954; x_wconf 89' lang='lat' dir='ltr'>satis</span> <span class='ocrx_word' id='word_1_70' title='bbox 1243 908 1451 970; x_wconf 91' lang='lat' dir='ltr'>aperte,</span> <span class='ocrx_word' id='word_1_71' title='bbox 1487 899 1632 970; x_wconf 91' lang='lat' dir='ltr'>quod</span> <span class='ocrx_word' id='word_1_72' title='bbox 1681 899 1860 952; x_wconf 88' lang='lat' dir='ltr'>nullus</span> 
     </span>
    </p>
   </div>
   <div class='ocr_carea' id='block_1_9' title="bbox 261 988 1862 1060">
    <p class='ocr_par' dir='ltr' id='par_1_9' title="bbox 261 988 1862 1060">
     <span class='ocr_line' id='line_1_9' title="bbox 261 988 1862 1060; baseline -0.001 -18"><span class='ocrx_word' id='word_1_73' title='bbox 261 989 357 1042; x_wconf 88' lang='lat' dir='ltr'>tibi</span> <span class='ocrx_word' id='word_1_74' title='bbox 395 989 560 1059; x_wconf 90' lang='lat' dir='ltr'>perit,</span> <span class='ocrx_word' id='word_1_75' title='bbox 605 989 853 1060; x_wconf 86' lang='lat' dir='ltr'>quisquis</span> <span class='ocrx_word' id='word_1_76' title='bbox 903 989 1215 1059; x_wconf 81' lang='lat' dir='ltr'>redemptus</span> <span class='ocrx_word' id='word_1_77' title='bbox 1261 999 1342 1044; x_wconf 90' lang='lat' dir='ltr'>est</span> <span class='ocrx_word' id='word_1_78' title='bbox 1386 1007 1486 1060; x_wconf 90' lang='lat' dir='ltr'>per</span> <span class='ocrx_word' id='word_1_79' title='bbox 1541 988 1862 1059; x_wconf 87' lang='lat' dir='ltr'>sanguinem</span> 
     </span>
    </p>
   </div>
   <div class='ocr_carea' id='block_1_10' title="bbox 264 1077 1862 1146">
    <p class='ocr_par' dir='ltr' id='par_1_10' title="bbox 264 1077 1862 1146">
     <span class='ocr_line' id='line_1_10' title="bbox 264 1077 1862 1146; baseline -0.001 -14"><span class='ocrx_word' id='word_1_80' title='bbox 264 1078 443 1134; x_wconf 90' lang='lat' dir='ltr'>crucis</span> <span class='ocrx_word' id='word_1_81' title='bbox 464 1086 591 1133; x_wconf 55' lang='lat' dir='ltr'>tum.</span> <span class='ocrx_word' id='word_1_82' title='bbox 621 1099 644 1127; x_wconf 74' lang='grc' dir='ltr'><strong><em>ι</em></strong></span> <span class='ocrx_word' id='word_1_83' title='bbox 679 1078 836 1146; x_wconf 84' lang='lat' dir='ltr'>Quod</span> <span class='ocrx_word' id='word_1_84' title='bbox 864 1078 1334 1133; x_wconf 72' lang='lat' dir='ltr'>Praedestinatiani</span> <span class='ocrx_word' id='word_1_85' title='bbox 1352 1086 1566 1134; x_wconf 83' lang='lat' dir='ltr'>veteres</span> <span class='ocrx_word' id='word_1_86' title='bbox 1586 1093 1694 1132; x_wconf 90' lang='lat' dir='ltr'>non</span> <span class='ocrx_word' id='word_1_87' title='bbox 1713 1077 1862 1131; x_wconf 89' lang='lat' dir='ltr'>dixe-</span> 
     </span>
    </p>
   </div>
   <div class='ocr_carea' id='block_1_11' title="bbox 263 1166 1862 1238">
    <p class='ocr_par' dir='ltr' id='par_1_11' title="bbox 263 1166 1862 1238">
     <span class='ocr_line' id='line_1_11' title="bbox 263 1166 1862 1238; baseline -0.002 -16"><span class='ocrx_word' id='word_1_88' title='bbox 263 1175 406 1234; x_wconf 87' lang='lat' dir='ltr'>runt,</span> <span class='ocrx_word' id='word_1_89' title='bbox 437 1167 539 1221; x_wconf 91' lang='lat' dir='ltr'>iste</span> <span class='ocrx_word' id='word_1_90' title='bbox 569 1175 626 1221; x_wconf 91' lang='lat' dir='ltr'>ut</span> <span class='ocrx_word' id='word_1_91' title='bbox 669 1166 929 1222; x_wconf 90' lang='lat' dir='ltr'>audacius</span> <span class='ocrx_word' id='word_1_92' title='bbox 971 1166 1049 1221; x_wconf 87' lang='lat' dir='ltr'>ita</span> <span class='ocrx_word' id='word_1_93' title='bbox 1095 1167 1454 1238; x_wconf 85' lang='lat' dir='ltr'>perniciosius</span> <span class='ocrx_word' id='word_1_94' title='bbox 1475 1167 1622 1231; x_wconf 82' lang='lat' dir='ltr'>dicit,</span> <span class='ocrx_word' id='word_1_95' title='bbox 1671 1166 1862 1220; x_wconf 90' lang='lat' dir='ltr'>Deita-</span> 
     </span>
    </p>
   </div>
   <div class='ocr_carea' id='block_1_12' title="bbox 265 1255 1865 1325">
    <p class='ocr_par' dir='ltr' id='par_1_12' title="bbox 265 1255 1865 1325">
     <span class='ocr_line' id='line_1_12' title="bbox 265 1255 1865 1325; baseline 0 -15"><span class='ocrx_word' id='word_1_96' title='bbox 265 1265 374 1310; x_wconf 89' lang='lat' dir='ltr'>tem</span> <span class='ocrx_word' id='word_1_97' title='bbox 406 1265 608 1312; x_wconf 65' lang='lat' dir='ltr'>sanctae</span> <span class='ocrx_word' id='word_1_98' title='bbox 636 1255 907 1311; x_wconf 83' lang='lat' dir='ltr'>Trinitatis</span> <span class='ocrx_word' id='word_1_99' title='bbox 937 1257 1136 1310; x_wconf 82' lang='lat' dir='ltr'>trinam</span> <span class='ocrx_word' id='word_1_100' title='bbox 1167 1273 1309 1311; x_wconf 89' lang='lat' dir='ltr'>esse.</span> <span class='ocrx_word' id='word_1_101' title='bbox 1337 1257 1471 1310; x_wconf 83' lang='lat' dir='ltr'>Sunt</span> <span class='ocrx_word' id='word_1_102' title='bbox 1502 1264 1554 1310; x_wconf 92' lang='lat' dir='ltr'>et</span> <span class='ocrx_word' id='word_1_103' title='bbox 1603 1255 1707 1310; x_wconf 87' lang='lat' dir='ltr'>alia</span> <span class='ocrx_word' id='word_1_104' title='bbox 1744 1272 1865 1325; x_wconf 68' lang='lat' dir='ltr'>quae</span> 
     </span>
    </p>
   </div>
   <div class='ocr_carea' id='block_1_13' title="bbox 263 1344 1865 1416">
    <p class='ocr_par' dir='ltr' id='par_1_13' title="bbox 263 1344 1865 1416">
     <span class='ocr_line' id='line_1_13' title="bbox 263 1344 1865 1416; baseline -0.001 -17"><span class='ocrx_word' id='word_1_105' title='bbox 263 1345 383 1415; x_wconf 87' lang='lat' dir='ltr'>ipse</span> <span class='ocrx_word' id='word_1_106' title='bbox 414 1353 468 1400; x_wconf 88' lang='lat' dir='ltr'>et</span> <span class='ocrx_word' id='word_1_107' title='bbox 489 1345 578 1398; x_wconf 87' lang='lat' dir='ltr'>alii</span> <span class='ocrx_word' id='word_1_108' title='bbox 609 1345 796 1415; x_wconf 90' lang='lat' dir='ltr'>plures</span> <span class='ocrx_word' id='word_1_109' title='bbox 826 1344 881 1398; x_wconf 90' lang='lat' dir='ltr'>in</span> <span class='ocrx_word' id='word_1_110' title='bbox 909 1345 1026 1399; x_wconf 87' lang='lat' dir='ltr'>istis</span> <span class='ocrx_word' id='word_1_111' title='bbox 1048 1346 1292 1415; x_wconf 90' lang='lat' dir='ltr'>partibus</span> <span class='ocrx_word' id='word_1_112' title='bbox 1322 1346 1524 1410; x_wconf 88' lang='lat' dir='ltr'>dicunt,</span> <span class='ocrx_word' id='word_1_113' title='bbox 1559 1361 1680 1416; x_wconf 72' lang='lat' dir='ltr'>quae</span> <span class='ocrx_word' id='word_1_114' title='bbox 1709 1344 1865 1398; x_wconf 91' lang='lat' dir='ltr'>nobis</span> 
     </span>
    </p>
   </div>
   <div class='ocr_carea' id='block_1_14' title="bbox 265 1433 1866 1503">
    <p class='ocr_par' dir='ltr' id='par_1_14' title="bbox 265 1433 1866 1503">
     <span class='ocr_line' id='line_1_14' title="bbox 265 1433 1866 1503; baseline -0.001 -14"><span class='ocrx_word' id='word_1_115' title='bbox 265 1449 417 1489; x_wconf 82' lang='lat' dir='ltr'>sanae</span> <span class='ocrx_word' id='word_1_116' title='bbox 448 1434 576 1488; x_wconf 91' lang='lat' dir='ltr'>fidei</span> <span class='ocrx_word' id='word_1_117' title='bbox 603 1433 886 1488; x_wconf 87' lang='lat' dir='ltr'>adversari</span> <span class='ocrx_word' id='word_1_118' title='bbox 913 1434 1184 1489; x_wconf 88' lang='lat' dir='ltr'>videntur.</span> <span class='ocrx_word' id='word_1_119' title='bbox 1217 1433 1350 1502; x_wconf 70' lang='lat' dir='ltr'>Quae</span> <span class='ocrx_word' id='word_1_120' title='bbox 1397 1434 1526 1487; x_wconf 91' lang='lat' dir='ltr'>dum</span> <span class='ocrx_word' id='word_1_121' title='bbox 1570 1451 1669 1503; x_wconf 92' lang='lat' dir='ltr'>per</span> <span class='ocrx_word' id='word_1_122' title='bbox 1705 1433 1866 1487; x_wconf 91' lang='lat' dir='ltr'>alium</span> 
     </span>
    </p>
   </div>
   <div class='ocr_carea' id='block_1_15' title="bbox 267 1522 1869 1594">
    <p class='ocr_par' dir='ltr' id='par_1_15' title="bbox 267 1522 1869 1594">
     <span class='ocr_line' id='line_1_15' title="bbox 267 1522 1869 1594; baseline 0 -18"><span class='ocrx_word' id='word_1_123' title='bbox 267 1539 432 1594; x_wconf 91' lang='lat' dir='ltr'>quam</span> <span class='ocrx_word' id='word_1_124' title='bbox 461 1539 563 1593; x_wconf 89' lang='lat' dir='ltr'>per</span> <span class='ocrx_word' id='word_1_125' title='bbox 591 1523 853 1577; x_wconf 83' lang='lat' dir='ltr'>vilitatem</span> <span class='ocrx_word' id='word_1_126' title='bbox 883 1539 1130 1592; x_wconf 67' lang='lat' dir='ltr'>personae</span> <span class='ocrx_word' id='word_1_127' title='bbox 1162 1539 1298 1578; x_wconf 59' lang='lat' dir='ltr'>mea</span> <span class='ocrx_word' id='word_1_128' title='bbox 1343 1522 1637 1577; x_wconf 86' lang='lat' dir='ltr'>auctoritas</span> <span class='ocrx_word' id='word_1_129' title='bbox 1685 1530 1869 1576; x_wconf 85' lang='lat' dir='ltr'>vestra</span> 
     </span>
    </p>
   </div>
   <div class='ocr_carea' id='block_1_16' title="bbox 269 1610 1868 1684">
    <p class='ocr_par' dir='ltr' id='par_1_16' title="bbox 269 1610 1868 1684">
     <span class='ocr_line' id='line_1_16' title="bbox 269 1610 1868 1684; baseline -0.003 -16"><span class='ocrx_word' id='word_1_130' title='bbox 269 1611 609 1684; x_wconf 83' lang='lat' dir='ltr'>cognoverit,</span> <span class='ocrx_word' id='word_1_131' title='bbox 645 1611 780 1666; x_wconf 84' lang='lat' dir='ltr'>forte</span> <span class='ocrx_word' id='word_1_132' title='bbox 808 1612 1047 1666; x_wconf 89' lang='lat' dir='ltr'>attendet</span> <span class='ocrx_word' id='word_1_133' title='bbox 1083 1611 1351 1677; x_wconf 89' lang='lat' dir='ltr'>solertius,</span> <span class='ocrx_word' id='word_1_134' title='bbox 1386 1619 1437 1665; x_wconf 90' lang='lat' dir='ltr'>et</span> <span class='ocrx_word' id='word_1_135' title='bbox 1469 1628 1589 1682; x_wconf 73' lang='lat' dir='ltr'>quae</span> <span class='ocrx_word' id='word_1_136' title='bbox 1619 1610 1746 1664; x_wconf 91' lang='lat' dir='ltr'>inde</span> <span class='ocrx_word' id='word_1_137' title='bbox 1796 1611 1868 1664; x_wconf 92' lang='lat' dir='ltr'>ti-</span> 
     </span>
    </p>
   </div>
   <div class='ocr_carea' id='block_1_17' title="bbox 266 1699 1953 1785">
    <p class='ocr_par' dir='ltr' id='par_1_17' title="bbox 266 1699 1953 1785">
     <span class='ocr_line' id='line_1_17' title="bbox 266 1699 1953 1785; baseline -0.002 -29"><span class='ocrx_word' id='word_1_138' title='bbox 266 1701 470 1756; x_wconf 87' lang='lat' dir='ltr'>menda</span> <span class='ocrx_word' id='word_1_139' title='bbox 501 1709 623 1755; x_wconf 89' lang='lat' dir='ltr'>sunt</span> <span class='ocrx_word' id='word_1_140' title='bbox 659 1701 856 1756; x_wconf 89' lang='lat' dir='ltr'>docere</span> <span class='ocrx_word' id='word_1_141' title='bbox 907 1700 1142 1754; x_wconf 90' lang='lat' dir='ltr'>studebit</span> <span class='ocrx_word' id='word_1_142' title='bbox 1183 1700 1528 1771; x_wconf 88' lang='lat' dir='ltr'>quantocius.</span> <span class='ocrx_word' id='word_1_143' title='bbox 1564 1700 1680 1754; x_wconf 85' lang='lat' dir='ltr'>Erit</span> <span class='ocrx_word' id='word_1_144' title='bbox 1726 1699 1870 1754; x_wconf 89' lang='lat' dir='ltr'>enim</span> <span class='ocrx_word' id='word_1_145' title='bbox 1900 1726 1953 1785; x_wconf 81' lang='grc' dir='ltr'>Β</span> 
     </span>
    </p>
   </div>
   <div class='ocr_carea' id='block_1_18' title="bbox 266 1789 1872 1860">
    <p class='ocr_par' dir='ltr' id='par_1_18' title="bbox 266 1789 1872 1860">
     <span class='ocr_line' id='line_1_18' title="bbox 266 1789 1872 1860; baseline -0.002 -15"><span class='ocrx_word' id='word_1_146' title='bbox 266 1790 321 1845; x_wconf 89' lang='lat' dir='ltr'>in</span> <span class='ocrx_word' id='word_1_147' title='bbox 351 1789 600 1860; x_wconf 88' lang='lat' dir='ltr'>proximo</span> <span class='ocrx_word' id='word_1_148' title='bbox 630 1789 756 1845; x_wconf 92' lang='lat' dir='ltr'>inde</span> <span class='ocrx_word' id='word_1_149' title='bbox 788 1790 1086 1845; x_wconf 88' lang='lat' dir='ltr'>necessitas</span> <span class='ocrx_word' id='word_1_150' title='bbox 1121 1808 1136 1844; x_wconf 90' lang='lat'><strong>:</strong></span> <span class='ocrx_word' id='word_1_151' title='bbox 1169 1789 1296 1860; x_wconf 86' lang='lat' dir='ltr'>quia</span> <span class='ocrx_word' id='word_1_152' title='bbox 1327 1797 1378 1844; x_wconf 91' lang='lat' dir='ltr'>et</span> <span class='ocrx_word' id='word_1_153' title='bbox 1401 1789 1446 1843; x_wconf 89' lang='lat' dir='ltr'>si</span> <span class='ocrx_word' id='word_1_154' title='bbox 1486 1806 1673 1844; x_wconf 91' lang='lat' dir='ltr'>eorum</span> <span class='ocrx_word' id='word_1_155' title='bbox 1705 1789 1872 1843; x_wconf 91' lang='lat' dir='ltr'>corda</span> 
     </span>
    </p>
   </div>
   <div class='ocr_carea' id='block_1_19' title="bbox 267 1877 1874 1950">
    <p class='ocr_par' dir='ltr' id='par_1_19' title="bbox 267 1877 1874 1950">
     <span class='ocr_line' id='line_1_19' title="bbox 267 1877 1874 1950; baseline -0.001 -16"><span class='ocrx_word' id='word_1_156' title='bbox 267 1879 324 1934; x_wconf 89' lang='lat' dir='ltr'>in</span> <span class='ocrx_word' id='word_1_157' title='bbox 353 1879 562 1934; x_wconf 89' lang='lat' dir='ltr'>insania</span> <span class='ocrx_word' id='word_1_158' title='bbox 593 1879 839 1950; x_wconf 88' lang='lat' dir='ltr'>perversi</span> <span class='ocrx_word' id='word_1_159' title='bbox 882 1896 1076 1934; x_wconf 87' lang='lat' dir='ltr'>sensus</span> <span class='ocrx_word' id='word_1_160' title='bbox 1124 1878 1408 1944; x_wconf 89' lang='lat' dir='ltr'>ebulliunt,</span> <span class='ocrx_word' id='word_1_161' title='bbox 1460 1877 1749 1933; x_wconf 83' lang='lat' dir='ltr'>orthodoxi</span> <span class='ocrx_word' id='word_1_162' title='bbox 1796 1886 1874 1932; x_wconf 92' lang='lat' dir='ltr'>ta-</span> 
     </span>
    </p>
   </div>
   <div class='ocr_carea' id='block_1_20' title="bbox 269 1966 1875 2039">
    <p class='ocr_par' dir='ltr' id='par_1_20' title="bbox 269 1966 1875 2039">
     <span class='ocr_line' id='line_1_20' title="bbox 269 1966 1875 2039; baseline -0.002 -16"><span class='ocrx_word' id='word_1_163' title='bbox 269 1984 395 2023; x_wconf 89' lang='lat' dir='ltr'>men</span> <span class='ocrx_word' id='word_1_164' title='bbox 427 1967 577 2039; x_wconf 82' lang='lat' dir='ltr'>regis</span> <span class='ocrx_word' id='word_1_165' title='bbox 606 1968 778 2023; x_wconf 89' lang='lat' dir='ltr'>nostri</span> <span class='ocrx_word' id='word_1_166' title='bbox 809 1976 1050 2038; x_wconf 90' lang='lat' dir='ltr'>tempore</span> <span class='ocrx_word' id='word_1_167' title='bbox 1081 1984 1244 2038; x_wconf 88' lang='lat' dir='ltr'>prava</span> <span class='ocrx_word' id='word_1_168' title='bbox 1275 1985 1397 2038; x_wconf 70' lang='lat' dir='ltr'>quae</span> <span class='ocrx_word' id='word_1_169' title='bbox 1427 1968 1664 2022; x_wconf 90' lang='lat' dir='ltr'>sentiunt</span> <span class='ocrx_word' id='word_1_170' title='bbox 1693 1966 1875 2037; x_wconf 90' lang='lat' dir='ltr'>eloqui</span> 
     </span>
    </p>
   </div>
   <div class='ocr_carea' id='block_1_21' title="bbox 270 2055 1876 2128">
    <p class='ocr_par' dir='ltr' id='par_1_21' title="bbox 270 2055 1876 2128">
     <span class='ocr_line' id='line_1_21' title="bbox 270 2055 1876 2128; baseline -0.002 -16"><span class='ocrx_word' id='word_1_171' title='bbox 270 2074 380 2114; x_wconf 89' lang='lat' dir='ltr'>non</span> <span class='ocrx_word' id='word_1_172' title='bbox 429 2066 791 2128; x_wconf 73' lang='lat' dir='ltr'>praesumunt.</span> <span class='ocrx_word' id='word_1_173' title='bbox 852 2059 930 2112; x_wconf 89' lang='lat' dir='ltr'>Ita</span> <span class='ocrx_word' id='word_1_174' title='bbox 971 2065 1027 2111; x_wconf 91' lang='lat' dir='ltr'>ut</span> <span class='ocrx_word' id='word_1_175' title='bbox 1091 2066 1274 2128; x_wconf 90' lang='lat' dir='ltr'>aperte</span> <span class='ocrx_word' id='word_1_176' title='bbox 1323 2056 1604 2112; x_wconf 89' lang='lat' dir='ltr'>videamus</span> <span class='ocrx_word' id='word_1_177' title='bbox 1660 2055 1876 2126; x_wconf 90' lang='lat' dir='ltr'>impleri</span> 
     </span>
    </p>
   </div>
   <div class='ocr_carea' id='block_1_22' title="bbox 275 2146 1874 2218">
    <p class='ocr_par' dir='ltr' id='par_1_22' title="bbox 275 2146 1874 2218">
     <span class='ocr_line' id='line_1_22' title="bbox 275 2146 1874 2218; baseline -0.001 -17"><span class='ocrx_word' id='word_1_178' title='bbox 275 2147 424 2218; x_wconf 92' lang='lat' dir='ltr'>quod</span> <span class='ocrx_word' id='word_1_179' title='bbox 453 2146 719 2217; x_wconf 89' lang='lat' dir='ltr'>scriptum</span> <span class='ocrx_word' id='word_1_180' title='bbox 740 2154 824 2201; x_wconf 91' lang='lat' dir='ltr'>est</span> <span class='ocrx_word' id='word_1_181' title='bbox 855 2167 874 2201; x_wconf 92' lang='lat'><strong><em>:</em></strong></span> <span class='ocrx_word' id='word_1_182' title='bbox 909 2148 1260 2218; x_wconf 59' lang='lat' dir='ltr'>Congregans</span> <span class='ocrx_word' id='word_1_183' title='bbox 1282 2147 1433 2202; x_wconf 80' lang='lat' dir='ltr'>sicut</span> <span class='ocrx_word' id='word_1_184' title='bbox 1461 2148 1524 2201; x_wconf 87' lang='lat' dir='ltr'>in</span> <span class='ocrx_word' id='word_1_185' title='bbox 1547 2149 1674 2201; x_wconf 80' lang='lat' dir='ltr'>utre</span> <span class='ocrx_word' id='word_1_186' title='bbox 1700 2162 1874 2217; x_wconf 71' lang='lat' dir='ltr'>aqua:</span> 
     </span>
    </p>
   </div>
   <div class='ocr_carea' id='block_1_23' title="bbox 273 2233 1877 2307">
    <p class='ocr_par' dir='ltr' id='par_1_23' title="bbox 273 2233 1877 2307">
     <span class='ocr_line' id='line_1_23' title="bbox 273 2233 1877 2307; baseline -0.003 -15"><span class='ocrx_word' id='word_1_187' title='bbox 273 2237 450 2292; x_wconf 73' lang='lat' dir='ltr'>maris</span> <span class='ocrx_word' id='word_1_188' title='bbox 489 2236 666 2307; x_wconf 81' lang='lat' dir='ltr'>(Psal.</span> <span class='ocrx_word' id='word_1_189' title='bbox 701 2250 886 2305; x_wconf 78' lang='lat' dir='ltr'>xxxii,</span> <span class='ocrx_word' id='word_1_190' title='bbox 920 2236 996 2306; x_wconf 84' lang='lat'>7).</span> <span class='ocrx_word' id='word_1_191' title='bbox 1031 2237 1188 2307; x_wconf 84' lang='lat' dir='ltr'>Aqua</span> <span class='ocrx_word' id='word_1_192' title='bbox 1233 2235 1377 2290; x_wconf 90' lang='lat' dir='ltr'>enim</span> <span class='ocrx_word' id='word_1_193' title='bbox 1421 2234 1590 2288; x_wconf 88' lang='lat' dir='ltr'>maris</span> <span class='ocrx_word' id='word_1_194' title='bbox 1635 2233 1773 2288; x_wconf 89' lang='lat' dir='ltr'>sicut</span> <span class='ocrx_word' id='word_1_195' title='bbox 1821 2234 1877 2288; x_wconf 91' lang='lat' dir='ltr'>in</span> 
     </span>
    </p>
   </div>
   <div class='ocr_carea' id='block_1_24' title="bbox 273 2323 1874 2398">
    <p class='ocr_par' dir='ltr' id='par_1_24' title="bbox 273 2323 1874 2398">
     <span class='ocr_line' id='line_1_24' title="bbox 273 2323 1874 2398; baseline -0.002 -19"><span class='ocrx_word' id='word_1_196' title='bbox 273 2333 394 2380; x_wconf 88' lang='lat' dir='ltr'>utre</span> <span class='ocrx_word' id='word_1_197' title='bbox 417 2333 757 2398; x_wconf 82' lang='lat' dir='ltr'>congregata</span> <span class='ocrx_word' id='word_1_198' title='bbox 788 2333 888 2383; x_wconf 90' lang='lat' dir='ltr'>est.</span> <span class='ocrx_word' id='word_1_199' title='bbox 922 2324 1048 2395; x_wconf 86' lang='lat' dir='ltr'>quia</span> <span class='ocrx_word' id='word_1_200' title='bbox 1078 2341 1256 2378; x_wconf 89' lang='lat' dir='ltr'>amara</span> <span class='ocrx_word' id='word_1_201' title='bbox 1286 2324 1664 2378; x_wconf 77' lang='lat' dir='ltr'>haereticorum</span> <span class='ocrx_word' id='word_1_202' title='bbox 1693 2323 1874 2378; x_wconf 88' lang='lat' dir='ltr'>scien-</span> 
     </span>
    </p>
   </div>
   <div class='ocr_carea' id='block_1_25' title="bbox 276 2411 1877 2485">
    <p class='ocr_par' dir='ltr' id='par_1_25' title="bbox 276 2411 1877 2485">
     <span class='ocr_line' id='line_1_25' title="bbox 276 2411 1877 2485; baseline -0.002 -17"><span class='ocrx_word' id='word_1_203' title='bbox 276 2415 346 2468; x_wconf 88' lang='lat' dir='ltr'>tia</span> <span class='ocrx_word' id='word_1_204' title='bbox 371 2414 641 2485; x_wconf 88' lang='lat' dir='ltr'>quidquid</span> <span class='ocrx_word' id='word_1_205' title='bbox 673 2414 836 2469; x_wconf 87' lang='lat' dir='ltr'>hodie</span> <span class='ocrx_word' id='word_1_206' title='bbox 865 2414 922 2468; x_wconf 91' lang='lat' dir='ltr'>in</span> <span class='ocrx_word' id='word_1_207' title='bbox 966 2414 1070 2468; x_wconf 90' lang='lat' dir='ltr'>isto</span> <span class='ocrx_word' id='word_1_208' title='bbox 1120 2429 1292 2485; x_wconf 88' lang='lat' dir='ltr'>regno</span> <span class='ocrx_word' id='word_1_209' title='bbox 1343 2411 1435 2466; x_wconf 88' lang='lat' dir='ltr'>filii</span> <span class='ocrx_word' id='word_1_210' title='bbox 1481 2412 1646 2467; x_wconf 90' lang='lat' dir='ltr'>vestri</span> <span class='ocrx_word' id='word_1_211' title='bbox 1693 2412 1877 2466; x_wconf 91' lang='lat' dir='ltr'>domni</span> 
     </span>
    </p>
   </div>
   <div class='ocr_carea' id='block_1_26' title="bbox 277 2501 1876 2573">
    <p class='ocr_par' dir='ltr' id='par_1_26' title="bbox 277 2501 1876 2573">
     <span class='ocr_line' id='line_1_26' title="bbox 277 2501 1876 2573; baseline -0.003 -15"><span class='ocrx_word' id='word_1_212' title='bbox 277 2503 458 2558; x_wconf 85' lang='lat' dir='ltr'>Caroli</span> <span class='ocrx_word' id='word_1_213' title='bbox 489 2519 719 2573; x_wconf 88' lang='lat' dir='ltr'>pravum</span> <span class='ocrx_word' id='word_1_214' title='bbox 746 2502 930 2568; x_wconf 89' lang='lat' dir='ltr'>sentit,</span> <span class='ocrx_word' id='word_1_215' title='bbox 964 2503 1017 2556; x_wconf 92' lang='lat' dir='ltr'>in</span> <span class='ocrx_word' id='word_1_216' title='bbox 1042 2511 1259 2572; x_wconf 87' lang='lat' dir='ltr'>pectore</span> <span class='ocrx_word' id='word_1_217' title='bbox 1276 2501 1600 2571; x_wconf 87' lang='lat' dir='ltr'>comprimit,</span> <span class='ocrx_word' id='word_1_218' title='bbox 1621 2509 1674 2555; x_wconf 91' lang='lat' dir='ltr'>et</span> <span class='ocrx_word' id='word_1_219' title='bbox 1693 2509 1876 2570; x_wconf 90' lang='lat' dir='ltr'>aperte</span> 
     </span>
    </p>
   </div>
   <div class='ocr_carea' id='block_1_27' title="bbox 278 2589 1878 2662">
    <p class='ocr_par' dir='ltr' id='par_1_27' title="bbox 278 2589 1878 2662">
     <span class='ocr_line' id='line_1_27' title="bbox 278 2589 1878 2662; baseline -0.003 -15"><span class='ocrx_word' id='word_1_220' title='bbox 278 2592 460 2648; x_wconf 88' lang='lat' dir='ltr'>dicere</span> <span class='ocrx_word' id='word_1_221' title='bbox 492 2607 600 2646; x_wconf 89' lang='lat' dir='ltr'>non</span> <span class='ocrx_word' id='word_1_222' title='bbox 624 2590 924 2662; x_wconf 81' lang='lat' dir='ltr'>praesumit.</span> <span class='ocrx_word' id='word_1_223' title='bbox 957 2593 1135 2645; x_wconf 86' lang='lat' dir='ltr'>Meam</span> <span class='ocrx_word' id='word_1_224' title='bbox 1177 2607 1391 2662; x_wconf 92' lang='lat' dir='ltr'>quoque</span> <span class='ocrx_word' id='word_1_225' title='bbox 1433 2589 1783 2661; x_wconf 82' lang='lat' dir='ltr'>exiguitatem</span> <span class='ocrx_word' id='word_1_226' title='bbox 1827 2597 1878 2644; x_wconf 90' lang='lat' dir='ltr'>et</span> 
     </span>
    </p>
   </div>
   <div class='ocr_carea' id='block_1_28' title="bbox 275 2679 1878 2748">
    <p class='ocr_par' dir='ltr' id='par_1_28' title="bbox 275 2679 1878 2748">
     <span class='ocr_line' id='line_1_28' title="bbox 275 2679 1878 2748; baseline -0.002 -12"><span class='ocrx_word' id='word_1_227' title='bbox 275 2681 486 2737; x_wconf 89' lang='lat' dir='ltr'>occulte</span> <span class='ocrx_word' id='word_1_228' title='bbox 517 2681 714 2735; x_wconf 87' lang='lat' dir='ltr'>canino</span> <span class='ocrx_word' id='word_1_229' title='bbox 744 2681 905 2735; x_wconf 86' lang='lat' dir='ltr'>dente</span> <span class='ocrx_word' id='word_1_230' title='bbox 937 2681 1251 2735; x_wconf 89' lang='lat' dir='ltr'>corrodunt.</span> <span class='ocrx_word' id='word_1_231' title='bbox 1286 2679 1462 2734; x_wconf 87' lang='lat' dir='ltr'>Facile</span> <span class='ocrx_word' id='word_1_232' title='bbox 1493 2687 1692 2748; x_wconf 88' lang='lat' dir='ltr'>autem,</span> <span class='ocrx_word' id='word_1_233' title='bbox 1725 2679 1878 2746; x_wconf 89' lang='lat' dir='ltr'>adju-</span> 
     </span>
    </p>
   </div>
   <div class='ocr_carea' id='block_1_29' title="bbox 278 2767 1878 2840">
    <p class='ocr_par' dir='ltr' id='par_1_29' title="bbox 278 2767 1878 2840">
     <span class='ocr_line' id='line_1_29' title="bbox 278 2767 1878 2840; baseline -0.003 -15"><span class='ocrx_word' id='word_1_234' title='bbox 278 2779 434 2825; x_wconf 85' lang='lat' dir='ltr'>vante</span> <span class='ocrx_word' id='word_1_235' title='bbox 455 2770 712 2833; x_wconf 85' lang='lat' dir='ltr'>Domino,</span> <span class='ocrx_word' id='word_1_236' title='bbox 746 2778 971 2840; x_wconf 90' lang='lat' dir='ltr'>portare</span> <span class='ocrx_word' id='word_1_237' title='bbox 1000 2769 1212 2824; x_wconf 81' lang='lat' dir='ltr'>valebo.</span> <span class='ocrx_word' id='word_1_238' title='bbox 1248 2767 1389 2836; x_wconf 88' lang='lat' dir='ltr'>Quia</span> <span class='ocrx_word' id='word_1_239' title='bbox 1418 2778 1468 2823; x_wconf 87' lang='lat' dir='ltr'>et</span> <span class='ocrx_word' id='word_1_240' title='bbox 1490 2768 1621 2822; x_wconf 91' lang='lat' dir='ltr'>mihi</span> <span class='ocrx_word' id='word_1_241' title='bbox 1649 2783 1878 2837; x_wconf 88' lang='lat' dir='ltr'>paucum</span> 
     </span>
    </p>
   </div>
   <div class='ocr_carea' id='block_1_30' title="bbox 277 2856 1878 2929">
    <p class='ocr_par' dir='ltr' id='par_1_30' title="bbox 277 2856 1878 2929">
     <span class='ocr_line' id='line_1_30' title="bbox 277 2856 1878 2929; baseline -0.002 -16"><span class='ocrx_word' id='word_1_242' title='bbox 277 2866 531 2929; x_wconf 87' lang='lat' dir='ltr'>superest</span> <span class='ocrx_word' id='word_1_243' title='bbox 562 2859 828 2928; x_wconf 90' lang='lat' dir='ltr'>temporis</span> <span class='ocrx_word' id='word_1_244' title='bbox 859 2857 1112 2928; x_wconf 87' lang='lat' dir='ltr'>spatium,</span> <span class='ocrx_word' id='word_1_245' title='bbox 1148 2866 1200 2912; x_wconf 92' lang='lat' dir='ltr'>et</span> <span class='ocrx_word' id='word_1_246' title='bbox 1241 2858 1287 2911; x_wconf 90' lang='lat' dir='ltr'>si</span> <span class='ocrx_word' id='word_1_247' title='bbox 1317 2857 1455 2911; x_wconf 88' lang='lat' dir='ltr'>inter</span> <span class='ocrx_word' id='word_1_248' title='bbox 1495 2856 1635 2911; x_wconf 84' lang='lat' dir='ltr'>filios</span> <span class='ocrx_word' id='word_1_249' title='bbox 1680 2857 1878 2911; x_wconf 87' lang='lat' dir='ltr'>Eccle-</span> 
     </span>
    </p>
   </div>
   <div class='ocr_carea' id='block_1_31' title="bbox 277 2946 1879 3019">
    <p class='ocr_par' dir='ltr' id='par_1_31' title="bbox 277 2946 1879 3019">
     <span class='ocr_line' id='line_1_31' title="bbox 277 2946 1879 3019; baseline -0.003 -16"><span class='ocrx_word' id='word_1_250' title='bbox 277 2949 391 3015; x_wconf 61' lang='lat' dir='ltr'>siae,</span> <span class='ocrx_word' id='word_1_251' title='bbox 424 2948 775 3019; x_wconf 87' lang='lat' dir='ltr'>permittente</span> <span class='ocrx_word' id='word_1_252' title='bbox 804 2949 940 3015; x_wconf 92' lang='lat' dir='ltr'>Deo,</span> <span class='ocrx_word' id='word_1_253' title='bbox 973 2947 1028 3001; x_wconf 92' lang='lat' dir='ltr'>id</span> <span class='ocrx_word' id='word_1_254' title='bbox 1076 2963 1164 3001; x_wconf 92' lang='lat' dir='ltr'>me</span> <span class='ocrx_word' id='word_1_255' title='bbox 1207 2946 1516 3016; x_wconf 90' lang='lat' dir='ltr'>acceperint</span> <span class='ocrx_word' id='word_1_256' title='bbox 1555 2953 1879 3016; x_wconf 89' lang='lat' dir='ltr'>potestatem</span> 
     </span>
    </p>
   </div>
   <div class='ocr_carea' id='block_1_32' title="bbox 277 3035 1876 3108">
    <p class='ocr_par' dir='ltr' id='par_1_32' title="bbox 277 3035 1876 3108">
     <span class='ocr_line' id='line_1_32' title="bbox 277 3035 1876 3108; baseline -0.003 -16"><span class='ocrx_word' id='word_1_257' title='bbox 277 3037 632 3108; x_wconf 83' lang='lat' dir='ltr'>corporaliter</span> <span class='ocrx_word' id='word_1_258' title='bbox 659 3035 958 3107; x_wconf 87' lang='lat' dir='ltr'>afﬂigendi,</span> <span class='ocrx_word' id='word_1_259' title='bbox 984 3036 1162 3090; x_wconf 90' lang='lat' dir='ltr'>divina</span> <span class='ocrx_word' id='word_1_260' title='bbox 1180 3036 1354 3108; x_wconf 87' lang='lat' dir='ltr'>gratia</span> <span class='ocrx_word' id='word_1_261' title='bbox 1374 3036 1678 3103; x_wconf 65' lang='lat' dir='ltr'>adjutante,</span> <span class='ocrx_word' id='word_1_262' title='bbox 1713 3051 1876 3089; x_wconf 88' lang='lat' dir='ltr'>exer-</span> 
     </span>
    </p>
   </div>
   <div class='ocr_carea' id='block_1_33' title="bbox 1962 456 3556 532">
    <p class='ocr_par' dir='ltr' id='par_1_33' title="bbox 1962 456 3556 532">
     <span class='ocr_line' id='line_1_33' title="bbox 1962 456 3556 532; baseline 0.004 -22"><span class='ocrx_word' id='word_1_263' title='bbox 1962 456 2255 525; x_wconf 89' lang='lat' dir='ltr'>abducere,</span> <span class='ocrx_word' id='word_1_264' title='bbox 2290 474 2481 513; x_wconf 91' lang='lat' dir='ltr'>verum</span> <span class='ocrx_word' id='word_1_265' title='bbox 2511 467 2563 512; x_wconf 90' lang='lat' dir='ltr'>et</span> <span class='ocrx_word' id='word_1_266' title='bbox 2592 457 2792 513; x_wconf 91' lang='lat' dir='ltr'>sciolos</span> <span class='ocrx_word' id='word_1_267' title='bbox 2821 466 2872 513; x_wconf 90' lang='lat' dir='ltr'>et</span> <span class='ocrx_word' id='word_1_268' title='bbox 2899 458 3164 526; x_wconf 90' lang='lat' dir='ltr'>incautos,</span> <span class='ocrx_word' id='word_1_269' title='bbox 3189 467 3353 532; x_wconf 84' lang='lat' dir='ltr'>atque</span> <span class='ocrx_word' id='word_1_270' title='bbox 3380 461 3556 518; x_wconf 86' lang='lat' dir='ltr'>zelum</span> 
     </span>
    </p>
   </div>
   <div class='ocr_carea' id='block_1_34' title="bbox 1962 545 3553 616">
    <p class='ocr_par' dir='ltr' id='par_1_34' title="bbox 1962 545 3553 616">
     <span class='ocr_line' id='line_1_34' title="bbox 1962 545 3553 616; baseline 0.004 -17"><span class='ocrx_word' id='word_1_271' title='bbox 1962 545 2060 599; x_wconf 90' lang='lat' dir='ltr'>Dei</span> <span class='ocrx_word' id='word_1_272' title='bbox 2086 546 2181 600; x_wconf 90' lang='lat' dir='ltr'>sed</span> <span class='ocrx_word' id='word_1_273' title='bbox 2205 563 2312 601; x_wconf 89' lang='lat' dir='ltr'>non</span> <span class='ocrx_word' id='word_1_274' title='bbox 2347 548 2646 602; x_wconf 91' lang='lat' dir='ltr'>secundum</span> <span class='ocrx_word' id='word_1_275' title='bbox 2675 547 2959 603; x_wconf 85' lang='lat' dir='ltr'>scientiam</span> <span class='ocrx_word' id='word_1_276' title='bbox 2987 549 3268 616; x_wconf 87' lang='lat' dir='ltr'>habentes,</span> <span class='ocrx_word' id='word_1_277' title='bbox 3319 550 3376 608; x_wconf 89' lang='lat' dir='ltr'>in</span> <span class='ocrx_word' id='word_1_278' title='bbox 3421 567 3553 610; x_wconf 88' lang='lat' dir='ltr'>sen-</span> 
     </span>
    </p>
   </div>
   <div class='ocr_carea' id='block_1_35' title="bbox 1961 634 3559 696">
    <p class='ocr_par' dir='ltr' id='par_1_35' title="bbox 1961 634 3559 696">
     <span class='ocr_line' id='line_1_35' title="bbox 1961 634 3559 696; baseline 0.006 -10"><span class='ocrx_word' id='word_1_279' title='bbox 1961 634 2185 688; x_wconf 89' lang='lat' dir='ltr'>tentiam</span> <span class='ocrx_word' id='word_1_280' title='bbox 2225 652 2377 689; x_wconf 91' lang='lat' dir='ltr'>suam</span> <span class='ocrx_word' id='word_1_281' title='bbox 2409 636 2596 691; x_wconf 84' lang='lat' dir='ltr'>solitus</span> <span class='ocrx_word' id='word_1_282' title='bbox 2627 644 2745 692; x_wconf 89' lang='lat' dir='ltr'>erat</span> <span class='ocrx_word' id='word_1_283' title='bbox 2777 637 3080 692; x_wconf 89' lang='lat' dir='ltr'>traducere.</span> <span class='ocrx_word' id='word_1_284' title='bbox 3114 639 3179 693; x_wconf 91' lang='lat' dir='ltr'>Et</span> <span class='ocrx_word' id='word_1_285' title='bbox 3227 654 3338 694; x_wconf 89' lang='lat' dir='ltr'>non</span> <span class='ocrx_word' id='word_1_286' title='bbox 3379 639 3559 696; x_wconf 89' lang='lat' dir='ltr'>solum</span> 
     </span>
    </p>
   </div>
   <div class='ocr_carea' id='block_1_36' title="bbox 1963 723 3561 797">
    <p class='ocr_par' dir='ltr' id='par_1_36' title="bbox 1963 723 3561 797">
     <span class='ocr_line' id='line_1_36' title="bbox 1963 723 3561 797; baseline 0.005 -20"><span class='ocrx_word' id='word_1_287' title='bbox 1963 723 2246 778; x_wconf 82' lang='lat' dir='ltr'>doctorum</span> <span class='ocrx_word' id='word_1_288' title='bbox 2277 742 2495 780; x_wconf 89' lang='lat' dir='ltr'>suorum</span> <span class='ocrx_word' id='word_1_289' title='bbox 2525 727 2716 782; x_wconf 91' lang='lat' dir='ltr'>doctor</span> <span class='ocrx_word' id='word_1_290' title='bbox 2745 726 2915 782; x_wconf 82' lang='lat' dir='ltr'>videri</span> <span class='ocrx_word' id='word_1_291' title='bbox 2945 727 3170 797; x_wconf 86' lang='lat' dir='ltr'>appetit,</span> <span class='ocrx_word' id='word_1_292' title='bbox 3223 727 3319 782; x_wconf 91' lang='lat' dir='ltr'>sed</span> <span class='ocrx_word' id='word_1_293' title='bbox 3358 735 3410 782; x_wconf 91' lang='lat' dir='ltr'>et</span> <span class='ocrx_word' id='word_1_294' title='bbox 3453 729 3561 785; x_wconf 88' lang='lat' dir='ltr'>hoc</span> 
     </span>
    </p>
   </div>
   <div class='ocr_carea' id='block_1_37' title="bbox 1963 813 3560 887">
    <p class='ocr_par' dir='ltr' id='par_1_37' title="bbox 1963 813 3560 887">
     <span class='ocr_line' id='line_1_37' title="bbox 1963 813 3560 887; baseline 0.004 -21"><span class='ocrx_word' id='word_1_295' title='bbox 1963 813 2192 868; x_wconf 87' lang='lat' dir='ltr'>solerter</span> <span class='ocrx_word' id='word_1_296' title='bbox 2226 815 2358 868; x_wconf 86' lang='lat' dir='ltr'>satis</span> <span class='ocrx_word' id='word_1_297' title='bbox 2408 815 2657 882; x_wconf 90' lang='lat' dir='ltr'>intendit,</span> <span class='ocrx_word' id='word_1_298' title='bbox 2710 823 2765 869; x_wconf 91' lang='lat' dir='ltr'>ut</span> <span class='ocrx_word' id='word_1_299' title='bbox 2813 831 3000 871; x_wconf 89' lang='lat' dir='ltr'>secum</span> <span class='ocrx_word' id='word_1_300' title='bbox 3037 822 3322 887; x_wconf 87' lang='lat' dir='ltr'>toquentes</span> <span class='ocrx_word' id='word_1_301' title='bbox 3372 816 3459 874; x_wconf 89' lang='lat' dir='ltr'>vel</span> <span class='ocrx_word' id='word_1_302' title='bbox 3507 818 3560 872; x_wconf 87' lang='lat' dir='ltr'>in</span> 
     </span>
    </p>
   </div>
   <div class='ocr_carea' id='block_1_38' title="bbox 1966 903 3558 976">
    <p class='ocr_par' dir='ltr' id='par_1_38' title="bbox 1966 903 3558 976">
     <span class='ocr_line' id='line_1_38' title="bbox 1966 903 3558 976; baseline 0.005 -22"><span class='ocrx_word' id='word_1_303' title='bbox 1966 919 2216 958; x_wconf 90' lang='lat' dir='ltr'>sermone</span> <span class='ocrx_word' id='word_1_304' title='bbox 2250 919 2445 973; x_wconf 88' lang='lat' dir='ltr'>capere</span> <span class='ocrx_word' id='word_1_305' title='bbox 2472 905 2684 959; x_wconf 90' lang='lat' dir='ltr'>valeat:</span> <span class='ocrx_word' id='word_1_306' title='bbox 2715 911 2769 958; x_wconf 90' lang='lat' dir='ltr'>et</span> <span class='ocrx_word' id='word_1_307' title='bbox 2796 903 2843 958; x_wconf 92' lang='lat' dir='ltr'>si</span> <span class='ocrx_word' id='word_1_308' title='bbox 2873 905 2940 959; x_wconf 92' lang='lat' dir='ltr'>de</span> <span class='ocrx_word' id='word_1_309' title='bbox 2971 904 3196 960; x_wconf 89' lang='lat' dir='ltr'>veritate</span> <span class='ocrx_word' id='word_1_310' title='bbox 3243 921 3351 960; x_wconf 88' lang='lat' dir='ltr'>non</span> <span class='ocrx_word' id='word_1_311' title='bbox 3396 914 3558 976; x_wconf 54' lang='lat' dir='ltr'>pote-—</span> 
     </span>
    </p>
   </div>
   <div class='ocr_carea' id='block_1_39' title="bbox 1965 991 3564 1062">
    <p class='ocr_par' dir='ltr' id='par_1_39' title="bbox 1965 991 3564 1062">
     <span class='ocr_line' id='line_1_39' title="bbox 1965 991 3564 1062; baseline 0.004 -18"><span class='ocrx_word' id='word_1_312' title='bbox 1965 991 2050 1056; x_wconf 91' lang='lat' dir='ltr'>rit,</span> <span class='ocrx_word' id='word_1_313' title='bbox 2077 991 2460 1047; x_wconf 89' lang='lat' dir='ltr'>invincibiliter</span> <span class='ocrx_word' id='word_1_314' title='bbox 2489 993 2846 1049; x_wconf 87' lang='lat' dir='ltr'>sacramentis</span> <span class='ocrx_word' id='word_1_315' title='bbox 2892 993 3164 1048; x_wconf 74' lang='lat' dir='ltr'>afﬁrmare</span> <span class='ocrx_word' id='word_1_316' title='bbox 3213 993 3441 1062; x_wconf 88' lang='lat' dir='ltr'>curabit,</span> <span class='ocrx_word' id='word_1_317' title='bbox 3496 1011 3564 1054; x_wconf 81' lang='lat' dir='ltr'>ea</span> 
     </span>
    </p>
   </div>
   <div class='ocr_carea' id='block_1_40' title="bbox 1966 1081 3568 1153">
    <p class='ocr_par' dir='ltr' id='par_1_40' title="bbox 1966 1081 3568 1153">
     <span class='ocr_line' id='line_1_40' title="bbox 1966 1081 3568 1153; baseline 0.002 -19"><span class='ocrx_word' id='word_1_318' title='bbox 1966 1097 2150 1135; x_wconf 91' lang='lat' dir='ltr'>secum</span> <span class='ocrx_word' id='word_1_319' title='bbox 2182 1081 2468 1152; x_wconf 90' lang='lat' dir='ltr'>loquentes</span> <span class='ocrx_word' id='word_1_320' title='bbox 2499 1082 2721 1153; x_wconf 86' lang='lat' dir='ltr'>dixisse,</span> <span class='ocrx_word' id='word_1_321' title='bbox 2756 1097 2875 1153; x_wconf 65' lang='lat' dir='ltr'>quae</span> <span class='ocrx_word' id='word_1_322' title='bbox 2896 1081 3032 1138; x_wconf 84' lang='lat' dir='ltr'>forte</span> <span class='ocrx_word' id='word_1_323' title='bbox 3061 1099 3170 1138; x_wconf 89' lang='lat' dir='ltr'>non</span> <span class='ocrx_word' id='word_1_324' title='bbox 3201 1082 3471 1150; x_wconf 83' lang='lat' dir='ltr'>dixerunt,</span> <span class='ocrx_word' id='word_1_325' title='bbox 3503 1090 3568 1141; x_wconf 85' lang='lat' dir='ltr'>ut</span> 
     </span>
    </p>
   </div>
   <div class='ocr_carea' id='block_1_41' title="bbox 1967 1169 3566 1243">
    <p class='ocr_par' dir='ltr' id='par_1_41' title="bbox 1967 1169 3566 1243">
     <span class='ocr_line' id='line_1_41' title="bbox 1967 1169 3566 1243; baseline 0.006 -21"><span class='ocrx_word' id='word_1_326' title='bbox 1967 1169 2084 1239; x_wconf 88' lang='lat' dir='ltr'>ipse</span> <span class='ocrx_word' id='word_1_327' title='bbox 2114 1187 2301 1239; x_wconf 88' lang='lat' dir='ltr'>verax,</span> <span class='ocrx_word' id='word_1_328' title='bbox 2335 1179 2387 1226; x_wconf 88' lang='lat' dir='ltr'>et</span> <span class='ocrx_word' id='word_1_329' title='bbox 2416 1171 2495 1226; x_wconf 92' lang='lat' dir='ltr'>illi</span> <span class='ocrx_word' id='word_1_330' title='bbox 2526 1172 2618 1243; x_wconf 91' lang='lat' dir='ltr'>qui</span> <span class='ocrx_word' id='word_1_331' title='bbox 2647 1172 2698 1228; x_wconf 92' lang='lat' dir='ltr'>ei</span> <span class='ocrx_word' id='word_1_332' title='bbox 2727 1171 3102 1228; x_wconf 88' lang='lat' dir='ltr'>contradicunt</span> <span class='ocrx_word' id='word_1_333' title='bbox 3122 1173 3419 1242; x_wconf 85' lang='lat' dir='ltr'>probentur</span> <span class='ocrx_word' id='word_1_334' title='bbox 3439 1187 3566 1232; x_wconf 60' lang='lat' dir='ltr'>esse</span> 
     </span>
    </p>
   </div>
   <div class='ocr_carea' id='block_1_42' title="bbox 1966 1259 3567 1328">
    <p class='ocr_par' dir='ltr' id='par_1_42' title="bbox 1966 1259 3567 1328">
     <span class='ocr_line' id='line_1_42' title="bbox 1966 1259 3567 1328; baseline 0.005 -17"><span class='ocrx_word' id='word_1_335' title='bbox 1966 1259 2256 1315; x_wconf 87' lang='lat' dir='ltr'>mendaces</span> <span class='ocrx_word' id='word_1_336' title='bbox 2281 1301 2295 1328; x_wconf 94' lang='lat'>,</span> <span class='ocrx_word' id='word_1_337' title='bbox 2363 1267 2417 1315; x_wconf 90' lang='lat' dir='ltr'>et</span> <span class='ocrx_word' id='word_1_338' title='bbox 2458 1261 2718 1316; x_wconf 90' lang='lat' dir='ltr'>adversus</span> <span class='ocrx_word' id='word_1_339' title='bbox 2783 1277 2937 1316; x_wconf 91' lang='lat' dir='ltr'>suam</span> <span class='ocrx_word' id='word_1_340' title='bbox 3001 1260 3304 1318; x_wconf 83' lang='lat' dir='ltr'>doctrinam</span> <span class='ocrx_word' id='word_1_341' title='bbox 3361 1261 3567 1320; x_wconf 77' lang='lat' dir='ltr'>docen-</span> 
     </span>
    </p>
   </div>
   <div class='ocr_carea' id='block_1_43' title="bbox 1969 1354 2992 1476">
    <p class='ocr_par' dir='ltr' id='par_1_43' title="bbox 1969 1354 2992 1476">
     <span class='ocr_line' id='line_1_43' title="bbox 1969 1354 2992 1476; baseline -0.002 0"><span class='ocrx_word' id='word_1_342' title='bbox 1969 1354 2071 1402; x_wconf 54' lang='lat' dir='ltr'>tes&#39;</span> <span class='ocrx_word' id='word_1_343' title='bbox 2535 1420 2879 1476; x_wconf 81' lang='lat' dir='ltr'>EPISTOLA</span> <span class='ocrx_word' id='word_1_344' title='bbox 2900 1421 2992 1474; x_wconf 78' lang='grc' dir='ltr'>ιιι.</span> 
     </span>
    </p>
   </div>
   <div class='ocr_carea' id='block_1_44' title="bbox 2208 1522 3319 1570">
    <p class='ocr_par' dir='ltr' id='par_1_44' title="bbox 2208 1522 3319 1570">
     <span class='ocr_line' id='line_1_44' title="bbox 2208 1522 3319 1570; baseline 0.005 -10"><span class='ocrx_word' id='word_1_345' title='bbox 2208 1522 2280 1561; x_wconf 77' lang='lat' dir='ltr'>AD</span> <span class='ocrx_word' id='word_1_346' title='bbox 2311 1523 2609 1562; x_wconf 82' lang='lat' dir='ltr'>EPISCOPOS</span> <span class='ocrx_word' id='word_1_347' title='bbox 2640 1524 2843 1564; x_wconf 76' lang='lat' dir='ltr'>SYNODI</span> <span class='ocrx_word' id='word_1_348' title='bbox 2872 1524 3319 1570; x_wconf 73' lang='lat' dir='ltr'>SUESSIONENSIS.</span> 
     </span>
    </p>
   </div>
   <div class='ocr_carea' id='block_1_45' title="bbox 1969 1613 3556 1688">
    <p class='ocr_par' dir='ltr' id='par_1_45' title="bbox 1969 1613 3556 1688">
     <span class='ocr_line' id='line_1_45' title="bbox 1969 1613 3556 1688; baseline 0.005 -21"><span class='ocrx_word' id='word_1_349' title='bbox 1969 1614 2042 1668; x_wconf 86' lang='lat' dir='ltr'>De</span> <span class='ocrx_word' id='word_1_350' title='bbox 2079 1613 2308 1684; x_wconf 71' lang='lat' dir='ltr'>Val/“ade</span> <span class='ocrx_word' id='word_1_351' title='bbox 2329 1618 2385 1669; x_wconf 82' lang='lat' dir='ltr'>et</span> <span class='ocrx_word' id='word_1_352' title='bbox 2413 1616 2658 1686; x_wconf 70' lang='lat' dir='ltr'>collegis,</span> <span class='ocrx_word' id='word_1_353' title='bbox 2706 1633 2942 1688; x_wconf 83' lang='lat' dir='ltr'>quorum</span> <span class='ocrx_word' id='word_1_354' title='bbox 2972 1616 3261 1687; x_wconf 82' lang='lat' dir='ltr'>judicium</span> <span class='ocrx_word' id='word_1_355' title='bbox 3291 1616 3556 1676; x_wconf 69' lang='lat' dir='ltr'>Nicotaus</span> 
     </span>
    </p>
   </div>
   <div class='ocr_carea' id='block_1_46' title="bbox 2172 1688 3382 1758">
    <p class='ocr_par' dir='ltr' id='par_1_46' title="bbox 2172 1688 3382 1758">
     <span class='ocr_line' id='line_1_46' title="bbox 2172 1688 3382 1758; baseline 0.005 -20"><span class='ocrx_word' id='word_1_356' title='bbox 2172 1702 2322 1757; x_wconf 85' lang='lat' dir='ltr'>papa</span> <span class='ocrx_word' id='word_1_357' title='bbox 2349 1688 2607 1756; x_wconf 81' lang='lat' dir='ltr'>jusserat</span> <span class='ocrx_word' id='word_1_358' title='bbox 2632 1689 2696 1742; x_wconf 86' lang='lat' dir='ltr'>in</span> <span class='ocrx_word' id='word_1_359' title='bbox 2728 1688 2831 1742; x_wconf 80' lang='lat' dir='ltr'>hac</span> <span class='ocrx_word' id='word_1_360' title='bbox 2863 1689 3064 1758; x_wconf 80' lang='lat' dir='ltr'>synodo</span> <span class='ocrx_word' id='word_1_361' title='bbox 3096 1690 3382 1758; x_wconf 71' lang='lat' dir='ltr'>renovari.</span> 
     </span>
    </p>
   </div>
   <div class='ocr_carea' id='block_1_47' title="bbox 2505 1775 3037 1846">
    <p class='ocr_par' dir='ltr' id='par_1_47' title="bbox 2505 1775 3037 1846">
     <span class='ocr_line' id='line_1_47' title="bbox 2505 1775 3037 1846; baseline -0.002 -16"><span class='ocrx_word' id='word_1_362' title='bbox 2505 1775 2688 1845; x_wconf 78' lang='lat' dir='ltr'>(Apud</span> <span class='ocrx_word' id='word_1_363' title='bbox 2736 1775 3037 1846; x_wconf 89' lang='lat' dir='ltr'>Sirmond.)</span> 
     </span>
    </p>
   </div>
   <div class='ocr_carea' id='block_1_48' title="bbox 2046 1879 3569 1953">
    <p class='ocr_par' dir='ltr' id='par_1_48' title="bbox 2046 1879 3569 1953">
     <span class='ocr_line' id='line_1_48' title="bbox 2046 1879 3569 1953; baseline 0.005 -20"><span class='ocrx_word' id='word_1_364' title='bbox 2046 1879 2392 1946; x_wconf 65' lang='lat' dir='ltr'>Hmcuxnvs,</span> <span class='ocrx_word' id='word_1_365' title='bbox 2427 1882 2757 1936; x_wconf 85' lang='lat' dir='ltr'>Bhemorum</span> <span class='ocrx_word' id='word_1_366' title='bbox 2790 1881 3101 1953; x_wconf 89' lang='lat' dir='ltr'>episcopus,</span> <span class='ocrx_word' id='word_1_367' title='bbox 3142 1883 3569 1948; x_wconf 72' lang='lat' dir='ltr'>Rsmcto,Wn-</span> 
     </span>
    </p>
   </div>
   <div class='ocr_carea' id='block_1_49' title="bbox 1974 1970 3570 2043">
    <p class='ocr_par' dir='ltr' id='par_1_49' title="bbox 1974 1970 3570 2043">
     <span class='ocr_line' id='line_1_49' title="bbox 1974 1970 3570 2043; baseline 0.004 -20"><span class='ocrx_word' id='word_1_368' title='bbox 1974 1983 2188 2035; x_wconf 79' lang='lat' dir='ltr'>NILONI,</span> <span class='ocrx_word' id='word_1_369' title='bbox 2232 1978 2284 2024; x_wconf 89' lang='lat' dir='ltr'>et</span> <span class='ocrx_word' id='word_1_370' title='bbox 2315 1970 2526 2026; x_wconf 73' lang='lat' dir='ltr'>caeteris</span> <span class='ocrx_word' id='word_1_371' title='bbox 2573 1971 3001 2042; x_wconf 88' lang='lat' dir='ltr'>archiepiscopis</span> <span class='ocrx_word' id='word_1_372' title='bbox 3031 1981 3084 2026; x_wconf 91' lang='lat' dir='ltr'>et</span> <span class='ocrx_word' id='word_1_373' title='bbox 3133 1971 3426 2043; x_wconf 90' lang='lat' dir='ltr'>episcopis,</span> <span class='ocrx_word' id='word_1_374' title='bbox 3465 1973 3570 2028; x_wconf 90' lang='lat' dir='ltr'>do-</span> 
     </span>
    </p>
   </div>
   <div class='ocr_carea' id='block_1_50' title="bbox 1975 2059 3577 2134">
    <p class='ocr_par' dir='ltr' id='par_1_50' title="bbox 1975 2059 3577 2134">
     <span class='ocr_line' id='line_1_50' title="bbox 1975 2059 3577 2134; baseline 0.003 -23"><span class='ocrx_word' id='word_1_375' title='bbox 1975 2059 2088 2112; x_wconf 90' lang='lat' dir='ltr'>mni</span> <span class='ocrx_word' id='word_1_376' title='bbox 2113 2075 2268 2129; x_wconf 59' lang='lat' dir='ltr'>papae</span> <span class='ocrx_word' id='word_1_377' title='bbox 2299 2059 2509 2115; x_wconf 89' lang='lat' dir='ltr'>Nicolai</span> <span class='ocrx_word' id='word_1_378' title='bbox 2557 2061 2873 2116; x_wconf 90' lang='lat' dir='ltr'>auctoritate</span> <span class='ocrx_word' id='word_1_379' title='bbox 2920 2061 2990 2115; x_wconf 90' lang='lat' dir='ltr'>ad</span> <span class='ocrx_word' id='word_1_380' title='bbox 3033 2061 3322 2131; x_wconf 79' lang='lat' dir='ltr'>synodum,</span> <span class='ocrx_word' id='word_1_381' title='bbox 3372 2078 3478 2134; x_wconf 88' lang='lat' dir='ltr'>quo</span> <span class='ocrx_word' id='word_1_382' title='bbox 3521 2070 3577 2118; x_wconf 88' lang='lat' dir='ltr'>et</span> 
     </span>
    </p>
   </div>
   <div class='ocr_carea' id='block_1_51' title="bbox 1977 2148 3572 2220">
    <p class='ocr_par' dir='ltr' id='par_1_51' title="bbox 1977 2148 3572 2220">
     <span class='ocr_line' id='line_1_51' title="bbox 1977 2148 3572 2220; baseline 0.001 -16"><span class='ocrx_word' id='word_1_383' title='bbox 1977 2148 2331 2220; x_wconf 82' lang='lat' dir='ltr'>exiguitatem</span> <span class='ocrx_word' id='word_1_384' title='bbox 2361 2166 2538 2203; x_wconf 87' lang='lat' dir='ltr'>meam</span> <span class='ocrx_word' id='word_1_385' title='bbox 2568 2165 2689 2204; x_wconf 92' lang='lat' dir='ltr'>cum</span> <span class='ocrx_word' id='word_1_386' title='bbox 2748 2150 3090 2220; x_wconf 89' lang='lat' dir='ltr'>coepiscopis</span> <span class='ocrx_word' id='word_1_387' title='bbox 3137 2151 3339 2206; x_wconf 89' lang='lat' dir='ltr'>nostris</span> <span class='ocrx_word' id='word_1_388' title='bbox 3383 2151 3572 2207; x_wconf 92' lang='lat' dir='ltr'>venire</span> 
     </span>
    </p>
   </div>
   <div class='ocr_carea' id='block_1_52' title="bbox 1974 2237 3574 2311">
    <p class='ocr_par' dir='ltr' id='par_1_52' title="bbox 1974 2237 3574 2311">
     <span class='ocr_line' id='line_1_52' title="bbox 1974 2237 3574 2311; baseline 0.003 -21"><span class='ocrx_word' id='word_1_389' title='bbox 1974 2237 2270 2308; x_wconf 70' lang='lat' dir='ltr'>praecepit;</span> <span class='ocrx_word' id='word_1_390' title='bbox 2304 2237 2360 2292; x_wconf 90' lang='lat' dir='ltr'>in</span> <span class='ocrx_word' id='word_1_391' title='bbox 2396 2238 2534 2292; x_wconf 88' lang='lat' dir='ltr'>hanc</span> <span class='ocrx_word' id='word_1_392' title='bbox 2585 2237 2909 2293; x_wconf 90' lang='lat' dir='ltr'>Suessorum</span> <span class='ocrx_word' id='word_1_393' title='bbox 2956 2239 3228 2295; x_wconf 88' lang='lat' dir='ltr'>civitatem</span> <span class='ocrx_word' id='word_1_394' title='bbox 3269 2256 3368 2311; x_wconf 88' lang='lat' dir='ltr'>pro</span> <span class='ocrx_word' id='word_1_395' title='bbox 3411 2255 3574 2296; x_wconf 87' lang='lat' dir='ltr'>causa</span> 
     </span>
    </p>
   </div>
   <div class='ocr_carea' id='block_1_53' title="bbox 1978 2324 3148 2399">
    <p class='ocr_par' dir='ltr' id='par_1_53' title="bbox 1978 2324 3148 2399">
     <span class='ocr_line' id='line_1_53' title="bbox 1978 2324 3148 2399; baseline 0.003 -19"><span class='ocrx_word' id='word_1_396' title='bbox 1978 2324 2190 2380; x_wconf 75' lang='lat' dir='ltr'>Vull‘adi</span> <span class='ocrx_word' id='word_1_397' title='bbox 2218 2333 2268 2380; x_wconf 92' lang='lat' dir='ltr'>et</span> <span class='ocrx_word' id='word_1_398' title='bbox 2297 2326 2637 2399; x_wconf 86' lang='lat' dir='ltr'>collegarum</span> <span class='ocrx_word' id='word_1_399' title='bbox 2668 2328 2784 2396; x_wconf 87' lang='lat' dir='ltr'>ejus</span> <span class='ocrx_word' id='word_1_400' title='bbox 2814 2329 3148 2383; x_wconf 87' lang='lat' dir='ltr'>convocatis.</span> 
     </span>
    </p>
   </div>
   <div class='ocr_carea' id='block_1_54' title="bbox 2049 2415 3616 2489">
    <p class='ocr_par' dir='ltr' id='par_1_54' title="bbox 2049 2415 3616 2489">
     <span class='ocr_line' id='line_1_54' title="bbox 2049 2415 3616 2489; baseline 0.003 -20"><span class='ocrx_word' id='word_1_401' title='bbox 2049 2415 2105 2469; x_wconf 92' lang='lat' dir='ltr'>Si</span> <span class='ocrx_word' id='word_1_402' title='bbox 2137 2415 2291 2470; x_wconf 86' lang='lat' dir='ltr'>vobis</span> <span class='ocrx_word' id='word_1_403' title='bbox 2313 2416 2488 2469; x_wconf 89' lang='lat' dir='ltr'>visum</span> <span class='ocrx_word' id='word_1_404' title='bbox 2510 2415 2672 2470; x_wconf 85' lang='lat' dir='ltr'>fuerit</span> <span class='ocrx_word' id='word_1_405' title='bbox 2700 2433 2802 2487; x_wconf 90' lang='lat' dir='ltr'>per</span> <span class='ocrx_word' id='word_1_406' title='bbox 2831 2433 3185 2489; x_wconf 91' lang='lat' dir='ltr'>quoscunque</span> <span class='ocrx_word' id='word_1_407' title='bbox 3213 2416 3282 2472; x_wconf 89' lang='lat' dir='ltr'>ad</span> <span class='ocrx_word' id='word_1_408' title='bbox 3326 2417 3402 2472; x_wconf 89' lang='lat' dir='ltr'>rei</span> <span class='ocrx_word' id='word_1_409' title='bbox 3436 2417 3577 2473; x_wconf 87' lang='lat' dir='ltr'>noti-</span> <span class='ocrx_word' id='word_1_410' title='bbox 3609 2427 3616 2435; x_wconf 92' lang='lat'><strong><em>&#39;</em></strong></span> 
     </span>
    </p>
   </div>
   <div class='ocr_carea' id='block_1_55' title="bbox 1978 2503 3576 2578">
    <p class='ocr_par' dir='ltr' id='par_1_55' title="bbox 1978 2503 3576 2578">
     <span class='ocr_line' id='line_1_55' title="bbox 1978 2503 3576 2578; baseline 0.003 -21"><span class='ocrx_word' id='word_1_411' title='bbox 1978 2503 2124 2573; x_wconf 89' lang='lat' dir='ltr'>tiam,</span> <span class='ocrx_word' id='word_1_412' title='bbox 2160 2505 2459 2559; x_wconf 90' lang='lat' dir='ltr'>secundum</span> <span class='ocrx_word' id='word_1_413' title='bbox 2491 2505 2689 2560; x_wconf 91' lang='lat' dir='ltr'>seriem</span> <span class='ocrx_word' id='word_1_414' title='bbox 2720 2506 3022 2560; x_wconf 89' lang='lat' dir='ltr'>litterarum</span> <span class='ocrx_word' id='word_1_415' title='bbox 3055 2505 3243 2560; x_wconf 88' lang='lat' dir='ltr'>domni</span> <span class='ocrx_word' id='word_1_416' title='bbox 3269 2506 3576 2578; x_wconf 84' lang='lat' dir='ltr'>apostolici,</span> 
     </span>
    </p>
   </div>
   <div class='ocr_carea' id='block_1_56' title="bbox 1979 2593 3576 2665">
    <p class='ocr_par' dir='ltr' id='par_1_56' title="bbox 1979 2593 3576 2665">
     <span class='ocr_line' id='line_1_56' title="bbox 1979 2593 3576 2665; baseline 0.001 -17"><span class='ocrx_word' id='word_1_417' title='bbox 1979 2593 2238 2648; x_wconf 89' lang='lat' dir='ltr'>canonice</span> <span class='ocrx_word' id='word_1_418' title='bbox 2262 2609 2360 2663; x_wconf 90' lang='lat' dir='ltr'>per</span> <span class='ocrx_word' id='word_1_419' title='bbox 2387 2594 2639 2648; x_wconf 91' lang='lat' dir='ltr'>ordinem</span> <span class='ocrx_word' id='word_1_420' title='bbox 2684 2604 2881 2649; x_wconf 90' lang='lat' dir='ltr'>cuncta</span> <span class='ocrx_word' id='word_1_421' title='bbox 2928 2611 3046 2665; x_wconf 66' lang='lat' dir='ltr'>quae</span> <span class='ocrx_word' id='word_1_422' title='bbox 3090 2595 3146 2648; x_wconf 92' lang='lat' dir='ltr'>in</span> <span class='ocrx_word' id='word_1_423' title='bbox 3193 2595 3576 2665; x_wconf 87' lang='lat' dir='ltr'>suprascriptis</span> 
     </span>
    </p>
   </div>
   <div class='ocr_carea' id='block_1_57' title="bbox 1978 2680 3572 2754">
    <p class='ocr_par' dir='ltr' id='par_1_57' title="bbox 1978 2680 3572 2754">
     <span class='ocr_line' id='line_1_57' title="bbox 1978 2680 3572 2754; baseline 0.002 -19"><span class='ocrx_word' id='word_1_424' title='bbox 1978 2680 2232 2736; x_wconf 86' lang='lat' dir='ltr'>fratribus</span> <span class='ocrx_word' id='word_1_425' title='bbox 2266 2690 2424 2754; x_wconf 87' lang='lat' dir='ltr'>gesta</span> <span class='ocrx_word' id='word_1_426' title='bbox 2455 2691 2595 2748; x_wconf 91' lang='lat' dir='ltr'>sunt,</span> <span class='ocrx_word' id='word_1_427' title='bbox 2632 2683 2943 2738; x_wconf 88' lang='lat' dir='ltr'>examinare</span> <span class='ocrx_word' id='word_1_428' title='bbox 2974 2691 3027 2737; x_wconf 91' lang='lat' dir='ltr'>et</span> <span class='ocrx_word' id='word_1_429' title='bbox 3049 2682 3314 2738; x_wconf 87' lang='lat' dir='ltr'>subtiliter</span> <span class='ocrx_word' id='word_1_430' title='bbox 3341 2681 3572 2739; x_wconf 84' lang='lat' dir='ltr'>investi-</span> 
     </span>
    </p>
   </div>
   <div class='ocr_carea' id='block_1_58' title="bbox 1979 2771 3575 2842">
    <p class='ocr_par' dir='ltr' id='par_1_58' title="bbox 1979 2771 3575 2842">
     <span class='ocr_line' id='line_1_58' title="bbox 1979 2771 3575 2842; baseline 0.002 -18"><span class='ocrx_word' id='word_1_431' title='bbox 1979 2787 2127 2842; x_wconf 85' lang='lat' dir='ltr'>gare,</span> <span class='ocrx_word' id='word_1_432' title='bbox 2161 2779 2219 2825; x_wconf 89' lang='lat' dir='ltr'>ut</span> <span class='ocrx_word' id='word_1_433' title='bbox 2264 2771 2410 2842; x_wconf 92' lang='lat' dir='ltr'>quod</span> <span class='ocrx_word' id='word_1_434' title='bbox 2450 2772 2653 2840; x_wconf 90' lang='lat' dir='ltr'>justum</span> <span class='ocrx_word' id='word_1_435' title='bbox 2704 2780 2758 2826; x_wconf 90' lang='lat' dir='ltr'>et</span> <span class='ocrx_word' id='word_1_436' title='bbox 2801 2772 2947 2841; x_wconf 92' lang='lat' dir='ltr'>pium</span> <span class='ocrx_word' id='word_1_437' title='bbox 3002 2787 3224 2826; x_wconf 90' lang='lat' dir='ltr'>sensum</span> <span class='ocrx_word' id='word_1_438' title='bbox 3286 2771 3448 2827; x_wconf 85' lang='lat' dir='ltr'>fuerit</span> <span class='ocrx_word' id='word_1_439' title='bbox 3506 2773 3575 2828; x_wconf 88' lang='lat' dir='ltr'>de</span> 
     </span>
    </p>
   </div>
   <div class='ocr_carea' id='block_1_59' title="bbox 1979 2860 3578 2927">
    <p class='ocr_par' dir='ltr' id='par_1_59' title="bbox 1979 2860 3578 2927">
     <span class='ocr_line' id='line_1_59' title="bbox 1979 2860 3578 2927; baseline 0.002 -13"><span class='ocrx_word' id='word_1_440' title='bbox 1979 2875 2145 2915; x_wconf 92' lang='lat' dir='ltr'>causa</span> <span class='ocrx_word' id='word_1_441' title='bbox 2173 2876 2363 2914; x_wconf 90' lang='lat' dir='ltr'>eorum</span> <span class='ocrx_word' id='word_1_442' title='bbox 2390 2860 2508 2914; x_wconf 90' lang='lat' dir='ltr'>sine</span> <span class='ocrx_word' id='word_1_443' title='bbox 2541 2860 2989 2927; x_wconf 90' lang='lat' dir='ltr'>contradictione,</span> <span class='ocrx_word' id='word_1_444' title='bbox 3022 2860 3156 2916; x_wconf 91' lang='lat' dir='ltr'>sicut</span> <span class='ocrx_word' id='word_1_445' title='bbox 3177 2860 3322 2916; x_wconf 90' lang='lat' dir='ltr'>idem</span> <span class='ocrx_word' id='word_1_446' title='bbox 3344 2861 3578 2917; x_wconf 85' lang='lat' dir='ltr'>domnus</span> 
     </span>
    </p>
   </div>
   <div class='ocr_carea' id='block_1_60' title="bbox 1979 2948 3580 3019">
    <p class='ocr_par' dir='ltr' id='par_1_60' title="bbox 1979 2948 3580 3019">
     <span class='ocr_line' id='line_1_60' title="bbox 1979 2948 3580 3019; baseline 0.002 -17"><span class='ocrx_word' id='word_1_447' title='bbox 1979 2949 2309 3019; x_wconf 89' lang='lat' dir='ltr'>apostolicus</span> <span class='ocrx_word' id='word_1_448' title='bbox 2341 2957 2394 3003; x_wconf 90' lang='lat' dir='ltr'>et</span> <span class='ocrx_word' id='word_1_449' title='bbox 2425 2948 2746 3003; x_wconf 84' lang='lat' dir='ltr'>fraternitati</span> <span class='ocrx_word' id='word_1_450' title='bbox 2775 2958 2972 3005; x_wconf 71' lang='lat' dir='ltr'>vestra:</span> <span class='ocrx_word' id='word_1_451' title='bbox 3019 2957 3072 3004; x_wconf 91' lang='lat' dir='ltr'>et</span> <span class='ocrx_word' id='word_1_452' title='bbox 3116 2949 3400 3004; x_wconf 86' lang='lat' dir='ltr'>humilitati</span> <span class='ocrx_word' id='word_1_453' title='bbox 3441 2966 3580 3006; x_wconf 65' lang='lat' dir='ltr'>mea:</span> 
     </span>
    </p>
   </div>
   <div class='ocr_carea' id='block_1_61' title="bbox 1979 3037 3575 3109">
    <p class='ocr_par' dir='ltr' id='par_1_61' title="bbox 1979 3037 3575 3109">
     <span class='ocr_line' id='line_1_61' title="bbox 1979 3037 3575 3109; baseline 0.002 -17"><span class='ocrx_word' id='word_1_454' title='bbox 1979 3037 2440 3108; x_wconf 88' lang='lat' dir='ltr'>scripsit,possitis</span> <span class='ocrx_word' id='word_1_455' title='bbox 2457 3037 2942 3109; x_wconf 83' lang='lat' dir='ltr'>perficere,devote</span> <span class='ocrx_word' id='word_1_456' title='bbox 2955 3054 3018 3093; x_wconf 89' lang='lat' dir='ltr'>ac</span> <span class='ocrx_word' id='word_1_457' title='bbox 3036 3038 3270 3093; x_wconf 91' lang='lat' dir='ltr'>libenter</span> <span class='ocrx_word' id='word_1_458' title='bbox 3286 3038 3575 3109; x_wconf 88' lang='lat' dir='ltr'>accipiam.</span> 
     </span>
    </p>
   </div>
   <div class='ocr_carea' id='block_1_62' title="bbox 279 3087 3576 3197">
    <p class='ocr_par' dir='ltr' id='par_1_62' title="bbox 279 3087 3576 3197">
     <span class='ocr_line' id='line_1_62' title="bbox 281 3087 3575 3109; baseline 0 -14"><span class='ocrx_word' id='word_1_459' title='bbox 281 3087 621 3108; x_wconf 52' lang='grc' dir='ltr'>---Γπ-ν--</span> <span class='ocrx_word' id='word_1_460' title='bbox 664 3087 958 3107; x_wconf 50' lang='grc' dir='ltr'>τπ--ο-ηη</span> <span class='ocrx_word' id='word_1_461' title='bbox 1381 3087 1582 3103; x_wconf 36' lang='grc' dir='ltr'>παρ-κ</span> <span class='ocrx_word' id='word_1_462' title='bbox 1640 3087 1678 3099; x_wconf 36' lang='grc' dir='ltr'>κ,</span> <span class='ocrx_word' id='word_1_463' title='bbox 1724 3087 1735 3088; x_wconf 36' lang='grc' dir='ltr'><em>κ</em></span> <span class='ocrx_word' id='word_1_464' title='bbox 1979 3087 3260 3109; x_wconf 48' lang='grc' dir='ltr'>---τψπηηηη,ηπ----ηηη-η---η-η-</span> <span class='ocrx_word' id='word_1_465' title='bbox 3287 3087 3404 3094; x_wconf 72' lang='lat'>_---</span> <span class='ocrx_word' id='word_1_466' title='bbox 3447 3087 3575 3095; x_wconf 70' lang='lat'>--_.</span> 
     </span>
     <span class='ocr_line' id='line_1_63' title="bbox 279 3087 3576 3197; baseline 0 -16"><span class='ocrx_word' id='word_1_467' title='bbox 279 3127 479 3182; x_wconf 87' lang='lat' dir='ltr'>cebunt</span> <span class='ocrx_word' id='word_1_468' title='bbox 509 3125 846 3196; x_wconf 86' lang='lat' dir='ltr'>patientiam.</span> <span class='ocrx_word' id='word_1_469' title='bbox 908 3126 1017 3180; x_wconf 91' lang='lat' dir='ltr'>Sed</span> <span class='ocrx_word' id='word_1_470' title='bbox 1048 3125 1145 3179; x_wconf 86' lang='lat' dir='ltr'>etsi</span> <span class='ocrx_word' id='word_1_471' title='bbox 1170 3124 1542 3179; x_wconf 88' lang='lat' dir='ltr'>tantummodo</span> <span class='ocrx_word' id='word_1_472' title='bbox 1573 3124 1711 3177; x_wconf 89' lang='lat' dir='ltr'>male</span> <span class='ocrx_word' id='word_1_473' title='bbox 1741 3140 1874 3178; x_wconf 84' lang='lat' dir='ltr'>sen-</span> <span class='ocrx_word' id='word_1_474' title='bbox 1903 3087 1954 3149; x_wconf 66' lang='grc' dir='ltr'>Ο</span> <span class='ocrx_word' id='word_1_475' title='bbox 1978 3129 2045 3182; x_wconf 91' lang='lat' dir='ltr'>Et</span> <span class='ocrx_word' id='word_1_476' title='bbox 2094 3127 2141 3180; x_wconf 91' lang='lat' dir='ltr'>si</span> <span class='ocrx_word' id='word_1_477' title='bbox 2183 3127 2324 3182; x_wconf 89' lang='lat' dir='ltr'>hanc</span> <span class='ocrx_word' id='word_1_478' title='bbox 2372 3143 2492 3197; x_wconf 77' lang='lat' dir='ltr'>quae</span> <span class='ocrx_word' id='word_1_479' title='bbox 2555 3126 2801 3197; x_wconf 90' lang='lat' dir='ltr'>sequitur</span> <span class='ocrx_word' id='word_1_480' title='bbox 2849 3127 3075 3181; x_wconf 88' lang='lat' dir='ltr'>brevem</span> <span class='ocrx_word' id='word_1_481' title='bbox 3140 3087 3576 3197; x_wconf 57' lang='lat' dir='ltr'>responsidnem,</span> 
     </span>
    </p>
   </div>
   <div class='ocr_carea' id='block_1_63' title="bbox 279 3213 1878 3285">
    <p class='ocr_par' dir='ltr' id='par_1_63' title="bbox 279 3213 1878 3285">
     <span class='ocr_line' id='line_1_64' title="bbox 279 3213 1878 3285; baseline -0.001 -16"><span class='ocrx_word' id='word_1_482' title='bbox 279 3215 464 3270; x_wconf 87' lang='lat' dir='ltr'>tiendo</span> <span class='ocrx_word' id='word_1_483' title='bbox 526 3215 979 3280; x_wconf 88' lang='lat' dir='ltr'>adversabuntur,</span> <span class='ocrx_word' id='word_1_484' title='bbox 1050 3214 1382 3269; x_wconf 87' lang='lat' dir='ltr'>exercebunt</span> <span class='ocrx_word' id='word_1_485' title='bbox 1430 3213 1878 3285; x_wconf 89' lang='lat' dir='ltr'>quantulamcun-</span> 
     </span>
    </p>
   </div>
   <div class='ocr_carea' id='block_1_64' title="bbox 281 3303 1878 3376">
    <p class='ocr_par' dir='ltr' id='par_1_64' title="bbox 281 3303 1878 3376">
     <span class='ocr_line' id='line_1_65' title="bbox 281 3303 1878 3376; baseline -0.003 -17"><span class='ocrx_word' id='word_1_486' title='bbox 281 3321 386 3376; x_wconf 88' lang='lat' dir='ltr'>que</span> <span class='ocrx_word' id='word_1_487' title='bbox 417 3303 722 3372; x_wconf 88' lang='lat' dir='ltr'>scientiam,</span> <span class='ocrx_word' id='word_1_488' title='bbox 755 3311 809 3358; x_wconf 91' lang='lat' dir='ltr'>et</span> <span class='ocrx_word' id='word_1_489' title='bbox 837 3311 892 3357; x_wconf 88' lang='lat' dir='ltr'>ut</span> <span class='ocrx_word' id='word_1_490' title='bbox 939 3303 1102 3357; x_wconf 89' lang='lat' dir='ltr'>etiam</span> <span class='ocrx_word' id='word_1_491' title='bbox 1140 3303 1343 3358; x_wconf 89' lang='lat' dir='ltr'>inimici</span> <span class='ocrx_word' id='word_1_492' title='bbox 1377 3303 1676 3356; x_wconf 88' lang='lat' dir='ltr'>secundum</span> <span class='ocrx_word' id='word_1_493' title='bbox 1731 3317 1878 3370; x_wconf 68' lang='lat' dir='ltr'>prte-</span> 
     </span>
    </p>
   </div>
   <div class='ocr_carea' id='block_1_65' title="bbox 193 3390 1882 3464">
    <p class='ocr_par' dir='ltr' id='par_1_65' title="bbox 193 3390 1882 3464">
     <span class='ocr_line' id='line_1_66' title="bbox 193 3390 1882 3464; baseline -0.003 -15"><span class='ocrx_word' id='word_1_494' title='bbox 193 3400 200 3409; x_wconf 91' lang='lat'><strong>&#39;</strong></span> <span class='ocrx_word' id='word_1_495' title='bbox 280 3402 498 3463; x_wconf 88' lang='lat' dir='ltr'>ceptum</span> <span class='ocrx_word' id='word_1_496' title='bbox 552 3392 769 3447; x_wconf 90' lang='lat' dir='ltr'>Domini</span> <span class='ocrx_word' id='word_1_497' title='bbox 817 3392 1125 3464; x_wconf 90' lang='lat' dir='ltr'>diligantur,</span> <span class='ocrx_word' id='word_1_498' title='bbox 1177 3392 1504 3446; x_wconf 90' lang='lat' dir='ltr'>exercebunt</span> <span class='ocrx_word' id='word_1_499' title='bbox 1552 3390 1882 3445; x_wconf 80' lang='lat' dir='ltr'>benevolen-</span> 
     </span>
    </p>
   </div>
   <div class='ocr_carea' id='block_1_66' title="bbox 281 3480 1880 3549">
    <p class='ocr_par' dir='ltr' id='par_1_66' title="bbox 281 3480 1880 3549">
     <span class='ocr_line' id='line_1_67' title="bbox 281 3480 1880 3549; baseline -0.003 -13"><span class='ocrx_word' id='word_1_500' title='bbox 281 3482 425 3536; x_wconf 85' lang='lat' dir='ltr'>tiam.</span> <span class='ocrx_word' id='word_1_501' title='bbox 461 3481 751 3538; x_wconf 75' lang='lat' dir='ltr'>Praefatum</span> <span class='ocrx_word' id='word_1_502' title='bbox 782 3489 956 3536; x_wconf 91' lang='lat' dir='ltr'>autem</span> <span class='ocrx_word' id='word_1_503' title='bbox 1003 3481 1442 3549; x_wconf 90' lang='lat' dir='ltr'>Gothescalcum,</span> <span class='ocrx_word' id='word_1_504' title='bbox 1479 3480 1523 3534; x_wconf 92' lang='lat' dir='ltr'>si</span> <span class='ocrx_word' id='word_1_505' title='bbox 1555 3488 1738 3535; x_wconf 89' lang='lat' dir='ltr'>vestra</span> <span class='ocrx_word' id='word_1_506' title='bbox 1787 3495 1880 3533; x_wconf 89' lang='lat' dir='ltr'>au-</span> 
     </span>
    </p>
   </div>
   <div class='ocr_carea' id='block_1_67' title="bbox 283 3569 1876 3641">
    <p class='ocr_par' dir='ltr' id='par_1_67' title="bbox 283 3569 1876 3641">
     <span class='ocr_line' id='line_1_68' title="bbox 283 3569 1876 3641; baseline -0.004 -14"><span class='ocrx_word' id='word_1_507' title='bbox 283 3571 501 3627; x_wconf 88' lang='lat' dir='ltr'>ctoritas</span> <span class='ocrx_word' id='word_1_508' title='bbox 528 3571 661 3625; x_wconf 91' lang='lat' dir='ltr'>mihi</span> <span class='ocrx_word' id='word_1_509' title='bbox 691 3569 967 3641; x_wconf 89' lang='lat' dir='ltr'>scripserit</span> <span class='ocrx_word' id='word_1_510' title='bbox 1013 3579 1071 3624; x_wconf 92' lang='lat' dir='ltr'>ut</span> <span class='ocrx_word' id='word_1_511' title='bbox 1118 3587 1243 3625; x_wconf 91' lang='lat' dir='ltr'>eum</span> <span class='ocrx_word' id='word_1_512' title='bbox 1285 3586 1315 3624; x_wconf 90' lang='lat' dir='ltr'>a</span> <span class='ocrx_word' id='word_1_513' title='bbox 1362 3569 1606 3625; x_wconf 91' lang='lat' dir='ltr'>custodia</span> <span class='ocrx_word' id='word_1_514' title='bbox 1649 3569 1876 3635; x_wconf 86' lang='lat' dir='ltr'>solvam,</span> 
     </span>
    </p>
   </div>
   <div class='ocr_carea' id='block_1_68' title="bbox 283 3657 1881 3730">
    <p class='ocr_par' dir='ltr' id='par_1_68' title="bbox 283 3657 1881 3730">
     <span class='ocr_line' id='line_1_69' title="bbox 283 3657 1881 3730; baseline -0.003 -15"><span class='ocrx_word' id='word_1_515' title='bbox 283 3669 333 3715; x_wconf 92' lang='lat' dir='ltr'>et</span> <span class='ocrx_word' id='word_1_516' title='bbox 361 3669 450 3716; x_wconf 92' lang='lat' dir='ltr'>aut</span> <span class='ocrx_word' id='word_1_517' title='bbox 480 3669 539 3715; x_wconf 91' lang='lat' dir='ltr'>ut</span> <span class='ocrx_word' id='word_1_518' title='bbox 568 3661 639 3715; x_wconf 90' lang='lat' dir='ltr'>ad</span> <span class='ocrx_word' id='word_1_519' title='bbox 669 3676 767 3716; x_wconf 91' lang='lat' dir='ltr'>vos</span> <span class='ocrx_word' id='word_1_520' title='bbox 805 3661 988 3725; x_wconf 91' lang='lat' dir='ltr'>cundi,</span> <span class='ocrx_word' id='word_1_521' title='bbox 1037 3668 1094 3715; x_wconf 90' lang='lat' dir='ltr'>ut</span> <span class='ocrx_word' id='word_1_522' title='bbox 1140 3676 1241 3730; x_wconf 92' lang='lat' dir='ltr'>per</span> <span class='ocrx_word' id='word_1_523' title='bbox 1279 3675 1382 3714; x_wconf 89' lang='lat' dir='ltr'>vos</span> <span class='ocrx_word' id='word_1_524' title='bbox 1421 3659 1536 3728; x_wconf 90' lang='lat' dir='ltr'>ejus</span> <span class='ocrx_word' id='word_1_525' title='bbox 1576 3657 1881 3713; x_wconf 89' lang='lat' dir='ltr'>doctrinam</span> 
     </span>
    </p>
   </div>
   <div class='ocr_carea' id='block_1_69' title="bbox 285 3746 1882 3821">
    <p class='ocr_par' dir='ltr' id='par_1_69' title="bbox 285 3746 1882 3821">
     <span class='ocr_line' id='line_1_70' title="bbox 285 3746 1882 3821; baseline -0.004 -16"><span class='ocrx_word' id='word_1_526' title='bbox 285 3749 655 3821; x_wconf 81' lang='lat' dir='ltr'>experiamini,</span> <span class='ocrx_word' id='word_1_527' title='bbox 689 3758 778 3803; x_wconf 90' lang='lat' dir='ltr'>aut</span> <span class='ocrx_word' id='word_1_528' title='bbox 806 3749 876 3804; x_wconf 88' lang='lat' dir='ltr'>ad</span> <span class='ocrx_word' id='word_1_529' title='bbox 914 3765 1290 3820; x_wconf 89' lang='lat' dir='ltr'>quemcunque</span> <span class='ocrx_word' id='word_1_530' title='bbox 1337 3765 1404 3802; x_wconf 90' lang='lat' dir='ltr'>ex</span> <span class='ocrx_word' id='word_1_531' title='bbox 1461 3747 1681 3802; x_wconf 91' lang='lat' dir='ltr'>nomine</span> <span class='ocrx_word' id='word_1_532' title='bbox 1736 3746 1882 3800; x_wconf 88' lang='lat' dir='ltr'>desi-</span> 
     </span>
    </p>
   </div>
   <div class='ocr_carea' id='block_1_70' title="bbox 284 3835 1882 3912">
    <p class='ocr_par' dir='ltr' id='par_1_70' title="bbox 284 3835 1882 3912">
     <span class='ocr_line' id='line_1_71' title="bbox 284 3835 1882 3912; baseline -0.004 -18"><span class='ocrx_word' id='word_1_533' title='bbox 284 3847 510 3912; x_wconf 77' lang='lat' dir='ltr'>gnatum</span> <span class='ocrx_word' id='word_1_534' title='bbox 540 3838 810 3912; x_wconf 81' lang='lat' dir='ltr'>pergendi</span> <span class='ocrx_word' id='word_1_535' title='bbox 837 3838 1112 3893; x_wconf 89' lang='lat' dir='ltr'>licentiam</span> <span class='ocrx_word' id='word_1_536' title='bbox 1141 3838 1358 3904; x_wconf 91' lang='lat' dir='ltr'>donem,</span> <span class='ocrx_word' id='word_1_537' title='bbox 1410 3836 1539 3908; x_wconf 90' lang='lat' dir='ltr'>quia</span> <span class='ocrx_word' id='word_1_538' title='bbox 1585 3844 1641 3891; x_wconf 90' lang='lat' dir='ltr'>ut</span> <span class='ocrx_word' id='word_1_539' title='bbox 1686 3835 1882 3889; x_wconf 91' lang='lat' dir='ltr'>melius</span> 
     </span>
    </p>
   </div>
   <div class='ocr_carea' id='block_1_71' title="bbox 282 3924 1878 3999">
    <p class='ocr_par' dir='ltr' id='par_1_71' title="bbox 282 3924 1878 3999">
     <span class='ocr_line' id='line_1_72' title="bbox 282 3924 1878 3999; baseline -0.003 -17"><span class='ocrx_word' id='word_1_540' title='bbox 282 3928 385 3999; x_wconf 87' lang='lat' dir='ltr'>ipsi</span> <span class='ocrx_word' id='word_1_541' title='bbox 414 3927 585 3993; x_wconf 90' lang='lat' dir='ltr'>scitis,</span> <span class='ocrx_word' id='word_1_542' title='bbox 619 3927 757 3983; x_wconf 89' lang='lat' dir='ltr'>sicut</span> <span class='ocrx_word' id='word_1_543' title='bbox 783 3927 1026 3982; x_wconf 89' lang='lat' dir='ltr'>absolute</span> <span class='ocrx_word' id='word_1_544' title='bbox 1058 3927 1287 3999; x_wconf 84' lang='lat' dir='ltr'>quisque</span> <span class='ocrx_word' id='word_1_545' title='bbox 1309 3925 1548 3981; x_wconf 88' lang='lat' dir='ltr'>ordinari</span> <span class='ocrx_word' id='word_1_546' title='bbox 1576 3941 1687 3979; x_wconf 89' lang='lat' dir='ltr'>non</span> <span class='ocrx_word' id='word_1_547' title='bbox 1718 3924 1878 3990; x_wconf 85' lang='lat' dir='ltr'>valet,</span> 
     </span>
    </p>
   </div>
   <div class='ocr_carea' id='block_1_72' title="bbox 285 4013 1879 4087">
    <p class='ocr_par' dir='ltr' id='par_1_72' title="bbox 285 4013 1879 4087">
     <span class='ocr_line' id='line_1_73' title="bbox 285 4013 1879 4087; baseline -0.003 -16"><span class='ocrx_word' id='word_1_548' title='bbox 285 4017 357 4072; x_wconf 86' lang='lat' dir='ltr'>ita</span> <span class='ocrx_word' id='word_1_549' title='bbox 387 4017 493 4072; x_wconf 89' lang='lat' dir='ltr'>nisi</span> <span class='ocrx_word' id='word_1_550' title='bbox 523 4033 589 4072; x_wconf 85' lang='lat' dir='ltr'>ex</span> <span class='ocrx_word' id='word_1_551' title='bbox 620 4016 790 4087; x_wconf 89' lang='lat' dir='ltr'>ipsius</span> <span class='ocrx_word' id='word_1_552' title='bbox 821 4032 1109 4085; x_wconf 88' lang='lat' dir='ltr'>consensu,</span> <span class='ocrx_word' id='word_1_553' title='bbox 1144 4016 1298 4084; x_wconf 91' lang='lat' dir='ltr'>cujus</span> <span class='ocrx_word' id='word_1_554' title='bbox 1339 4031 1460 4070; x_wconf 88' lang='lat' dir='ltr'>esse</span> <span class='ocrx_word' id='word_1_555' title='bbox 1517 4013 1879 4087; x_wconf 83' lang='lat' dir='ltr'>dignoscitur,</span> 
     </span>
    </p>
   </div>
   <div class='ocr_carea' id='block_1_73' title="bbox 286 4104 1883 4177">
    <p class='ocr_par' dir='ltr' id='par_1_73' title="bbox 286 4104 1883 4177">
     <span class='ocr_line' id='line_1_74' title="bbox 286 4104 1883 4177; baseline -0.004 -15"><span class='ocrx_word' id='word_1_556' title='bbox 286 4115 447 4162; x_wconf 62' lang='lat' dir='ltr'>certa</span> <span class='ocrx_word' id='word_1_557' title='bbox 476 4122 732 4177; x_wconf 65' lang='lat' dir='ltr'>personae</span> <span class='ocrx_word' id='word_1_558' title='bbox 759 4105 1242 4170; x_wconf 89' lang='lat' dir='ltr'>commendandus,</span> <span class='ocrx_word' id='word_1_559' title='bbox 1277 4113 1329 4160; x_wconf 90' lang='lat' dir='ltr'>et</span> <span class='ocrx_word' id='word_1_560' title='bbox 1359 4105 1427 4158; x_wconf 89' lang='lat' dir='ltr'>ad</span> <span class='ocrx_word' id='word_1_561' title='bbox 1458 4112 1669 4160; x_wconf 89' lang='lat' dir='ltr'>certum</span> <span class='ocrx_word' id='word_1_562' title='bbox 1702 4104 1883 4158; x_wconf 88' lang='lat' dir='ltr'>locum</span> 
     </span>
    </p>
   </div>
   <div class='ocr_carea' id='block_1_74' title="bbox 288 4193 1885 4266">
    <p class='ocr_par' dir='ltr' id='par_1_74' title="bbox 288 4193 1885 4266">
     <span class='ocr_line' id='line_1_75' title="bbox 288 4193 1885 4266; baseline -0.004 -16"><span class='ocrx_word' id='word_1_563' title='bbox 288 4195 610 4261; x_wconf 90' lang='lat' dir='ltr'>monachus,</span> <span class='ocrx_word' id='word_1_564' title='bbox 657 4194 744 4249; x_wconf 90' lang='lat' dir='ltr'>vel</span> <span class='ocrx_word' id='word_1_565' title='bbox 791 4195 1021 4266; x_wconf 90' lang='lat' dir='ltr'>quisque</span> <span class='ocrx_word' id='word_1_566' title='bbox 1059 4195 1159 4247; x_wconf 93' lang='lat' dir='ltr'>sub</span> <span class='ocrx_word' id='word_1_567' title='bbox 1225 4194 1416 4264; x_wconf 81' lang='lat' dir='ltr'>regula</span> <span class='ocrx_word' id='word_1_568' title='bbox 1461 4193 1802 4258; x_wconf 90' lang='lat' dir='ltr'>constitutus,</span> <span class='ocrx_word' id='word_1_569' title='bbox 1851 4206 1885 4244; x_wconf 88' lang='lat' dir='ltr'>a</span> 
     </span>
    </p>
   </div>
   <div class='ocr_carea' id='block_1_75' title="bbox 287 4281 1886 4355">
    <p class='ocr_par' dir='ltr' id='par_1_75' title="bbox 287 4281 1886 4355">
     <span class='ocr_line' id='line_1_76' title="bbox 287 4281 1886 4355; baseline -0.003 -17"><span class='ocrx_word' id='word_1_570' title='bbox 287 4283 406 4341; x_wconf 90' lang='lat' dir='ltr'>loco</span> <span class='ocrx_word' id='word_1_571' title='bbox 436 4301 536 4340; x_wconf 91' lang='lat' dir='ltr'>suo</span> <span class='ocrx_word' id='word_1_572' title='bbox 567 4283 775 4338; x_wconf 88' lang='lat' dir='ltr'>absolvi</span> <span class='ocrx_word' id='word_1_573' title='bbox 790 4284 940 4352; x_wconf 87' lang='lat' dir='ltr'>juxta</span> <span class='ocrx_word' id='word_1_574' title='bbox 958 4283 1181 4355; x_wconf 88' lang='lat' dir='ltr'>regulas</span> <span class='ocrx_word' id='word_1_575' title='bbox 1219 4299 1403 4338; x_wconf 90' lang='lat' dir='ltr'>sacras</span> <span class='ocrx_word' id='word_1_576' title='bbox 1443 4298 1549 4336; x_wconf 89' lang='lat' dir='ltr'>non</span> <span class='ocrx_word' id='word_1_577' title='bbox 1596 4281 1756 4347; x_wconf 90' lang='lat' dir='ltr'>valet,</span> <span class='ocrx_word' id='word_1_578' title='bbox 1793 4295 1886 4334; x_wconf 90' lang='lat' dir='ltr'>ve-</span> 
     </span>
    </p>
   </div>
   <div class='ocr_carea' id='block_1_76' title="bbox 291 4371 1886 4443">
    <p class='ocr_par' dir='ltr' id='par_1_76' title="bbox 291 4371 1886 4443">
     <span class='ocr_line' id='line_1_77' title="bbox 291 4371 1886 4443; baseline -0.004 -15"><span class='ocrx_word' id='word_1_579' title='bbox 291 4374 418 4429; x_wconf 85' lang='lat' dir='ltr'>stris</span> <span class='ocrx_word' id='word_1_580' title='bbox 458 4372 799 4443; x_wconf 90' lang='lat' dir='ltr'>jussionibus</span> <span class='ocrx_word' id='word_1_581' title='bbox 847 4371 1162 4426; x_wconf 91' lang='lat' dir='ltr'>nullomodo</span> <span class='ocrx_word' id='word_1_582' title='bbox 1204 4371 1499 4426; x_wconf 89' lang='lat' dir='ltr'>resultabo.</span> <span class='ocrx_word' id='word_1_583' title='bbox 1550 4371 1779 4424; x_wconf 91' lang='lat' dir='ltr'>Tantum</span> <span class='ocrx_word' id='word_1_584' title='bbox 1827 4375 1886 4422; x_wconf 91' lang='lat' dir='ltr'>ut</span> 
     </span>
    </p>
   </div>
   <div class='ocr_carea' id='block_1_77' title="bbox 1978 3215 3580 3286">
    <p class='ocr_par' dir='ltr' id='par_1_77' title="bbox 1978 3215 3580 3286">
     <span class='ocr_line' id='line_1_78' title="bbox 1978 3215 3580 3286; baseline 0.001 -17"><span class='ocrx_word' id='word_1_585' title='bbox 1978 3223 2238 3286; x_wconf 89' lang='lat' dir='ltr'>quantum</span> <span class='ocrx_word' id='word_1_586' title='bbox 2270 3231 2333 3269; x_wconf 87' lang='lat' dir='ltr'>ex</span> <span class='ocrx_word' id='word_1_587' title='bbox 2367 3230 2455 3269; x_wconf 90' lang='lat' dir='ltr'>me</span> <span class='ocrx_word' id='word_1_588' title='bbox 2485 3223 2585 3282; x_wconf 90' lang='lat' dir='ltr'>est,</span> <span class='ocrx_word' id='word_1_589' title='bbox 2626 3215 2697 3269; x_wconf 90' lang='lat' dir='ltr'>ad</span> <span class='ocrx_word' id='word_1_590' title='bbox 2740 3215 3038 3285; x_wconf 90' lang='lat' dir='ltr'>apostolica</span> <span class='ocrx_word' id='word_1_591' title='bbox 3084 3216 3288 3285; x_wconf 90' lang='lat' dir='ltr'>scripta</span> <span class='ocrx_word' id='word_1_592' title='bbox 3333 3215 3580 3271; x_wconf 83' lang='lat' dir='ltr'>videritis</span> 
     </span>
    </p>
   </div>
   <div class='ocr_carea' id='block_1_78' title="bbox 1977 3302 3580 3376">
    <p class='ocr_par' dir='ltr' id='par_1_78' title="bbox 1977 3302 3580 3376">
     <span class='ocr_line' id='line_1_79' title="bbox 1977 3302 3580 3376; baseline 0.001 -18"><span class='ocrx_word' id='word_1_593' title='bbox 1977 3304 2133 3358; x_wconf 90' lang='lat' dir='ltr'>vobis</span> <span class='ocrx_word' id='word_1_594' title='bbox 2163 3302 2431 3369; x_wconf 66' lang='lat' dir='ltr'>sufficere,</span> <span class='ocrx_word' id='word_1_595' title='bbox 2457 3319 2567 3358; x_wconf 92' lang='lat' dir='ltr'>non</span> <span class='ocrx_word' id='word_1_596' title='bbox 2596 3303 2872 3376; x_wconf 86' lang='lat' dir='ltr'>ingratum</span> <span class='ocrx_word' id='word_1_597' title='bbox 2903 3303 3043 3358; x_wconf 86' lang='lat' dir='ltr'>forte</span> <span class='ocrx_word' id='word_1_598' title='bbox 3089 3304 3396 3373; x_wconf 89' lang='lat' dir='ltr'>habebitur,</span> <span class='ocrx_word' id='word_1_599' title='bbox 3432 3305 3580 3376; x_wconf 87' lang='lat' dir='ltr'>quod</span> 
     </span>
    </p>
   </div>
   <div class='ocr_carea' id='block_1_79' title="bbox 1977 3391 3582 3463">
    <p class='ocr_par' dir='ltr' id='par_1_79' title="bbox 1977 3391 3582 3463">
     <span class='ocr_line' id='line_1_80' title="bbox 1977 3391 3582 3463; baseline 0.001 -17"><span class='ocrx_word' id='word_1_600' title='bbox 1977 3393 2044 3446; x_wconf 92' lang='lat' dir='ltr'>ad</span> <span class='ocrx_word' id='word_1_601' title='bbox 2075 3409 2187 3447; x_wconf 91' lang='lat' dir='ltr'>rem</span> <span class='ocrx_word' id='word_1_602' title='bbox 2218 3392 2543 3463; x_wconf 91' lang='lat' dir='ltr'>pertinentia</span> <span class='ocrx_word' id='word_1_603' title='bbox 2595 3392 3027 3448; x_wconf 90' lang='lat' dir='ltr'>succinctissime</span> <span class='ocrx_word' id='word_1_604' title='bbox 3070 3391 3266 3448; x_wconf 88' lang='lat' dir='ltr'>refero.</span> <span class='ocrx_word' id='word_1_605' title='bbox 3315 3392 3582 3460; x_wconf 82' lang='lat' dir='ltr'>Videlicet</span> 
     </span>
    </p>
   </div>
   <div class='ocr_carea' id='block_1_80' title="bbox 1979 3480 3581 3555">
    <p class='ocr_par' dir='ltr' id='par_1_80' title="bbox 1979 3480 3581 3555">
     <span class='ocr_line' id='line_1_81' title="bbox 1979 3480 3581 3555; baseline 0 -19"><span class='ocrx_word' id='word_1_606' title='bbox 1979 3483 2107 3554; x_wconf 91' lang='lat' dir='ltr'>quia</span> <span class='ocrx_word' id='word_1_607' title='bbox 2137 3482 2459 3537; x_wconf 83' lang='lat' dir='ltr'>Rhemensis</span> <span class='ocrx_word' id='word_1_608' title='bbox 2485 3482 2746 3537; x_wconf 84' lang='lat' dir='ltr'>Ecclesiae</span> <span class='ocrx_word' id='word_1_609' title='bbox 2778 3480 2872 3536; x_wconf 85' lang='lat' dir='ltr'>ﬁlii</span> <span class='ocrx_word' id='word_1_610' title='bbox 2890 3482 2958 3537; x_wconf 93' lang='lat' dir='ltr'>de</span> <span class='ocrx_word' id='word_1_611' title='bbox 2989 3482 3222 3555; x_wconf 85' lang='lat' dir='ltr'>collegio</span> <span class='ocrx_word' id='word_1_612' title='bbox 3251 3481 3488 3549; x_wconf 83' lang='lat' dir='ltr'>Vulfadi,</span> <span class='ocrx_word' id='word_1_613' title='bbox 3512 3483 3581 3537; x_wconf 91' lang='lat' dir='ltr'>ab</span> 
     </span>
    </p>
   </div>
   <div class='ocr_carea' id='block_1_81' title="bbox 1979 3569 3581 3641">
    <p class='ocr_par' dir='ltr' id='par_1_81' title="bbox 1979 3569 3581 3641">
     <span class='ocr_line' id='line_1_82' title="bbox 1979 3569 3581 3641; baseline -0.001 -15"><span class='ocrx_word' id='word_1_614' title='bbox 1979 3572 2170 3626; x_wconf 89' lang='lat' dir='ltr'>Ebone</span> <span class='ocrx_word' id='word_1_615' title='bbox 2214 3579 2337 3641; x_wconf 92' lang='lat' dir='ltr'>post</span> <span class='ocrx_word' id='word_1_616' title='bbox 2389 3570 2783 3641; x_wconf 90' lang='lat' dir='ltr'>depositionem</span> <span class='ocrx_word' id='word_1_617' title='bbox 2831 3587 2985 3624; x_wconf 91' lang='lat' dir='ltr'>suam</span> <span class='ocrx_word' id='word_1_618' title='bbox 3019 3569 3266 3640; x_wconf 87' lang='lat' dir='ltr'>ordinati,</span> <span class='ocrx_word' id='word_1_619' title='bbox 3314 3586 3422 3625; x_wconf 89' lang='lat' dir='ltr'>non</span> <span class='ocrx_word' id='word_1_620' title='bbox 3458 3585 3581 3630; x_wconf 87' lang='lat' dir='ltr'>meo</span> 
     </span>
    </p>
   </div>
   <div class='ocr_carea' id='block_1_82' title="bbox 1975 3659 3581 3730">
    <p class='ocr_par' dir='ltr' id='par_1_82' title="bbox 1975 3659 3581 3730">
     <span class='ocr_line' id='line_1_83' title="bbox 1975 3659 3581 3730; baseline 0.001 -16"><span class='ocrx_word' id='word_1_621' title='bbox 1975 3659 2196 3729; x_wconf 91' lang='lat' dir='ltr'>judicio,</span> <span class='ocrx_word' id='word_1_622' title='bbox 2230 3676 2332 3715; x_wconf 87' lang='lat' dir='ltr'>nec</span> <span class='ocrx_word' id='word_1_623' title='bbox 2354 3660 2420 3713; x_wconf 91' lang='lat' dir='ltr'>ab</span> <span class='ocrx_word' id='word_1_624' title='bbox 2453 3659 2724 3730; x_wconf 90' lang='lat' dir='ltr'>episcopis</span> <span class='ocrx_word' id='word_1_625' title='bbox 2743 3659 3084 3715; x_wconf 90' lang='lat' dir='ltr'>solummodo</span> <span class='ocrx_word' id='word_1_626' title='bbox 3104 3659 3436 3715; x_wconf 83' lang='lat' dir='ltr'>Rhemorum</span> <span class='ocrx_word' id='word_1_627' title='bbox 3455 3675 3581 3730; x_wconf 76' lang='lat' dir='ltr'>pro-</span> 
     </span>
    </p>
   </div>
   <div class='ocr_carea' id='block_1_83' title="bbox 1981 3748 3581 3819">
    <p class='ocr_par' dir='ltr' id='par_1_83' title="bbox 1981 3748 3581 3819">
     <span class='ocr_line' id='line_1_84' title="bbox 1981 3748 3581 3819; baseline 0 -15"><span class='ocrx_word' id='word_1_628' title='bbox 1981 3749 2191 3815; x_wconf 71' lang='lat' dir='ltr'>vincite,</span> <span class='ocrx_word' id='word_1_629' title='bbox 2226 3748 2460 3818; x_wconf 90' lang='lat' dir='ltr'>primum</span> <span class='ocrx_word' id='word_1_630' title='bbox 2492 3748 2747 3818; x_wconf 89' lang='lat' dir='ltr'>suspensi</span> <span class='ocrx_word' id='word_1_631' title='bbox 2779 3756 2830 3803; x_wconf 90' lang='lat' dir='ltr'>et</span> <span class='ocrx_word' id='word_1_632' title='bbox 2871 3756 3064 3819; x_wconf 89' lang='lat' dir='ltr'>postea</span> <span class='ocrx_word' id='word_1_633' title='bbox 3093 3748 3306 3818; x_wconf 88' lang='lat' dir='ltr'>dejecti,</span> <span class='ocrx_word' id='word_1_634' title='bbox 3354 3756 3409 3803; x_wconf 91' lang='lat' dir='ltr'>ut</span> <span class='ocrx_word' id='word_1_635' title='bbox 3456 3763 3581 3804; x_wconf 89' lang='lat' dir='ltr'>meo</span> 
     </span>
    </p>
   </div>
   <div class='ocr_carea' id='block_1_84' title="bbox 1981 3836 3580 3908">
    <p class='ocr_par' dir='ltr' id='par_1_84' title="bbox 1981 3836 3580 3908">
     <span class='ocr_line' id='line_1_85' title="bbox 1981 3836 3580 3908; baseline 0 -16"><span class='ocrx_word' id='word_1_636' title='bbox 1981 3837 2068 3892; x_wconf 91' lang='lat' dir='ltr'>vel</span> <span class='ocrx_word' id='word_1_637' title='bbox 2098 3836 2373 3893; x_wconf 87' lang='lat' dir='ltr'>communi</span> <span class='ocrx_word' id='word_1_638' title='bbox 2401 3854 2521 3893; x_wconf 88' lang='lat' dir='ltr'>cum</span> <span class='ocrx_word' id='word_1_639' title='bbox 2555 3837 2634 3891; x_wconf 91' lang='lat' dir='ltr'>eis</span> <span class='ocrx_word' id='word_1_640' title='bbox 2655 3845 2860 3892; x_wconf 91' lang='lat' dir='ltr'>tantum</span> <span class='ocrx_word' id='word_1_641' title='bbox 2894 3836 3114 3908; x_wconf 91' lang='lat' dir='ltr'>placito,</span> <span class='ocrx_word' id='word_1_642' title='bbox 3143 3837 3298 3906; x_wconf 86' lang='lat' dir='ltr'>juxta</span> <span class='ocrx_word' id='word_1_643' title='bbox 3327 3837 3580 3893; x_wconf 58' lang='lat' dir='ltr'>Nicenos</span> 
     </span>
    </p>
   </div>
   <div class='ocr_carea' id='block_1_85' title="bbox 1982 3927 3578 3996">
    <p class='ocr_par' dir='ltr' id='par_1_85' title="bbox 1982 3927 3578 3996">
     <span class='ocr_line' id='line_1_86' title="bbox 1982 3927 3578 3996; baseline -0.001 -14"><span class='ocrx_word' id='word_1_644' title='bbox 1982 3935 2035 3982; x_wconf 90' lang='lat' dir='ltr'>et</span> <span class='ocrx_word' id='word_1_645' title='bbox 2062 3927 2430 3982; x_wconf 85' lang='lat' dir='ltr'>Antiochenos</span> <span class='ocrx_word' id='word_1_646' title='bbox 2473 3942 2711 3982; x_wconf 89' lang='lat' dir='ltr'>canones</span> <span class='ocrx_word' id='word_1_647' title='bbox 2757 3927 2994 3996; x_wconf 74' lang='lat' dir='ltr'>(Nicwn.</span> <span class='ocrx_word' id='word_1_648' title='bbox 3047 3943 3177 3982; x_wconf 86' lang='lat' dir='ltr'>can.</span> <span class='ocrx_word' id='word_1_649' title='bbox 3228 3930 3280 3993; x_wconf 77' lang='grc' dir='ltr'><em>ὃ,</em></span> <span class='ocrx_word' id='word_1_650' title='bbox 3315 3927 3578 3983; x_wconf 77' lang='lat' dir='ltr'>Antioch.</span> 
     </span>
    </p>
   </div>
   <div class='ocr_carea' id='block_1_86' title="bbox 1984 4015 3580 4086">
    <p class='ocr_par' dir='ltr' id='par_1_86' title="bbox 1984 4015 3580 4086">
     <span class='ocr_line' id='line_1_87' title="bbox 1984 4015 3580 4086; baseline -0.002 -14"><span class='ocrx_word' id='word_1_651' title='bbox 1984 4032 2031 4072; x_wconf 89' lang='lat' dir='ltr'>c.</span> <span class='ocrx_word' id='word_1_652' title='bbox 2062 4017 2135 4086; x_wconf 75' lang='grc'>4),</span> <span class='ocrx_word' id='word_1_653' title='bbox 2162 4015 2534 4070; x_wconf 88' lang='lat' dir='ltr'>humaniorem</span> <span class='ocrx_word' id='word_1_654' title='bbox 2563 4024 2652 4069; x_wconf 90' lang='lat' dir='ltr'>aut</span> <span class='ocrx_word' id='word_1_655' title='bbox 2683 4017 2905 4070; x_wconf 90' lang='lat' dir='ltr'>alteram</span> <span class='ocrx_word' id='word_1_656' title='bbox 2928 4015 3206 4085; x_wconf 88' lang='lat' dir='ltr'>suscipere</span> <span class='ocrx_word' id='word_1_657' title='bbox 3253 4015 3580 4070; x_wconf 87' lang='lat' dir='ltr'>sententiam</span> 
     </span>
    </p>
   </div>
   <div class='ocr_carea' id='block_1_87' title="bbox 1983 4103 3582 4175">
    <p class='ocr_par' dir='ltr' id='par_1_87' title="bbox 1983 4103 3582 4175">
     <span class='ocr_line' id='line_1_88' title="bbox 1983 4103 3582 4175; baseline -0.001 -16"><span class='ocrx_word' id='word_1_658' title='bbox 1983 4105 2229 4170; x_wconf 87' lang='lat' dir='ltr'>valeant;</span> <span class='ocrx_word' id='word_1_659' title='bbox 2265 4105 2362 4159; x_wconf 91' lang='lat' dir='ltr'>sed</span> <span class='ocrx_word' id='word_1_660' title='bbox 2385 4105 2536 4174; x_wconf 90' lang='lat' dir='ltr'>prius</span> <span class='ocrx_word' id='word_1_661' title='bbox 2586 4103 2858 4174; x_wconf 91' lang='lat' dir='ltr'>suspensi,</span> <span class='ocrx_word' id='word_1_662' title='bbox 2909 4113 2961 4159; x_wconf 92' lang='lat' dir='ltr'>et</span> <span class='ocrx_word' id='word_1_663' title='bbox 3008 4120 3273 4174; x_wconf 89' lang='lat' dir='ltr'>processu</span> <span class='ocrx_word' id='word_1_664' title='bbox 3317 4104 3582 4175; x_wconf 88' lang='lat' dir='ltr'>temporis</span> 
     </span>
    </p>
   </div>
   <div class='ocr_carea' id='block_1_88' title="bbox 1982 4192 3578 4264">
    <p class='ocr_par' dir='ltr' id='par_1_88' title="bbox 1982 4192 3578 4264">
     <span class='ocr_line' id='line_1_89' title="bbox 1982 4192 3578 4264; baseline -0.001 -16"><span class='ocrx_word' id='word_1_665' title='bbox 1982 4209 2011 4248; x_wconf 91' lang='lat' dir='ltr'>a</span> <span class='ocrx_word' id='word_1_666' title='bbox 2043 4193 2250 4264; x_wconf 88' lang='lat' dir='ltr'>synodo</span> <span class='ocrx_word' id='word_1_667' title='bbox 2297 4193 2675 4262; x_wconf 90' lang='lat' dir='ltr'>episcoporum</span> <span class='ocrx_word' id='word_1_668' title='bbox 2734 4192 2974 4262; x_wconf 90' lang='lat' dir='ltr'>quinque</span> <span class='ocrx_word' id='word_1_669' title='bbox 3034 4193 3457 4262; x_wconf 88' lang='lat' dir='ltr'>provinciarum,</span> <span class='ocrx_word' id='word_1_670' title='bbox 3506 4192 3578 4247; x_wconf 88' lang='lat' dir='ltr'>ad</span> 
     </span>
    </p>
   </div>
   <div class='ocr_carea' id='block_1_89' title="bbox 1985 4279 3582 4353">
    <p class='ocr_par' dir='ltr' id='par_1_89' title="bbox 1985 4279 3582 4353">
     <span class='ocr_line' id='line_1_90' title="bbox 1985 4279 3582 4353; baseline 0.001 -18"><span class='ocrx_word' id='word_1_671' title='bbox 1985 4297 2146 4353; x_wconf 90' lang='lat' dir='ltr'>quam</span> <span class='ocrx_word' id='word_1_672' title='bbox 2177 4289 2624 4351; x_wconf 83' lang='lat' dir='ltr'>provocaverant,</span> <span class='ocrx_word' id='word_1_673' title='bbox 2675 4281 2975 4335; x_wconf 89' lang='lat' dir='ltr'>secundum</span> <span class='ocrx_word' id='word_1_674' title='bbox 3019 4280 3241 4334; x_wconf 89' lang='lat' dir='ltr'>decreta</span> <span class='ocrx_word' id='word_1_675' title='bbox 3282 4279 3582 4337; x_wconf 88' lang='lat' dir='ltr'>Innocentii</span> 
     </span>
    </p>
   </div>
   <div class='ocr_carea' id='block_1_90' title="bbox 1983 4367 3583 4440">
    <p class='ocr_par' dir='ltr' id='par_1_90' title="bbox 1983 4367 3583 4440">
     <span class='ocr_line' id='line_1_91' title="bbox 1983 4367 3583 4440; baseline 0 -16"><span class='ocrx_word' id='word_1_676' title='bbox 1983 4371 2054 4424; x_wconf 90' lang='lat' dir='ltr'>ad</span> <span class='ocrx_word' id='word_1_677' title='bbox 2084 4369 2278 4425; x_wconf 82' lang='lat' dir='ltr'>Rufum</span> <span class='ocrx_word' id='word_1_678' title='bbox 2311 4377 2361 4424; x_wconf 92' lang='lat' dir='ltr'>et</span> <span class='ocrx_word' id='word_1_679' title='bbox 2409 4369 2722 4434; x_wconf 90' lang='lat' dir='ltr'>Eusebium,</span> <span class='ocrx_word' id='word_1_680' title='bbox 2779 4368 3039 4439; x_wconf 90' lang='lat' dir='ltr'>inspectis</span> <span class='ocrx_word' id='word_1_681' title='bbox 3080 4385 3201 4440; x_wconf 79' lang='lat' dir='ltr'>quae</span> <span class='ocrx_word' id='word_1_682' title='bbox 3248 4367 3467 4440; x_wconf 88' lang='lat' dir='ltr'>scripsit</span> <span class='ocrx_word' id='word_1_683' title='bbox 3510 4367 3583 4424; x_wconf 89' lang='lat' dir='ltr'>ad</span> 
     </span>
    </p>
   </div>
   <div class='ocr_carea' id='block_1_91' title="bbox 290 4452 3584 4529">
    <p class='ocr_par' dir='ltr' id='par_1_91' title="bbox 290 4452 3584 4529">
     <span class='ocr_line' id='line_1_92' title="bbox 290 4452 3584 4529; baseline -0.002 -12"><span class='ocrx_word' id='word_1_684' title='bbox 290 4462 669 4518; x_wconf 80' lang='lat' dir='ltr'>auctoritatem</span> <span class='ocrx_word' id='word_1_685' title='bbox 698 4469 939 4517; x_wconf 88' lang='lat' dir='ltr'>vestram</span> <span class='ocrx_word' id='word_1_686' title='bbox 970 4461 1216 4529; x_wconf 87' lang='lat' dir='ltr'>habeam,</span> <span class='ocrx_word' id='word_1_687' title='bbox 1251 4477 1319 4514; x_wconf 92' lang='lat' dir='ltr'>ne</span> <span class='ocrx_word' id='word_1_688' title='bbox 1351 4467 1618 4514; x_wconf 89' lang='lat' dir='ltr'>tantorum</span> <span class='ocrx_word' id='word_1_689' title='bbox 1663 4458 1880 4529; x_wconf 88' lang='lat' dir='ltr'>episco-</span> <span class='ocrx_word' id='word_1_690' title='bbox 1911 4452 1963 4512; x_wconf 91' lang='lat' dir='ltr'>D</span> <span class='ocrx_word' id='word_1_691' title='bbox 1987 4459 2330 4524; x_wconf 85' lang='lat' dir='ltr'>Martianum,</span> <span class='ocrx_word' id='word_1_692' title='bbox 2363 4465 2413 4513; x_wconf 90' lang='lat' dir='ltr'>et</span> <span class='ocrx_word' id='word_1_693' title='bbox 2456 4458 2614 4527; x_wconf 88' lang='lat' dir='ltr'>juxta</span> <span class='ocrx_word' id='word_1_694' title='bbox 2659 4457 2858 4513; x_wconf 90' lang='lat' dir='ltr'>Zosimi</span> <span class='ocrx_word' id='word_1_695' title='bbox 2899 4457 3235 4514; x_wconf 89' lang='lat' dir='ltr'>successoris</span> <span class='ocrx_word' id='word_1_696' title='bbox 3281 4455 3584 4513; x_wconf 89' lang='lat' dir='ltr'>Innocentii</span> 
     </span>
    </p>
   </div>
   <div class='ocr_carea' id='block_1_92' title="bbox 291 4547 1886 4624">
    <p class='ocr_par' dir='ltr' id='par_1_92' title="bbox 291 4547 1886 4624">
     <span class='ocr_line' id='line_1_93' title="bbox 291 4547 1886 4624; baseline -0.003 -18"><span class='ocrx_word' id='word_1_697' title='bbox 291 4567 481 4624; x_wconf 90' lang='lat' dir='ltr'>porum</span> <span class='ocrx_word' id='word_1_698' title='bbox 525 4550 787 4619; x_wconf 90' lang='lat' dir='ltr'>judicium</span> <span class='ocrx_word' id='word_1_699' title='bbox 851 4566 975 4605; x_wconf 91' lang='lat' dir='ltr'>mea</span> <span class='ocrx_word' id='word_1_700' title='bbox 1020 4550 1444 4621; x_wconf 70' lang='lat' dir='ltr'>praesumptione</span> <span class='ocrx_word' id='word_1_701' title='bbox 1491 4547 1886 4619; x_wconf 85' lang='lat' dir='ltr'>parvipendere</span> 
     </span>
    </p>
   </div>
   <div class='ocr_carea' id='block_1_93' title="bbox 293 4637 1886 4709">
    <p class='ocr_par' dir='ltr' id='par_1_93' title="bbox 293 4637 1886 4709">
     <span class='ocr_line' id='line_1_94' title="bbox 293 4637 1886 4709; baseline -0.003 -14"><span class='ocrx_word' id='word_1_702' title='bbox 293 4641 492 4696; x_wconf 84' lang='lat' dir='ltr'>videat.</span> <span class='ocrx_word' id='word_1_703' title='bbox 527 4641 650 4695; x_wconf 91' lang='lat' dir='ltr'>Non</span> <span class='ocrx_word' id='word_1_704' title='bbox 682 4641 824 4694; x_wconf 91' lang='lat' dir='ltr'>enim</span> <span class='ocrx_word' id='word_1_705' title='bbox 856 4640 998 4694; x_wconf 90' lang='lat' dir='ltr'>illius</span> <span class='ocrx_word' id='word_1_706' title='bbox 1029 4640 1287 4704; x_wconf 91' lang='lat' dir='ltr'>delector,</span> <span class='ocrx_word' id='word_1_707' title='bbox 1333 4655 1492 4709; x_wconf 90' lang='lat' dir='ltr'>quam</span> <span class='ocrx_word' id='word_1_708' title='bbox 1537 4639 1682 4707; x_wconf 91' lang='lat' dir='ltr'>juste</span> <span class='ocrx_word' id='word_1_709' title='bbox 1727 4637 1886 4691; x_wconf 90' lang='lat' dir='ltr'>susti-</span> 
     </span>
    </p>
   </div>
   <div class='ocr_carea' id='block_1_94' title="bbox 293 4726 1887 4802">
    <p class='ocr_par' dir='ltr' id='par_1_94' title="bbox 293 4726 1887 4802">
     <span class='ocr_line' id='line_1_95' title="bbox 293 4726 1887 4802; baseline -0.003 -18"><span class='ocrx_word' id='word_1_710' title='bbox 293 4739 382 4786; x_wconf 90' lang='lat' dir='ltr'>net</span> <span class='ocrx_word' id='word_1_711' title='bbox 409 4729 769 4802; x_wconf 89' lang='lat' dir='ltr'>pertinaciter</span> <span class='ocrx_word' id='word_1_712' title='bbox 824 4737 1132 4797; x_wconf 87' lang='lat' dir='ltr'>contumax,</span> <span class='ocrx_word' id='word_1_713' title='bbox 1187 4727 1663 4800; x_wconf 66' lang='lat' dir='ltr'>quantulacunque</span> <span class='ocrx_word' id='word_1_714' title='bbox 1712 4726 1887 4781; x_wconf 92' lang='lat' dir='ltr'>reclu-</span> 
     </span>
    </p>
   </div>
   <div class='ocr_carea' id='block_1_95' title="bbox 294 4816 1889 4888">
    <p class='ocr_par' dir='ltr' id='par_1_95' title="bbox 294 4816 1889 4888">
     <span class='ocr_line' id='line_1_96' title="bbox 294 4816 1889 4888; baseline -0.003 -15"><span class='ocrx_word' id='word_1_715' title='bbox 294 4819 465 4875; x_wconf 88' lang='lat' dir='ltr'>sionis</span> <span class='ocrx_word' id='word_1_716' title='bbox 495 4818 741 4874; x_wconf 87' lang='lat' dir='ltr'>molestia</span> <span class='ocrx_word' id='word_1_717' title='bbox 775 4835 791 4872; x_wconf 80' lang='lat'><strong>:</strong></span> <span class='ocrx_word' id='word_1_718' title='bbox 824 4819 918 4872; x_wconf 90' lang='lat' dir='ltr'>sed</span> <span class='ocrx_word' id='word_1_719' title='bbox 942 4818 1101 4873; x_wconf 91' lang='lat' dir='ltr'>doleo</span> <span class='ocrx_word' id='word_1_720' title='bbox 1121 4833 1154 4872; x_wconf 91' lang='lat' dir='ltr'>a</span> <span class='ocrx_word' id='word_1_721' title='bbox 1184 4833 1293 4888; x_wconf 89' lang='lat' dir='ltr'>qua</span> <span class='ocrx_word' id='word_1_722' title='bbox 1341 4816 1591 4871; x_wconf 89' lang='lat' dir='ltr'>revocari</span> <span class='ocrx_word' id='word_1_723' title='bbox 1639 4831 1748 4870; x_wconf 90' lang='lat' dir='ltr'>non</span> <span class='ocrx_word' id='word_1_724' title='bbox 1791 4831 1889 4885; x_wconf 92' lang='lat' dir='ltr'>po-</span> 
     </span>
    </p>
   </div>
   <div class='ocr_carea' id='block_1_96' title="bbox 295 4905 1891 4979">
    <p class='ocr_par' dir='ltr' id='par_1_96' title="bbox 295 4905 1891 4979">
     <span class='ocr_line' id='line_1_97' title="bbox 295 4905 1891 4979; baseline -0.003 -16"><span class='ocrx_word' id='word_1_725' title='bbox 295 4915 397 4963; x_wconf 90' lang='lat' dir='ltr'>test</span> <span class='ocrx_word' id='word_1_726' title='bbox 428 4907 734 4979; x_wconf 89' lang='lat' dir='ltr'>perfidiam.</span> <span class='ocrx_word' id='word_1_727' title='bbox 770 4906 946 4976; x_wconf 87' lang='lat' dir='ltr'>Quem</span> <span class='ocrx_word' id='word_1_728' title='bbox 976 4907 1021 4961; x_wconf 92' lang='lat' dir='ltr'>si</span> <span class='ocrx_word' id='word_1_729' title='bbox 1052 4907 1356 4977; x_wconf 91' lang='lat' dir='ltr'>cuicunque</span> <span class='ocrx_word' id='word_1_730' title='bbox 1399 4905 1891 4961; x_wconf 89' lang='lat' dir='ltr'>commendandum</span> 
     </span>
    </p>
   </div>
   <div class='ocr_carea' id='block_1_97' title="bbox 296 4994 1891 5063">
    <p class='ocr_par' dir='ltr' id='par_1_97' title="bbox 296 4994 1891 5063">
     <span class='ocr_line' id='line_1_98' title="bbox 296 4994 1891 5063; baseline -0.003 -11"><span class='ocrx_word' id='word_1_731' title='bbox 296 5006 478 5052; x_wconf 86' lang='lat' dir='ltr'>vestra</span> <span class='ocrx_word' id='word_1_732' title='bbox 540 4996 836 5052; x_wconf 89' lang='lat' dir='ltr'>auctoritas</span> <span class='ocrx_word' id='word_1_733' title='bbox 884 4996 1096 5063; x_wconf 89' lang='lat' dir='ltr'>viderit,</span> <span class='ocrx_word' id='word_1_734' title='bbox 1161 4997 1266 5050; x_wconf 92' lang='lat' dir='ltr'>hoc</span> <span class='ocrx_word' id='word_1_735' title='bbox 1313 4995 1367 5048; x_wconf 92' lang='lat' dir='ltr'>in</span> <span class='ocrx_word' id='word_1_736' title='bbox 1423 4994 1891 5050; x_wconf 86' lang='lat' dir='ltr'>commendatione</span> 
     </span>
    </p>
   </div>
   <div class='ocr_carea' id='block_1_98' title="bbox 299 5082 1893 5157">
    <p class='ocr_par' dir='ltr' id='par_1_98' title="bbox 299 5082 1893 5157">
     <span class='ocr_line' id='line_1_99' title="bbox 299 5082 1893 5157; baseline -0.003 -16"><span class='ocrx_word' id='word_1_737' title='bbox 299 5088 459 5141; x_wconf 90' lang='lat' dir='ltr'>etiam</span> <span class='ocrx_word' id='word_1_738' title='bbox 489 5085 817 5157; x_wconf 90' lang='lat' dir='ltr'>providebit,</span> <span class='ocrx_word' id='word_1_739' title='bbox 852 5094 910 5139; x_wconf 91' lang='lat' dir='ltr'>ut</span> <span class='ocrx_word' id='word_1_740' title='bbox 939 5085 1026 5141; x_wconf 91' lang='lat' dir='ltr'>cui</span> <span class='ocrx_word' id='word_1_741' title='bbox 1070 5082 1545 5139; x_wconf 88' lang='lat' dir='ltr'>commendabitur</span> <span class='ocrx_word' id='word_1_742' title='bbox 1592 5083 1893 5138; x_wconf 89' lang='lat' dir='ltr'>catholicus</span> 
     </span>
    </p>
   </div>
   <div class='ocr_carea' id='block_1_99' title="bbox 302 5173 1894 5247">
    <p class='ocr_par' dir='ltr' id='par_1_99' title="bbox 302 5173 1894 5247">
     <span class='ocr_line' id='line_1_100' title="bbox 302 5173 1894 5247; baseline -0.003 -18"><span class='ocrx_word' id='word_1_743' title='bbox 302 5176 385 5244; x_wconf 90' lang='lat' dir='ltr'>sit,</span> <span class='ocrx_word' id='word_1_744' title='bbox 439 5185 493 5230; x_wconf 88' lang='lat' dir='ltr'>et</span> <span class='ocrx_word' id='word_1_745' title='bbox 539 5175 864 5247; x_wconf 83' lang='lat' dir='ltr'>gravitatem</span> <span class='ocrx_word' id='word_1_746' title='bbox 943 5174 1390 5239; x_wconf 89' lang='lat' dir='ltr'>ecclesiasticam,</span> <span class='ocrx_word' id='word_1_747' title='bbox 1447 5181 1500 5228; x_wconf 88' lang='lat' dir='ltr'>et</span> <span class='ocrx_word' id='word_1_748' title='bbox 1568 5173 1816 5246; x_wconf 88' lang='lat' dir='ltr'>vigorem</span> <span class='ocrx_word' id='word_1_749' title='bbox 1862 5187 1894 5225; x_wconf 87' lang='lat' dir='ltr'>a</span> 
     </span>
    </p>
   </div>
   <div class='ocr_carea' id='block_1_100' title="bbox 303 5262 1895 5336">
    <p class='ocr_par' dir='ltr' id='par_1_100' title="bbox 303 5262 1895 5336">
     <span class='ocr_line' id='line_1_101' title="bbox 303 5262 1895 5336; baseline -0.004 -16"><span class='ocrx_word' id='word_1_750' title='bbox 303 5265 709 5336; x_wconf 87' lang='lat' dir='ltr'>Scripturarum</span> <span class='ocrx_word' id='word_1_751' title='bbox 756 5264 1038 5319; x_wconf 88' lang='lat' dir='ltr'>scientiam</span> <span class='ocrx_word' id='word_1_752' title='bbox 1077 5265 1291 5328; x_wconf 88' lang='lat' dir='ltr'>habeat,</span> <span class='ocrx_word' id='word_1_753' title='bbox 1358 5263 1484 5333; x_wconf 87' lang='lat' dir='ltr'>quia</span> <span class='ocrx_word' id='word_1_754' title='bbox 1549 5279 1658 5317; x_wconf 89' lang='lat' dir='ltr'>non</span> <span class='ocrx_word' id='word_1_755' title='bbox 1718 5262 1895 5316; x_wconf 91' lang='lat' dir='ltr'>solum</span> 
     </span>
    </p>
   </div>
   <div class='ocr_carea' id='block_1_101' title="bbox 304 5351 1897 5427">
    <p class='ocr_par' dir='ltr' id='par_1_101' title="bbox 304 5351 1897 5427">
     <span class='ocr_line' id='line_1_102' title="bbox 304 5351 1897 5427; baseline -0.003 -17"><span class='ocrx_word' id='word_1_756' title='bbox 304 5353 607 5427; x_wconf 90' lang='lat' dir='ltr'>Scripturas</span> <span class='ocrx_word' id='word_1_757' title='bbox 636 5354 709 5409; x_wconf 86' lang='lat' dir='ltr'>ad</span> <span class='ocrx_word' id='word_1_758' title='bbox 750 5370 905 5410; x_wconf 90' lang='lat' dir='ltr'>suum</span> <span class='ocrx_word' id='word_1_759' title='bbox 937 5370 1156 5409; x_wconf 88' lang='lat' dir='ltr'>sensum</span> <span class='ocrx_word' id='word_1_760' title='bbox 1188 5353 1452 5408; x_wconf 88' lang='lat' dir='ltr'>violenter</span> <span class='ocrx_word' id='word_1_761' title='bbox 1497 5351 1746 5418; x_wconf 86' lang='lat' dir='ltr'>inflexas,</span> <span class='ocrx_word' id='word_1_762' title='bbox 1799 5352 1897 5406; x_wconf 90' lang='lat' dir='ltr'>sed</span> 
     </span>
    </p>
   </div>
   <div class='ocr_carea' id='block_1_102' title="bbox 305 5441 1896 5513">
    <p class='ocr_par' dir='ltr' id='par_1_102' title="bbox 305 5441 1896 5513">
     <span class='ocr_line' id='line_1_103' title="bbox 305 5441 1896 5513; baseline -0.002 -14"><span class='ocrx_word' id='word_1_763' title='bbox 305 5451 354 5499; x_wconf 87' lang='lat' dir='ltr'>et</span> <span class='ocrx_word' id='word_1_764' title='bbox 394 5441 786 5500; x_wconf 86' lang='lat' dir='ltr'>catholicorum</span> <span class='ocrx_word' id='word_1_765' title='bbox 832 5443 976 5499; x_wconf 91' lang='lat' dir='ltr'>dicta</span> <span class='ocrx_word' id='word_1_766' title='bbox 1020 5444 1341 5499; x_wconf 89' lang='lat' dir='ltr'>detruncata</span> <span class='ocrx_word' id='word_1_767' title='bbox 1383 5457 1482 5513; x_wconf 91' lang='lat' dir='ltr'>per</span> <span class='ocrx_word' id='word_1_768' title='bbox 1529 5449 1693 5496; x_wconf 92' lang='lat' dir='ltr'>totum</span> <span class='ocrx_word' id='word_1_769' title='bbox 1753 5441 1896 5497; x_wconf 90' lang='lat' dir='ltr'>diem</span> 
     </span>
    </p>
   </div>
   <div class='ocr_carea' id='block_1_103' title="bbox 308 5530 1897 5606">
    <p class='ocr_par' dir='ltr' id='par_1_103' title="bbox 308 5530 1897 5606">
     <span class='ocr_line' id='line_1_104' title="bbox 308 5530 1897 5606; baseline -0.002 -19"><span class='ocrx_word' id='word_1_770' title='bbox 308 5549 424 5591; x_wconf 80' lang='lat' dir='ltr'>sine</span> <span class='ocrx_word' id='word_1_771' title='bbox 448 5532 809 5606; x_wconf 85' lang='lat' dir='ltr'>respiratione</span> <span class='ocrx_word' id='word_1_772' title='bbox 839 5531 1016 5605; x_wconf 81' lang='lat' dir='ltr'>aliqua</span> <span class='ocrx_word' id='word_1_773' title='bbox 1053 5532 1312 5604; x_wconf 70' lang='lat' dir='ltr'>prevalet</span> <span class='ocrx_word' id='word_1_774' title='bbox 1361 5530 1674 5586; x_wconf 88' lang='lat' dir='ltr'>memoriter</span> <span class='ocrx_word' id='word_1_775' title='bbox 1700 5530 1897 5586; x_wconf 88' lang='lat' dir='ltr'>decan-</span> 
     </span>
    </p>
   </div>
   <div class='ocr_carea' id='block_1_104' title="bbox 1984 4544 3582 4618">
    <p class='ocr_par' dir='ltr' id='par_1_104' title="bbox 1984 4544 3582 4618">
     <span class='ocr_line' id='line_1_105' title="bbox 1984 4544 3582 4618; baseline -0.003 -14"><span class='ocrx_word' id='word_1_776' title='bbox 1984 4549 2204 4604; x_wconf 89' lang='lat' dir='ltr'>decreta</span> <span class='ocrx_word' id='word_1_777' title='bbox 2231 4549 2300 4602; x_wconf 91' lang='lat' dir='ltr'>ad</span> <span class='ocrx_word' id='word_1_778' title='bbox 2329 4547 2639 4603; x_wconf 88' lang='lat' dir='ltr'>Patroclum</span> <span class='ocrx_word' id='word_1_779' title='bbox 2670 4548 3050 4603; x_wconf 85' lang='lat' dir='ltr'>Arelatensem</span> <span class='ocrx_word' id='word_1_780' title='bbox 3089 4547 3409 4618; x_wconf 88' lang='lat' dir='ltr'>episcopum</span> <span class='ocrx_word' id='word_1_781' title='bbox 3431 4553 3483 4599; x_wconf 91' lang='lat' dir='ltr'>et</span> <span class='ocrx_word' id='word_1_782' title='bbox 3513 4544 3582 4600; x_wconf 87' lang='lat' dir='ltr'>ad</span> 
     </span>
    </p>
   </div>
   <div class='ocr_carea' id='block_1_105' title="bbox 1985 4637 3587 4709">
    <p class='ocr_par' dir='ltr' id='par_1_105' title="bbox 1985 4637 3587 4709">
     <span class='ocr_line' id='line_1_106' title="bbox 1985 4637 3587 4709; baseline 0.001 -17"><span class='ocrx_word' id='word_1_783' title='bbox 1985 4638 2381 4692; x_wconf 84' lang='lat' dir='ltr'>Massiliensem</span> <span class='ocrx_word' id='word_1_784' title='bbox 2423 4637 2729 4692; x_wconf 89' lang='lat' dir='ltr'>Ecclesiam</span> <span class='ocrx_word' id='word_1_785' title='bbox 2778 4637 3217 4709; x_wconf 83' lang='lat' dir='ltr'>(Innocent.,ep.</span> <span class='ocrx_word' id='word_1_786' title='bbox 3257 4637 3319 4691; x_wconf 74' lang='grc'>21</span> <span class='ocrx_word' id='word_1_787' title='bbox 3374 4641 3427 4688; x_wconf 87' lang='lat' dir='ltr'>et</span> <span class='ocrx_word' id='word_1_788' title='bbox 3474 4637 3587 4704; x_wconf 74' lang='lat'>22;</span> 
     </span>
    </p>
   </div>
   <div class='ocr_carea' id='block_1_106' title="bbox 1989 4722 3579 4798">
    <p class='ocr_par' dir='ltr' id='par_1_106' title="bbox 1989 4722 3579 4798">
     <span class='ocr_line' id='line_1_107' title="bbox 1989 4722 3579 4798; baseline -0.003 -16"><span class='ocrx_word' id='word_1_789' title='bbox 1989 4728 2253 4792; x_wconf 87' lang='lat' dir='ltr'>Zozimus,</span> <span class='ocrx_word' id='word_1_790' title='bbox 2287 4743 2372 4798; x_wconf 82' lang='lat' dir='ltr'>ep.</span> <span class='ocrx_word' id='word_1_791' title='bbox 2405 4729 2454 4792; x_wconf 87' lang='lat'>6,</span> <span class='ocrx_word' id='word_1_792' title='bbox 2499 4730 2557 4780; x_wconf 86' lang='grc'>11</span> <span class='ocrx_word' id='word_1_793' title='bbox 2596 4734 2648 4780; x_wconf 93' lang='lat' dir='ltr'>et</span> <span class='ocrx_word' id='word_1_794' title='bbox 2680 4727 2788 4796; x_wconf 73' lang='lat'>12),</span> <span class='ocrx_word' id='word_1_795' title='bbox 2825 4726 2919 4780; x_wconf 82' lang='lat' dir='ltr'>sed</span> <span class='ocrx_word' id='word_1_796' title='bbox 2951 4732 3003 4778; x_wconf 87' lang='lat' dir='ltr'>et</span> <span class='ocrx_word' id='word_1_797' title='bbox 3021 4723 3155 4777; x_wconf 91' lang='lat' dir='ltr'>alias</span> <span class='ocrx_word' id='word_1_798' title='bbox 3172 4722 3361 4793; x_wconf 90' lang='lat' dir='ltr'>plures</span> <span class='ocrx_word' id='word_1_799' title='bbox 3381 4723 3579 4779; x_wconf 92' lang='lat' dir='ltr'>Eccle-</span> 
     </span>
    </p>
   </div>
   <div class='ocr_carea' id='block_1_107' title="bbox 1990 4811 3586 4886">
    <p class='ocr_par' dir='ltr' id='par_1_107' title="bbox 1990 4811 3586 4886">
     <span class='ocr_line' id='line_1_108' title="bbox 1990 4811 3586 4886; baseline -0.001 -17"><span class='ocrx_word' id='word_1_800' title='bbox 1990 4816 2119 4879; x_wconf 89' lang='lat' dir='ltr'>sias,</span> <span class='ocrx_word' id='word_1_801' title='bbox 2153 4816 2220 4870; x_wconf 92' lang='lat' dir='ltr'>de</span> <span class='ocrx_word' id='word_1_802' title='bbox 2251 4816 2335 4868; x_wconf 90' lang='lat' dir='ltr'>his</span> <span class='ocrx_word' id='word_1_803' title='bbox 2365 4832 2500 4886; x_wconf 89' lang='lat' dir='ltr'>quos</span> <span class='ocrx_word' id='word_1_804' title='bbox 2532 4815 2792 4869; x_wconf 89' lang='lat' dir='ltr'>Proculus</span> <span class='ocrx_word' id='word_1_805' title='bbox 2816 4813 2939 4868; x_wconf 86' lang='lat' dir='ltr'>vitae</span> <span class='ocrx_word' id='word_1_806' title='bbox 2968 4827 3079 4866; x_wconf 71' lang='lat' dir='ltr'>suae</span> <span class='ocrx_word' id='word_1_807' title='bbox 3120 4811 3393 4879; x_wconf 86' lang='lat' dir='ltr'>conscius,</span> <span class='ocrx_word' id='word_1_808' title='bbox 3441 4812 3586 4868; x_wconf 88' lang='lat' dir='ltr'>datis</span> 
     </span>
    </p>
   </div>
   <div class='ocr_carea' id='block_1_108' title="bbox 1990 4900 3587 4973">
    <p class='ocr_par' dir='ltr' id='par_1_108' title="bbox 1990 4900 3587 4973">
     <span class='ocr_line' id='line_1_109' title="bbox 1990 4900 3587 4973; baseline -0.001 -15"><span class='ocrx_word' id='word_1_809' title='bbox 1990 4901 2183 4958; x_wconf 75' lang='lat' dir='ltr'>litteris</span> <span class='ocrx_word' id='word_1_810' title='bbox 2213 4905 2265 4957; x_wconf 88' lang='lat' dir='ltr'>in</span> <span class='ocrx_word' id='word_1_811' title='bbox 2299 4905 2698 4959; x_wconf 88' lang='lat' dir='ltr'>abdicationem</span> <span class='ocrx_word' id='word_1_812' title='bbox 2730 4902 2831 4967; x_wconf 93' lang='lat' dir='ltr'>sui,</span> <span class='ocrx_word' id='word_1_813' title='bbox 2874 4917 2975 4970; x_wconf 90' lang='lat' dir='ltr'>per</span> <span class='ocrx_word' id='word_1_814' title='bbox 3017 4900 3377 4971; x_wconf 84' lang='lat' dir='ltr'>professionis</span> <span class='ocrx_word' id='word_1_815' title='bbox 3427 4911 3587 4973; x_wconf 89' lang='lat' dir='ltr'>atque</span> 
     </span>
    </p>
   </div>
   <div class='ocr_carea' id='block_1_109' title="bbox 1993 4990 3590 5064">
    <p class='ocr_par' dir='ltr' id='par_1_109' title="bbox 1993 4990 3590 5064">
     <span class='ocr_line' id='line_1_110' title="bbox 1993 4990 3590 5064; baseline -0.001 -16"><span class='ocrx_word' id='word_1_816' title='bbox 1993 4993 2407 5064; x_wconf 86' lang='lat' dir='ltr'>subscriptionis</span> <span class='ocrx_word' id='word_1_817' title='bbox 2475 5011 2586 5048; x_wconf 70' lang='lat' dir='ltr'>suae</span> <span class='ocrx_word' id='word_1_818' title='bbox 2648 4990 2892 5044; x_wconf 88' lang='lat' dir='ltr'>libellum</span> <span class='ocrx_word' id='word_1_819' title='bbox 2949 4991 3258 5046; x_wconf 91' lang='lat' dir='ltr'>sacerdotio</span> <span class='ocrx_word' id='word_1_820' title='bbox 3307 4991 3590 5046; x_wconf 91' lang='lat' dir='ltr'>submotus</span> 
     </span>
    </p>
   </div>
   <div class='ocr_carea' id='block_1_110' title="bbox 1993 5081 3586 5152">
    <p class='ocr_par' dir='ltr' id='par_1_110' title="bbox 1993 5081 3586 5152">
     <span class='ocr_line' id='line_1_111' title="bbox 1993 5081 3586 5152; baseline -0.001 -15"><span class='ocrx_word' id='word_1_821' title='bbox 1993 5083 2281 5146; x_wconf 86' lang='lat' dir='ltr'>ordinavit,</span> <span class='ocrx_word' id='word_1_822' title='bbox 2317 5084 2574 5152; x_wconf 86' lang='lat' dir='ltr'>juxtaque</span> <span class='ocrx_word' id='word_1_823' title='bbox 2620 5095 2800 5132; x_wconf 90' lang='lat' dir='ltr'>sacros</span> <span class='ocrx_word' id='word_1_824' title='bbox 2858 5096 3118 5146; x_wconf 90' lang='lat' dir='ltr'>canones,</span> <span class='ocrx_word' id='word_1_825' title='bbox 3173 5089 3225 5135; x_wconf 93' lang='lat' dir='ltr'>et</span> <span class='ocrx_word' id='word_1_826' title='bbox 3281 5081 3478 5135; x_wconf 88' lang='lat' dir='ltr'>Leonis</span> <span class='ocrx_word' id='word_1_827' title='bbox 3522 5097 3586 5136; x_wconf 87' lang='lat' dir='ltr'>ac</span> 
     </span>
    </p>
   </div>
   <div class='ocr_carea' id='block_1_111' title="bbox 1994 5167 3586 5240">
    <p class='ocr_par' dir='ltr' id='par_1_111' title="bbox 1994 5167 3586 5240">
     <span class='ocr_line' id='line_1_112' title="bbox 1994 5167 3586 5240; baseline -0.002 -12"><span class='ocrx_word' id='word_1_828' title='bbox 1994 5181 2315 5228; x_wconf 64' lang='lat' dir='ltr'>caeterorum</span> <span class='ocrx_word' id='word_1_829' title='bbox 2369 5174 2621 5226; x_wconf 74' lang='lat' dir='ltr'>Romamn</span> <span class='ocrx_word' id='word_1_830' title='bbox 2681 5169 2827 5222; x_wconf 90' lang='lat' dir='ltr'>sedis</span> <span class='ocrx_word' id='word_1_831' title='bbox 2861 5167 3174 5240; x_wconf 85' lang='lat' dir='ltr'>pontiﬁcum</span> <span class='ocrx_word' id='word_1_832' title='bbox 3195 5169 3432 5236; x_wconf 88' lang='lat' dir='ltr'>decreta,</span> <span class='ocrx_word' id='word_1_833' title='bbox 3464 5186 3586 5240; x_wconf 62' lang='lat' dir='ltr'>qua;</span> 
     </span>
    </p>
   </div>
   <div class='ocr_carea' id='block_1_112' title="bbox 1992 5256 3591 5331">
    <p class='ocr_par' dir='ltr' id='par_1_112' title="bbox 1992 5256 3591 5331">
     <span class='ocr_line' id='line_1_113' title="bbox 1992 5256 3591 5331; baseline -0.003 -15"><span class='ocrx_word' id='word_1_834' title='bbox 1992 5262 2081 5316; x_wconf 90' lang='lat' dir='ltr'>hic</span> <span class='ocrx_word' id='word_1_835' title='bbox 2128 5277 2331 5331; x_wconf 88' lang='lat' dir='ltr'>ponere</span> <span class='ocrx_word' id='word_1_836' title='bbox 2372 5256 2711 5329; x_wconf 66' lang='lat' dir='ltr'>praztermisi,</span> <span class='ocrx_word' id='word_1_837' title='bbox 2765 5267 2816 5312; x_wconf 92' lang='lat' dir='ltr'>et</span> <span class='ocrx_word' id='word_1_838' title='bbox 2859 5258 3036 5313; x_wconf 90' lang='lat' dir='ltr'>studio</span> <span class='ocrx_word' id='word_1_839' title='bbox 3081 5258 3381 5323; x_wconf 90' lang='lat' dir='ltr'>brevitatis,</span> <span class='ocrx_word' id='word_1_840' title='bbox 3436 5266 3488 5312; x_wconf 91' lang='lat' dir='ltr'>et</span> <span class='ocrx_word' id='word_1_841' title='bbox 3531 5265 3591 5312; x_wconf 88' lang='lat' dir='ltr'>ut</span> 
     </span>
    </p>
   </div>
   <div class='ocr_carea' id='block_1_113' title="bbox 1995 5344 3584 5417">
    <p class='ocr_par' dir='ltr' id='par_1_113' title="bbox 1995 5344 3584 5417">
     <span class='ocr_line' id='line_1_114' title="bbox 1995 5344 3584 5417; baseline -0.003 -10"><span class='ocrx_word' id='word_1_842' title='bbox 1995 5351 2150 5407; x_wconf 88' lang='lat' dir='ltr'>vobis</span> <span class='ocrx_word' id='word_1_843' title='bbox 2180 5344 2477 5411; x_wconf 81' lang='lat' dir='ltr'>notissima,</span> <span class='ocrx_word' id='word_1_844' title='bbox 2513 5355 2637 5402; x_wconf 88' lang='lat' dir='ltr'>sunt</span> <span class='ocrx_word' id='word_1_845' title='bbox 2678 5347 2922 5417; x_wconf 88' lang='lat' dir='ltr'>judicati,</span> <span class='ocrx_word' id='word_1_846' title='bbox 2976 5356 3027 5403; x_wconf 91' lang='lat' dir='ltr'>et</span> <span class='ocrx_word' id='word_1_847' title='bbox 3075 5348 3142 5403; x_wconf 89' lang='lat' dir='ltr'>ab</span> <span class='ocrx_word' id='word_1_848' title='bbox 3200 5346 3584 5403; x_wconf 87' lang='lat' dir='ltr'>ecclesiasticis</span> 
     </span>
    </p>
   </div>
   <div class='ocr_carea' id='block_1_114' title="bbox 1996 5437 3586 5509">
    <p class='ocr_par' dir='ltr' id='par_1_114' title="bbox 1996 5437 3586 5509">
     <span class='ocr_line' id='line_1_115' title="bbox 1996 5437 3586 5509; baseline -0.002 -14"><span class='ocrx_word' id='word_1_849' title='bbox 1996 5439 2276 5495; x_wconf 90' lang='lat' dir='ltr'>ordinibus</span> <span class='ocrx_word' id='word_1_850' title='bbox 2307 5437 2520 5506; x_wconf 86' lang='lat' dir='ltr'>dejecti,</span> <span class='ocrx_word' id='word_1_851' title='bbox 2554 5437 2938 5508; x_wconf 81' lang='lat' dir='ltr'>praejudicante</span> <span class='ocrx_word' id='word_1_852' title='bbox 2987 5437 3166 5492; x_wconf 91' lang='lat' dir='ltr'>Leone</span> <span class='ocrx_word' id='word_1_853' title='bbox 3213 5451 3372 5508; x_wconf 86' lang='lat' dir='ltr'>papa,</span> <span class='ocrx_word' id='word_1_854' title='bbox 3427 5445 3586 5509; x_wconf 85' lang='lat' dir='ltr'>atque</span> 
     </span>
    </p>
   </div>
   <div class='ocr_carea' id='block_1_115' title="bbox 2001 5524 3588 5600">
    <p class='ocr_par' dir='ltr' id='par_1_115' title="bbox 2001 5524 3588 5600">
     <span class='ocr_line' id='line_1_116' title="bbox 2001 5524 3588 5600; baseline -0.001 -16"><span class='ocrx_word' id='word_1_855' title='bbox 2001 5530 2214 5585; x_wconf 87' lang='lat' dir='ltr'>dicente</span> <span class='ocrx_word' id='word_1_856' title='bbox 2236 5527 2420 5598; x_wconf 66' lang='lat' dir='ltr'>(epist.</span> <span class='ocrx_word' id='word_1_857' title='bbox 2450 5530 2502 5595; x_wconf 89' lang='grc'><strong>1,</strong></span> <span class='ocrx_word' id='word_1_858' title='bbox 2534 5527 2605 5584; x_wconf 82' lang='lat' dir='ltr'>ad</span> <span class='ocrx_word' id='word_1_859' title='bbox 2647 5527 2927 5600; x_wconf 78' lang='lat' dir='ltr'>episcopos</span> <span class='ocrx_word' id='word_1_860' title='bbox 2961 5525 3306 5600; x_wconf 61' lang='lat' dir='ltr'>Campania!)</span> <span class='ocrx_word' id='word_1_861' title='bbox 3342 5542 3355 5580; x_wconf 91' lang='lat'><strong>:</strong></span> <span class='ocrx_word' id='word_1_862' title='bbox 3393 5547 3416 5578; x_wconf 71' lang='grc' dir='ltr'><strong><em>α</em></strong></span> <span class='ocrx_word' id='word_1_863' title='bbox 3447 5524 3588 5582; x_wconf 77' lang='grc' dir='ltr'>θηι-</span> 
     </span>
    </p>
   </div>
  </div>
