4026 6312
479 224 551 278 47
1448 220 1790 277 HINCMARI
1820 217 2217 275 RHEMENSIS
2246 220 2795 278 ARCHIEPISCOPI.
3713 226 3777 278 48

475 349 567 404 nia
596 347 894 405 decretalia
935 343 1247 412 constituta,
1296 352 1410 400 tam
1455 345 1627 403 beate
1672 345 2071 403 recordationis
2091 345 2148 406 A
2178 346 2344 413 sedis,
2390 347 2733 419 regularibus
2778 345 2975 402 vestris
3035 344 3464 416 difﬁnitionibus,
3510 347 3775 403 sollicitus

483 435 785 494 Innocentii
833 450 998 507 quam
1034 435 1278 490 omnium
1332 435 1687 491 decessorum
1740 444 2072 502 nostrorum,

479 543 603 599 quas
629 526 700 581 de
732 524 1119 581 ecclesiasticis
1148 523 1431 579 ordinibus
1460 534 1513 579 et
1530 541 1798 579 canonum
1841 523 2077 595 promul-

476 622 605 688 gata
635 622 759 669 sunt
778 613 1186 684 disciplinis,ita
1214 628 1248 668 a
1276 620 1455 668 vestra
1483 613 1772 669 dilectione
1806 613 2071 669 custodiri

477 705 684 760 debere
730 703 1077 773 mandamus,
1126 710 1184 757 ut
1231 702 1278 757 si
1320 702 1443 774 quis
1485 703 1540 756 in
1587 702 1677 758 illa
1719 702 2070 769 commiserit,

475 793 691 849 veniam
723 792 827 847 sibi
854 792 1116 863 deinceps
1142 791 1351 847 noverit
1389 792 1670 864 denegari.
1709 812 1731 841 ι
1768 793 1827 846 In
1858 807 1985 864 qua,
2017 799 2075 845 ut

472 881 683 954 regula:
712 897 880 938 sacra:
911 881 1118 947 dicunt,
1149 879 1397 951 perfecta
1444 889 1498 935 et
1546 880 1808 936 canonica
1854 880 2072 951 episco-

472 987 673 1042 porum
705 971 944 1042 quinque
974 968 1377 1041 provinciarum
1407 969 1634 1040 synodo,
1670 968 1928 1040 quoniam
1958 968 2071 1024 Ec-

471 1059 656 1116 clesiae
677 1058 811 1114 mihi
841 1058 1149 1115 commissae
1194 1056 1292 1112 filii
1335 1056 1589 1112 ﬁnitimos
1638 1056 1928 1128 episcopos
1971 1073 2071 1128 pro

468 1165 633 1204 causa
663 1163 764 1203 sua
793 1146 1225 1218 interpellarunt,
1261 1153 1315 1201 et
1354 1145 1664 1215 hujusmodi
1692 1144 1890 1200 Africae
1936 1160 2069 1216 pro-

477 1236 672 1293 vinciae
699 1250 938 1292 canones
967 1234 1147 1306 (conc.
1182 1235 1327 1306 Afra,
1352 1250 1470 1289 can.
1517 1233 1608 1300 92)
1653 1232 1863 1289 vicinos
1920 1232 2069 1303 epis-

473 1340 642 1396 cOpos
688 1323 897 1390 audire,
948 1330 1002 1378 et
1047 1322 1190 1377 inter
1233 1338 1329 1377 eos
1372 1338 1434 1377 ac
1474 1321 1753 1392 proprium
1802 1321 2070 1376 adhibitos

467 1414 539 1468 ab
568 1413 648 1469 eis
679 1413 967 1485 episcopos
990 1411 1184 1480 jubent
1231 1409 1625 1482 querimoniam
1657 1409 1890 1464 difﬁnire
1916 1426 1928 1464 :
1963 1425 2068 1480 ego

469 1501 761 1558 Vulfadum
786 1508 840 1556 et
883 1499 1127 1572 collegas
1176 1500 1290 1568 ejus
1333 1514 1441 1553 non
1474 1498 1730 1566 judicavi,
1774 1514 1951 1569 neque
1998 1498 2067 1552 ab

469 1590 753 1647 ordinibus
785 1587 1170 1645 ecclesiasticis
1198 1586 1385 1657 populi
1413 1586 1500 1641 vel
1537 1586 1730 1655 dejeci,
1765 1602 1868 1641 nec
1902 1586 2067 1641 etiam

466 1695 591 1736 cum
629 1677 904 1748 judicibus
948 1692 1136 1732 eorum
1181 1675 1501 1745 subscripsi,
1552 1675 1688 1729 sicut
1734 1683 1933 1730 norunt
1973 1674 2065 1747 qui

463 1766 850 1834 interfuerunt,
886 1773 941 1820 et
969 1764 1090 1835 ipsa
1119 1763 1284 1818 etiam
1314 1762 1643 1833 episcopalia
1674 1771 1853 1836 gesta,
1877 1779 2067 1818 eorum

465 1854 801 1913 inconvulsis
851 1851 1338 1923 subscriptionibus
1370 1850 1597 1905 subnixa
1627 1866 1661 1905 a
1688 1851 1884 1923 quibus
1914 1850 2067 1907 fuere

464 1952 697 2017 patrata,
728 1941 1148 2014 praesentialiter
1174 1947 1493 1995 monstrant.
1527 1939 1703 2008 Unde,
1749 1940 2066 2008 jubentibus

467 2033 676 2090 eisdem
707 2031 1001 2102 episcopis,
1032 2037 1239 2084 tantum
1269 2028 1484 2098 bajulus
1528 2028 1624 2095 fui,
1660 2044 1878 2084 causam
1907 2029 2064 2085 vide-

467 2122 597 2177 licet
622 2120 888 2177 Ecclesiae
914 2118 1045 2173 mihi
1074 2117 1380 2174 commissae
1415 2117 1482 2171 ab
1528 2116 1638 2171 illis
1684 2116 1964 2171 difﬁnitam
1994 2118 2064 2173 ad

470 2211 663 2267 sedem
691 2208 1047 2281 apostolicam
1077 2206 1376 2263 deferendi.
1410 2205 1543 2275 Quae
1568 2206 1754 2261 domni
1783 2207 2065 2277 apostolici

466 2298 747 2356 Benedicti
771 2296 1062 2369 privilegio
1101 2296 1202 2351 sub
1251 2295 1605 2351 anathematis
1629 2295 2058 2366 interpositione,

463 2396 524 2445 ut
550 2388 679 2444 inde
709 2386 935 2459 quaestio
962 2385 1125 2440 nullis
1153 2384 1447 2456 aliquando
1466 2384 1805 2456 temporibus
1832 2385 2057 2444 oriatur.

460 2484 587 2533 sunt
624 2474 974 2542 conﬁrmata;
1025 2482 1080 2529 et
1120 2474 1339 2529 demum
1399 2473 1584 2528 domni
1643 2472 1858 2528 Nicolai
1902 2488 2058 2544 papa

458 2564 899 2633 conﬁrmatione,
952 2562 1091 2619 sicut
1147 2570 1348 2619 sanctae
1412 2561 1807 2617 recordationis
1877 2562 2056 2617 Bene-

454 2654 635 2711 dictus
690 2651 931 2724 pontifex
993 2651 1147 2706 illam
1193 2649 1554 2717 conﬁrmavit,
1599 2650 1747 2705 salvo
1797 2651 2055 2706 Romanae

455 2742 606 2798 sedis
627 2741 684 2796 in
713 2740 964 2796 omnibus
987 2740 1145 2809 jussu
1193 2747 1356 2811 atque
1395 2738 1622 2808 judicio,
1674 2739 1777 2793 sub
1826 2738 2054 2793 terribili

457 2831 821 2899 anathemate,
880 2834 939 2882 ut
999 2842 1339 2899 quaecunque
1398 2842 1655 2897 persona,
1716 2843 1916 2898 magna
1965 2826 2053 2882 vel

455 2934 647 2991 parva,
679 2916 972 2974 temerario
989 2932 1124 2971 ausu
1150 2923 1334 2972 contra
1364 2916 1471 2971 hoc
1506 2932 1665 2970 suum
1694 2915 2051 2986 apostolicum

455 3010 741 3065 decretum
771 3021 939 3077 agere
965 3003 1392 3077 praesumpserit,
1425 3004 1789 3059 anathematis
1832 3004 2050 3060 vinculo

451 3098 523 3154 sit
549 3094 859 3164 innodatus,
903 3101 1030 3149 sunt
1062 3093 1347 3149 roborata:
1373 3092 1518 3148 velut
1564 3091 1653 3148 hic
1697 3093 1923 3164 potestis
1962 3108 2049 3147 re-

451 3195 665 3252 texere,
723 3193 778 3240 et
836 3183 1016 3257 sigan
1069 3198 1256 3238 eorum
1322 3182 1468 3238 salva
1491 3225 1507 3249 ,
1564 3197 1629 3237 ac
1706 3181 2049 3254 incorruptas

448 3274 755 3345 scripturas
783 3280 941 3343 atque
972 3270 1398 3341 subscriptiones
1433 3270 1626 3325 valetis
1656 3270 1946 3341 inspicere.
1980 3273 2047 3326 Et

448 3362 579 3434 quia
606 3361 768 3416 sedes
796 3358 1113 3430 apostolica,
1146 3366 1206 3412 ut
1233 3358 1290 3414 in
1318 3359 1552 3414 decretis
1583 3373 1802 3414 suorum
1834 3357 2047 3429 pontiﬁ-

448 3466 575 3507 cum
629 3448 883 3522 legimus,
920 3448 978 3502 in
1023 3447 1129 3503 hoc
1170 3462 1394 3518 prorsus
1442 3461 1544 3502 sua
1588 3446 1664 3501 ibi
1708 3462 2044 3519 magnopere

439 3540 567 3609 jura
595 3545 905 3607 conservat,
939 3544 994 3593 et
1021 3535 1198 3592 aliena
1226 3534 1481 3603 custodit,
1513 3535 1623 3590 imo
1671 3551 1771 3590 sua
1819 3535 2045 3607 propria

442 3627 594 3694 facit,
626 3635 685 3682 ut
712 3626 888 3683 omnis
922 3625 1148 3697 quaestio
1177 3624 1249 3680 ad
1275 3640 1397 3679 eam
1426 3624 1594 3680 relata
1623 3624 1827 3695 judicio
1848 3632 1902 3680 et
1932 3641 2045 3682 suae

443 3714 875 3773 conﬁrmationis
902 3713 1177 3769 decisione
1208 3712 1374 3768 ﬁnem
1420 3713 1668 3783 accipiat,
1710 3729 1929 3769 omnem
1975 3730 2043 3769 ex

440 3808 543 3862 hac
571 3819 737 3862 causa
766 3802 1132 3875 suspicionem
1162 3801 1504 3873 querulitatis
1522 3804 1608 3858 hae
1638 3803 1872 3857 duorum
1899 3819 2040 3873 prae—

440 3892 868 3951 clarissimorum
951 3890 1302 3947 luminarium
1383 3889 1822 3946 conﬁrmationes
1881 3898 2040 3962 atque

438 3981 863 4053 subscriptiones
893 3995 929 4035 a
956 3979 1156 4036 nostris
1202 3978 1521 4050 regionibus
1550 3986 1603 4034 et
1629 3979 1902 4034 mentibus
1921 3979 2040 4034 abs-

439 4071 698 4127 tulerunt.
729 4071 889 4126 Nunc
916 4085 1065 4136 vero,
1116 4068 1242 4140 quia
1281 4068 1455 4125 isdem
1505 4068 1738 4124 domnus
1784 4075 1837 4123 et
1881 4077 2038 4139 pater

436 4167 623 4217 noster
649 4158 907 4215 Nicolaus
934 4173 1081 4230 papa
1110 4159 1224 4213 suis
1255 4157 1500 4230 epistolis
1530 4173 1595 4213 ex
1625 4158 1730 4213 hoc
1759 4157 1982 4228 negotio
2003 4172 2037 4212 a

438 4248 596 4306 vobis
624 4247 801 4304 sanxit
828 4246 1077 4303 refricari
1115 4248 1398 4317 judicium,
1430 4254 1687 4301 monente
1734 4244 2031 4315 Apostolo:

441 4337 665 4395 Obedite
678 4339 997 4409 prapositis
1018 4338 1239 4403 vestris,
1261 4336 1617 4405 etsubiacete
1630 4338 1711 4390 eis
1730 4334 1881 4403 (Heb.
1905 4348 2028 4403 xm,

2176 451 2401 491 servare
2446 436 2709 490 unitatem
2738 434 2962 506 spiritus
2990 434 3048 489 in
3074 434 3293 491 vinculo
3332 436 3504 506 pacis,
3537 451 3777 491 consen-

2174 524 2326 579 tiam.
2361 523 2467 593 Qui
2499 524 2729 580 istorum
2770 523 3017 592 fratrum,
3071 524 3139 578 de
3190 524 3387 595 quibus
3434 526 3635 598 agitur,
3686 525 3777 580 vel

2175 629 2623 685 quorumcunque
2653 614 2887 668 aliorum
2934 611 3177 668 felicitati
3225 629 3335 668 non
3381 613 3621 679 invideo,
3669 628 3774 670 nec

2174 718 2554 773 quamcunque
2608 702 2871 757 malitiam
2888 718 2983 757 eos
3016 718 3215 757 nocere
3270 702 3503 757 festino:
3539 719 3773 773 quorum

2174 791 2451 846 salubrem
2482 806 2547 846 ac
2576 791 2886 863 regularem
2911 798 3107 845 statum
3153 799 3207 845 et
3258 791 3439 861 cupivi
3487 799 3541 846 et
3587 792 3769 862 cupio.

2173 886 2225 934 et
2254 879 2480 951 quaesivi
2510 887 2564 934 et
2592 896 2798 951 quaero,
2832 886 2886 934 et
2916 879 2982 933 de
3013 896 3241 951 quorum
3271 880 3575 949 dejectione
3621 880 3774 935 dolui

2172 968 2306 1022 satis
2336 984 2403 1023 ac
2432 968 2612 1035 doleo,
2646 969 2773 1040 quia
2803 984 2963 1023 nemo
2993 969 3166 1037 majus
3196 968 3541 1038 dispendium
3562 968 3630 1023 de
3654 968 3771 1024 illo-

2171 1074 2293 1110 rum
2320 1056 2621 1126 dejectione
2651 1057 2815 1112 habet
2846 1073 3009 1128 quam
3056 1073 3180 1129 ego.
3233 1056 3403 1124 Quos,
3450 1057 3589 1113 sicut
3633 1057 3769 1111 mihi

2132 1146 2402 1201 .domnus
2448 1146 2781 1217 apostolicus
2825 1146 3081 1219 dignatus
3120 1154 3201 1200 est
3247 1146 3509 1211 scribere,
3557 1147 3768 1214 justum

2170 1234 2301 1305 quid
2344 1234 2430 1288 vel
2471 1235 2622 1305 pium
2665 1234 2925 1304 sentiens,
2973 1235 3090 1289 sine
3132 1235 3507 1290 retractatione
3554 1236 3608 1289 in
3650 1235 3769 1290 suis

2169 1322 2453 1377 ordinibus
2476 1339 2747 1378 consensu
2775 1340 2838 1377 ac
2880 1323 3088 1392 judicio
3131 1322 3580 1394 coepiscoporum
3629 1325 3770 1379 Bhe-

2167 1410 2371 1466 mensis
2401 1412 2697 1481 provinciae
2725 1413 3012 1467 restituere
3042 1420 3392 1479 maturarem,
3429 1412 3474 1465 si
3521 1412 3645 1467 illos
3693 1412 3764 1467 ab

2167 1500 2374 1555 eisdem
2405 1500 2665 1571 gradibus
2695 1515 2817 1555 cum
2846 1517 3037 1556 eorum
3058 1508 3266 1555 tantum
3287 1500 3495 1570 judicio
3524 1502 3763 1569 dejecis—

2167 1604 2303 1643 sem.
2327 1588 2411 1644 Ad
2443 1589 2590 1661 quod
2627 1605 2735 1656 me,
2781 1590 2933 1658 juxta
2980 1590 3096 1658 ejus
3141 1590 3309 1645 verba
3349 1589 3762 1661 discretissima,

2093 1702 2148 1761 Β
2170 1675 2297 1750 quia
2325 1692 2422 1732 eos
2450 1693 2560 1731 non
2602 1677 2794 1746 dejeci,
2846 1677 2989 1733 ﬂecti
3030 1677 3229 1731 munda
3271 1678 3607 1734 conscientia
3647 1694 3760 1734 non

2167 1765 2435 1835 permisit.
2468 1767 2538 1820 Et
2565 1766 2670 1821 hoc
2688 1780 2814 1821 meo
2843 1781 2979 1820 ausu
3007 1764 3188 1821 facere
3234 1782 3450 1832 vereor,
3500 1767 3758 1837 quoniam

2167 1868 2202 1909 a
2228 1854 2406 1920 vobis,
2438 1863 2529 1910 aut
2547 1870 2580 1908 a
2599 1854 2985 1910 decessoribus
3003 1854 3222 1921 vestris,
3247 1855 3485 1927 quinque
3506 1856 3763 1911 videlicet

2166 1942 2569 2013 provinciarum
2589 1943 2881 2015 episcopis,
2906 1958 3134 2014 quorum
3155 1959 3278 2000 meo
3305 1959 3576 2000 consensu
3593 1960 3759 2015 expe—

2164 2031 2367 2088 tierunt
2387 2031 2651 2101 judicium
2680 2032 2979 2087 secundum
3022 2048 3213 2088 sacros
3260 2048 3497 2089 canones
3543 2033 3756 2089 electo—

2163 2136 2283 2176 rum
2312 2137 2377 2175 ex
2405 2135 2678 2177 consensu
2709 2120 2942 2191 partium
2970 2119 3287 2175 ditﬁnitione
3332 2120 3485 2176 fuere
3531 2121 3751 2191 dejecti.

2163 2211 2229 2264 Et
2257 2209 2462 2266 idcirco
2492 2209 2721 2265 aliorum
2753 2225 2890 2280 Opus
2927 2210 2984 2264 in
3010 2209 3229 2266 illorum
3256 2210 3596 2266 restitutione
3624 2211 3753 2265 nul-

2161 2296 2375 2353 latenus
2404 2314 2674 2369 usurpare
2702 2298 3027 2369 prmsumpsi
3061 2315 3074 2351 :
3108 2298 3253 2370 quia,
3289 2298 3427 2354 sicut
3454 2299 3623 2368 scitis,
3653 2315 3752 2355 re-

2160 2386 2304 2458 gulae
2333 2402 2503 2441 sacrae
2533 2401 2705 2459 usque
2736 2387 2804 2441 ad
2827 2386 3059 2442 similem
3077 2387 3440 2443 excusationis
3453 2387 3751 2444 vindictam

2159 2474 2478 2541 decernunt,
2511 2482 2569 2529 ut
2596 2476 2665 2530 ab
2692 2474 2812 2529 aliis
2833 2474 3029 2543 dejecti
3044 2475 3115 2529 ab
3126 2474 3246 2530 aliis
3266 2491 3377 2530 non
3392 2476 3745 2547 recipiantur,

2157 2562 2380 2618 minime
2409 2571 2588 2617 autem
2616 2562 3006 2617 restituantur:
3040 2563 3138 2617 sed
3167 2572 3260 2617 aut
3287 2565 3621 2631 eorumdem,
3654 2574 3750 2620 aut

2155 2651 2381 2721 majoris
2407 2651 2623 2707 concilii
2654 2651 3039 2722 episcoporum
3069 2652 3441 2725 discussiones
3455 2668 3518 2709 ac
3539 2654 3750 2722 judicia

2155 2740 2553 2811 pmstolentur.
2585 2740 2656 2795 Et
2685 2740 2812 2813 quia
2840 2741 2950 2795 Leo
2969 2739 3097 2796 dicit
3134 2740 3321 2813 (epist.
3356 2745 3422 2796 95
3451 2743 3521 2797 ad
3550 2744 3745 2798 Rusti-

2155 2845 2285 2883 cum
2304 2828 2571 2898 Narbon.)
2602 2836 2659 2883 ut
2687 2828 2742 2883 in
2771 2828 2858 2883 his
2889 2844 3010 2899 qua:
3047 2829 3134 2884 vel
3175 2828 3340 2884 dubia
3387 2829 3605 2894 fuerint,
3654 2839 3747 2885 aut

2153 2917 2410 2988 obscura,
2439 2917 2494 2971 in
2523 2917 2837 2972 noverimus
2866 2917 3225 2989 sequendum,
3250 2918 3395 2989 quod
3416 2934 3517 2974 nec
3536 2935 3743 2989 praece-

2079 3054 2128 3117 Ο
2151 3004 2260 3077 ptis
2288 3005 2618 3077 evangelicis
2648 3005 2998 3071 contrarium,
3030 3021 3132 3062 nec
3170 3006 3401 3062 decretis
3430 3015 3741 3062 sanctorum

2150 3093 2454 3117 :..--.._2-a--_
2502 3094 2789 3117 -J---_.---...
2866 3102 2910 3117 ,ι
2966 3095 3189 3117 .I-_.__-_
3238 3111 3295 3117 --
3343 3096 3504 3117 11-1-..
3552 3104 3738 3117 _.-_n-_

2149 3094 2454 3150 inveniatur
2500 3094 2814 3161 adversum,
2861 3102 2913 3148 et
2959 3095 3191 3149 domnus
3235 3111 3299 3150 ac
3343 3096 3506 3151 Pater
3552 3104 3740 3151 noster

2147 3182 2405 3239 Nicolaus
2432 3197 2576 3254 papa
2604 3183 2760 3238 vobis
2781 3192 2840 3238 ut
2852 3183 2984 3238 mihi
3004 3183 3215 3239 videtur
3229 3183 3461 3254 scripsit,
3482 3184 3740 3256 quoniam

2148 3288 2267 3344 quae
2297 3279 2493 3327 statuta
2525 3280 2649 3327 sunt
2678 3272 2747 3327 de
2774 3272 3010 3343 praefatis
3036 3272 3185 3338 viris,
3218 3273 3472 3327 violanda
3498 3290 3608 3330 non
3636 3274 3736 3329 du-

2146 3368 2247 3426 cat,
2272 3361 2376 3415 nisi
2405 3360 2592 3416 forsan
2614 3361 2785 3417 sacris
2838 3361 3055 3434 legibus
3094 3360 3435 3417 inveniantur
3479 3362 3733 3433 adversa,

2146 3448 2378 3520 simplici
2408 3465 2474 3505 ac
2502 3450 2719 3505 sincera
2739 3450 2924 3507 cordis
2945 3451 3243 3506 intentione
3256 3466 3325 3523 _ex
3344 3451 3546 3523 regulis
3562 3452 3734 3507 sacris

2143 3538 2432 3609 perspicue
2453 3538 2691 3593 tarditati
2716 3556 2912 3595 sensus
2962 3540 3070 3595 mei
3116 3541 3406 3594 monstrari
3453 3549 3729 3612 exspecto,

2143 3633 2323 3681 utrum
2347 3643 2469 3697 quae
2482 3625 2811 3683 diﬁinierunt
2821 3628 3014 3684 fratres
3032 3636 3082 3683 et
3092 3627 3403 3700 coepiscopi
3419 3630 3611 3697 nostri,
3631 3630 3733 3686 sic-

2141 3723 2201 3768 ut
2222 3716 2487 3770 hactenus
2508 3716 2794 3773 observata
2815 3725 2959 3784 sunt,
2980 3717 3051 3773 de
3080 3725 3274 3773 caetero
3293 3726 3350 3772 ut
3367 3719 3571 3789 regulis
3591 3734 3731 3775 con-

2141 3804 2421 3858 cordantia
2447 3804 2679 3859 debeant
2707 3805 3009 3875 observari,
3042 3821 3111 3860 an
3155 3806 3369 3862 illorum
3398 3806 3642 3862 difﬁnitio
3673 3816 3732 3863 ut

2138 3890 2355 3947 inventa
2382 3892 2595 3965 legibus
2625 3894 2792 3950 sacris
2829 3895 3065 3951 adversa
3105 3895 3303 3950 debeat
3345 3894 3584 3950 refutari.
3618 3896 3729 3953 Sed

2139 3986 2193 4035 et
2219 3980 2351 4034 mihi
2380 3982 2594 4037 ostendi
2622 3990 2880 4054 exSpecto
2910 3983 3170 4054 apertius,
3219 3999 3382 4054 quam
3410 3984 3466 4039 in
3494 3985 3609 4039 suis
3633 3999 3726 4040 sa-

2136 4069 2245 4124 cris
2274 4069 2469 4125 litteris
2499 4071 2806 4144 intelligere
2837 4072 3068 4138 valeam,
3101 4071 3148 4125 si
3197 4072 3381 4126 domni
3425 4074 3723 4142 Benedicti,

2135 4173 2199 4212 ac
2228 4158 2471 4227 ejusdem
2498 4160 2684 4215 domni
2713 4159 2943 4225 Nicolai,
2980 4175 3144 4230 super
3172 4159 3421 4216 eamdem
3449 4161 3725 4218 difﬁnitio-

2134 4262 2260 4301 nem
2287 4248 2387 4302 sub
2415 4250 2761 4304 anathemate
2788 4247 3210 4304 conﬁrmationis
3257 4249 3565 4322 privilegia,
3617 4252 3725 4306 nisi

2131 4334 2267 4391 forte
2297 4337 2389 4391 illa
2417 4337 2536 4408 ipse
2566 4355 2661 4393 sua
2706 4338 2972 4411 singulari
3017 4337 3333 4394 auctoritate
3374 4338 3725 4396 dissolvenda

437 4424 547 4498 1⁵7),
565 4424 710 4497 quod
728 4422 1014 4494 privilegio
1034 4424 1346 4494 apostolicae
1368 4422 1515 4478 sedis
1534 4422 1603 4477 de
1624 4420 1758 4492 ipsis
1769 4420 2029 4477 fratribus
2056 4414 2111 4475 D
2133 4431 2186 4479 et
2214 4424 2549 4480 immutanda
2576 4426 2793 4491 viderit,
2828 4441 3057 4497 quorum
3087 4442 3352 4481 summam
3382 4426 3723 4484 ﬁrmitatem-

436 4513 678 4569 decernit
705 4512 794 4568 vel
825 4511 1146 4580 decreverit,
1182 4519 1240 4566 ut
1266 4510 1527 4581 competit
1546 4526 1684 4565 meae
1711 4509 2026 4581 subditioni,

435 4602 630 4658 obedio
657 4609 712 4657 et
740 4599 1015 4668 obediam,
1040 4600 1178 4655 sicut
1198 4601 1460 4655 hactenus
1477 4598 1793 4655 conservavi
1824 4614 1888 4655 ea
1909 4616 2029 4671 quae

434 4690 622 4747 domni
639 4689 917 4746 Benedicti
946 4697 999 4746 et
1018 4704 1120 4745 sua
1138 4688 1353 4744 fuerunt
1373 4688 1695 4745 auctoritate
1710 4686 1939 4743 ﬁrmata.
1959 4689 2028 4744 Et

431 4778 566 4835 item
576 4778 787 4834 dicente
802 4778 1064 4849 Apostolo
1085 4795 1098 4832 :
1120 4778 1373 4850 Idipsum
1392 4777 1595 4833 dicatis
1611 4792 1823 4843 omnes,
1838 4780 1893 4833 et
1908 4794 2026 4835 non

429 4869 551 4924 sint
560 4869 625 4923 in
643 4866 791 4923 vobis
818 4867 1128 4923 schismata
1146 4867 1199 4938 (Ι
1212 4868 1329 4923 Cor.
1349 4882 1388 4933 ι,
1408 4865 1533 4937 11),!
1552 4864 1690 4921 sicut
1711 4866 1922 4921 servavi
1939 4882 2029 4921 us-

430 4971 538 5029 que
565 4955 622 5010 in
651 4968 895 5026 praesens
924 4971 1044 5026 quae
1065 4956 1506 5027 praedecessores
1526 4955 1877 5027 quorumdam
1898 4972 2022 5012 ves-

425 5052 632 5101 trorum
659 5059 780 5099 cum
798 5042 1121 5116 quibusdam
1138 5060 1204 5099 ex
1223 5043 1381 5100 vobis
1397 5043 1723 5116 regulariter
1738 5060 1804 5099 ex
1824 5044 2021 5100 iisdem

422 5132 685 5189 fratribus
711 5130 1044 5187 diﬂ'inierunt
1084 5149 1098 5185 :
1128 5131 1204 5185 ita
1232 5139 1286 5187 et
1315 5148 1436 5202 quae
1481 5132 1550 5187 de
1596 5132 1730 5204 ipsis
1759 5133 2019 5189 canonice

415 5223 573 5292 juxta
602 5229 844 5276 tenorem
873 5219 1221 5291 epistolarum
1250 5220 1437 5275 domni
1465 5221 1747 5292 apostolici
1780 5220 2012 5277 difﬁnie-

420 5310 556 5376 ritis,
591 5309 806 5382 priscis,
831 5316 890 5363 ut
928 5308 1057 5365 dicit
1104 5308 1355 5364 Gelasius
1401 5309 1580 5381 (Deer.
1632 5327 1750 5382 cap.
1802 5313 1878 5381 2),
1913 5325 2015 5382 pro

415 5398 500 5454 sui
530 5398 831 5455 reverentia
875 5398 1220 5453 manentibus
1260 5398 1580 5465 constitutis,
1634 5408 1687 5455 et
1733 5406 2014 5455 reservato

412 5503 513 5559 per
551 5487 732 5548 omnia
761 5488 1041 5547 sententia
1086 5503 1149 5544 ac
1188 5486 1327 5557 juris
1370 5487 1656 5561 privilegio
1702 5487 2013 5559 apostolicae

2132 4529 2237 4585 que
2265 4513 2423 4569 nobis
2451 4514 2705 4569 omnibus
2736 4514 2949 4584 scripsit
2963 4514 3019 4568 in
3035 4516 3346 4585 apostolicae
3367 4516 3513 4572 sedis
3535 4533 3723 4573 reser-

2129 4609 2306 4657 vatam
2335 4601 2562 4657 arbitrio
2590 4603 2891 4673 potestatis,
2923 4617 3024 4657 nos
3053 4604 3169 4659 sine
3198 4605 3516 4677 regularum
3545 4614 3599 4661 et
3625 4622 3722 4663 se-

2128 4689 2211 4745 dis
2241 4690 2551 4761 apostolicae
2579 4690 2908 4761 praejudicio,
2942 4690 3167 4763 sineque
3213 4701 3398 4749 nostro
3442 4695 3717 4751 communi

2125 4780 2389 4850 periculo,
2424 4779 2724 4835 dissolvere
2757 4788 2811 4836 et
2838 4780 3116 4836 immutare
3162 4782 3457 4853 possimus,
3506 4783 3717 4839 Caeles—

2123 4867 2235 4923 tino
2265 4868 2480 4924 dicente
2509 4868 2698 4941 (epist.
2733 4869 2789 4941 3)
2822 4887 2836 4923 :
2872 4867 3007 4937 Quae
3035 4885 3068 4924 a
3104 4871 3260 4926 nobis
3291 4888 3380 4926 res
3411 4872 3575 4945 digna
3596 4889 3714 4928 ser-

2122 4957 2356 5024 vabitur,
2392 4957 2438 5013 si
2461 4957 2809 5013 decretalium
2837 4974 3029 5013 norma
3058 4960 3473 5016 constitutorum
3503 4977 3603 5032 pro
3621 4961 3714 5018 ali-

2122 5062 2349 5118 quorum
2378 5046 2532 5101 libitu
2553 5046 2768 5102 licentia
2796 5048 3012 5120 populis
3060 5050 3334 5120 permissa
3375 5049 3654 5123 frangatur
3681 5054 3710 5106 ?

2121 5134 2229 5190 Sed
2241 5135 2502 5190 etanobis
2518 5151 2628 5190 non
2648 5144 2730 5191 est
2749 5137 2899 5208 parvi
2905 5138 3196 5209 pandenda
3211 5138 3493 5209 granditer
3507 5139 3705 5195 Leonis

2117 5239 2273 5295 papae
2301 5224 2370 5278 ad
2397 5224 2633 5280 Leonem
2661 5227 2965 5299 Augustum
2996 5227 3064 5281 de
3094 5242 3154 5282 se
3192 5228 3397 5299 scripta
3443 5230 3709 5285 sententia

2117 5314 2302 5385 (epist.
2336 5316 2446 5383 84),
2500 5314 2555 5369 Si
2603 5332 2741 5386 quae,
2787 5316 2979 5387 inquit,
3030 5315 3273 5370 destruxi
3314 5319 3431 5372 haec
3475 5317 3701 5383 aediﬁco,

2114 5402 2587 5471 praevaricatorem
2618 5421 2704 5458 me
2753 5405 3042 5471 constituo,
3088 5413 3140 5459 ct
3187 5406 3264 5460 eis
3309 5421 3396 5460 me
3444 5407 3708 5461 ultionum

2115 5490 2514 5548 conditionibus
2576 5494 2751 5549 subdo
2773 5537 2786 5560 ,
2834 5510 2966 5564 quas
3009 5509 3119 5550 non
3179 5493 3357 5551 solum
3413 5495 3703 5551 auctoritas
