4026 6302
249 304 316 358 49
1725 306 2101 365 EPISTOLE.
3489 319 3558 371 50

248 426 426 480 beatae
455 425 741 483 memoriae
765 427 1036 498 Martiani,
1061 428 1160 484 sed
1179 428 1340 484 etiam
1367 445 1474 504 ego
1501 446 1626 486 mea
1655 430 1871 487 confes-
1898 431 2257 505 Aquidquam
2285 432 2468 492 facere
2497 437 2646 509 quod
2665 437 2882 493 Patrum
2895 438 3070 510 possit
3088 439 3290 511 regulis
3309 439 3552 510 obviare,

249 513 405 568 sione
460 511 704 571 ﬁrmavi.
767 517 848 572 De
901 517 1098 588 quibus
1146 517 1410 573 ultionum
1456 519 1860 575 conditionibus

246 601 379 674 quid
397 623 432 663 a
462 613 654 660 sancto
685 605 886 676 Spiritu
913 621 1012 676 per
1040 606 1270 662 concilia
1298 609 1594 678 provinciae
1635 607 1854 676 Africae,

249 699 452 771 quidve
482 695 588 754 Dei
605 693 894 766 sapientia,
929 711 1056 766 qua,
1086 703 1144 750 ut
1173 695 1435 766 scriptum
1464 704 1564 764 est,
1603 697 1856 754 condito-

248 804 338 844 res
367 787 559 858 legum
609 784 759 852 justa
793 783 1112 850 decernunt,
1155 783 1374 857 legibus
1420 786 1490 840 sit
1535 786 1815 842 decretum
1839 831 1853 854 ,

243 875 444 932 melius
472 873 582 945 ipsi
613 871 782 927 scitis.
807 871 965 941 Quod
995 873 1041 927 si
1071 872 1234 927 etiam
1290 874 1397 930 hoc
1425 875 1493 929 de
1542 891 1601 930 se
1657 874 1855 930 intelli-

247 982 408 1038 gens,
441 971 496 1018 et
522 961 610 1016 his
639 961 827 1033 legum
857 960 1259 1016 conditionibus
1291 963 1452 1018 subdi
1495 970 1681 1018 tantus
1710 979 1855 1035 papa

242 1063 296 1110 et
322 1053 518 1126 primae
547 1050 698 1106 sedis
727 1047 969 1119 pontifex
997 1051 1358 1120 praecavendo
1389 1050 1592 1124 refugit
1617 1095 1630 1118 ,
1679 1052 1856 1122 quali-

248 1151 331 1198 ter
349 1141 568 1196 eisdem
611 1139 874 1194 ultionum
890 1139 1292 1194 conditionibus
1319 1140 1480 1195 subdi
1499 1142 1858 1211 praecavendo

242 1231 438 1287 timere
467 1245 572 1284 nos
621 1227 919 1282 debeamus
977 1227 1238 1298 subjecti,
1297 1237 1552 1300 patenter
1591 1230 1848 1285 ostendit.

244 1320 354 1378 Sed
372 1327 429 1374 et
447 1319 522 1374 de
553 1323 866 1387 contempto
894 1316 1232 1371 anathemate
1275 1318 1602 1373 necessitate
1629 1318 1852 1390 (quanto

242 1409 424 1482 magis
454 1405 850 1463 deliberatione
868 1404 918 1476 ?)
947 1404 1049 1460 rite
1081 1405 1315 1476 prolato,
1351 1408 1495 1478 quod
1531 1407 1587 1460 in
1614 1406 1852 1478 prmfatis

240 1495 552 1570 privilegiis
611 1494 938 1561 continetur,
997 1493 1129 1566 quid
1169 1502 1390 1550 sanctus
1433 1495 1736 1568 Gregorius
1779 1495 1850 1551 ad

240 1585 615 1642 Theoctistam
644 1581 932 1654 patriciam
958 1582 1105 1638 dicat
1141 1583 1261 1653 (lib.
1295 1599 1374 1649 Ix,
1407 1585 1575 1656 epist.
1609 1584 1722 1656 ’19),
1756 1599 1848 1638 sa-

240 1675 508 1748 pientiam
537 1679 777 1728 vestram
807 1687 842 1726 a
871 1673 988 1727 Deo
1007 1672 1225 1728 doctam
1252 1687 1363 1726 non
1397 1673 1545 1728 latet.
1591 1673 1662 1727 Et
1691 1673 1848 1744 Sym-

1959 536 2188 577 necesse
2213 531 2298 578 est
2323 531 2382 578 ut
2409 539 2473 580 ea
2509 524 2636 582 hinc
2663 525 2990 595 decernatis,
3023 544 3093 584 ne
3122 529 3285 584 autin
3301 529 3560 602 questio-

1957 621 2084 660 nem
2113 607 2410 677 reveniant,
2444 617 2535 665 aut
2551 611 2772 666 occasio
2800 610 2996 668 exinde
3027 611 3253 682 alicujus
3281 629 3555 686 praesum-

1956 694 2156 766 ptionis
2176 706 2546 769 exsurgat,aut
2563 697 2658 754 illa
2673 699 2972 757 dissolvere
2993 701 3329 772 temporibus
3347 703 3552 760 nostris

1956 783 2045 838 vel
2075 800 2455 842 successorum
2483 795 2798 844 nostrorum
2812 795 3081 860 oporteat.
3115 789 3346 858 Quanta,
3382 790 3556 864 inquit

1957 867 2319 938 Symmachus
2341 870 2535 944 (epist.
2568 876 2618 941 1,
2635 872 2708 929 ad
2721 873 3030 945 Αὲοηὶωη),
3051 873 3275 930 vicariis
3294 873 3554 930 beatissi-

1953 956 2030 1011 mi
2058 958 2201 1012 Petri
2233 959 2468 1030 apostoli
2489 961 2824 1030 judicabitur
2859 977 2982 1018 esse
3013 962 3334 1031 reverentia,
3355 962 3403 1018 si
3433 980 3556 1036 qua;

1953 1044 2011 1099 in
2039 1046 2342 1103 sacerdotio
2359 1049 2679 1120 praecipiunt
2707 1051 2917 1106 eisdem
2932 1051 3334 1107 transeuntibus
3353 1051 3557 1108 dissol-

1953 1135 2194 1189 vantur?
2224 1136 2372 1206 quia,
2404 1145 2462 1192 ut
2489 1137 2635 1192 idem
2681 1138 2842 1206 dicit,
2900 1155 3010 1195 non
3057 1147 3240 1212 potest
3292 1155 3360 1196 ex
3401 1148 3556 1212 parte

1955 1219 2168 1278 ﬁrmum
2199 1239 2322 1279 esse
2353 1225 2498 1296 quod
2528 1225 2899 1298 generalitatis
2928 1227 3101 1301 tangit
3143 1227 3418 1298 injuriam.
3459 1258 3466 1266 -

2521 1342 2861 1399 EPISTOLA
2890 1344 2982 1400 IV.

2189 1454 2262 1494 AD
2299 1454 2533 1498 EAMDEM
2563 1455 2828 1497 SYNODUH
2855 1456 3314 1500 SURSSIONENSEM

1948 1545 2026 1598 De
2042 1545 2222 1621 libone
2251 1547 2570 1621 Rhemensi,
2603 1549 2746 1621 quod
2783 1549 2850 1604 ab
2881 1551 3208 1621 episcopatu
3223 1551 3360 1621 jure
3409 1549 3550 1621 deje-

2021 1618 2168 1691 ῥέπε,
2201 1633 2304 1671 nec
2339 1618 3144 1691 legitime,posteajestitutits,
3193 1618 3425 1678 clericos
3454 1618 3552 1678 or-

2019 1686 2219 1772 dinarp
2374 1686 2644 1772 potuerit)
2673 1693 2732 1744 et
2917 1689 2977 1772 lii
2994 1691 3464 1772 quos_ordinarat,
3483 1693 3552 1772 {si

242 1765 473 1820 machus
502 1761 634 1818 dicit
661 1761 848 1833 (epist.
885 1763 910 1814 1
943 1761 1034 1816 ad.
1059 1761 1349 1832 ﬁmium)
1365 1761 1434 1816 ad
1461 1762 1639 1832 ipsam
1659 1776 1846 1816 sacro-
1875 1790 1930 1852 Β
2019 1758 2522 1852 ξρίζιειξςξλιξςέίξεηεὶ
2549 1758 2827 1832 suspensi,
2850 1763 2914 1816 in
2928 1758 3346 1818 Su'esssioncnsi
3369 1761 3553 1834 gradu

241 1860 488 1908 sanctam
518 1849 846 1906 catholicam
875 1849 1201 1923 religionem
1220 1850 1518 1920 pertinere,
1543 1851 1698 1919 cujus
1724 1867 1848 1906 om-

239 1943 323 1996 nis
341 1947 589 2012 potestas
603 1937 939 2009 infringitur,
971 1937 1078 1993 nisi
1105 1939 1380 2009 universa,
1427 1956 1548 2011 qua:
1567 1956 1598 1995 a
1629 1939 1844 1996 Domini

237 2029 617 2086 sacerdotibus
651 2027 825 2082 semel
854 2026 1183 2098 regulariter
1212 2034 1541 2097 statuuntur,
1583 2037 1844 2099 perpetua

239 2119 382 2185 sint;
415 2117 564 2190 quod
595 2115 732 2171 alias
763 2115 1082 2188 contingere
1112 2115 1334 2188 poterit,
1367 2117 1414 2170 si
1452 2132 1741 2172 successor
1759 2117 1850 2173 de-

239 2207 479 2263 cessoris
506 2205 722 2261 actibus
749 2219 860 2260 non
901 2203 1150 2259 tribuerit
1207 2202 1535 2270 ﬁrmitatem,
1585 2213 1638 2260 et
1675 2205 1846 2261 robo-

238 2296 410 2351 rando
437 2310 559 2366 qua
585 2300 742 2365 gesta
771 2301 914 2362 sunt,
948 2291 1109 2348 faciat
1136 2299 1259 2347 rata
1287 2309 1410 2348 esse
1439 2311 1562 2366 qua:
1590 2295 1841 2367 gesserit.

237 2386 308 2440 Et
332 2383 590 2440 Gelasius
612 2383 804 2454 (epist.
831 2384 890 2434 Μ
931 2381 1003 2436 ad
1043 2381 1370 2453 Germanos)
1405 2400 1468 2436 εκ
1502 2383 1710 2447 Patres,
1753 2383 1844 2438 in-

238 2473 372 2546 quit,
395 2471 574 2528 nostri
631 2469 885 2526 catholici
931 2469 1186 2526 videlicet
1232 2470 1486 2542 doctique
1536 2470 1839 2542 pontiﬁces,

237 2561 502 2635 quidquid
532 2575 635 2632 pro
665 2559 794 2630 ﬁde,
835 2574 940 2630 pro
998 2558 1247 2625 veritate,
1306 2575 1405 2630 pro
1461 2560 1843 2616 communione

234 2650 505 2708 catholica
530 2658 697 2721 atque
725 2647 1046 2718 apostolica,
1097 2649 1395 2704 secundum
1427 2649 1842 2720 Scripturarum

235 2736 508 2791 tramitem
540 2778 553 2800 ,
616 2732 1077 2804 traditionemque
1134 2733 1400 2801 majorum
1431 2777 1448 2800 ,
1481 2732 1624 2789 facta
1671 2735 1843 2789 semel

235 2823 672 2896 congregatione
727 2828 1066 2889 sanxerunt,
1117 2821 1499 2878 inconvulsum
1557 2822 1844 2878 voluerunt

235 2913 497 2984 deinceps
527 2910 860 2982 ﬁrmumque
917 2917 1170 2967 constare
1205 2926 1351 2978 ;nec
1394 2911 1450 2964 in
1493 2911 1598 2966 hac
1644 2911 1838 2966 eadem

235 3017 398 3058 causa
411 3001 597 3056 denuo
628 3017 752 3070 quae
780 2998 1003 3070 praefixa
1032 2997 1252 3053 fuerant
1283 2999 1569 3054 retractari
1596 2999 1839 3070 qualibet

233 3091 438 3147 recenti
503 3089 930 3161 praesumptione
984 3087 1364 3160 permiserunt.
1427 3087 1850 3158 Sapientissime'

234 3150 605 3252 pervidenies,
634 3150 892 3250 quoniam
920 3177 966 3230 si
985 3150 1218 3232 .decreta
1257 3150 1545 3231 salubriter
1584 3177 1840 3248 cuiquam
1870 3150 1919 3212 Ο

235 3269 424 3325 liceret
453 3267 679 3335 iterare,
711 3265 919 3321 nullum
940 3273 1126 3320 contra
1142 3265 1391 3336 singulos
1407 3281 1654 3338 quosque
1673 3281 1836 3336 pror-

237 3375 328 3412 sus
356 3373 582 3413 errores
611 3355 806 3410 stabile
833 3354 1151 3426 persisteret
1178 3353 1443 3410 Ecclesiae
1461 3355 1833 3425 constitutum,

236 3461 299 3503 ac
319 3461 541 3517 semper
569 3444 766 3499 iisdem
793 3443 1064 3499 furoribus
1087 3442 1346 3499 redivivis
1393 3443 1574 3498 omnis
1625 3443 1836 3516 integra

230 3535 478 3590 diﬂinitio
507 3533 842 3606 turbaretur,
885 3556 907 3580 η

299 3634 432 3690 Haec
459 3633 642 3704 itaque
669 3631 740 3686 de
767 3629 961 3685 litteris
987 3629 1247 3686 divinitus
1275 3630 1553 3702 inspiratis
1584 3637 1832 3702 accepta,

231 3723 314 3779 vel
342 3737 448 3794 pro
480 3720 560 3776 rei
587 3719 776 3775 notitia
803 3719 1159 3785 manifestata,
1191 3734 1303 3774 non
1324 3719 1394 3774 ad
1423 3718 1829 3788 resultandum,

233 3811 380 3884 quod
409 3809 572 3875 absit,
610 3809 667 3862 in
703 3807 886 3880 aliquo
915 3808 1098 3862 domui
1125 3824 1284 3879 papm
1312 3808 1546 3864 decretis
1575 3808 1835 3879 apostoli-

229 3901 328 3967 cis,
351 3899 440 3957 vel
469 3898 539 3953 ad
587 3897 954 3952 resistendum
980 3897 1176 3952 vestris
1233 3897 1580 3969 regularibus
1629 3895 1830 3951 diffini-

229 3988 468 4044 tionibus
498 3985 755 4058 profero;
789 3986 888 4040 sed
913 3992 969 4040 ut
997 3985 1272 4056 quomodo
1301 3985 1386 4039 his
1415 4001 1536 4058 quae
1569 3985 1625 4040 in
1675 3987 1830 4055 deje-

230 4077 407 4134 ctione
435 4077 655 4131 illorum
682 4073 905 4130 difﬁnita
944 4081 1068 4128 sunt
1095 4075 1356 4130 hactenus
1403 4075 1640 4140 obedivi,
1665 4075 1745 4131 sic
1774 4075 1831 4130 in

231 4179 418 4218 eorum
445 4159 808 4226 restitutione,
841 4159 994 4228 cujus
1039 4159 1168 4214 estis
1198 4175 1232 4215 a
1261 4160 1460 4214 domno
1525 4159 1829 4230 apostolico

233 4251 426 4308 arbitri
455 4249 752 4318 constituti,
778 4249 825 4303 si
853 4265 888 4304 a
916 4248 1072 4304 vobis
1101 4247 1282 4304 ﬂenda
1315 4247 1574 4305 canonice
1607 4249 1830 4304 inventa

230 4350 282 4397 et
307 4348 523 4412 patrata
549 4337 731 4408 fuerit,
766 4345 1028 4409 quantum
1041 4353 1106 4393 ex
1136 4355 1224 4392 me
1253 4345 1354 4404 est,
1389 4336 1633 4408 praefatis
1662 4353 1830 4410 regu-

229 4431 293 4494 lis
321 4429 520 4495 sacris,
572 4436 626 4483 et
663 4427 1060 4498 episcopalibus
1110 4435 1270 4499 atque
1326 4426 1640 4497 apostolicae
1681 4427 1828 4482 sedis

2017 1829 2244 1900 spoliati
2272 1830 2410 1884 sint.

2497 1938 2678 2010 (Apud
2705 1939 3008 2010 Sirmond.)

2020 2043 2349 2098 Hmcmnus
2391 2043 2724 2101 Rbemorum
2771 2045 3061 2117 episcOpus
3109 2051 3312 2102 sanctas
3341 2047 3552 2118 synodo

1949 2130 2135 2186 domni
2163 2147 2322 2202 papae
2347 2131 2558 2188 Nicolai
2586 2133 2906 2189 auctoritate
2945 2141 3278 2190 convocatae.
3438 2200 3461 2210 κ

2017 2219 2149 2273 CAP.
2181 2221 2224 2274 Ι.
2272 2221 2355 2276 De
2391 2221 2604 2292 Ebone,
2660 2221 2806 2277 unde
2860 2221 3084 2295 quidam
3111 2222 3425 2294 loquuntur,
3459 2223 3552 2295 qui

1947 2321 2168 2363 causam
2197 2309 2315 2378 ejus
2343 2310 2612 2379 nesciunt,
2636 2310 2723 2366 vel
2739 2310 2877 2366 scire
2899 2319 2988 2366 aut
3007 2311 3194 2368 audire
3210 2327 3320 2366 non
3337 2311 3542 2377 volunt,

1945 2412 2068 2452 cum
2097 2412 2418 2469 quocunque
2450 2414 2552 2470 per
2581 2399 2982 2456 contentionem
3019 2399 3223 2455 nullam
3267 2399 3544 2455 conferam

1946 2485 2298 2556 quaestionem
2333 2530 2346 2553 ,
2406 2488 2531 2558 quia
2561 2504 2666 2544 nec
2721 2489 2954 2544 domnus
3011 2485 3341 2560 apostolicus
3409 2488 3544 2544 mihi

1943 2575 2215 2644 agendum
2235 2575 2340 2631 hoc
2369 2575 2604 2647 scripsit,
2637 2593 2740 2632 nec
2767 2592 2892 2634 cum
2922 2577 3116 2634 eodem
3133 2577 3326 2634 Ebone
3351 2577 3408 2632 in
3433 2576 3545 2635 vita

1945 2679 2038 2717 sua
2069 2663 2249 2718 exstiti
2295 2664 2608 2736 altercator,
2651 2681 2755 2722 nec
2783 2674 2907 2738 post
2934 2673 3164 2722 mortem
3219 2667 3338 2736 ejus
3393 2665 3538 2737 illius

1943 2768 2062 2806 sum
2087 2753 2394 2824 derogator,
2427 2769 2531 2810 nec
2561 2754 2678 2824 ejus
2707 2755 2854 2810 sedis
2875 2755 3099 2834 invasor
3125 2755 3324 2824 exstiti,
3371 2769 3535 2827 quam

1942 2840 2013 2896 ab
2034 2856 2099 2896 eo
2121 2842 2420 2896 secundum
2449 2842 2670 2916 regulas
2687 2843 2993 2900 sacerdotio
3021 2843 3276 2899 defuncto
3295 2849 3540 2916 quartus,

1939 2936 2065 3000 post
2093 2945 2189 2984 eos
2213 2929 2306 3001 qui
2327 2946 2448 2986 eam
2475 2939 2782 3003 tenuerunt,
2814 2932 3076 2990 canonice
3120 2931 3179 2988 in
3229 2947 3294 2988 ea
3327 2931 3535 2988 electus

1941 3025 1995 3073 et
2039 3018 2321 3073 ordinatus
2352 3021 2649 3091 regendam
2678 3021 2914 3093 suscepi.
2947 3020 3173 3077 Ratione
3205 3027 3386 3076 autem
3446 3019 3537 3076 di-

1940 3113 2136 3172 ctante,
2169 3124 2330 3178 quam
2359 3109 2506 3163 omni
2534 3109 2780 3179 poscenti
2807 3125 3018 3183 negare
3043 3125 3155 3165 non
3184 3108 3537 3180 debeo,verig

1941 3202 2103 3248 tatem
2132 3195 2373 3266 proferre
2426 3197 2572 3253 licite
2629 3197 2807 3254 valeo.
2864 3198 3013 3254 Idem
3065 3213 3302 3270 namque
3361 3211 3397 3253 a
3449 3213 3530 3265 se,

1931 3283 2086 3352 juxta
2117 3299 2302 3340 sacras
2334 3285 2554 3356 regulas
2583 3293 2638 3341 et
2691 3285 3032 3342 traditionem
3077 3284 3527 3354 ecclesiasticam,

1937 3387 2004 3428 ac
2021 3372 2244 3429 decreta
2273 3373 2418 3429 sedis
2445 3373 2703 3432 Romana;
2730 3374 3062 3448 pontiﬁcum,
3093 3372 3314 3442 Zosimi,
3357 3374 3531 3430 Joan-

1935 3461 2022 3516 nis
2051 3468 2212 3534 atque
2244 3461 2518 3536 Gregorii,
2546 3463 2682 3520 sicut
2717 3464 2786 3520 ab
2807 3463 2888 3520 eis
2937 3463 3285 3521 constitutum
3322 3463 3527 3520 multo-

1935 3549 2038 3604 ties
2062 3551 2276 3622 legitur,
2309 3567 2408 3622 per
2433 3551 2788 3623 professionis
2813 3569 2928 3610 suae
2952 3552 3215 3620 libellum,
3245 3568 3313 3608 ea
3338 3551 3530 3608 mode-

1933 3639 2162 3705 ratione,
2199 3655 2376 3711 quam,
2389 3640 2498 3697 Leo
2524 3655 2758 3713 magnus
2784 3658 2929 3714 papa
2956 3641 3198 3698 decrevit
3226 3641 3298 3698 ad
3315 3639 3528 3697 univer-

1933 3743 2025 3782 sos
2055 3728 2344 3800 episcopos
2371 3745 2473 3801 per
2527 3730 2828 3799 Samnium,
2879 3730 3137 3788 Picenum
3182 3737 3236 3787 et
3275 3728 3527 3786 Tusciam

1933 3817 2046 3888 (ep.
2095 3819 2204 3888 86),
2236 3817 2499 3874 dictatum
2526 3827 2580 3875 et
2605 3819 2828 3891 propria
2854 3835 3022 3875 manu
3051 3818 3436 3890 subscriptum,
3465 3818 3526 3873 in

1932 3905 2142 3976 synodo
2171 3921 2231 3961 se
2250 3906 2516 3978 deposuit,
2537 3915 2589 3962 et
2619 3907 2912 3980 episcopali
2928 3907 3229 3964 ministerio
3245 3905 3521 3980 spoliavit,

1930 4002 2090 4065 atque
2119 3995 2415 4050 secundum
2445 4013 2596 4050 suam
2626 3995 3022 4068 professionem
3065 4004 3120 4053 et
3165 3994 3526 4068 subscriptio-

1930 4094 2056 4132 nem
2083 4095 2115 4132 a
2153 4079 2513 4152 quadraginta
2539 4081 2711 4136 tribus
2735 4081 3006 4152 episcopis
3028 4079 3289 4151 judicium
3307 4079 3528 4152 deposi-

1927 4166 2088 4222 tionis
2118 4169 2356 4238 suscepit
2385 4187 2398 4221 :
2431 4169 2566 4224 sicut
2586 4169 2676 4224 ille
2703 4169 2822 4240 ipse
2850 4169 3087 4235 libellus,
3121 4185 3286 4241 quem
3311 4167 3522 4238 synodo

1926 4255 2186 4326 porrexit,
2219 4263 2272 4310 et
2299 4255 2487 4310 notitia
2507 4256 2800 4328 synodalis,
2825 4273 2948 4328 quae
2973 4257 3240 4312 habemus
3257 4297 3272 4325 ,
3307 4255 3524 4311 eviden-

1931 4351 2012 4398 ter
2037 4344 2347 4400 ostendunt.
2383 4345 2450 4401 Ut
2479 4345 2623 4402 enim
2643 4344 2774 4402 dicit
2800 4345 3079 4414 Gelasius,
3123 4345 3248 4402 ideo
3293 4351 3518 4401 vocatur

1929 4433 1998 4488 ad
2028 4433 2292 4502 judicium
2319 4443 2466 4491 certa
2495 4451 2832 4509 quaecunque
2859 4452 3111 4510 persona,
3143 4443 3203 4492 ut
3230 4442 3323 4491 aut
3352 4432 3520 4489 fatea-

229 4519 422 4574 exinde
453 4516 972 4582 conﬁrmationibus,
1024 4516 1331 4588 periculose
1360 4532 1468 4571 non
1505 4515 1740 4582 obviem,
1776 4523 1828 4570 et
1856 4507 1910 4568 D
1928 4530 2012 4577 tur
2039 4523 2268 4594 objecta,
2301 4533 2474 4581 autut
2502 4507 3132 4597 convincatur—objectis.
3167 4525 3277 4580 Sed
3297 4524 3439 4577 hunc
3465 4529 3520 4576 et

229 4625 257 4662 a
285 4605 766 4680 praeceptionibus,
791 4605 982 4678 quaain
1025 4605 1340 4676 apostolicis
1389 4603 1826 4675 epistolisconti-

228 4703 440 4760 nentur,
472 4708 508 4747 a
529 4691 726 4763 quibus
781 4689 1017 4745 Domino
1063 4698 1333 4745 annuente
1380 4689 1469 4745 vel
1497 4697 1825 4746 transverso.

227 4782 518 4847 utdicitur,
554 4796 736 4852 ungue
767 4779 1000 4834 scienter
1029 4787 1083 4834 et
1123 4795 1224 4850 per
1273 4778 1668 4834 contumaciam
1717 4795 1829 4834 non

231 4871 562 4938 exorbitabo,
594 4869 650 4924 in
677 4869 825 4923 nullo
853 4885 954 4939 per
979 4867 1340 4940 ignorantiam
1370 4868 1667 4934 deviem,et
1688 4885 1827 4940 qua-

229 4960 349 5016 liter
377 4961 593 5031 absque
609 4957 938 5014 descrimine
960 4958 1114 5029 sequi
1139 4957 1368 5012 debeam
1398 4957 1720 5030 regularem
1741 4975 1830 5013 ve-

230 5057 412 5117 stram,
445 5064 676 5121 quorum
705 5064 772 5102 ex
801 5046 1151 5118 delegatione
1183 5047 1330 5102 sedis
1381 5047 1697 5118 apostolicae
1737 5047 1828 5102 in-

231 5147 412 5205 terest,
447 5136 844 5204 diffinitionem,
878 5153 976 5207 per
1004 5136 1246 5206 ipsarum
1274 5137 1587 5207 regularum
1634 5136 1826 5192 trami-

226 5234 329 5282 tem
357 5225 572 5298 liquido
615 5240 953 5296 cognoscere
992 5225 1220 5280 valeam.
1273 5225 1358 5279 Ad
1402 5226 1507 5281 hoc
1553 5225 1698 5280 enim
1742 5225 1843 5280 vel.

230 5317 459 5371 maxime
489 5315 558 5369 ad
579 5313 850 5386 synodum
877 5313 1024 5370 venit
1052 5314 1369 5386 episcOpus,
1405 5323 1462 5368 ut
1494 5323 1585 5369 aut
1627 5313 1823 5380 discat,

231 5414 315 5459 aut
343 5406 564 5468 doceat,
587 5411 680 5457 aut
709 5403 1033 5475 corrigatur,
1052 5412 1142 5458 aut
1163 5403 1421 5475 corrigat.
1446 5405 1513 5456 Et
1533 5403 1829 5458 Caelestino

232 5493 440 5550 dicente
461 5494 708 5564 (Decret.
752 5495 842 5562 20,
887 5494 1160 5566 episcopis
1202 5509 1305 5564 per
1349 5492 1636 5563 Apuliam,
1669 5492 1824 5562 etc.),

232 5590 287 5636 ut
321 5581 456 5636 nulli
483 5579 752 5636 sacerdoti
783 5596 912 5635 suos
941 5581 1100 5638 liceat
1129 5597 1372 5637 canones
1400 5579 1676 5647 ignorare,
1727 5595 1829 5633 nec

1927 4611 2068 4668 actio
2094 4629 2236 4685 pene
2263 4615 2411 4671 omni
2429 4615 2633 4671 mundo
2673 4623 2800 4672 nota
2829 4615 3080 4680 convicit,
3137 4621 3190 4667 et
3227 4612 3345 4682 ipse
3379 4625 3516 4682 pro-

1927 4701 2049 4772 pria
2077 4719 2138 4758 se
2186 4721 2322 4761 voce
2366 4714 2419 4760 et
2477 4704 2783 4777 subscripta
2837 4701 3173 4774 professione
3218 4699 3515 4759 damnavit.

1928 4791 2124 4846 Postea
2151 4809 2284 4849 vero
2315 4794 2432 4848 sine
2459 4795 2568 4849 ulla
2593 4793 2832 4866 regulari
2861 4787 3191 4845 restitutione
3218 4789 3365 4846 idem
3411 4791 3520 4847 mi-

1928 4879 2205 4936 nisterium
2237 4882 2564 4954 episcopale,
2596 4899 2704 4954 quo
2743 4897 2802 4935 se
2845 4877 3171 4949 privaverat,
3205 4887 3396 4937 contra
3443 4897 3524 4936 sa-

1929 4985 2054 5025 cros
2083 4987 2320 5026 canones
2347 4970 2646 5042 usurpavit.
2679 4969 2746 5022 Et
2773 4967 2989 5022 demum
3021 4968 3120 5024 sub
3156 4985 3296 5042 papa
3328 4969 3523 5042 Sergio

1929 5059 2154 5114 Romam
2183 5061 2428 5126 veniens,
2462 5061 2532 5114 ab
2559 5073 2642 5123 eo,
2696 5063 2755 5110 ut
2799 5056 3084 5113 damnatus
3127 5058 3183 5114 in
3231 5059 3368 5115 laica
3394 5065 3515 5112 tan-

1929 5156 2040 5202 tum
2069 5149 2448 5204 communione
2479 5152 2742 5214 maneret,
2773 5145 3014 5202 districta
3068 5147 3352 5214 sententia,
3384 5145 3524 5201 sicut

1930 5242 1981 5288 et
2010 5241 2161 5304 gesta
2181 5233 2350 5304 ipsius
2382 5246 2538 5302 papa:
2567 5229 2959 5298 demonstrant,
2993 5232 3382 5287 condemnatus
3403 5228 3520 5284 fuit.

1929 5323 2033 5390 Qui
2061 5338 2183 5376 cum
2214 5317 2528 5388 metropolis
2556 5318 2906 5388 Rhemorum,
2939 5321 2994 5374 in
3025 5334 3131 5391 qua
3159 5317 3337 5375 fuerat
3365 5317 3520 5374 ordi-

1928 5415 2100 5471 natus,
2125 5420 2222 5474 per
2250 5402 2572 5458 decennium
2601 5415 2721 5477 post
2741 5404 3136 5477 depositionem
3157 5405 3276 5472 ejus
3303 5410 3524 5474 pastore

1929 5499 2167 5556 vacaret,
2201 5492 2369 5547 sedet
2398 5509 2570 5565 usque
2601 5495 2669 5550 ad
2721 5492 3006 5550 terminum
3051 5491 3175 5548 vita:
3215 5507 3346 5559 suae,
3398 5507 3520 5548 cum

1929 5581 2038 5638 fere
2067 5581 2255 5634 decem
2283 5589 2336 5636 et
2373 5590 2584 5653 septem
2607 5585 2760 5639 annis
2789 5590 2913 5654 post
2937 5581 3340 5639 damnationem
3369 5595 3524 5637 suam
