4026 6304
451 261 510 317 31
1334 263 1676 320 HINCMARI
1730 255 2130 330 RHEMENSIS
2193 260 2742 322 ARCHIEPISCOPI.
3686 269 3754 323 32

457 387 674 460 longius
701 405 853 444 eram
880 397 1139 459 remotus,
1173 389 1226 444 in
1255 389 1350 444 ﬁlii
1381 389 1547 445 vestri
1568 389 1718 462 regis
1738 387 1911 447 nostri
1937 402 2048 442 ser—
2076 381 2132 443 A
2159 400 2378 459 scopos,
2414 390 2505 461 qui
2533 391 2712 447 sciunt
2735 398 2790 446 et
2833 407 2920 446 me
2961 405 3072 445 una
3109 405 3232 446 cum
3279 389 3359 444 eis
3390 388 3530 446 scire
3561 397 3761 444 norunt

460 476 628 532 vitio:
662 487 716 532 et
741 479 996 550 quoniam
1042 479 1160 534 sine
1202 478 1422 533 illorum
1461 479 1684 547 judicio,
1722 477 1814 549 qui
1849 477 1905 530 in
1936 475 2056 544 ejus

461 565 803 636 depositione
848 567 1082 634 fuerant,
1132 575 1184 622 et
1217 568 1415 638 quibus
1457 567 1583 622 inde
1614 565 1928 641 scripsistis,
1963 579 2057 618 re-

462 653 610 709 stitui
639 655 968 728 regulariter
1009 671 1118 712 non
1166 655 1383 711 valebat
1415 671 1429 710 :
1463 663 1516 710 et
1559 654 1804 726 episcopi
1832 653 2059 709 aliarum

459 742 865 812 provinciarum
911 759 1012 815 per
1055 759 1237 800 meam
1280 743 1731 800 convocationem
1776 742 1833 796 in
1877 739 2060 796 multis

463 831 715 902 occupati
743 833 1071 906 congregari
1101 848 1211 888 non
1240 840 1507 904 poterant.
1542 831 1650 888 Sed
1671 839 1724 886 et
1749 828 2062 901 coepiscopi

461 919 796 976 Rhemorum
825 922 1118 992 provinciae
1165 922 1231 976 ab
1279 921 1398 992 ipsa
1445 920 1676 992 synodo,
1708 919 1760 974 in
1803 933 1913 990 qua
1939 915 2060 988 epi-

465 1007 658 1062 stolam
713 1009 1013 1065 sanctitatis
1055 1018 1253 1066 vestra:
1310 1008 1640 1078 audivimus,
1697 1023 1864 1064 causa
1918 1005 2060 1060 resi-

465 1095 643 1151 stendi
672 1097 1002 1153 Normannis
1050 1098 1122 1153 ad
1159 1114 1286 1153 suas
1328 1097 1488 1153 sedes
1519 1097 1780 1153 festinare
1818 1101 2062 1150 matura-

464 1193 676 1240 verunt.
709 1185 869 1241 Pauci
901 1187 1064 1242 etiam
1092 1203 1319 1243 numero
1347 1185 1610 1258 episcOpi,
1644 1185 1735 1258 qui
1763 1199 1974 1240 mecum
2006 1183 2060 1236 in

465 1270 560 1327 ﬁlii
589 1275 758 1329 vestri
785 1275 930 1348 regis
974 1276 1146 1331 nostri
1175 1285 1330 1331 erant
1361 1275 1628 1346 obsequio
1652 1315 1666 1341 ,
1700 1289 1824 1330 cum
1856 1272 1938 1328 eis
1966 1271 2062 1327 be-

462 1361 742 1434 nignitatis
770 1372 966 1419 vestra:
991 1364 1520 1420 commendationem
1564 1363 1632 1418 de
1677 1359 1924 1418 Rothado
1966 1377 2060 1415 rc-

463 1449 592 1520 legi,
626 1452 1023 1522 responderunt
1069 1468 1177 1508 non
1228 1469 1288 1508 se
1336 1453 1474 1508 scire
1507 1451 1672 1506 talem
1703 1449 1870 1505 vitam
1899 1455 2062 1520 atque

465 1538 898 1612 intelligentiam,
947 1541 1164 1613 taleque
1211 1541 1450 1596 studium
1493 1539 1638 1596 sacri
1682 1536 1970 1594 ministerii
2007 1535 2064 1590 in

464 1641 530 1682 eo
559 1625 746 1696 fuisse,
778 1635 838 1683 ut
864 1629 919 1683 in
948 1630 1056 1686 hoc
1084 1645 1143 1685 se
1162 1628 1399 1685 miscere
1431 1629 1730 1695 auderent;
1761 1625 2064 1698 praesertim

2156 475 2391 532 Rothadi
2417 479 2805 552 negligentiam
2832 488 2887 535 et
2924 479 3188 534 diutinam
3219 480 3274 532 in
3312 493 3469 535 sacro
3499 479 3754 534 ministe-

2158 565 2242 620 rio
2278 565 2617 623 inutilitatem
2642 611 2654 634 ,
2713 569 2782 624 de
2837 568 2956 637 ejus
3006 567 3345 623 restitutione
3401 565 3718 638 alloquerer
3743 607 3758 635 ,

2159 670 2350 710 omnes
2386 671 2474 711 me
2505 655 2841 712 in‘suﬁlarent
2865 699 2879 726 ,
2911 664 2962 712 et
2991 664 3266 712 amentem
3295 655 3512 727 penitus
3535 655 3758 724 judica-

2159 751 2300 799 rent.
2336 744 2392 800 Si
2421 744 2584 800 etiam
2612 747 2878 813 Rothado,
2901 754 2960 801 ut
2989 761 3048 802 se
3077 745 3450 811 concrederet,
3475 745 3624 816 quod
3652 759 3764 799 non

2161 849 2274 888 sum
2303 832 2493 888 salutis
2520 834 2712 889 intuitu
2743 835 2964 901 faceret,
3010 832 3276 890 beneﬁcia
3303 849 3406 888 nos
3434 833 3762 904 impetratu-

2162 935 2252 977 sos
2297 923 2758 993 promitteremus,
2818 923 3076 996 quoniam
3129 938 3269 994 pene
3311 937 3502 978 omnes
3547 920 3606 976 in
3643 919 3766 976 istis

2161 1010 2458 1081 provinciis
2487 1011 2683 1080 sciunt,
2721 1011 2850 1084 quia
2880 1011 3178 1068 secundum
3222 1010 3683 1083 Carthaginenses
3715 1017 3772 1066 et

2161 1097 2444 1154 Africanos
2493 1115 2750 1167 canones,
2793 1109 2846 1156 et
2889 1099 3110 1158 decreta
3155 1099 3297 1156 beati
3329 1099 3610 1174 Gregorii,
3644 1099 3767 1156 ele-

2163 1195 2367 1243 ctorum
2398 1205 2457 1244 se
2487 1189 2757 1245 commisit
2778 1188 3002 1257 judicio,
3037 1195 3091 1243 ct
3133 1186 3369 1260 amplius
3399 1201 3564 1259 quam
3595 1187 3765 1259 quin-

2161 1276 2312 1348 genti
2366 1276 2728 1333 interfuerunt
2783 1277 2984 1332 diversi
3044 1276 3254 1332 ordinis
3311 1275 3452 1343 viri,
3512 1275 3766 1332 videntes

2164 1364 2384 1436 quando
2413 1365 2554 1420 calix
2581 1381 2784 1422 aureus
2812 1381 2938 1422 cum
2967 1365 3198 1438 gemmis
3246 1379 3279 1420 a
3307 1379 3555 1437 caupone
3585 1372 3640 1420 et
3669 1371 3763 1420 ta-

2163 1453 2419 1509 bernaria
2447 1471 2546 1525 per
2574 1455 2799 1510 missum
2829 1454 2976 1526 regis
2997 1454 3065 1510 de
3086 1453 3232 1508 illius
3250 1453 3484 1527 pignore
3516 1460 3770 1524 sumptus

2165 1547 2231 1618 et.
2246 1541 2458 1597 delatus
2487 1541 2586 1597 fuit
2623 1543 2680 1597 in
2725 1543 3015 1614 synodum,
3047 1550 3102 1596 et
3130 1541 3364 1597 scientes
3401 1555 3636 1598 coronas
3666 1557 3767 1596 ar-

2165 1636 2393 1702 genteas
2422 1645 2455 1684 a
2495 1631 2704 1697 Judaeo,
2760 1631 2845 1686 cui
2891 1630 3014 1685 illas
3057 1630 3300 1694 dederat,
3351 1637 3681 1701 resumptas,
3716 1637 3775 1686 et

463 1731 588 1770 cum
633 1715 699 1785 is,
760 1717 854 1788 qui
902 1724 1058 1774 antea
1103 1717 1342 1789 aliquam
1381 1716 1748 1774 reverentiam
1796 1715 1867 1770 de
1907 1713 2064 1782 deje-
2101 1716 2461 1794 Bfacultates
2493 1718 2894 1776 ecclesiasticas
2923 1719 2994 1773 ab
3023 1735 3089 1774 eo
3136 1732 3482 1790 suppressas,
3515 1725 3568 1774 et
3595 1717 3776 1774 laten-

463 1803 642 1859 ctione
671 1820 772 1860 sua
813 1805 1062 1874 habebat,
1113 1815 1166 1860 et
1207 1822 1426 1876 semper
1455 1803 1774 1860 inobediens
1801 1809 1853 1858 et
1885 1799 2060 1858 sacris

463 1892 692 1966 regulis,
725 1901 778 1948 et
807 1893 976 1966 regiae
1003 1894 1273 1967 dignitati,
1306 1902 1357 1950 et
1385 1892 1805 1964 metr0politano
1831 1889 2060 1963 privile-

465 1981 558 2054 gio
609 1980 802 2048 fuerat,
855 1999 1000 2039 nunc
1041 1981 1360 2039 effrenatius
1406 1982 1476 2037 ad
1521 1981 1814 2036 multorum
1859 1979 2061 2034 malum

466 2069 793 2142 exemplum,
845 2079 899 2126 et
942 2071 1300 2143 plurimorum
1356 2069 1794 2126 bencvolentium
1833 2066 2063 2125 scanda-

465 2157 596 2224 lum,
631 2159 896 2214 desaavire
926 2168 979 2215 et
1004 2159 1372 2234 negligentius
1403 2166 1566 2230 atque
1587 2156 1950 2229 perniciosius
1978 2155 2063 2210 vi-

467 2262 597 2302 vere
627 2247 995 2303 voluntatibus
1027 2249 1140 2304 suis
1174 2249 1420 2304 serviens
1467 2263 1593 2304 cum
1621 2246 1872 2302 libertate
1900 2244 2067 2300 debe-

465 2343 565 2390 ret.
599 2335 680 2390 De
710 2351 776 2392 eo
805 2345 986 2392 autem
1015 2338 1160 2410 quod
1209 2337 1516 2409 benignitas
1542 2334 1712 2390 animi
1741 2333 1905 2390 vestri
1933 2348 2066 2404 pen-

468 2439 598 2478 sans
651 2439 759 2480 non
805 2425 1126 2495 belluinum,
1185 2427 1282 2482 sed
1328 2426 1627 2480 humanum
1661 2422 1896 2478 hominis
1943 2420 2066 2475 ani-

466 2528 636 2582 mum,
669 2513 884 2584 scripsit
903 2514 1128 2570 dicens:
1158 2537 1179 2564 κ
1215 2515 1472 2569 Fortasse
1502 2517 1800 2586 cognoscet
1823 2509 2068 2565 dilictum

468 2616 644 2667 suum,
699 2609 751 2656 et
797 2617 896 2657 sua
945 2611 1138 2674 sponte
1186 2603 1244 2656 in
1282 2601 1488 2671 judicio
1539 2615 1646 2672 quo
1679 2599 1956 2670 judicatus
1985 2605 2073 2652 est

469 2705 836 2760 perseverare
878 2691 1102 2764 deliget.
1152 2690 1312 2761 Quod
1361 2691 1407 2746 si
1448 2689 1658 2756 fecerit,
1703 2687 1849 2759 apud
1879 2701 2068 2759 regem

468 2776 745 2845 Carolum,
793 2778 1206 2834 dilectissimum
1248 2777 1502 2834 videlicet
1555 2776 1726 2831 ﬁlium
1790 2783 2067 2841 vestrum,

470 2865 748 2938 agendum
780 2874 883 2934 est,
915 2875 973 2922 ut
1000 2866 1324 2922 liberalitate
1353 2881 1451 2920 sua
1483 2865 1660 2920 eidem
1693 2877 1938 2936 congrua
1969 2861 2070 2917 be-

469 2952 692 3022 neﬁcia,
715 2953 913 3027 quibus
961 2954 1289 3010 sufficienter
1333 2969 1458 3010 cum
1508 2953 1620 3008 suis
1668 2952 1964 3006 sustentari
2007 2964 2074 3005 ac

469 3041 770 3099 honoriﬁce
797 3043 1002 3115 degere
1047 3043 1238 3115 possit,
1291 3041 1528 3115 benigno
1566 3039 1764 3096 mentis
1802 3038 2074 3111 largiatur

471 3129 669 3188 aﬂ'ectu
703 3149 716 3188 :
753 3153 777 3183 ι
810 3132 944 3189 sciat
971 3132 1217 3205 dignatio
1257 3138 1461 3198 vestra,
1493 3145 1601 3184 non
1633 3129 1786 3184 illum
1814 3143 1939 3182 esse
1970 3127 2070 3182 hu-

465 3220 705 3290 jusmodi
750 3222 1144 3294 temperantiae.
1188 3220 1325 3276 Nam
1360 3219 1429 3274 ab
1459 3234 1525 3274 eo
1557 3217 1703 3290 quod
1732 3213 1896 3288 coepit
1926 3231 2070 3270 nun-

474 3325 639 3380 quam
667 3309 839 3380 potuit
869 3309 1140 3370 revocari.

543 3396 678 3466 Qum
705 3397 868 3452 etiam
899 3413 1006 3470 ego
1045 3395 1276 3451 famulus
1306 3402 1504 3450 vestrae
1533 3391 1919 3448 dominationis
1948 3407 2070 3446 me-

473 3485 674 3541 ditatus
703 3502 823 3541 sum
853 3501 976 3543 cum
1005 3484 1172 3544 corde
1207 3499 1350 3549 meo,
1383 3491 1436 3538 et
1465 3481 1754 3540 conferens
1783 3495 1909 3536 cum
1939 3479 2071 3534 fide-

472 3573 682 3630 lissimo
712 3574 821 3630 lilio
855 3581 1036 3631 vestro
1055 3573 1257 3628 domno
1273 3587 1396 3627 meo
1420 3587 1554 3644 rege
1583 3569 1849 3644 glorioso,
1884 3568 1940 3622 in
1967 3568 2072 3622 hac

473 3677 642 3719 causa
689 3663 941 3734 providi,
1013 3671 1211 3718 vestrae
1285 3660 1701 3732 sapientissimze
1766 3656 2075 3713 auctoritati

473 3751 714 3808 scribere
762 3751 987 3823 dignum
1028 3751 1176 3807 duxi.
1229 3749 1290 3805 Id
1323 3757 1423 3813 est,
1456 3749 1584 3820 quia
1611 3748 1736 3803 licet
1775 3744 1946 3802 fretus
1974 3761 2072 3800 ve-

473 3847 603 3896 strae
625 3839 960 3896 auctoritatis
1006 3839 1220 3906 litteris,
1280 3855 1380 3908 per
1437 3837 1732 3891 Luidonem
1780 3851 1918 3890 mea:
1954 3833 2073 3888 exi-

475 3929 668 4002 guitati
697 3929 938 3997 directis,
989 3943 1220 4001 quarum
1267 3927 1598 3981 mentionem
1626 3923 1832 3980 fecistis
1877 3923 1932 3977 in
1960 3922 2074 3993 epi—

477 4017 636 4087 stola,
671 4034 834 4089 quam
865 4015 975 4072 ﬁlio
1005 4025 1186 4072 vestro
1216 4015 1416 4070 domno
1465 4021 1648 4070 nostro
1681 4013 1801 4085 regi
1827 4011 2070 4076 misistis,

476 4122 719 4178 quasque
749 4105 826 4162 illi
873 4105 1064 4178 relegi,
1115 4104 1258 4175 apud
1308 4119 1430 4158 eum
1471 4102 1719 4158 obtinere
1747 4116 1984 4171 possem,
2019 4107 2076 4153 ut

477 4195 659 4250 missis
685 4195 818 4262 suis,
852 4195 946 4267 qui
975 4193 1282 4250 Rothadum
1313 4192 1382 4247 ad
1425 4200 1666 4248 vestram
1695 4187 2074 4244 deducendum

476 4284 824 4356 praesentiam
880 4291 1256 4354 susceperunt,
1316 4282 1620 4349 mandaret,
1680 4285 1948 4350 quatenus
2003 4276 2074 4330 ab

476 4373 791 4444 arripiendo
822 4373 1050 4428 Romam
1079 4372 1272 4425 itinere
1315 4375 1716 4440 exspectarent,
1764 4367 1939 4421 donec
1969 4379 2072 4434 op-

2177 1814 2262 1862 ter
2301 1807 2710 1862 commendatas
2734 1851 2747 1873 ,
2814 1807 3050 1879 indeque
3106 1813 3356 1876 receptas
3411 1813 3466 1862 et
3507 1804 3779 1862 Ecclesia:

2160 1895 2422 1963 redditas,
2445 1903 2498 1952 et
2527 1896 2747 1952 vascula
2777 1904 3062 1968 argentea,
3084 1911 3206 1967 quae
3233 1911 3345 1950 non
3373 1893 3536 1966 pauci
3563 1894 3776 1966 ponde-

2163 1983 2240 2038 ris
2268 1999 2301 2038 a
2331 1984 2498 2056 longe
2526 1992 2774 2055 tempore
2803 1985 2860 2038 in
2882 1983 3130 2040 Ecclesia
3149 1983 3550 2054 pependerunt.
3583 1982 3694 2039 Sed
3715 1989 3776 2038 et

2163 2071 2288 2142 alia,
2324 2089 2447 2144 qua:
2475 2073 2558 2127 sui
2601 2073 2922 2129 decessores
2950 2087 3017 2128 ac
3044 2071 3516 2142 praedecessores,
3552 2071 3768 2126 caeteri-

2165 2178 2270 2233 que
2301 2160 2492 2218 ﬁdeles
2519 2179 2622 2232 pro
2652 2161 2894 2217 remedio
2925 2161 3117 2215 animae
3147 2175 3258 2216 sure
3293 2159 3472 2215 eidem
3504 2158 3774 2215 Ecclesiae

2171 2250 2504 2319 obtulerunt,
2555 2251 2622 2304 ab
2669 2267 2734 2306 eo
2783 2250 2900 2304 sine
2949 2263 3222 2306 consensu
3263 2248 3667 2320 metropolitani
3705 2263 3778 2303 ac

2164 2340 2632 2410 cocpiscoporum,
2667 2347 2719 2394 et
2750 2339 2866 2394 sine
2916 2337 3186 2394 oeconomi
3215 2353 3280 2393 ac
3315 2337 3773 2409 presbyterorum

2167 2436 2220 2484 et
2246 2427 2601 2483 diaconorum
2631 2444 2743 2483 sua:
2770 2427 3028 2483 Ecclesiae
3053 2442 3329 2482 consensu
3358 2441 3460 2498 pro
3488 2425 3642 2480 libitu
3669 2442 3776 2482 suo

2167 2517 2387 2572 donata.
2422 2517 2557 2571 Cum
2603 2517 2766 2572 etiam
2811 2517 3003 2570 beatus
3053 2515 3362 2587 Gregorius
3410 2515 3686 2570 multoties
3715 2515 3776 2570 in

2170 2605 2413 2676 epistolis
2441 2605 2554 2660 suis
2595 2622 2660 2661 ex
2703 2604 2877 2660 sacris
2906 2604 3207 2660 canonibus
3237 2603 3458 2670 scribat,
3506 2619 3774 2676 qumcun-

2171 2711 2277 2766 que
2306 2695 2596 2765 episcOpus
2625 2701 2746 2766 post
2775 2693 3176 2748 ordinationem
3205 2692 3550 2764 episcopatus
3580 2691 3776 2763 acqui-

2173 2781 2339 2847 sierit,
2385 2782 2568 2836 omnia
2613 2797 2735 2836 esse
2765 2781 3026 2836 Ecclesia:
3070 2780 3126 2834 in
3153 2794 3264 2852 qua
3299 2779 3503 2834 exstitit
3541 2777 3775 2837 ordina-

2172 2876 2278 2924 tus.
2312 2870 2468 2926 Unde
2510 2876 2721 2926 constat
2772 2869 2900 2941 quia
2946 2883 3050 2926 nec
3091 2870 3210 2940 ipse
3233 2868 3352 2924 sine
3397 2881 3685 2923 oeconcmo
3713 2876 3780 2922 et

2173 2957 2501 3014 conscientia
2533 2957 2858 3014 clericorum
2884 2957 2978 3012 illa
3005 2957 3203 3013 debeat
3231 2955 3574 3028 dispensare.

2246 3047 2354 3102 Sed
2400 3054 2453 3102 et
2489 3062 2679 3102 omnes
2724 3046 2871 3100 urbis
2915 3045 3108 3102 incolae
3145 3061 3210 3100 ac
3251 3044 3437 3116 populi
3461 3087 3476 3112 ,
3527 3044 3779 3116 quicum

2174 3151 2306 3208 rege
2335 3143 2389 3190 et
2432 3134 2702 3206 episcopis
2752 3135 2823 3189 ad
2873 3135 3142 3206 synodum
3190 3140 3602 3200 convenerunt,
3636 3140 3689 3188 et
3717 3140 3782 3186 ut

2173 3239 2368 3279 revera
2415 3225 2487 3279 ad
2539 3223 2913 3294 spectaculum
2966 3229 3252 3279 currentes
3275 3265 3288 3287 ,
3341 3237 3467 3277 eum
3525 3221 3782 3277 viderunt

2171 3329 2346 3384 usque
2401 3314 2470 3368 ad
2527 3312 2724 3368 ostium
2781 3313 2976 3384 synodi
3030 3311 3377 3377 venientem,
3440 3317 3492 3366 et
3524 3309 3652 3365 inde
3716 3318 3777 3364 ut

2171 3402 2520 3456 maniaticum
2567 3402 2888 3456 redeuntem
2939 3419 2952 3454 :
3013 3399 3215 3471 quique
3279 3399 3456 3455 sciunt
3512 3406 3776 3470 quantam

2171 3485 2564 3558 benignitatem
2594 3485 2744 3557 regis
2774 3493 2826 3539 et
2855 3483 3084 3538 fratrum
3125 3497 3408 3552 spernens,
3443 3481 3678 3552 qualiter
3708 3483 3778 3539 de

2173 3574 2334 3630 certis
2363 3573 2631 3645 capitulis,
2664 3573 2808 3628 unde
2855 3571 2996 3626 sacri
3027 3585 3266 3625 canones
3295 3585 3558 3640 expressa
3579 3571 3777 3626 decre-

2175 3670 2367 3718 verunt
2424 3659 2656 3730 judicia,
2709 3659 2982 3730 judicatus
3038 3658 3466 3728 lacrymantibus
3525 3675 3660 3731 rege
3720 3669 3775 3715 et

2175 3747 2446 3818 episcOpis
2473 3746 2665 3802 durior
2694 3761 2827 3800 saxo
2857 3742 3180 3810 recesserit,
3209 3751 3466 3814 putarent
3503 3759 3604 3798 nos
3627 3785 3642 3813 ,
3684 3744 3782 3816 qui

2175 3851 2301 3890 eum
2332 3835 2632 3891 secundum
2669 3848 2857 3890 sacros
2897 3847 3136 3888 canones
3175 3831 3334 3902 (sicut
3361 3848 3458 3887 eos
3503 3831 3780 3888 intellexi-

2175 3940 2315 3988 mus,
2367 3923 2770 3994 judicavimus,
2831 3929 2884 3976 et
2929 3927 3122 3992 postea
3177 3927 3235 3975 ut
3291 3920 3396 3991 ipsi
3451 3919 3781 3992 praecipiunt

2175 4027 2416 4068 canones
2447 4029 2548 4083 per
2569 4011 2954 4082 coepiscopum
2975 4017 3222 4064 nostrum
3246 4009 3340 4081 qui
3369 4009 3549 4064 eidem
3571 4009 3781 4077 judicio

2174 4100 2436 4166 interfuit,
2483 4100 2636 4170 prius
2675 4099 2939 4168 judicium
2971 4105 3218 4152 nostrum
3263 4098 3332 4152 de
3363 4113 3428 4153 eo
3460 4096 3689 4163 referre,
3723 4105 3785 4152 et

2175 4205 2319 4245 nunc
2357 4189 2489 4244 illud
2519 4189 2694 4260 ipsum
2727 4204 2849 4243 cum
2885 4187 3086 4242 nostris
3117 4187 3312 4242 litteris
3341 4195 3503 4257 atque
3535 4185 3779 4252 vicariis,

2172 4278 2308 4334 sicut
2331 4277 2590 4347 jussistis,
2625 4277 2694 4332 ad
2723 4275 3085 4348 apostolicam
3115 4275 3324 4340 sedem,
3363 4290 3482 4345 quae
3512 4282 3778 4345 paternos

2173 4382 2410 4423 canones
2473 4355 2774 4422 servandos
2827 4363 3132 4429 conﬁrmat,
3197 4371 3250 4418 et.
3306 4362 3660 4418 conﬁrmatos
3717 4379 3784 4419 ac

477 4443 774 4534 portunum
821 4467 1035 4530 tempus
1087 4459 1375 4528 episcOpos
1425 4456 1712 4529 regionum
1768 4461 2078 4508 nostrarum
2105 4443 2552 4510 Dobservandos
2582 4470 2678 4508 sua
2719 4452 3103 4508 observatione
3132 4452 3507 4517 demonstrat,
3541 4451 3783 4523 dirigere

479 4548 820 4608 convocandi
847 4547 1129 4604 adveniret
1162 4564 1174 4600 :
1209 4547 1337 4618 quia
1382 4561 1492 4600 non
1523 4551 1638 4600 erat
1679 4543 1840 4609 ratio,
1869 4549 1927 4596 ut
1955 4540 2077 4595 aliis

479 4639 889 4706 notiﬁcaretur,
940 4653 1036 4692 cur
1090 4635 1323 4690 Rothadi
1370 4633 1714 4689 transmissio
1769 4631 2080 4686 tardaretur

479 4736 769 4800 antequam
815 4725 1086 4798 episcOpis
1135 4731 1334 4779 vestrm
1365 4721 1702 4777 auctoritatis
1744 4719 1975 4790 epistola
2003 4717 2080 4773 le-

481 4825 722 4892 geretur,
755 4823 968 4887 poterat
997 4813 1135 4879 tieri,
1160 4820 1217 4867 ut
1247 4812 1340 4884 qui
1383 4828 1468 4866 me
1499 4811 1684 4866 divina
1713 4808 2000 4864 clementia
2028 4814 2082 4862 et

483 4922 583 4962 sua
611 4904 946 4977 benignitate
976 4911 1028 4958 et
1075 4901 1280 4957 amoris
1313 4899 1602 4956 devotione
1651 4897 1854 4965 colunt,
1907 4904 1960 4952 et
1987 4894 2082 4949 ali-

486 4995 614 5068 quid
661 4994 930 5049 testimant
985 5007 1108 5046 esse
1157 5007 1281 5046 cum
1323 4989 1457 5044 nihil
1503 4987 1624 5052 sim,
1687 4993 2084 5059 cognoscentes

481 5100 606 5140 meo
633 5083 856 5139 obtentu
887 5080 940 5134 id
969 5079 1257 5146 accidisse,
1291 5079 1347 5134 in
1375 5093 1464 5132 me
1487 5075 1812 5132 scandalum
1840 5083 2086 5145 pateren-

483 5183 592 5240 tur,
635 5171 790 5244 quasi
847 5167 1121 5226 contemni
1176 5175 1268 5222 aut
1321 5165 1525 5238 negligi
1573 5165 1810 5220 facerem
1849 5170 2086 5218 vestram

487 5259 1038 5326 commendationem,
1073 5255 1165 5328 qui
1193 5255 1338 5310 intra
1367 5254 1689 5310 constitutos
1727 5268 1758 5306 a
1787 5251 1942 5307 vobis
1971 5251 2087 5306 dies

487 5351 540 5406 in
572 5349 802 5420 epistola
847 5363 947 5419 per
977 5345 1226 5402 Odonem
1272 5344 1586 5414 episcopum
1615 5342 1804 5407 missa,
1851 5341 1921 5396 ad
1952 5340 2087 5395 obe-

489 5439 748 5496 dientium
779 5444 1019 5492 vestram
1067 5431 1367 5490 aceelerari
1399 5430 1619 5486 fecerim
1651 5437 1909 5501 quantum
1941 5427 2091 5500 potui

487 5527 812 5600 jussionem.
843 5526 908 5580 Et
938 5524 981 5577 si
1015 5523 1232 5595 quando
1277 5522 1334 5576 in
1363 5536 1530 5574 unum
1561 5519 1934 5584 convenirent,
1971 5517 2090 5587 epi-

2175 4544 2638 4615 procuravimus,)
2695 4543 2762 4598 de
2821 4550 3018 4597 vestrae
3073 4539 3411 4596 auctoritatis
3463 4539 3675 4608 justitia
3731 4549 3787 4596 et

2179 4627 2440 4699 aequitatis
2483 4626 2772 4681 libramine
2815 4625 3084 4692 dubitare,
3131 4633 3185 4679 et
3213 4623 3337 4678 ideo
3367 4631 3425 4677 ut
3457 4639 3515 4678 se
3547 4638 3782 4678 concre-

2181 4717 2334 4771 deret:
2363 4715 2626 4771 locarium
2653 4715 2704 4770 ei
2731 4713 3072 4786 promittere,
3107 4713 3292 4784 sicque
3322 4727 3422 4767 nos
3469 4719 3527 4765 ut
3556 4711 3784 4766 insanos

2181 4805 2376 4860 merito
2405 4805 2745 4860 denotarent.
2783 4804 2918 4860 Cum
2966 4802 3128 4856 etiam
3173 4801 3217 4855 si
3249 4799 3368 4855 fieri
3398 4808 3602 4872 posset,
3637 4801 3783 4871 quod

2183 4894 2252 4948 ab
2282 4893 2374 4948 illa
2416 4895 2589 4964 prima
2636 4901 2688 4948 et
2726 4899 2912 4946 sancta
2960 4891 3090 4946 sede
3136 4905 3201 4945 ac
3231 4905 3442 4945 summo
3472 4889 3784 4960 apostolatu

2185 4991 2366 5038 vestro
2399 4981 2633 5038 ﬁendum
2664 4997 2773 5036 non
2802 4979 3061 5046 creditur,
3097 4987 3152 5034 ut
3193 4979 3316 5033 talis
3347 4994 3381 5033 a
3407 4977 3562 5033 vobis
3596 4978 3789 5051 cogni-

2184 5083 2270 5128 tus
2297 5072 2578 5129 restitutus
2608 5072 2663 5125 in
2711 5069 2903 5125 ordine
2951 5069 3274 5132 nominetur,
3321 5067 3468 5121 nulla
3513 5067 3672 5122 nobis
3717 5068 3786 5123 de

2187 5169 2387 5218 caetero
2415 5158 2746 5215 conscientia
2773 5158 2842 5212 de
2871 5157 2972 5212 sibi
3004 5173 3036 5212 a
3059 5156 3212 5212 vobis
3233 5155 3540 5212 commissis
3571 5155 3787 5210 anima-

2189 5251 2291 5304 bus
2329 5257 2476 5304 esset
2505 5247 2826 5318 periculum.
2856 5249 2924 5302 Et
2951 5261 3073 5300 cum
3103 5261 3293 5300 omnes
3320 5244 3375 5298 in
3406 5244 3526 5299 istis
3553 5243 3793 5316 regioni-

2189 5341 2289 5394 bus
2322 5337 2494 5392 sciant
2523 5353 2688 5409 quam
2717 5335 3006 5408 negligens
3055 5342 3107 5388 et
3136 5341 3479 5404 contemptor
3509 5349 3788 5388 sacrorum

2192 5443 2483 5492 canonum,
2557 5435 2606 5480 et
2664 5424 2902 5498 quandiu
2969 5437 3241 5495 quamque
3298 5422 3568 5494 patienter
3625 5430 3788 5493 atque

2193 5515 2428 5585 benigne
2471 5513 2631 5569 fuerit
2673 5514 2954 5576 toleratus,
2989 5520 3039 5566 et
3071 5527 3102 5565 a
3133 5527 3292 5582 quam
3322 5509 3534 5574 invitis,
3570 5509 3698 5580 quia
3729 5527 3787 5564 se
