4026 6326
156 289 216 340 33
1580 282 1773 338 EPlST

3391 286 3462 340 34

158 408 442 480 corrigere
474 407 671 475 noluit,
705 408 1005 464 secundum
1036 423 1215 462 sacras
1243 407 1487 480 regulas,
1509 407 1648 463 sicut
1663 423 1758 463 eas
1779 409 1835 466 A
1867 407 2020 462 Unde
2049 408 2198 462 illum
2229 415 2409 464 vestra
2435 408 2825 464 discretissima
2849 409 3042 479 pietas,
3066 425 3186 481 quae
3203 425 3458 481 compas-

159 496 542 562 intelleximus,
577 495 740 552 fuerit
761 496 1059 568 judicatus,
1090 495 1294 550 nullam
1323 496 1528 551 habere
1555 511 1754 566 posse-

160 601 275 640 mus
305 583 704 640 verecundiam
733 584 802 639 de
830 583 1166 639 restitutione
1195 583 1356 650 illius,
1383 583 1428 638 si
1458 582 1593 639 foret
1615 583 1757 639 facta

159 689 189 728 a
235 673 409 728 vestri
457 672 659 728 summi
701 671 1048 744 pontiﬁcatus
1093 672 1292 743 pietate
1318 715 1330 739 ,
1391 673 1520 743 quia
1567 688 1758 728 omnes

160 778 314 818 senes
345 777 473 816 cum
499 760 810 831 junioribus
839 761 1041 819 scimus
1069 769 1285 816 nostras
1311 761 1599 816 Ecclesias‘
1623 761 1757 815 sub-

161 851 294 905 ditas
340 865 473 904 esse
520 850 782 905 Romanae
830 849 1110 916 Ecclesiae,
1161 858 1214 904 et
1257 866 1358 905 nos
1388 849 1674 921 episcopos
1703 849 1760 904 in

160 939 396 1010 primatu
426 937 574 994 beati
602 939 747 994 Petri
776 938 1050 1008 subjectos
1077 954 1200 994 esse
1231 939 1474 995 Romano
1495 937 1756 1009 pontiﬁci,

160 1037 207 1082 et
236 1027 308 1082 ob
336 1027 396 1082 id
427 1026 585 1083 salva
614 1025 742 1096 ﬁde,
776 1043 898 1098 quae
924 1026 979 1081 in
1013 1026 1261 1082 Ecclesia
1305 1041 1523 1098 semper
1565 1025 1757 1098 viguit,

163 1125 230 1182 et,
261 1115 506 1171 Domino
553 1122 901 1186 cooperante,
953 1115 1187 1184 ﬂorebit,
1233 1115 1392 1171 nobis
1438 1123 1519 1170 est
1564 1121 1762 1170 vestrae

163 1203 475 1276 apostolica:
532 1203 838 1259 auctoritati
888 1203 1274 1258 obediendum.
1337 1202 1508 1258 Nobis
1563 1203 1762 1274 quippe

165 1309 281 1348 cum
311 1292 441 1347 aliis
473 1292 780 1364 quibusque
825 1291 1084 1362 scriptum
1131 1301 1230 1358 est,
1277 1292 1406 1364 quia
1446 1293 1606 1348 Jesus
1649 1299 1765 1346 erat

171 1380 415 1435 subditus
442 1381 766 1451 parentibus
796 1379 909 1435 suis
930 1381 1086 1452 (Luc.
1111 1395 1170 1448 ιι,
1192 1381 1308 1450 51),
1340 1381 1606 1451 nobisque
1634 1379 1764 1435 item

172 1469 431 1540 scriptum
446 1478 567 1524 est:
591 1469 812 1525 Obedite
828 1471 1147 1541 praepositis
1167 1470 1386 1534 vestris,
1409 1473 1463 1524 ct
1483 1469 1765 1540 subjacete

168 1558 241 1612 eis
257 1557 411 1624 (Heb.
433 1572 538 1625 xu,
559 1557 650 1629 17)
671 1577 686 1622 ;
720 1564 772 1612 et
797 1574 810 1611 :
831 1557 986 1612 Nihil
1001 1573 1104 1628 per
1120 1559 1562 1624 contentionem,
1588 1573 1766 1629 neque

166 1663 260 1718 per
273 1646 516 1701 inanem
538 1646 778 1716 gloriam
795 1645 1025 1717 (Philip.
1046 1660 1105 1709 ιι,
1127 1645 1212 1715 3);
1232 1653 1286 1700 et
1311 1663 1323 1698 :
1347 1647 1418 1700 Et
1437 1646 1489 1700 si
1504 1645 1628 1718 quis
1645 1645 1771 1701 vult

1866 495 2076 550 sionem
2103 495 2370 566 proximo,
2405 504 2458 551 et
2497 496 2872 552 rectitudinem
2917 497 3122 552 dictare
3165 497 3310 552 vitiis
3354 513 3460 554 no-

1861 583 1955 649 vit,
2003 584 2114 639 suis
2161 584 2476 656 apostolicis
2522 584 2714 640 litteris
2733 583 3065 640 sufﬁcienter
3081 585 3449 656 praemonuit:

1866 672 2066 744 quique
2125 673 2266 728 inter
2323 672 2459 728 alias
2517 674 2798 729 secordias
2859 681 3024 729 tantae
3082 673 3294 729 duritiae
3341 691 3462 730 esse

1864 760 2242 831 dignoscitur,
2295 769 2350 816 ut
2399 777 2525 816 cum
2568 761 2840 817 multoties
2887 762 3002 816 sine
3054 761 3164 816 ullo
3211 771 3462 834 respectu

1872 849 2086 904 timoris
2116 849 2203 906 vel
2245 849 2452 905 amoris
2496 849 2684 916 divini,
2731 858 2783 905 et
2829 851 3036 922 absque
3079 849 3187 904 ulla
3229 851 3470 906 humana

1867 937 2233 1004 verecundia,
2292 955 2392 1010 per
2447 945 2525 993 tot
2574 954 2746 994 annos
2797 946 2850 994 et
2904 938 2961 992 in
3027 938 3191 994 tantis
3251 939 3466 1006 causis,

1871 1025 2029 1082 toties
2078 1027 2252 1082 sacris
2299 1027 2635 1093 canonibus,
2690 1035 2744 1082 et
2789 1025 3027 1082 decretis
3070 1034 3271 1083 sancta
3321 1027 3469 1084 sedis

1867 1115 2124 1169 Romanae
2189 1113 2536 1185 pontiﬁcum,
2612 1123 2666 1170 et
2735 1131 2849 1170 suae
2909 1115 3231 1186 metropolis
3290 1115 3466 1186 privi-

1868 1203 2030 1274 legio,
2081 1219 2143 1258 ac
2191 1204 2545 1275 synodalibus
2585 1203 2806 1272 judiciis
2855 1203 3224 1271 resultaverit,
3273 1211 3328 1260 et
3367 1221 3469 1276 per

1875 1300 2058 1347 tantos
2086 1307 2260 1347 annos
2304 1291 2678 1363 tantisperque
2719 1292 2978 1348 toleratus
3023 1307 3056 1347 a
3099 1309 3196 1347 sua
3248 1292 3471 1347 stultitia

1875 1396 1936 1434 se
1967 1395 2224 1435 revocare
2253 1380 2660 1450 contempserit,
2693 1397 2722 1434 a
2753 1397 2886 1453 rege
2917 1388 2968 1436 et
2999 1381 3272 1452 episcopis
3291 1380 3473 1436 multi-

1868 1468 2081 1540 pliciter
2110 1469 2426 1524 obsecratus
2469 1469 2525 1522 in
2566 1470 2672 1524 hoc
2711 1469 2907 1525 adduci
2977 1469 3166 1540 potuit,
3215 1478 3272 1526 ut
3301 1471 3470 1526 sacris

1870 1557 2171 1613 canonibus
2203 1565 2256 1612 et
2283 1557 2522 1612 decretis
2552 1565 2756 1613 sanctae
2794 1558 2941 1612 sedis
2984 1558 3246 1614 Romanae
3285 1559 3470 1630 ponti-

1869 1645 2050 1714 ficum,
2087 1653 2140 1701 et
2170 1646 2468 1701 secundum
2499 1662 2561 1700 ea
2591 1662 2702 1701 sua:
2731 1645 3048 1717 metropolis
3078 1646 3368 1719 privilegio
3397 1648 3468 1703 de

169 1735 555 1792 contentiosus
571 1750 710 1800 esse,
731 1750 832 1790 nos
855 1735 1030 1789 talem
1051 1734 1521 1796 consuetudinem.
1533 1751 1649 1790 non
1672 1735 1764 1789 ha-
1797 1757 1852 1817 Β
1869 1742 2068 1790 caetero
2117 1751 2176 1788 se
2219 1733 2564 1788 obedilurum
2608 1733 3004 1805 subscriberet,
3051 1734 3308 1805 quoniam
3350 1735 3469 1793 sine

172 1823 375 1888 bemus,
401 1839 583 1894 neque
601 1823 856 1878 Ecclesia
882 1823 984 1878 Dei
1011 1823 1063 1892 (Ι
1093 1824 1212 1878 Cor.
1236 1838 1315 1889 χι,
1343 1822 1456 1892 16.)
1475 1823 1772 1893 Propterea

171 1911 378 1965 locutus
417 1927 541 1966 cum
584 1908 904 1966 ﬁdelissimo
950 1909 1062 1965 ﬁlio
1107 1917 1332 1979 vestro,
1396 1911 1598 1966 domno
1643 1926 1770 1966 meo

175 2016 299 2070 rege
327 1998 600 2070 glorioso,
658 1998 736 2052 illi
763 1997 1047 2071 replicavi,
1086 1999 1231 2070 quod
1289 2015 1434 2070 saepe
1478 1999 1769 2067 inculcavi,

177 2087 431 2160 quodque
474 2086 840 2142 libentissime
893 2087 1104 2158 accepit
1149 2092 1204 2143 et
1249 2087 1544 2158 adimplere
1587 2087 1770 2158 cupit,

173 2176 291 2248 quia
321 2176 464 2232 sicut
495 2175 719 2231 Domini
747 2183 830 2231 est
859 2184 1007 2231 terra
1036 2183 1088 2231 et
1116 2175 1395 2247 plenitudo
1446 2177 1582 2246 ejus,
1623 2175 1774 2230 orbis

173 2273 443 2320 terrarum
489 2271 545 2319 et
592 2264 840 2320 universi
885 2263 976 2336 qui
1019 2265 1259 2318 habitant
1302 2264 1358 2318 in
1401 2280 1485 2330 eo,
1521 2272 1574 2320 et
1602 2264 1774 2335 ipsius

171 2361 247 2408 est
277 2369 515 2426 regnum
543 2361 595 2408 et
624 2352 713 2408 cui
743 2352 968 2408 voluerit
999 2352 1150 2408 dabit
1178 2352 1332 2420 illud,
1357 2352 1432 2408 ita
1461 2353 1580 2424 ipse
1610 2369 1775 2423 supra

175 2440 584 2496 fundamentum
613 2440 926 2512 apostolicae
970 2448 1142 2511 petrae
1190 2457 1343 2495 suam
1383 2439 1630 2496 fundavit
1676 2441 1771 2497 Ec~

176 2529 415 2596 clesiam,
469 2545 639 2601 quam
687 2536 740 2585 et
785 2537 912 2584 ante
954 2529 1273 2600 passionem
1317 2537 1370 2584 et
1416 2538 1540 2600 post
1585 2545 1773 2584 resur-

1875 1823 2069 1877 horum
2099 1821 2479 1878 observatione
2507 1816 2668 1877 nemo
2712 1831 2957 1878 nostrum
2988 1830 3169 1894 potest
3195 1840 3318 1879 esse
3348 1825 3468 1896 epi-

1875 1927 2101 1982 scOpus,
2133 1919 2186 1965 et
2213 1911 2292 1966 sic
2321 1926 2456 1982 pace
2503 1911 2736 1966 fraterna
2782 1911 2838 1965 in
2889 1911 3142 1966 omnibus
3185 1912 3467 1983 potiretur.

1875 1999 2072 2054 Postea
2099 2006 2278 2054 autem
2311 2015 2406 2054 sua
2437 2007 2630 2070 sponte
2660 1999 2716 2054 in
2745 1998 2928 2054 libello
2951 2016 3063 2055 suae
3091 1999 3470 2071 professionis,

1873 2104 1973 2159 per
2001 2103 2165 2160 quem
2193 2087 2262 2142 ad
2295 2087 2594 2144 electorum
2616 2087 2883 2158 judicium
2911 2089 3248 2160 provocavit,
3279 2092 3396 2144 haec
3413 2105 3472 2146 se

1873 2175 2196 2231 observasse
2259 2175 2602 2246 impudenter
2625 2218 2638 2241 ,
2707 2175 2835 2247 quia
2902 2177 3202 2233 scientibus
3265 2177 3474 2234 cunctis

1875 2263 2230 2331 mendaciter,
2269 2264 2480 2335 synodo
2509 2263 2677 2334 misit,
2711 2271 2764 2320 et
2809 2265 2888 2320 sic
2917 2265 2986 2320 ad
3025 2265 3288 2334 judicium
3335 2283 3471 2336 pro-

1873 2352 2108 2419 vocavit,
2143 2369 2264 2424 quae
2293 2369 2354 2408 se
2385 2360 2722 2408 servaturum
2753 2369 2823 2408 ne
2845 2353 3180 2422 judicaretur
3225 2353 3472 2409 subscri-

1873 2441 2004 2496 bere
2055 2441 2398 2498 detrectavit.
2458 2441 2618 2508 Quod
2682 2441 2832 2508 ideo,
2894 2441 3032 2498 sicut
3077 2449 3270 2512 postea
3311 2441 3472 2497 nobis

1873 2529 2120 2584 dixerunt
2149 2529 2242 2600 qui
2272 2529 2340 2583 ab
2371 2529 2490 2600 ipso
2531 2529 2837 2597 audierunt,
2889 2529 3238 2586 subscribere
3275 2530 3466 2597 noluit,

175 2618 472 2673 rectionem
502 2634 680 2684 suam,
704 2617 930 2688 speciali
959 2633 1089 2672 cura
1105 2626 1159 2672 et
1193 2617 1463 2691 singulari
1489 2617 1774 2689 privilegio
1869 2618 2012 2688 quod
2059 2625 2112 2672 et
2127 2633 2228 2672 nos
2247 2616 2620 2688 eprcepimus,
2655 2633 2724 2673 ne
2775 2617 3086 2674 vinceretur
3114 2635 3128 2672 :
3161 2618 3260 2673 sed
3308 2617 3355 2674 si
3402 2618 3458 2672 in

177 2707 330 2762 beato
359 2707 542 2776 Petro,
577 2713 632 2762 et
661 2705 716 2760 in
745 2705 839 2760 illo
871 2705 984 2760 suis
1013 2706 1284 2761 commisit
1325 2705 1564 2762 vicariis.
1612 2706 1774 2774 Cujus
1871 2705 2058 2762 nostra
2112 2723 2210 2761 rex
2267 2714 2318 2760 et
2372 2705 2616 2776 episcOpi
2664 2721 3113 2776 permaneremus
3160 2707 3426 2762 sententia
3453 2749 3466 2774 ,

174 2795 354 2850 sedem
386 2779 615 2866 suaeque
646 2794 794 2849 sedis
823 2793 1138 2865 pontiﬁcem
1187 2794 1280 2866 qui
1327 2795 1580 2865 honorat,
1623 2793 1773 2849 illum
1876 2795 2106 2850 Romam
2138 2793 2242 2850 iret
2268 2801 2564 2866 antequam
2611 2793 2939 2862 vinceretur,
2984 2803 3036 2851 et
3083 2795 3300 2867 quando
3346 2795 3474 2852 illuc

177 2884 402 2939 honorat
432 2883 528 2955 qui
557 2881 692 2937 dixit
725 2900 738 2936 :
779 2883 881 2952 Qui
911 2883 1118 2954 accipit
1147 2885 1199 2938 si
1230 2899 1396 2956 quem
1427 2883 1652 2950 misero,
1686 2899 1775 2939 me
1874 2883 2101 2949 veniret,
2148 2883 2234 2938 his
2281 2898 2378 2954 per
2418 2891 2658 2938 vestram
2698 2882 3020 2952 jussionem,
3066 2899 3192 2940 cum
3236 2899 3270 2938 a
3315 2884 3472 2940 vobis

175 2972 374 3044 accipit
390 2971 618 3043 (Matth.
641 2986 700 3037 χ,
723 2971 832 3042 40);
858 2979 910 3025 et
925 2971 995 3025 ab
1011 2970 1132 3041 ipso
1153 2970 1514 3026 honorabitur
1527 2972 1770 3026 dicente:
1875 2971 2011 3027 foret
2041 2971 2200 3026 nobis
2230 2969 2541 3026 nolentibus
2569 2971 2866 3038 absolutus,
2908 2971 3276 3028 subscriberet
3310 2990 3324 3026 :
3358 2987 3470 3028 non

180 3061 528 3116 Honorantes
547 3075 640 3116 me
670 3059 1066 3128 houori/icabo,
1091 3063 1147 3114 et
1167 3059 1263 3132 qui
1282 3063 1658 3116 Contemnunt
1686 3075 1776 3116 me
1795 3111 1840 3132 η
1878 3060 2187 3132 intelligens
2212 3102 2226 3125 ,
2274 3059 2383 3114 imo
2425 3059 2731 3132 intelligere
2774 3076 2884 3114 non
2931 3061 3117 3115 valens
3160 3060 3475 3131 (excaecavit

179 3151 344 3204 erunt
373 3149 648 3220 ignobiles
669 3147 723 3219 (Ι
739 3111 882 3218 Περί
903 3163 962 3216 n,
995 3111 1104 3219 36).
1170 3111 1191 3132 ³
1794 3111 1843 3173 C‘
1883 3148 2026 3203 enim
2050 3111 2181 3202 gum
2211 3111 2414 3202 malitia
2444 3148 2566 3218 sua)
2596 3111 2830 3202 vestram
2851 3111 3227 3203 auctoritatem
3257 3149 3472 3220 sapien-

243 3236 452 3292 ldcirco
484 3234 613 3306 quia
641 3235 798 3290 multi
829 3234 1004 3292 sciunt
1034 3235 1266 3306 qualiter
1309 3252 1370 3290 se
1419 3235 1652 3292 Rothadi
1681 3253 1774 3291 re-
1877 3236 2084 3290 tissime
2129 3235 2456 3308 intelligere,
2511 3250 2684 3306 quare
2726 3235 2990 3291 Dominus
3035 3235 3102 3290 de
3144 3236 3285 3292 coelo
3331 3235 3471 3292 allo-

178 3325 426 3380 clamatio
453 3324 675 3390 habeat,
726 3332 779 3378 et
821 3323 1042 3396 quidam
1091 3323 1217 3380 inde
1265 3323 1420 3378 aliter
1465 3324 1674 3390 dicunt,
1723 3331 1778 3379 et
1877 3340 2048 3396 quens
2078 3323 2305 3378 Paulum
2337 3331 2389 3378 et
2419 3323 2622 3379 dicenti
2658 3341 2671 3378 :
2705 3322 2849 3392 Quid
2878 3340 2965 3379 me
2989 3324 3169 3394 jubes,
3220 3323 3470 3392 Domine,

178 3429 360 3468 omnes
390 3411 732 3484 generaliter
761 3411 958 3481 sciunt,
988 3412 1246 3484 quoniam
1269 3419 1452 3467 vestra
1483 3411 1776 3468 auctoritas
1878 3411 2061 3468 facere
2079 3412 2108 3466 ?
2139 3428 2248 3467 non
2281 3411 2465 3467 omnia
2507 3428 2628 3484 quae
2654 3411 2869 3483 agenda
2897 3412 2976 3468 illi
3004 3420 3162 3468 erant
3202 3413 3471 3484 exposuit,

183 3501 326 3556 illum
356 3517 486 3556 cum
515 3500 719 3556 nostris
745 3500 962 3556 vicariis
993 3500 1062 3555 ad
1093 3517 1249 3556 suum
1295 3500 1558 3571 praecepit
1603 3501 1776 3556 desti-
1880 3501 1982 3556 sed
2014 3501 2085 3556 ad
2115 3501 2403 3567 Ananiam,
2435 3516 2466 3555 a
2498 3517 2604 3572 quo
2637 3500 2854 3572 agenda
2897 3501 3180 3556 auditurus
3222 3509 3276 3557 et
3320 3517 3477 3557 acce-

180 3589 291 3644 nari
313 3589 606 3659 judicium,
639 3588 867 3661 dignum
895 3596 948 3643 et
974 3588 1180 3658 justum
1226 3595 1328 3657 est,
1373 3596 1428 3642 ut
1473 3604 1778 3660 quemcun—

182 3694 277 3748 que
333 3677 660 3749 episcopum
712 3677 984 3732 Romanus
1030 3675 1272 3748 pontifex
1321 3677 1392 3731 ad
1446 3693 1505 3732 se
1549 3679 1779 3733 Romam

185 3766 365 3822 venire
395 3765 761 3833 mandaverit,
783 3765 829 3820 si
857 3763 1141 3819 inﬁrmitas
1172 3765 1258 3821 vel
1275 3765 1500 3837 gravior
1517 3781 1778 3836 quaecun-

183 3871 280 3926 que
308 3854 614 3911 necessitas
661 3853 750 3909 vel
777 3852 1204 3926 impossibilitas,
1257 3853 1397 3909 sicut
1427 3853 1570 3909 sacri
1597 3853 1778 3925 praeti-

184 3951 312 4012 gunt
339 3958 606 4008 canones,
642 3957 768 3997 eum
797 3957 907 3996 non
935 3941 1244 4007 detinuerit,
1293 3942 1366 3996 ad
1391 3941 1546 3997 illum
1589 3941 1778 3998 venire

184 4031 414 4102 studeat,
444 4030 618 4086 multo
647 4030 826 4104 magis
855 4029 1018 4086 etiam
1049 4030 1115 4100 is,
1163 4046 1326 4102 quem
1366 4047 1470 4102 pro
1511 4031 1603 4085 tali
1653 4048 1779 4102 que-

185 4120 286 4175 rela
313 4121 384 4176 ad
411 4135 471 4176 se
515 4135 840 4190 quocunque
890 4119 1054 4175 modo
1102 4119 1430 4175 clamantem
1472 4119 1780 4190 praesentiae

185 4225 290 4264 suae
317 4208 529 4266 indicat
555 4207 942 4263 exhibendum.
986 4207 1054 4262 Et
1102 4207 1411 4280 quicunque
1455 4207 1650 4263 viderit
1694 4207 1780 4263 vel

187 4297 430 4364 audierit,
455 4296 604 4368 quod
635 4312 732 4350 rex
760 4303 812 4351 et
843 4295 1084 4366 episcOpi
1113 4295 1429 4366 apostolicae
1457 4295 1604 4350 sedis
1633 4312 1780 4350 sum-

187 4401 328 4442 mum
364 4385 684 4457 pontiﬁcem
727 4391 980 4456 prompte
1029 4383 1342 4450 obaudiunt,
1391 4391 1443 4438 et
1485 4385 1777 4452 honorant,

1877 3597 2070 3660 pturus
2101 3597 2239 3658 erat,
2271 3589 2423 3644 illum
2452 3589 2651 3645 direxit
2669 3589 2814 3658 (Act.
2839 3605 2918 3655 Ix,
2943 3590 3020 3661 6).
3055 3589 3144 3646 Sic
3167 3597 3219 3644 et
3246 3590 3474 3661 angelus

1879 3677 2210 3743 Cornelium,
2241 3684 2528 3749 postquam
2558 3677 2710 3732 illum
2738 3677 3052 3733 exauditum
3099 3695 3222 3734 esse
3266 3678 3474 3734 denun-

1878 3766 2049 3832 tiavit,
2081 3766 2152 3820 ad
2180 3765 2324 3821 Petri
2355 3765 2662 3822 doctrinam
2707 3774 2869 3838 atque
2919 3766 3288 3823 obedientiam
3329 3766 3477 3822 misit

1879 3855 2025 3924 (Act.
2079 3869 2136 3918 x,
2187 3854 2262 3925 5).
2310 3853 2486 3923 Quem
2531 3855 2663 3910 licet
2703 3862 2829 3910 ante
2883 3855 3215 3926 baptismum
3261 3863 3472 3922 sancto,

1879 3950 1938 3998 ut
1969 3943 2044 3997 ita
2085 3941 2350 4008 dicamus,
2401 3942 2605 4013 Spiritu
2649 3943 2996 4015 baptizatum,
3043 3943 3234 3999 beatus
3285 3945 3477 4000 Petrus

1878 4031 2024 4086 illius
2051 4030 2396 4104 baptismate,
2431 4031 2523 4102 qui
2550 4031 2786 4102 baptizat
2813 4031 2869 4086 in
2919 4032 3124 4103 Spiritu
3172 4039 3380 4100 sancto,
3425 4039 3478 4088 et

1879 4119 1935 4174 in
1966 4135 2074 4191 quo
2103 4119 2446 4176 credentium
2474 4120 2638 4175 corda
2670 4119 2777 4175 ﬁde
2801 4118 3172 4190 puriﬁcantur,
3219 4119 3475 4192 baptizari

1877 4207 2154 4278 praecepit.
2189 4208 2345 4263 Unde
2375 4207 2520 4261 facta
2553 4207 2836 4278 questione
2865 4217 3054 4263 contra
3085 4225 3208 4262 eum
3247 4209 3411 4264 etiam
3441 4223 3476 4262 δ

1877 4295 2175 4350 minoribus
2206 4294 2340 4360 suis,
2369 4303 2548 4349 tamen
2579 4293 2852 4361 ﬁdelibus,
2871 4310 2972 4350 cur
2991 4296 3059 4349 ad
3089 4303 3283 4367 gentes
3309 4295 3478 4350 intra-

1881 4383 2040 4451 verit,
2076 4383 2254 4438 isdem
2282 4383 2652 4454 apostolorum
2672 4383 2927 4456 princeps
2948 4400 3279 4440 summorum
3296 4383 3478 4458 gratia

191 4481 238 4528 et
265 4473 572 4546 promptius
613 4480 666 4527 et
691 4472 947 4528 humilius
983 4471 1062 4528 eis
1107 4472 1336 4541 subjecti
1379 4472 1463 4527 sui
1507 4472 1781 4529 obedient.
1819 4461 2146 4530 Ddonorum
2171 4472 2429 4543 repletus,
2475 4481 2528 4529 et
2569 4473 3047 4532 innumerabilium
3089 4473 3476 4530 miraculorum

192 4561 352 4629 Nam,
403 4569 463 4618 ut
504 4561 701 4617 beatus
751 4561 1055 4633 Gregorius
1099 4559 1260 4631 dicit,
1309 4560 1448 4617 sicut
1487 4560 1780 4634 languente

194 4652 362 4722 capite
392 4651 640 4720 subjecta
669 4649 918 4706 membra
945 4649 1001 4704 in
1031 4665 1246 4706 cassum
1270 4650 1487 4722 vigent:
1509 4649 1584 4705 ita
1603 4649 1782 4723 gloria

195 4745 242 4794 et
267 4740 474 4795 honore
506 4745 785 4804 coronato,
817 4737 874 4792 id
903 4744 986 4794 est
1012 4735 1370 4794 honoriﬁcato
1415 4753 1481 4794 ac
1523 4737 1781 4794 decorate

198 4827 364 4898 capite
387 4872 402 4894 ,
463 4827 707 4897 subjecta
758 4825 1007 4882 membra
1059 4826 1176 4896 ejus
1222 4827 1428 4882 honore
1472 4841 1539 4882 ac
1569 4818 1802 4882 «decore

197 4913 484 4989 fulgebunt
553 4914 622 4970 Et
684 4915 931 4971 Rothado
995 4915 1054 4969 in
1117 4914 1268 4969 nullo
1323 4922 1535 4985 poterat
1585 4915 1782 4970 melius

202 5003 462 5072 satisﬁeri,
497 5019 663 5076 quam
693 5002 740 5058 si
767 5003 836 5058 ad
866 5011 1107 5059 vestram
1127 5011 1388 5074 pergeret
1413 5003 1780 5075 praesentiam,

203 5099 250 5145 et
288 5093 337 5147 ei
380 5099 658 5149 tantorum
707 5090 1197 5162 subscriptionibus
1243 5091 1646 5162 episcoporum,
1693 5092 1786 5164 qui

205 5179 309 5236 Deo
360 5189 414 5236 et
469 5179 630 5236 vobis
687 5179 904 5234 mentiri
958 5179 1184 5246 nolunt,
1243 5187 1296 5236 et
1361 5179 1785 5252 allegationibus

204 5275 270 5324 tot
295 5268 626 5325 vicariorum
655 5267 974 5324 eorumdem
1013 5267 1416 5340 episcoporum,
1449 5268 1608 5324 fuerit
1637 5269 1785 5324 illum

203 5355 386 5412 bonam
413 5373 642 5414 causam
669 5363 1012 5428 nequaquam
1030 5356 1234 5412 habere
1255 5364 1557 5412 ostensum.
1579 5356 1786 5425 Quam-

202 5445 377 5501 obrem
422 5445 524 5501 sibi
569 5443 708 5516 ipsi,
765 5453 816 5500 et
869 5461 980 5500 non
1037 5445 1192 5501 vobis
1244 5451 1494 5516 reputare
1534 5445 1782 5511 debebit,

207 5534 321 5603 quia
348 5535 463 5594 sine
492 5535 641 5590 bona
679 5549 843 5590 causa
891 5551 950 5589 se
995 5541 1048 5590 et
1091 5533 1290 5590 multos
1337 5532 1470 5588 alios
1515 5532 1782 5606 fatigavit.

1875 4568 2150 4633 potestate
2181 4559 2450 4630 suﬁ‘ultus,
2485 4563 2723 4634 querelae
2750 4579 2860 4619 non
2889 4579 2956 4619 ex
2985 4570 3268 4634 potestate,
3293 4561 3390 4616 sed
3407 4575 3476 4616 ex

1878 4650 2084 4705 ratione
2111 4650 2419 4720 respondit,
2451 4666 2775 4724 causamque
2805 4668 2906 4723 per
2935 4651 3184 4706 ordinem
3229 4663 3295 4705 ea
3327 4663 3478 4704 man-

1880 4738 2167 4794 suetudine
2193 4739 2460 4811 exposuit,
2495 4757 2598 4812 qua
2640 4740 2939 4796 humilitate
2981 4737 3210 4808 praefato
3258 4737 3473 4794 Corne-

1879 4827 1955 4883 lio
1983 4843 2043 4884 se
2071 4827 2306 4882 adorare
2336 4827 2537 4884 volenti
2567 4827 2702 4884 dixit
2733 4845 2744 4883 :
2787 4827 2912 4882 Vide
2942 4841 3013 4881 ne
3041 4827 3246 4897 feceris
3283 4847 3302 4884 :
3337 4845 3476 4884 nam

1882 4920 1938 4972 et
1967 4932 2060 4988 ego
2089 4917 2210 4988 ipse
2239 4916 2398 4973 homo
2447 4934 2574 4972 sum
2619 4917 2769 4972 sicut
2815 4917 2873 4970 et
2916 4917 2981 4970 tu
3023 4913 3206 4986 (ibid.,
3252 4931 3310 4987 v,
3359 4916 3472 4987 26).

1883 5003 1941 5058 Si
1987 5003 2132 5059 enim
2179 5003 2236 5058 in
2279 5005 2506 5076 querela
2545 5003 2784 5059 ﬁdelium
2812 5045 2824 5068 ,
2871 5009 2930 5057 ut
2974 5003 3281 5076 Gregorius
3323 5003 3472 5070 dicit,

1883 5092 2089 5164 aliquid
2135 5093 2203 5148 de
2250 5110 2349 5149 sua
2391 5099 2654 5164 potestate
2708 5091 2948 5160 diceret,
2994 5091 3239 5164 profecto
3286 5093 3478 5150 doctor

1883 5181 2312 5237 mansuetudinis
2363 5195 2472 5236 non
2521 5178 2732 5236 fuisset.
2789 5181 2990 5238 Humili
3043 5197 3180 5254 ergo
3239 5197 3334 5238 eos
3387 5197 3476 5236 ra-

1883 5270 2030 5326 tione
2059 5269 2312 5340 placavit,
2361 5277 2520 5339 atque
2561 5267 2617 5322 in
2660 5284 2830 5326 causa
2870 5269 3316 5341 reprehensionis
3365 5285 3478 5326 suae

1884 5358 2160 5414 humiliter
2187 5357 2452 5412 rationem
2489 5356 2747 5427 reddidit,
2793 5367 2847 5415 et
2889 5359 3053 5415 etiam
3100 5365 3267 5415 testes
3315 5357 3476 5414 adbi-

1886 5447 2018 5516 buit,
2041 5445 2227 5500 dicens
2263 5461 2275 5496 :
2315 5446 2599 5503 Venerunt
2613 5453 2806 5505 autem
2825 5464 3048 5504 mecum
3065 5451 3122 5504 et
3143 5464 3244 5503 sea:
3261 5449 3475 5519 fratres

1889 5536 1982 5591 isti
2015 5534 2158 5602 (Act.
2194 5546 2274 5600 χι,
2311 5534 2419 5599 12).
2471 5537 2636 5608 Cujus
2679 5536 2936 5593 humilem
2983 5535 3375 5601 auctoritatem,
3424 5541 3477 5589 et
