4026 6290
517 248 584 298 35
1367 242 1706 298 HINCMARI
1745 240 2146 298 RHEMENSIS
2194 242 2744 300 ARCHIEPISCOPI.
3743 252 3814 302 36

521 369 1013 424 mansuetissimam
1045 375 1386 439 potestatem,
1442 375 1495 422 et
1524 367 1886 423 rectissimam
1913 367 2108 438 praedi-
2140 367 2198 428 A
2219 369 2436 424 unitatis
2462 378 2662 426 nostra!
2694 370 2850 425 firma
2879 387 3002 426 esse
3032 386 3322 442 compago,
3353 371 3460 425 nisi
3491 387 3592 434 nos
3619 372 3687 426 ad
3719 371 3812 424 in-

520 453 785 508 cationem
815 453 1046 509 dicentis
1079 471 1090 505 :
1126 454 1244 508 Non
1275 453 1634 508 dominantes
1685 454 1748 507 in
1795 454 1966 516 clero,
2021 451 2118 506 sed

519 543 706 610 forma
737 543 877 613 [acti
895 543 1078 614 gregis
1097 543 1147 610 (Ι
1161 543 1312 596 Petr.
1334 557 1390 604 v,
1417 542 1490 610 3),
1519 547 1737 595 secutus
1756 541 1945 594 beatus
1962 539 2120 592 Gela-

522 629 634 684 sius
664 629 718 683 in
749 629 986 684 decretis
1015 629 1141 684 suis
1157 630 1224 683 ad
1255 645 1446 684 omnes
1463 629 1750 699 episcOpos
1772 628 1839 682 de
1861 628 2118 682 institutis

493 737 506 743 ’
523 717 926 774 Ecclesiasticis
959 718 1088 772 dicit
1119 718 1306 790 (epist.
1330 722 1368 772 6
1385 718 1456 772 ad
1478 720 1765 772 universos
1781 718 2116 789 episcopos):

526 830 546 856 «ι
585 808 828 879 Cumque
856 807 1012 862 nobis
1029 815 1220 862 contra
1239 806 1554 860 salutarium
1576 805 1936 860 reverentiam
1955 822 2118 875 regu-

521 895 697 950 larum
727 895 1012 966 cupiamus
1041 903 1245 950 temere
1276 895 1410 949 nihil
1457 895 1640 959 licere,
1690 903 1742 950 et
1791 911 1914 950 cum
1958 895 2119 948 sedes

522 984 821 1054 apostolica
850 1001 1016 1054 super
1043 984 1129 1038 his
1159 983 1430 1049 omnibus,
1466 983 1677 1038 favente
1706 983 1957 1050 Domino,
1998 999 2118 1054 quae

521 1072 766 1142 paternis
812 1072 1114 1128 canonibus
1164 1081 1289 1143 sunt
1335 1072 1592 1143 praefixa,
1641 1072 1766 1142 pio,
1815 1073 2120 1142 devotoque

525 1161 743 1216 studeat
771 1170 959 1216 tenere
989 1161 1288 1232 proposito,
1323 1161 1452 1214 satis
1481 1161 1768 1231 indignum
1797 1168 1899 1225 est,
1933 1177 2120 1230 quem-

529 1265 691 1321 quam
723 1250 810 1304 vel
839 1249 1180 1316 Pontificum,
1231 1251 1316 1305 vel
1361 1248 1606 1304 ordinum
1653 1249 2118 1319 subsequentium,

523 1338 668 1394 hanc
692 1339 1092 1393 observantiam
1123 1338 1389 1404 refutare,
1439 1354 1601 1408 quam
1652 1337 1796 1391 beati
1839 1337 1981 1390 Petri
2027 1354 2120 1391 se-

527 1427 654 1481 dem
684 1436 735 1480 et
768 1426 921 1498 sequi
951 1426 1130 1481 videat
1160 1435 1213 1481 et
1239 1427 1436 1482 docere
1471 1443 1483 1478 :
1519 1425 1760 1496 satisque
1789 1426 2120 1480 conveniens

526 1515 612 1581 sit,
650 1523 706 1569 ut
735 1531 934 1585 corpus
963 1515 1227 1570 Ecclesia:
1254 1514 1308 1569 in
1349 1515 1448 1569 hac
1478 1513 1694 1568 sibimet
1736 1513 2120 1568 observatione

525 1603 840 1672 concordet,
874 1619 1036 1675 quam
1064 1603 1177 1660 illic
1207 1604 1390 1674 vigere
1413 1602 1730 1672 conspiciat,
1751 1603 1841 1656 ubi
1859 1603 2121 1656 Dominus

523 1691 782 1748 Ecclesiae
812 1692 972 1748 totius
1016 1693 1196 1762 posuit
1241 1691 1622 1762 principatum.
1663 1716 1683 1738 »

525 1797 740 1853 quoque
771 1788 824 1835 et
853 1781 1018 1835 Saulo
1049 1781 1264 1837 dicente
1296 1779 1580 1844 veraciter,
1614 1778 1811 1834 Paulus
1839 1779 2116 1849 apostolus

526 1885 638 1925 non
679 1869 748 1922 ab
797 1869 1127 1936 hominibus,
1176 1885 1352 1939 neque
1400 1884 1497 1938 per
1538 1868 1834 1934 hominem,
1883 1869 1982 1923 sed
2026 1885 2123 1938 per

524 1959 713 2012 Jesum
743 1957 1016 2012 Christum
1047 1966 1101 2012 et
1130 1957 1421 2012 Dominum
1451 1958 1686 2012 Patrem.
1710 1955 1816 2025 Qui
1834 1965 2121 2028 postquam

523 2045 726 2101 diutius
757 2045 905 2100 fruiti
936 2055 1058 2100 sunt
1088 2047 1458 2117 apostolorum
1489 2045 1783 2110 consortio,
1831 2061 1942 2101 non
1987 2047 2122 2116 ipsis

524 2133 808 2205 apostolis,
843 2135 942 2190 sed
965 2135 1116 2203 juxta
1145 2133 1308 2190 fidem
1339 2149 1512 2189 sacrae
1533 2133 1794 2199 historiae,
1819 2134 2122 2188 ministran-

522 2222 666 2276 tibus
715 2223 948 2278 Domino
995 2224 1280 2294 prophetis
1325 2232 1376 2277 et
1425 2222 1774 2288 doctoribus,
1831 2223 1922 2292 qui
1969 2231 2124 2278 erant

524 2310 854 2376 Antiochiae,
903 2311 1037 2366 dixit
1092 2311 1326 2382 Spiritus
1373 2319 1593 2366 sanctus
1625 2327 1638 2365 :
1669 2314 1935 2383 Separate
1978 2311 2124 2365 mihi

521 2400 848 2454 Barnabam
894 2403 952 2454 et
980 2401 1219 2455 Saulu-m
1248 2403 1310 2456 in
1341 2416 1474 2471 opus
1505 2400 1834 2468 ministerii,
1879 2401 1952 2454 ad
1981 2399 2122 2472 quod

523 2489 807 2560 assumpsi
823 2503 933 2544 eos.
954 2490 1103 2544 Tunc
1113 2491 1448 2560 jejunantes
1481 2495 1536 2544 et
1553 2493 1799 2553 orantes,
1823 2489 2120 2560 imponen-

527 2579 717 2646 tesque
739 2577 818 2630 eis
840 2594 1066 2643 manus,
1103 2578 1447 2635 dimiserunt
1474 2581 1600 2636 illos
1619 2580 1763 2648 (Act.
1790 2593 1910 2646 xm,
1945 2582 2022 2644 2).
2053 2577 2123 2630 Et

525 2663 632 2735 ipsi
649 2663 871 2734 quidem
891 2664 1044 2717 missi
1065 2679 1098 2718 a
1122 2665 1325 2735 Spiritu
1349 2677 1534 2723 sancto
1547 2667 1794 2721 abierunt
1809 2665 1986 2720 vocati
1999 2682 2124 2734 apo-

531 2751 673 2815 stoli,
706 2760 760 2805 et
790 2751 844 2805 in
865 2752 1114 2822 sequenti
1146 2768 1310 2819 anno,
1341 2755 1398 2810 id
1427 2764 1506 2809 est
1539 2762 1733 2826 quarto
1762 2755 1974 2808 decimo
2003 2760 2126 2823 post

527 2839 846 2910 passionem
873 2839 1108 2908 Domini,
1140 2840 1266 2896 licet
1310 2843 1402 2913 qui
1431 2851 1691 2914 operatus
1737 2851 1819 2896 est
1862 2843 2022 2896 Petro
2069 2842 2126 2894 in

530 2927 893 2998 apostolatum
937 2927 1403 3000 circumcisiOnis,
1453 2939 1712 3000 operatus
1761 2929 1827 2983 sit
1870 2938 1922 2984 et
1961 2929 2124 2983 Paulo

526 3015 671 3070 inter
701 3023 914 3088 gentes,
953 3023 1129 3071 tamen
1155 3017 1307 3085 juxta
1339 3019 1646 3074 condictum
1674 3018 1881 3083 Jacobi,
1929 3017 2127 3086 Cepha:

530 3111 584 3158 et
611 3104 856 3173 Joannis,
890 3104 1134 3175 gentium
1164 3105 1541 3178 magisterium
1575 3123 1682 3162 una
1712 3123 1831 3161 cum
1877 3105 2126 3160 Barnaba

527 3192 730 3246 Paulus
757 3192 984 3262 accepit.
1031 3195 1182 3249 Idem
1230 3211 1445 3266 quoque
1496 3195 1693 3250 Paulus
1741 3195 1886 3266 apud
1930 3194 2124 3250 Corin-

527 3279 670 3335 thios
701 3280 1106 3352 negligentibus
1128 3283 1434 3338 rectoribus
1453 3285 1522 3338 de
1543 3285 1854 3338 incestuoso
1872 3283 2084 3353 scripsit
2107 3301 2122 3338 :

540 3368 901 3439 Congregatis
923 3370 1066 3424 vobis
1089 3373 1144 3424 et
1166 3387 1286 3426 meo
1306 3373 1534 3442 spiritu,
1573 3372 1786 3426 tradidi
1806 3372 2128 3442 hujusmodi

527 3458 594 3512 in
614 3457 918 3512 interitum
934 3459 1127 3513 carnis
1150 3460 1396 3525 Satanae,
1419 3463 1483 3516 ut
1504 3461 1740 3532 spiritus
1756 3461 1946 3516 salvus
1967 3462 2043 3515 sit
2065 3462 2126 3515 in

530 3544 618 3600 die
648 3545 874 3600 Domini
920 3546 976 3615 (Ι
1016 3547 1138 3602 Cor.
1175 3562 1230 3615 v,
1273 3548 1349 3618 4).
1393 3548 1502 3619 Ipsi
1545 3547 1689 3602 enim
1727 3547 2127 3603 Corinthiorum

531 3641 773 3690 rectores
801 3633 952 3688 illum
983 3635 1324 3690 tradiderunt
1369 3636 1424 3691 in
1471 3637 1746 3691 interitum
1794 3637 1976 3692 carnis
2022 3638 2126 3692 Sa-

529 3729 669 3778 tanae
704 3739 718 3776 :
750 3729 802 3776 et
831 3722 1032 3776 Paulus
1061 3724 1282 3796 cognito
1311 3725 1429 3794 ejus
1461 3741 1648 3795 Opere,
1684 3741 1780 3780 sua
1811 3725 2127 3780 auctoritate

537 3825 662 3864 cum
693 3809 820 3875 illis,
851 3817 906 3864 et
935 3820 1214 3882 comperta
1243 3813 1357 3882 ejus
1388 3815 1725 3884 paenitentia,
1760 3813 1862 3884 ipsi
1892 3830 2016 3868 eum
2042 3831 2128 3868 re-

534 3897 837 3964 stituerunt,
871 3907 925 3952 et
956 3899 1152 3954 Paulus
1181 3917 1279 3955 sua
1309 3903 1629 3957 auctoritate
1667 3919 1789 3957 cum
1833 3902 1940 3956 illis
1976 3919 1988 3956 :
2027 3904 2128 3958 Cui

532 3987 804 4056 inquiens,
831 3987 1047 4060 aliquid
1064 3989 1338 4055 donastis,
1363 3994 1418 4045 et
1441 4006 1554 4061 ego,
1579 4007 1716 4045 nam
1737 3996 1793 4046 et
1814 4007 1908 4062 ego
1928 3992 1977 4046 si
1997 3991 2128 4062 quid

527 4075 749 4141 donavi,
770 4079 1000 4147 propter
1023 4094 1112 4132 vos
1140 4079 1201 4132 in
1219 4094 1462 4150 persona
1485 4079 1696 4135 Christi
1723 4080 1771 4148 (Ι
1789 4080 1910 4136 Cor.
1934 4094 1992 4144 ιι,
2017 4079 2125 4150 10).

525 4162 664 4218 Hinc
695 4163 886 4238 beatus
917 4163 1223 4237 Gregorius
1256 4167 1471 4238 (Norat.
1503 4166 1597 4222 lib.
1633 4182 1838 4233 χχχιιι,
1876 4183 1998 4238 cap.
2033 4168 2086 4236 8)
2113 4185 2124 4220 :

529 4274 551 4298 α
588 4254 635 4306 Α
666 4237 828 4320 Ηοιιο,
876 4251 1071 4324 inquit,
1115 4262 1300 4310 vestro
1344 4271 1452 4310 non
1501 4255 1785 4323 dissentio,
1832 4273 2016 4311 meum
2054 4256 2132 4311 sit

526 4340 673 4411 quod
703 4339 806 4409 ipsi
836 4339 1060 4396 fecistis.
1095 4343 1194 4397 Cui
1225 4343 1372 4398 velut
1401 4344 1448 4397 si
1485 4343 1666 4398 dicere
1702 4361 2124 4414 praesumamus,

2221 460 2586 529 separabilem
2617 460 2941 515 soliditatem
2972 461 3248 516 vinculum
3279 461 3557 516 charitatis
3605 461 3812 515 astrin-

2220 549 2359 602 xerit
2395 567 2407 602 :
2443 549 2692 620 quoniam
2723 550 2861 605 sicut
2889 550 2944 603 in
2975 566 3081 604 uno
3110 565 3342 620 corpore
3369 549 3535 604 multa
3563 550 3813 604 membra

2220 637 2503 706 habemus,
2526 639 2706 692 omnia
2727 647 2908 692 autem
2940 639 3185 693 membra
3211 653 3320 692 non
3349 640 3600 693 eumdem
3631 647 3812 694 actum

2220 726 2420 780 habent
2454 743 2466 781 :
2503 727 2572 780 ita
2603 728 2758 781 multi
2783 745 2948 782 unum
2993 743 3192 798 corpus
3240 744 3426 781 sumus
3475 727 3529 780 in
3567 719 3810 794 Christo,

2221 814 2418 884 singuli
2447 824 2627 869 autem
2657 817 2879 870 alterius
2907 817 3174 871 membra.
3199 816 3476 871 Connexio
3505 816 3668 870 totius
3687 832 3816 870 cor-

2220 903 2370 972 poris
2400 921 2558 958 unam
2590 905 2894 971 sanitatem,
2945 922 3107 958 unam
3155 905 3610 975 pulchritudinem
3657 903 3810 960 facit.

2219 993 2286 1045 Et
2323 993 2439 1048 hinc
2485 993 2703 1064 quidem
2747 1011 3011 1049 connexno
3041 1002 3202 1048 totius
3245 994 3488 1064 corporis
3533 993 3816 1048 unanimi-

2222 1088 2382 1135 tatem
2413 1083 2660 1153 requirit,
2695 1084 2792 1137 sed
2822 1083 3095 1154 praecipue
3126 1083 3292 1156 exigit
3321 1083 3668 1139 concordiam
3713 1099 3813 1138 sa-

2222 1171 2521 1224 cerdotum.
2557 1171 2766 1239 Quibus
2797 1180 2848 1226 et
2878 1172 2922 1225 si
2947 1173 3083 1226 ordo
3115 1181 3194 1227 est
3225 1171 3516 1244 generalis,
3570 1189 3681 1226 non
3720 1180 3813 1226 ta-

2220 1275 2344 1313 men
2375 1261 2677 1314 communis
2705 1269 2786 1314 est
2811 1261 3046 1331 dignitas
3076 1260 3346 1326 omnibus.
3469 1264 3497 1278 ’
3738 1261 3750 1270 ’

2293 1349 2420 1403 Ηωο
2451 1357 2626 1403 autem
2659 1357 2870 1404 servata
2918 1349 3092 1404 altiori
3134 1349 3488 1421 intelligentia
3532 1349 3674 1404 circa
3719 1366 3815 1403 su-

2221 1437 2492 1506 pradictos
2541 1446 2666 1491 sunt
2692 1446 2834 1504 acta,
2865 1446 2916 1492 et
2949 1454 2981 1492 a
3010 1439 3284 1508 praedictis
3310 1439 3492 1508 docta,
3525 1445 3580 1492 ut
3610 1454 3816 1511 cogno-

2223 1535 2426 1590 scatur,
2458 1527 2685 1596 qualiter
2713 1527 2954 1582 minores
2979 1527 3280 1596 potioribus
3310 1528 3543 1581 debeant
3560 1527 3811 1592 obedire,

2222 1622 2275 1668 et
2303 1615 2537 1684 potiores
2566 1615 2864 1669 minoribus
2887 1616 3192 1685 providere,
3219 1624 3269 1670 et
3287 1616 3420 1670 ordo
3436 1631 3469 1670 a
3489 1617 3604 1670 Deo
3626 1615 3816 1684 dispo-

1737 1692 1818 1745 De
1863 1691 2117 1780 Barnaba
2145 1721 2198 1780 Β
2222 1704 2355 1756 situs
2385 1703 2454 1757 ab
2485 1705 2736 1758 omnibus
2766 1712 2819 1758 et
2857 1705 2912 1758 in
2956 1704 3205 1763 omnibus
3252 1703 3430 1760 valeat
3472 1703 3811 1761 conservari.

2224 1793 2378 1847 Unde
2409 1809 2649 1846 summus
2679 1792 2943 1848 Ecclesia)
2971 1801 3160 1863 pastor
3189 1793 3346 1848 docet
3381 1811 3392 1846 :
3426 1794 3484 1848 Si
3527 1795 3649 1866 quis
3696 1795 3816 1847 mi-

2223 1882 2458 1947 nistrat,
2478 1886 2750 1954 tanquam
2767 1899 2840 1937 ca:
2859 1885 3070 1938 virtute
3082 1899 3248 1954 quam
3263 1884 3814 1946 ad-ministratDeus,

2223 1974 2288 2026 ut
2321 1971 2382 2023 in
2412 1972 2668 2026 omnibus
2699 1971 3104 2040 honoriﬁcetur
3129 1974 3275 2027 Deus
3331 1973 3381 2041 (Ι
3404 1974 3558 2027 Petr.
3588 1985 3664 2040 IV,
3700 1970 3814 2040 11),

2223 2058 2314 2129 qui
2345 2059 2516 2113 servis
2547 2060 2660 2113 suis
2685 2059 2957 2115 commisit
2985 2060 3206 2131 negotia
3252 2075 3370 2126 sua,
3423 2068 3476 2114 et
3521 2059 3820 2130 unicuique

2225 2147 2523 2202 secundum
2571 2165 2840 2218 propriam
2888 2148 3156 2204 virtutem.
3213 2149 3362 2204 Sicut
3405 2157 3458 2204 et
3499 2149 3566 2203 de
3612 2148 3821 2218 Spiritu

2224 2244 2408 2290 sancto
2439 2237 2699 2306 scriptum
2729 2245 2825 2302 est,
2861 2237 2951 2308 qui
2979 2238 3122 2292 dona
3149 2237 3338 2292 dividit
3383 2236 3612 2308 singulis
3655 2244 3823 2306 prout

2224 2325 2353 2379 vult.
2387 2325 2454 2378 Et
2485 2325 2609 2380 hinc
2645 2326 2794 2394 juxta
2845 2325 3170 2381 Sardicense
3215 2326 3502 2380 concilium
3549 2325 3699 2394 (can.
3733 2325 3816 2396 ’7),

2225 2429 2469 2468 summus
2499 2414 2690 2483 prima:
2720 2422 2773 2469 et
2804 2423 3002 2469 sancta?
3047 2415 3195 2468 sedis
3239 2415 3497 2469 Romanae
3544 2413 3817 2478 Pontifex,

2222 2517 2324 2571 pro
2355 2501 2618 2556 examinis
2649 2502 3001 2557 renovatione
3031 2504 3100 2557 ad
3132 2520 3190 2557 se
3222 2502 3570 2557 reclamantis
3605 2510 3656 2557 et
3685 2517 3823 2556 con-

2224 2589 2479 2660 fugientis
2523 2608 2648 2646 cum
2713 2607 2812 2645 sua
2855 2591 3180 2647 clamatione
3226 2591 3421 2660 dejecti
3465 2590 3825 2662 provincialis

2224 2679 2484 2749 episcopi,
2518 2696 2626 2734 non
2658 2679 2834 2734 statim
2866 2680 3241 2751 singularitate
3261 2680 3534 2752 privilegii
3555 2688 3606 2734 et
3636 2688 3826 2736 aucto-

2225 2769 2394 2822 ritatis
2427 2786 2538 2823 suae
2571 2769 2803 2823 restituit
2836 2788 2848 2824 :
2883 2771 2978 2824 sed
3010 2770 3290 2824 remittens
3321 2786 3445 2824 eum
3487 2769 3557 2824 ad
3594 2769 3824 2839 provin—

2225 2856 2382 2925 ciam,
2440 2857 2532 2911 ubi
2576 2874 2742 2912 causa
2788 2867 3000 2928 patrata
3050 2859 3250 2925 fuerat,
3312 2867 3363 2914 et
3411 2858 3464 2911 in
3515 2874 3621 2929 qua
3660 2857 3822 2927 juxta

2226 2944 2685 3017 Carthaginenses
2713 2963 2967 3014 canones,
2995 2956 3047 3002 et
3061 2947 3183 3016 jura
3200 2947 3338 3018 legis
3357 2948 3630 3010 Romanae,
3653 2961 3824 3002 causa

2227 3041 2403 3102 potest
2445 3033 2734 3104 diligenter
2780 3035 2996 3104 inquiri,
3047 3043 3098 3089 et
3146 3035 3292 3107 quod
3339 3052 3449 3090 non
3494 3035 3561 3089 sit
3601 3033 3824 3090 difficile

2228 3129 2394 3198 testes
2424 3109 2742 3192 producere,
2778 3123 2981 3178 veritas
3009 3124 3260 3190 inveniri,
3293 3131 3387 3178 aut
3417 3122 3657 3178 ﬁnitimis
3695 3125 3823 3195 epi-

2226 3197 2412 3280 scOpis
2441 3211 2698 3282 dignatur
2726 3211 2985 3276 scribere,
3021 3220 3110 3267 aut
3143 3229 3173 3268 e
3203 3213 3372 3268 latere
3403 3228 3501 3268 suo
3522 3211 3705 3278 mittit,
3732 3213 3826 3282 qui

2225 3299 2487 3354 habentes
2517 3301 2633 3369 ejus
2661 3300 3033 3355 auctoritatem
3061 3309 3362 3371 praesentes
3391 3318 3515 3357 cum
3546 3301 3822 3371 episcopis

2220 3387 2480 3456 judicent,
2515 3397 2567 3443 et
2596 3388 2886 3459 diligenter
2913 3406 3133 3445 causam
3173 3390 3485 3462 inquisitam
3528 3389 3818 3454 diﬁiniant,

2229 3483 2320 3530 aut
2349 3477 2607 3548 dignatur
2636 3479 2862 3533 credere
2892 3479 3180 3550 episcOpos
3207 3478 3473 3544 sufficere,
3515 3486 3570 3532 ut
3600 3477 3825 3550 negotio

2229 3564 2513 3618 terminum
2537 3566 2746 3635 possint
2768 3567 3068 3638 imponere.
3087 3569 3154 3622 Et
3171 3566 3518 3622 Innocentius
3551 3567 3742 3638 (epist.
3767 3571 3818 3629 1,

2229 3650 2299 3703 ad
2341 3650 2690 3721 Victricium)
2711 3651 2775 3719 si,
2802 3669 2921 3722 qua:
2951 3669 3132 3707 causae
3160 3651 3248 3706 vel
3277 3651 3650 3708 contentiones
3679 3651 3825 3705 inter

2229 3736 2458 3792 clericos
2487 3746 2595 3793 tam
2627 3740 2920 3810 superioris
2949 3741 3174 3810 ordinis,
3210 3756 3372 3813 quam
3405 3739 3568 3795 etiam
3596 3740 3826 3796 inferio-

2230 3826 2323 3891 ris,
2358 3825 2554 3881 fuerint
2581 3837 2797 3895 exortae,
2833 3830 3182 3903 congregatis
3221 3829 3520 3886 secundum
3552 3830 3828 3900 synodum

2227 3915 2508 3970 Nicrenam
2537 3917 2782 3986 ejusdem
2809 3919 3106 3989 provinciae
3128 3919 3398 3990 episcOpis
3422 3919 3662 3990 jurgium
3681 3935 3830 3988 prae-

2229 4004 2358 4074 cipit
2405 4005 2706 4062 terminari.
2766 4008 2835 4062 Et
2888 4007 3194 4062 Bonifacius
3237 4008 3304 4063 de
3346 4007 3580 4062 Maximo
3637 4007 3827 4063 scribit

2229 4094 2420 4165 (epist.
2454 4099 2503 4161 2,
2536 4095 2609 4150 ad
2632 4099 2908 4168 episeOpos
2933 4096 3168 4165 Gallice),
3192 4104 3247 4150 ut
3271 4098 3340 4151 ad
3371 4096 3705 4167 provinciam
3729 4113 3826 4152 ve-

2229 4181 2346 4237 nire
2375 4192 2620 4255 cogatur,
2656 4192 2707 4239 et
2737 4185 2846 4240 illic
2877 4201 2936 4238 se
2968 4185 3265 4240 constituto
3297 4194 3626 4256 praesentare
3669 4185 3827 4254 judi-

2227 4271 2332 4337 cio,
2368 4281 2420 4326 et
2451 4273 2715 4344 quidquid
2745 4273 2813 4328 de
2842 4273 2934 4328 illo
2965 4274 3214 4328 duxerint
3248 4275 3544 4345 provinciae
3575 4274 3828 4344 episcopi

2229 4355 2651 4423 decernendum,
2686 4374 2808 4412 cum
2839 4359 2908 4412 ad
2933 4375 3056 4412 eum
3082 4359 3308 4412 relatum
3358 4357 3515 4424 foret,
3570 4373 3670 4412 sua
3718 4347 3828 4411 fir:

527 4444 699 4518 quare
729 4428 802 4482 ita
831 4437 988 4518 caute
1018 4430 1301 4501 discipulis
1340 4441 1393 4486 te
1436 4433 1660 4502 copulas
1682 4435 1709 4487 ξ)
1740 4451 1902 4504 quare
1950 4435 2036 4489 vel
2079 4443 2130 4488 te
2160 4435 2467 4500 Dmaretur
2493 4446 2810 4500 auctoritate
2845 4463 2858 4499 :
2893 4455 3176 4518 quatenus,
3202 4455 3257 4502 ut
3280 4447 3426 4502 idem
3456 4448 3526 4503 ad
3557 4447 3825 4502 Hilarium

525 4515 764 4582 illorum,
798 4516 886 4571 vel
914 4517 1037 4572 illos
1071 4519 1175 4572 tuis
1207 4519 1513 4574 actionibus
1555 4530 1662 4575 tam
1692 4521 1920 4577 sollicita
1948 4531 2128 4578 mente

530 4604 924 4677 discipulorum
957 4605 1296 4662 confirmas?
1326 4612 1390 4663 ut
1431 4627 1544 4665 non
1588 4611 2124 4682 circu-mveniamur,

527 4691 718 4763 inquit,
755 4712 789 4749 a
819 4696 1036 4752 Satana
1065 4697 1221 4766 (ibid.
1256 4711 1310 4763 ν,
1349 4699 1457 4767 11).
1482 4699 1606 4753 Νοιι
1636 4699 1782 4753 enim
1812 4699 2128 4772 ignoramus

531 4780 892 4852 cogitationes
921 4784 1056 4852 ejus,
1086 4784 1143 4838 id
1172 4793 1255 4839 est
1285 4801 1352 4840 ne
1381 4787 1486 4841 hoc
1518 4788 1664 4857 quod
1695 4789 1834 4844 bene
1863 4805 2019 4844 mens
2049 4790 2131 4844 in-

530 4868 692 4922 choat
721 4869 838 4939 ipse
867 4869 923 4923 in
953 4873 1173 4928 malitiae
1203 4873 1367 4929 ﬁnem
1397 4883 1592 4930 vertat.
1636 4877 1704 4930 Et
1733 4879 2078 4934 Innocentius
2112 4897 2124 4932 :

532 4957 662 5012 Haec
691 4958 762 5012 ad
792 4957 1100 5015 Corinthios
1130 4963 1430 5032 apostolica
1458 4972 1540 5018 est
1571 4965 1842 5021 declarata
1873 4967 2128 5038 benigni-

532 5053 636 5112 tas,
669 5054 724 5101 ut
753 5046 807 5101 in
839 5062 947 5103 uno
979 5048 1170 5119 spiritu
1199 5051 1414 5106 ductam
1461 5068 1526 5107 ac
1574 5054 1856 5110 reductam
1905 5065 2128 5111 senten-

533 5134 664 5190 tiam
697 5135 826 5190 boni
856 5152 1074 5207 semper
1103 5137 1478 5196 indifferenter
1509 5152 1827 5213 sequantur.
1868 5168 1890 5193 υ
1923 5147 1991 5199 Ει
2021 5145 2130 5200 Leo

528 5238 596 5280 ex
615 5224 876 5293 Apostolo
893 5226 1046 5295 (Leo,
1062 5229 1224 5298 epist.
1245 5227 1339 5294 88,
1362 5230 1433 5284 ad
1453 5232 1881 5304 Anastasium):
1911 5257 1931 5281 ιι
1961 5236 2129 5290 Nemo

527 5311 670 5383 quod
699 5329 868 5370 suum
911 5319 998 5370 est
1037 5321 1274 5388 quaerat,
1331 5319 1426 5374 sed
1456 5321 1598 5392 quod
1639 5323 1881 5378 alterius
1927 5324 1978 5393 (Ι
2006 5325 2126 5378 Cor.

528 5413 586 5466 x,
617 5400 731 5471 24);
746 5409 800 5456 et
824 5419 836 5455 :
866 5404 1250 5477 Unusquisque
1265 5410 1526 5478 proximo
1541 5427 1640 5468 suo
1655 5413 1881 5484 placeat
1914 5413 1976 5466 in
1992 5413 2129 5470 bono

529 5493 603 5551 ad
633 5495 1068 5565 aediﬁcationem
1097 5499 1275 5572 (Rom.
1309 5517 1407 5570 xv,
1440 5503 1514 5575 2).
1555 5527 1576 5555 »
1597 5506 1720 5562 Non
1752 5507 1895 5564 enim
1935 5507 2131 5579 poterit

2227 4535 2408 4590 scribit
2439 4536 2626 4607 (epist.
2659 4539 2734 4605 3),
2769 4535 3172 4605 metropolitani
3201 4536 3284 4590 sui
3314 4553 3652 4608 unaquaeque
3684 4553 3820 4606 pro-

2226 4624 2404 4678 vincia
2434 4625 2488 4678 in
2518 4623 2771 4679 omnibus
2801 4623 2962 4677 rebus
3009 4623 3410 4680 ordinationem
3456 4641 3674 4695 semper
3719 4641 3822 4680 ex-

2227 4720 2451 4783 spectet,
2486 4713 2624 4767 sicut
2651 4711 2911 4782 scriptum
2959 4721 3041 4766 est
3087 4713 3141 4766 in
3187 4714 3410 4770 Nicmno
3455 4713 3708 4780 concilio,
3761 4724 3823 4769 ut

2229 4802 2367 4857 sicut
2383 4802 2526 4872 apud
2544 4801 2939 4870 Alexandriam,
2979 4801 3105 4872 quia
3135 4810 3187 4857 et
3216 4804 3367 4857 urbis
3389 4804 3573 4858 Romae
3590 4802 3819 4872 episco-

2227 4907 2298 4962 po
2313 4890 2502 4961 parilis
2530 4906 2648 4943 mos
2679 4898 2779 4959 est,
2807 4890 3053 4946 similiter
3074 4899 3124 4946 et
3144 4893 3286 4963 apud
3303 4892 3642 4948 Antiochiam
3661 4900 3826 4947 caete-

2227 4995 2425 5050 rasque
2453 4978 2782 5048 provincias,
2816 4979 2929 5034 suis
2966 4979 3254 5053 privilegia
3297 4989 3582 5036 serventur
3627 4981 3820 5036 Eccle-

2231 5063 2344 5117 siis.
2378 5063 2530 5118 Unde
2578 5063 2715 5117 bene
2756 5065 2956 5134 placuit
2998 5066 3154 5120 annis
3201 5065 3430 5138 singulis
3476 5083 3577 5137 per
3617 5081 3820 5120 unam-

2229 5168 2502 5224 quamque
2532 5152 2864 5221 provinciam
2895 5153 2978 5208 bis
3007 5155 3063 5208 in
3091 5170 3235 5210 anno
3266 5155 3497 5210 concilia
3530 5153 3819 5221 celebrari,

2229 5249 2287 5294 ut
2316 5240 2674 5295 communiter
2701 5242 2950 5297 omnibus
2981 5242 3138 5297 simul
3169 5243 3440 5314 episcopis
3471 5242 3822 5314 congregatis

2229 5330 2524 5400 provinciae
2549 5375 2562 5398 ,
2607 5331 2964 5388 discutiantur
3007 5331 3314 5401 hujusmodi
3357 5333 3702 5405 quaestiones.
3753 5333 3825 5389 Et

2230 5419 2348 5474 hac
2395 5420 2539 5485 dico,
2587 5437 2714 5487 non,
2765 5421 2911 5493 quod
2955 5420 3127 5490 absit,
3180 5422 3539 5492 praejudicans
3587 5439 3820 5478 summa:

2232 5509 2377 5565 sedis
2406 5509 2736 5580 apostolicae,
2771 5518 2823 5567 et
2855 5511 3026 5568 sancti
3057 5511 3390 5582 apostolatus
3438 5510 3604 5569 vestri
3633 5511 3690 5568 in
3719 5511 3824 5568 ali-
