4026 6350
191 271 246 329 37
1693 263 2066 324 EPISTOLE.
3420 267 3488 325 38

196 413 288 470 quo
316 403 670 468 potestatem,
701 395 791 452 cui
817 395 873 449 in
903 394 1158 451 omnibus
1205 408 1345 457 sum,
1392 391 1532 449 sicut
1579 399 1786 448 rectum
1815 390 1873 452 Α
1893 390 2290 456 demonstrant,
2322 389 2770 462 Carthaginensis
2796 389 3146 457 concilii,imo
3176 391 3486 462 apostolicae

195 494 279 553 est,
312 485 548 541 obedire
578 492 800 556 paratus
833 500 846 537 :
881 483 980 538 sed
1009 482 1137 554 quia
1168 497 1439 536 summum
1481 479 1788 536 auctoritati

197 582 374 630 vestrae
401 573 741 646 obsequium
768 579 1150 642 praestare-me
1207 577 1355 642 puto,
1387 585 1540 638 _cum
1573 584 1788 638 eaquae

197 663 374 724 sentio,
409 671 504 717 aut
552 662 623 717 ad
665 660 1064 732 probationem,
1124 668 1218 713 aut
1271 658 1338 712 ad
1394 657 1790 713 correctionem

197 751 459 806 humiliter
488 749 774 820 sapientiae
802 748 970 803 vestri
1001 747 1302 818 magisterii
1350 747 1550 817 pando,
1595 753 1646 800 et
1675 747 1790 800 Ro-

196 841 334 896 thadi
361 854 549 894 mores
577 837 736 893 vobis
766 836 1012 892 intimare
1038 851 1296 907 procuro,
1344 851 1414 890 ne
1443 851 1565 890 mea
1605 833 1792 912 Inegli-

197 929 389 1004 gentia,
426 927 523 998 qui
555 942 652 982 eos
692 925 838 990 novi,
897 940 993 980 vos
1038 924 1259 988 lateant,
1280 931 1544 996 quatenus
1595 923 1797 978 certius

197 1018 328 1090 quod
357 1014 517 1072 vobis
545 1013 814 1086 placuerit
837 1013 906 1068 de
933 1013 1025 1068 illo
1053 1021 1237 1068 vestra
1267 1013 1564 1068 auctoritas
1594 1013 1795 1066 decer-

201 1123 318 1161 nere
346 1105 550 1160 valeat.
583 1103 760 1172 Quem
807 1102 853 1157 si
890 1118 1030 1157 nunc
1058 1101 1114 1156 in
1162 1101 1502 1171 depositione
1533 1100 1796 1166 iudicium

201 1200 429 1247 vestrum
458 1204 688 1244 manere
727 1185 1052 1252 decreverit,
1115 1185 1318 1240 scimus
1365 1185 1433 1240 de
1465 1184 1797 1256 benignitate

200 1289 245 1336 et
270 1278 541 1334 modestia
570 1293 634 1332 ac
662 1276 864 1348 pietate
897 1274 989 1328 filii
1017 1274 1182 1330 vestri
1212 1273 1398 1328 domni
1427 1274 1574 1344 regis
1601 1272 1796 1338 Caroli,

201 1367 447 1442 quoniam
477 1364 744 1439 quidquid
774 1365 843 1419 de
873 1363 966 1419 illo
1015 1362 1236 1434 praefato
1281 1361 1392 1416 filio
1437 1370 1622 1417 vestro
1653 1377 1801 1432 pra—

203 1455 465 1528 ceperitis,
519 1461 572 1508 et
618 1451 1008 1508 rationabiliter
1063 1451 1258 1522 poterit
1312 1449 1630 1521 adimplere,
1686 1450 1804 1504 sine

205 1547 301 1602 ulla
327 1541 716 1600 retractatione
746 1540 982 1596 obediet.
1047 1539 1156 1596 Sed
1185 1548 1239 1595 et
1280 1539 1590 1610 coepiscopi
1635 1530 1808 1593 nostri

205 1634 264 1689 de
293 1631 669 1688 Ecclesiarum
713 1645 932 1684 suarum
989 1627 1275 1699 stipendiis
1335 1627 1806 1682 abundantissime

1889 480 2057 547 sedis,
2090 495 2212 551 quae
2249 479 2304 534 in
2350 478 2466 533 suis
2502 479 2649 534 idem
2688 479 2944 549 praesedit
2981 479 3220 545 vicariis,
3261 480 3486 536 decreta

1891 576 2229 640 sequentes:
2267 567 2519 644 videlicet
2569 575 2628 622 ut
2672 581 2707 621 a
2751 567 3162 638 quibuscunque
3208 567 3484 636 judicibus

1891 656 2275 713 ecclesiasticis
2304 657 2375 712 ad
2407 656 2544 711 alios
2570 655 2786 725 judices
2814 655 3237 724 ecclesiasticos,
3265 656 3358 710 ubi
3405 664 3488 712 est

1892 747 2064 816 major
2094 745 2405 812 auctoritas,
2438 744 2600 799 fuerit
2639 752 3012 815 provocatum,
3043 761 3154 799 non
3199 744 3278 799 eis
3323 745 3484 810 obsit,

1895 850 2126 906 quorum
2157 833 2318 889 fuerit
2347 833 2524 888 soluta
2554 834 2836 899 sententia,
2888 833 2934 886 si
2961 833 3210 889 convinci
3237 849 3348 888 non
3383 848 3486 904 po-

1894 923 2109 988 tuerint,
2173 923 2261 977 vel
2316 921 2535 978 inimico
2583 921 2764 977 animo
2804 922 3100 992 judicasse,
3167 921 3252 977 vel
3311 921 3492 992 aliqua

1896 1012 2190 1082 cupiditate
2220 1019 2311 1066 aut
2339 1011 2518 1084 gratia
2579 1010 2872 1081 depravati,
2904 1012 3050 1066 unde
3079 1010 3238 1066 nobis
3265 1018 3319 1066 et
3355 1025 3492 1066 con-

1900 1099 2127 1157 scientia
2154 1100 2405 1171 perhibet
2431 1099 2820 1166 testimonium,
2867 1108 2919 1154 et
2962 1099 3214 1154 omnibus
3261 1099 3350 1171 qui
3406 1099 3495 1154 in-

1900 1189 2205 1244 terfuerunt
2249 1196 2433 1244 notum
2479 1187 2682 1244 factum
2710 1188 2879 1242 fuisse
2927 1188 3287 1260 dignoscitur,
3350 1203 3492 1258 quo-

1900 1278 2048 1332 niam
2079 1277 2231 1332 illum
2259 1293 2480 1332 servare
2513 1293 2675 1346 quam
2689 1276 2936 1344 judicare
2965 1277 3276 1346 maluimus,
3311 1276 3357 1330 si
3393 1291 3495 1347 pro

1905 1383 2187 1422 sacrorum
2251 1382 2523 1421 canonum
2570 1365 2825 1438 neglectu
2877 1382 3067 1421 eorum
3107 1365 3334 1434 judicio,
3394 1381 3497 1436 per

1906 1471 2064 1526 quos,
2085 1454 2286 1526 Spiritu
2309 1461 2500 1509 sancto
2519 1454 2836 1524 inspirante,
2857 1455 3186 1524 promulgati
3207 1461 3348 1521 sunt,
3374 1469 3497 1508 cum

1905 1560 1971 1600 eo
2001 1559 2162 1614 quem
2186 1542 2464 1612 corrigere
2495 1541 2852 1612 nequibamus
2890 1541 3137 1596 damnari
3165 1542 3370 1612 pariter
3388 1556 3498 1596 non

1907 1633 2240 1688 timeremus.
2290 1631 2357 1685 Et
2400 1629 2600 1684 idcirco
2634 1630 2783 1684 nullo
2829 1629 3050 1686 inimico
3099 1629 3296 1697 animo,
3347 1629 3499 1683 nulla

201 1722 271 1777 illi
295 1721 634 1792 impendent.
681 1719 802 1773 Mea
845 1717 1008 1773 etiam
1056 1716 1344 1789 uiguit-85,
1377 1716 1516 1772 Sicut
1531 1731 1804 1788 nunquam
1835 1739 1887 1800 Β
1909 1721 2203 1791 cupiditate
2234 1726 2326 1774 aut
2354 1717 2560 1790 gratias
2589 1719 2890 1788 depravati,
2906 1719 3098 1773 flentes
3127 1719 3271 1773 illius
3300 1719 3494 1774 incor-

207 1811 265 1866 ad
292 1809 712 1865 retributionem
742 1807 870 1862 mali
917 1813 1141 1878 propter
1173 1813 1514 1875 contemptus
1541 1811 1594 1860 et
1622 1812 1808 1860 contu-

208 1899 393 1955 melias
423 1899 496 1953 ab
516 1897 613 1952 illo
641 1897 775 1950 mihi
804 1895 980 1950 illatas
1008 1895 1295 1966 pervenire
1327 1893 1476 1950 volui
1507 1911 1520 1948 :
1545 1893 1619 1948 ita
1650 1893 1806 1965 quid-

207 1987 330 2061 quid
367 1985 726 2058 benignitatis
769 1992 982 2056 potero,
1032 1983 1390 2038 libentissime
1447 1981 1807 2036 abundantius

205 2076 358 2132 etiam
387 2090 558 2147 quam
589 2089 830 2145 unquam
857 2071 1099 2140 fecerim,
1132 2071 1451 2141 impendere
1475 2070 1804 2140 procurabo.

211 2165 262 2220 Si
285 2180 420 2220 vero
451 2163 571 2218 sine
593 2162 703 2217 ulla
723 2160 1085 2216 satisfactione
1103 2167 1209 2214 tam
1231 2160 1419 2214 diutini
1467 2166 1808 2229 contemptus

215 2269 494 2310 sacrorum
522 2267 817 2318 canonum,
840 2257 892 2304 et
924 2249 1072 2304 sedis
1101 2247 1416 2320 apostolica
1435 2249 1805 2312 decretorum,

213 2359 272 2399 ac
303 2358 419 2398 suae
446 2339 770 2410 metropolis
797 2337 1089 2410 privilegii,
1113 2344 1273 2409 atque
1304 2336 1644 2408 synodalium
1670 2335 1813 2406 judi-

212 2431 431 2494 ciornm,
467 2429 668 2500 quibus
698 2443 800 2482 nec
829 2425 1076 2490 obedire,
1124 2441 1226 2480 nec
1271 2441 1330 2480 se
1374 2425 1713 2480 obediturum
1743 2425 1811 2478 de

215 2527 406 2575 cetero
436 2514 688 2588 profiteri
732 2515 823 2570 vel
870 2513 1215 2570 subscribere
1258 2513 1444 2582 voluit,
1495 2522 1548 2568 et
1603 2513 1813 2584 absque

213 2605 572 2678 professione,
624 2604 712 2659 vel
759 2603 1154 2673 subscriptione
1203 2619 1316 2658 suae
1367 2601 1718 2658 correctionis
1761 2609 1814 2656 et

213 2694 556 2760 obedientite,
606 2706 798 2748 coram
842 2691 1075 2746 [ratibus
1100 2691 1233 2758 suis,
1275 2706 1505 2762 quorum
1540 2689 1815 2745 multoties

213 2783 489 2857 regularia
519 2788 803 2852 spreverat
841 2780 1065 2844 monita,
1101 2795 1228 2836 cum
1279 2779 1405 2834 inde
1451 2779 1732 2849 pluraliter
1759 2777 1816 2832 in

219 2872 410 2928 Leonis
440 2878 496 2926 et
527 2868 790 2941 Gregorii
818 2867 1062 2940 epistolis
1091 2867 1384 2939 relegatur.
1434 2867 1492 2922 Si
1534 2867 1716 2931 etiam,
1761 2873 1817 2922 ut

216 2961 304 3016 illa
335 2967 756 3032 praetereamus,
789 2973 913 3028 quae
941 2957 1013 3012 ob
1033 2955 1325 3012 sacerdotii
1360 2955 1744 3011 verecundiam
1765 2962 1819 3009 et

217 3047 577 3121 Opprobrium
609 3045 976 3112 saecularium,
1013 3053 1307 3117 sequentes
1335 3044 1645 3100 Africanum
1687 3059 1819 3100 con-

219 3139 420 3205 cilium,
453 3152 560 3192 nec
591 3136 662 3190 ad
709 3135 985 3191 notionem
1033 3134 1089 3187 in
1137 3133 1405 3204 synodum
1452 3133 1650 3188 deduci
1697 3149 1822 3203 per-

218 3228 486 3291 misimus,
519 3223 679 3295 parvi
707 3223 894 3295 pensis
941 3230 994 3278 et
1042 3223 1160 3277 sine
1232 3223 1412 3294 aliqua
1483 3221 1823 3278 correctione

221 3315 460 3372 dimissis
506 3313 589 3386 eis
639 3311 890 3383 capitulis
937 3310 1244 3368 auctoritati
1289 3319 1488 3367 vestrae
1546 3310 1648 3364 sub
1697 3310 1826 3365 ﬁdei

223 3403 576 3475 stipulatione
607 3400 847 3466 directis,
879 3417 981 3471 pro
1013 3399 1210 3472 quibus
1241 3399 1417 3454 fuerat
1439 3399 1717 3468 judicatus
1755 3398 1826 3453 ab

223 3491 518 3563 episcopis,
551 3489 621 3544 ad
651 3505 883 3561 quorum
907 3487 1175 3558 judicium
1191 3495 1608 3559 provocaverat,
1629 3503 1826 3542 secun-

223 3580 352 3635 dum
397 3593 666 3649 expressa
723 3593 1008 3632 sacrorum
1067 3592 1336 3632 canonum
1397 3583 1452 3630 et
1514 3575 1828 3646 apostolicae

226 3669 370 3724 sedis
397 3668 646 3731 decreta,
681 3665 974 3721 Caelestino
993 3664 1206 3720 dicente
1238 3665 1426 3736 (epist.
1467 3669 1519 3731 2,
1557 3665 1828 3736 episcopis

223 3774 323 3830 per
341 3757 512 3830 Apul.
547 3759 604 3810 et
629 3755 843 3825 Calab.)
869 3771 883 3807 :
921 3774 943 3804 α
981 3753 1115 3822 Quae
1137 3753 1284 3808 enim
1302 3769 1334 3807 a
1364 3751 1523 3808 nobis
1551 3768 1642 3808 res
1662 3751 1831 3822 digna

227 3845 556 3910 servabitur,
589 3842 637 3898 si
667 3841 1023 3899 decretalium
1048 3858 1238 3898 norma
1282 3841 1696 3898 constitutorum
1732 3855 1831 3910 pro

228 3935 534 4007 aliquorum
581 3931 738 3986 libitu
778 3931 997 3988 licentia
1049 3930 1266 4002 populis
1295 3930 1562 4002 permissa
1603 3929 1832 4002 franga-

229 4031 314 4078 tur
340 4025 370 4079 ἰ)
394 4045 415 4072 ι
453 4022 542 4078 Me
569 4031 768 4076 vestrae
797 4019 984 4091 pietati
1019 4019 1292 4091 placuerit
1329 4019 1482 4074 illum
1527 4025 1828 4084 restituere,

231 4121 288 4166 ut
315 4111 512 4184 primae
542 4109 694 4165 sedis
731 4116 784 4164 et
811 4109 1002 4164 matris
1029 4123 1094 4165 ac
1126 4107 1404 4181 magistrae
1450 4110 1692 4163 omnium
1721 4107 1832 4164 Ec-

235 4201 524 4256 clesiarum
586 4196 886 4269 pontificis;
949 4203 1381 4268 cunctorumque
1445 4197 1834 4268 episcoporum

233 4289 402 4361 patris
431 4297 596 4360 atque
625 4286 890 4359 magistri,
924 4286 1179 4358 regulare
1215 4285 1482 4355 judicium
1511 4285 1658 4341 ferre
1696 4300 1834 4341 con-

237 4379 398 4446 venit,
429 4392 594 4449 aquo
622 4374 803 4430 animo
845 4373 1035 4430 feram.
1095 4374 1268 4430 Credo
1296 4382 1475 4428 tamen
1523 4373 1834 4446 diligentis-

1851 3097 1901 3160 C

1908 1809 2182 1882 rigibilem
2227 1807 2530 1864 secordiam
2577 1815 2630 1861 et
2666 1807 3075 1863 irrevocabilem
3122 1810 3496 1879 pertinaciam,

1905 1897 2184 1971 regular-ia
2212 1895 2268 1950 in
2297 1912 2422 1950 eum
2447 1895 2656 1965 judicia
2685 1896 2925 1951 exsecuti
2954 1912 3160 1968 sumus,
3195 1913 3317 1969 quae
3344 1901 3412 1954 ab
3433 1917 3499 1956 eo

1906 1986 2240 2057 suspendere
2266 1985 2468 2039 diutius
2499 2000 2608 2040 non
2637 1984 3106 2056 praesumpsimus.
3131 1987 3324 2042 Vestra
3339 1989 3500 2044 etiam

1909 2075 2128 2146 sapiens
2159 2083 2212 2130 et
2243 2089 2456 2129 summa
2481 2073 2778 2129 auctoritas
2803 2073 2860 2128 in
2889 2075 3238 2130 decernendo
3263 2078 3504 2134 attendet

1909 2163 2230 2235 Apostolum
2251 2162 2690 2233 docentem,quia
2720 2163 3090 2235 quorumdam
3107 2169 3342 2236 peccata
3361 2183 3503 2238 prce-

1885 2323 1898 2344 ⁸
1909 2253 2168 2309 cedentia
2187 2255 2326 2307 sunt
2342 2252 2412 2307 ad
2420 2251 3104 2323 judicium,quorumdam
3120 2255 3297 2308 etiam
3313 2258 3370 2309 et
3384 2256 3506 2310 sub-

1911 2344 2228 2414 sequuntur
2255 2340 2301 2410 (Ι
2327 2341 2464 2395 Tim.
2496 2355 2552 2408 v,
2577 2339 2690 2410 24).
2717 2337 2851 2406 Quae
2869 2339 3008 2394 sicut
3048 2340 3239 2396 beatus
3285 2343 3505 2412 exponit

1911 2429 2232 2484 Ambrosius
2261 2428 2348 2499 (in
2391 2428 2617 2500 Apolog.
2667 2427 2860 2492 David,
2907 2443 2958 2482 c.
2993 2431 3067 2498 6),
3091 2443 3154 2484 ac
3176 2429 3224 2484 si
3241 2431 3418 2500 posita
3446 2432 3501 2486 in

1913 2517 2142 2585 bilance,
2194 2517 2249 2571 in
2280 2515 2486 2586 judicio
2532 2523 2656 2570 sunt
2712 2515 3092 2586 examinanda,
3143 2524 3320 2572 utrum
3364 2519 3506 2574 bona

1915 2622 2080 2676 opera
2121 2604 2355 2675 amplius
2398 2604 2682 2674 pensando
2735 2604 3129 2660 remuneranda
3174 2607 3503 2677 praecedant,

1916 2701 1969 2749 et
2025 2694 2167 2748 mala
2217 2692 2366 2748 facta
2418 2691 2642 2746 minima
2701 2692 3130 2748 misericorditer
3191 2693 3510 2751 dimittenda

1917 2783 2311 2848 demonstrent,
2345 2796 2417 2836 an
2447 2781 2589 2836 male
2614 2779 2758 2836 facta
2785 2780 3016 2851 amplius
3053 2783 3333 2852 pensando
3361 2799 3509 2853 prae-

1918 2872 2130 2936 cedant,
2163 2878 2221 2924 ut
2247 2877 2563 2926 mereantur
2591 2869 2952 2924 damnationis
2975 2869 3258 2940 judicium,
3287 2879 3340 2926 et
3367 2872 3513 2929 bona

1919 2960 2152 3032 paucula
2181 2957 2466 3014 suffocent.
2504 2957 2641 3026 Quia
2685 2966 2738 3012 et
2767 2974 2868 3013 nos
2895 2973 2998 3028 pro
3039 2959 3260 3016 modulo
3299 2969 3509 3028 nostro,

1921 3064 2031 3103 non
2063 3049 2241 3102 solum
2269 3047 2572 3113 utilitatem,
2623 3062 2813 3102 verum
2858 3055 2913 3101 et
2950 3047 3279 3103 noxietatem
3314 3049 3371 3103 in
3400 3050 3514 3105 Ro-

1923 3136 2087 3192 thado
2133 3151 2258 3192 cum
2303 3135 2462 3190 factis
2492 3135 2605 3190 suis
2647 3135 3014 3205 pensavimus,
3065 3144 3118 3190 et
3164 3137 3312 3192 velut
3357 3136 3515 3192 ficul—

1923 3240 2086 3280 neam
2113 3223 2518 3288 infructuosam,
2569 3230 2772 3277 terram
2807 3223 3126 3279 rationalem
3162 3224 3364 3279 diutius
3389 3225 3514 3281 inu-

1925 3312 2088 3368 tiliter
2141 3318 2516 3382 occupantem,
2568 3318 2622 3366 et
2667 3311 2829 3366 etiam
2869 3319 3002 3382 post'
3036 3312 3192 3382 plura
3243 3321 3513 3384 tempora,

1925 3401 2219 3473 pluresque
2247 3399 2665 3466 admonitiones,
2699 3399 2852 3472 quasi
2879 3399 3142 3470 cophinos
3171 3401 3518 3475 pinguedinis

1928 3489 2032 3546 sibi
2059 3488 2336 3561 appositos
2356 3504 2466 3542 non
2495 3487 2867 3558 recipientem,
2901 3489 3000 3543 sed
3028 3489 3268 3544 sterilem
3295 3506 3518 3561 perma-

1929 3585 2168 3644 nentem,
2200 3592 2312 3632 non
2339 3575 2455 3631 sine
2484 3575 2670 3631 dolore
2699 3576 2879 3632 cordis
2905 3576 3294 3632 succidendum
3331 3578 3518 3649 provi-

1931 3667 2129 3722 dimus.

2001 3757 2070 3810 Et
2103 3771 2228 3811 cum
2257 3755 2374 3810 haec
2413 3753 2488 3808 ita
2525 3769 2586 3808 se
2633 3753 2884 3819 habeant,
2937 3753 3144 3826 absque
3187 3754 3520 3813 dubitatione

1933 3843 2166 3909 conﬁdo,
2204 3842 2327 3915 quia
2355 3842 2509 3908 illud,
2541 3841 2688 3912 quod
2715 3841 2770 3895 in
2821 3841 3050 3912 prmfato
3081 3843 3524 3915 Carthaginensis

1933 3931 2149 3989 concilii
2178 3930 2416 4002 capitulo
2461 3929 2580 3984 sine
2607 3929 2718 3984 ulla
2763 3929 3195 4000 interpellatione
3240 3932 3526 4004 subsequi-

1935 4029 2040 4084 tur,
2073 4021 2352 4076 decretum
2379 4017 2548 4074 vestri
2584 4017 2974 4072 moderaminis
3015 4035 3352 4092 nequaquam
3383 4037 3526 4092 pra:-

1934 4109 2124 4165 teriret
2155 4125 2170 4162 :
2205 4109 2364 4174 Sane,
2399 4106 2570 4178 inquit
2627 4107 2852 4177 (concil.
2875 4106 3155 4178 Africam,
3190 4124 3310 4164 can.
3345 4111 3456 4179 89),
3481 4110 3527 4164 si

1937 4214 2002 4253 ex
2033 4213 2304 4252 consensu
2331 4195 2568 4266 partium
2601 4194 2757 4249 electi
2788 4193 2986 4248 fuerint
3025 4195 3258 4264 judices,
3308 4197 3470 4252 etiam
3497 4213 3531 4252 ι

1935 4285 2195 4356 pauciore
2225 4299 2449 4338 numero
2497 4297 2661 4354 quam
2690 4281 3036 4336 constitutum
3096 4292 3195 4349 est,
3233 4300 3342 4338 non
3373 4285 3532 4340 liceat

1935 4372 2244 4446 provocari.
2293 4371 2399 4440 Qui
2448 4386 2704 4426 numerus
2748 4370 3068 4426 constitutus
3107 4371 3164 4427 in
3209 4373 3532 4430 duodecimo

239 4465 429 4522 simam
449 4463 840 4521 discretionem
855 4470 1096 4519 vestram
1110 4462 1448 4534 provisuram
1468 4469 1838 4533 contemptum
1863 4452 1916 4511 D
1940 4461 2210 4534 superiori
2247 4460 2484 4533 capitulo
2512 4461 2929 4528 demonstratus,
2961 4468 3013 4516 et
3051 4477 3352 4517 consensus
3397 4479 3532 4534 par-

239 4571 298 4612 ac
341 4553 738 4611 contumaciam
787 4552 1150 4622 subjectorum
1207 4567 1340 4624 erga
1378 4551 1636 4622 praelatos
1690 4567 1839 4618 suos,

244 4651 294 4698 et
329 4643 644 4698 libertatem
686 4640 910 4712 impune
956 4639 1311 4712 delinquendi
1363 4647 1555 4696 contra
1602 4655 1844 4696 canones

247 4747 448 4801 sacros,
469 4748 597 4804 quae
624 4729 752 4786 hinc
781 4729 837 4783 in
867 4729 1070 4785 nostris
1103 4729 1416 4800 regionibus
1463 4737 1738 4800 poterunt,
1787 4737 1846 4783 ut

249 4821 570 4891 quibusdam
599 4818 832 4885 videtur,
865 4818 1058 4872 noxias
1089 4817 1236 4872 vires
1264 4817 1514 4889 accipere
1547 4835 1560 4872 :
1603 4834 1844 4889 praeser-

250 4907 344 4964 tim
406 4925 534 4966 cum
583 4907 1000 4978 sapientissimae
1046 4905 1351 4962 auctoritati
1391 4915 1587 4962 vestrae
1634 4914 1847 4962 constet

251 5009 371 5050 esse
398 4992 765 5061 notissimum,
797 4992 1176 5048 demonstrare
1198 4991 1521 5047 Sardicense
1557 4991 1849 5048 concilium

253 5080 307 5136 in
353 5083 588 5155 septimo
637 5097 738 5137 ruo
777 5079 1028 5152 capitulo,
1079 5079 1312 5151 qualiter
1352 5080 1548 5150 dejecti
1593 5089 1646 5135 et
1687 5081 1758 5136 ad
1788 5097 1848 5136 se

257 5171 536 5226 clamantis
569 5169 812 5242 episcopi
866 5168 1222 5224 restitutionis
1280 5169 1368 5224 vel
1397 5169 1454 5224 in
1509 5169 1848 5240 depositione

249 5259 650 5331 pcrmansionis
678 5257 972 5324 exsecutio,
1005 5273 1127 5314 cum
1147 5256 1501 5314 indemnitate
1532 5258 1850 5330 simpliciter

243 5349 625 5418 iudicantium,
657 5349 727 5403 ab
784 5347 1086 5420 apostolica
1135 5347 1266 5404 sede
1313 5349 1512 5405 debeat
1555 5349 1846 5406 celebrari.

251 5437 414 5506 Quod
443 5445 499 5496 et
527 5437 896 5504 Innocentius,
929 5445 982 5493 et
1009 5436 1338 5508 Bonifacius,
1369 5453 1560 5493 verum
1589 5445 1644 5494 et
1671 5438 1852 5496 Leoin

254 5527 513 5594 decretis,
563 5533 620 5584 et
659 5525 956 5602 Gregorius
1001 5525 1308 5585 evidentius
1351 5525 1407 5587 in
1448 5525 1692 5596 epistolis
1737 5529 1852 5584 suis

1941 4552 2073 4607 tium
2127 4551 2416 4623 expetitus,
2480 4550 2534 4605 in
2582 4549 2962 4618 dijudicatione
3025 4551 3257 4606 Rothadi
3323 4557 3534 4606 constat

1941 4640 2112 4696 fuisse
2141 4641 2462 4712 completus.
2509 4639 2751 4708 Quorum
2789 4647 2842 4694 et
2872 4639 2917 4693 si
2940 4638 3204 4708 judicium
3245 4654 3346 4708 pro
3393 4655 3532 4710 qua-

1943 4747 2156 4802 cunque
2183 4745 2352 4786 causa
2384 4729 2521 4784 forte
2565 4727 2988 4795 rationabiliore,
3042 4735 3096 4780 et
3154 4725 3332 4783 adhuc
3375 4728 3534 4786 nobis

1943 4819 2238 4892 incognita,
2285 4825 2481 4874 vestrae
2511 4833 2737 4872 summa;
2781 4812 3102 4878 auctoritati,
3156 4831 3320 4888 quam
3363 4819 3536 4874 multa

1945 4908 2104 4964 nobis
2145 4907 2356 4964 occulta
2402 4922 2513 4962 non
2573 4911 2868 4969 transeunt,
2909 4903 3194 4974 placuerit,
3245 4905 3530 4980 refragari,

1947 4997 2076 5070 quia
2099 5013 2280 5052 meum
2311 5004 2395 5050 est
2423 5011 2548 5050 mea
2571 4993 2726 5050 vobis
2764 4991 3072 5048 obediendo
3105 4995 3462 5062 committere,
3487 5003 3541 5050 et

1947 5101 2060 5141 non
2100 5085 2308 5155 judicia
2364 5093 2545 5140 vestra
2589 5081 2860 5136 discutere
2909 5081 3210 5150 sustinebo,
3261 5091 3312 5138 et
3350 5092 3538 5140 contra

1945 5181 2184 5230 vestram
2244 5173 2639 5229 restitutionem
2683 5167 3012 5240 regularem,
3067 5171 3113 5225 si
3169 5170 3308 5227 forte
3356 5173 3411 5226 in
3472 5188 3538 5227 eo

1949 5263 2162 5335 agenda
2178 5263 2294 5318 visa
2323 5260 2482 5317 fuerit
2519 5258 2597 5328 (in
2627 5273 2737 5329 qua
2781 5267 2961 5314 vestra
3005 5259 3257 5330 disponet
3301 5261 3537 5316 auctori-

1949 5361 2049 5420 tas,
2079 5353 2308 5425 qualiter
2333 5350 2506 5404 isdem
2533 5346 2726 5417 victor,
2751 5355 2809 5402 ut
2847 5349 3002 5415 solet,
3055 5355 3109 5404 et
3158 5350 3266 5405 voti
3313 5364 3537 5421 compos

1951 5457 2074 5514 qua
2100 5449 2226 5497 sunt
2270 5436 2511 5509 episcopi
2539 5437 2609 5494 de
2637 5436 2848 5509 reliquo
2895 5436 3096 5507 faciat),
3149 5453 3260 5494 non
3307 5438 3538 5494 recalci-

1952 5530 2107 5585 trabo
2141 5546 2154 5582 :
2193 5529 2401 5584 ducens
2447 5543 2546 5599 pro
2587 5542 2813 5600 magno,
2845 5527 2892 5582 si
2920 5542 2954 5582 a
2983 5525 3206 5584 diutinis
3255 5535 3306 5584 et
3353 5525 3536 5582 multis
