4026 6302
483 212 550 262 39
1405 208 1668 263 HlNCMA
1677 207 1745 262 R1
1802 201 2202 262 RHEMENSIS
2260 205 2810 264 ARCHIEPISCOPI.
3703 211 3773 263 :10

482 333 761 399 molestiis,
795 349 928 404 quas
959 333 1031 388 ab
1079 333 1171 388 illo
1200 341 1254 388 et
1280 349 1380 404 pre
1408 333 1501 389 illo
1556 350 1752 404 passus
1788 349 1931 400 sum,
1955 331 2071 400 jam
2107 329 2162 388 A
2181 329 2551 398 Treverensis,
2584 333 2872 388 commissa
2901 332 3018 388 fuit.
3053 335 3196 388 Inter
3225 349 3381 404 quas,
3403 333 3770 388 Rhemensem

487 422 708 476 tandem
762 420 1054 493 aliquando
1109 420 1322 477 valeam
1382 422 1680 493 respirare,
1713 431 1766 477 et
1796 436 2074 492 nunquam

485 509 616 564 mihi
647 509 926 582 contingat
954 509 1180 564 ulterius
1235 518 1425 565 contra
1479 509 1624 565 illius
1677 510 2078 582 inquietudines

483 597 741 654 inutiliter
785 597 1054 653 laborare.
1088 598 1157 653 Et
1199 599 1344 670 quod
1373 614 1483 654 non
1513 599 1690 654 solum
1720 599 1790 654 ab
1819 599 2078 656 ecclesm-

486 686 636 743 sticis
665 687 937 758 personis,
970 703 1162 742 verum
1191 696 1242 741 et
1273 687 1440 743 multo
1495 687 1670 760 magis
1709 687 1871 743 etiam
1912 704 1942 741 a
1969 704 2078 743 sae-

488 775 764 831 cularibus
792 783 980 830 nostra
1003 775 1211 844 judicia
1239 783 1679 844 contemnuntur,
1711 784 1764 831 et
1782 791 1882 846 pro
1912 775 2080 830 nihilo

487 863 780 930 ducuntur,
835 863 1143 920 dicentibus
1172 864 1270 930 eis,
1319 871 1372 918 et
1401 864 1468 919 ad
1506 864 1743 919 medium
1800 864 2079 920 devocan-

487 951 632 1007 tibus
689 952 798 1018 illa,
857 969 980 1024 quae
1007 953 1140 1007 mihi
1183 961 1382 1008 vestrae
1439 953 1746 1009 auctoritati
1803 968 1914 1008 non
1959 959 2084 1006 sunt

490 1039 839 1108 ascribenda,
893 1049 952 1096 ut
979 1057 1091 1096 non
1119 1040 1359 1096 animum
1413 1041 1716 1097 dulcedinis
1771 1048 1966 1096 vettraa
2025 1040 2082 1094 in

486 1128 670 1202 aliquo
698 1145 968 1196 moveam,
1001 1129 1146 1202 quod
1177 1145 1522 1201 summopere
1579 1145 1774 1186 cavere
1801 1128 2077 1185 desidero.

487 1217 544 1274 Si
574 1218 666 1290 qui
696 1218 752 1272 in
779 1218 1061 1290 provincia
1090 1228 1292 1285 nostra,
1337 1235 1568 1290 quorum
1621 1217 1838 1290 querela
1865 1217 1958 1272 illo
1987 1234 2082 1272 re-

488 1307 674 1363 stituto
701 1307 770 1362 ad
797 1323 896 1362 vos
924 1307 1100 1362 valeat
1129 1307 1436 1378 pervenire,
1471 1308 1540 1362 de
1568 1307 1866 1376 majoribus
1903 1305 2082 1362 causis

481 1397 552 1451 de
584 1403 779 1451 caetero
807 1396 1053 1467 quaedam
1083 1395 1476 1461 commiserint,
1503 1395 1641 1451 sicut
1671 1396 1738 1450 de
1761 1395 2081 1466 quibusdam

486 1483 650 1538 rebus
696 1483 1035 1555 frequentius
1092 1500 1251 1555 quam
1281 1484 1338 1537 in
1392 1483 1511 1537 istis
1545 1479 1832 1540 retreactts
1884 1491 2086 1553 tempo—

487 1572 640 1626 ribus
669 1571 1079 1628 committuntur
1098 1613 1111 1638 ,
1145 1588 1213 1626 ne
1241 1589 1272 1626 a
1302 1573 1417 1626 Deo
1463 1572 1694 1626 damner
1723 1571 1956 1636 snlentio,
1988 1586 2085 1628 eos

2175 419 2383 475 scilicet
2413 429 2467 475 et
2493 422 2884 476 Treverensem
2939 421 3241 476 Ecclesiam
3286 421 3410 490 (has
3465 420 3610 476 enim
3636 421 3774 475 duas

2176 515 2378 562 tantum
2409 509 2717 580 provincias
2746 509 2967 583 Belgica
2994 510 3150 583 regio
3166 510 3368 579 habet),
3405 509 3521 566 haec
3551 525 3774 580 semper

2177 595 2449 653 distinctio
2505 596 2620 667 fuit,
2683 599 2819 653 sicut
2862 597 2917 652 in
2965 597 3353 654 ecclesiasticis
3407 598 3772 653 monumentis

2177 683 2504 751 invenimus,
2536 694 2591 742 et
2619 685 3040 741 vetustissimam
3059 685 3510 742 consuetudinem
3551 702 3775 758 semper

2179 772 2479 829 obtinuisse
2509 775 2960 846 comperimus,ut
2989 775 3162 830 isdem
3191 775 3484 846 episcopus
3513 789 3622 830 non
3639 775 3772 842 loci,

2181 861 2280 914 sed
2310 861 2572 934 dignitate
2598 862 2807 917 ordinis
2835 862 2988 933 prior
3009 864 3308 918 secundum
3335 877 3524 918 sacras
3546 863 3774 936 regulas

2181 949 2492 1016 haberetur,
2525 950 2618 1022 qui
2644 949 2780 1006 foret
2809 951 2864 1005 in
2885 951 3122 1023 qualibet
3143 951 3373 1006 istarum
3399 949 3777 1007 Ecclesiarum

2179 1037 2469 1108 metropoli
2501 1047 2660 1094 antea
2715 1038 3014 1095 ordinatus.
3047 1039 3178 1094 Mihi
3215 1055 3346 1095 vero
3402 1054 3629 1096 necesse
3678 1040 3783 1095 erit

2181 1141 2268 1180 me
2323 1125 2504 1181 taliter
2561 1143 2776 1200 gerere,
2836 1143 2904 1182 ne
2961 1128 3121 1183 toties
3195 1128 3530 1209 auctoritatis
3584 1137 3780 1186 vestrae

2181 1213 2440 1284 epistolas
2499 1215 3082 1271 excommunicationes
3126 1215 3453 1272 intentantes
3481 1226 3532 1273 et
3591 1219 3783 1288 objur-

2181 1302 2452 1374 gationes,
2468 1318 2606 1374 quas
2627 1319 2754 1358 raro
2784 1313 2836 1358 et
2865 1319 3068 1375 magna
3123 1305 3446 1362 necessitate
3480 1304 3692 1362 ﬁendas
3722 1307 3782 1362 in

2181 1390 2604 1460 apostolicorum
2633 1391 2875 1447 virorum
2906 1392 3101 1448 litteris
3128 1393 3383 1466 legimus,
3443 1393 3680 1450 ferentes
3710 1395 3784 1452 de

2181 1478 2390 1550 reliquo
2449 1480 2734 1550 accipiam,
2794 1469 2932 1538 sicut
2978 1482 3095 1536 istis
3145 1483 3504 1554 temporibus,
3536 1485 3784 1555 peccatis

2182 1567 2318 1622 meis
2348 1568 2698 1636 merentibus,
2731 1569 3044 1642 frequenter
3071 1571 3276 1642 accepi.
3313 1571 3472 1640 Quod
3503 1572 3550 1628 si
3570 1573 3784 1629 sancti-

487 1675 836 1716 commonere
893 1660 1144 1730 studebo,
1177 1670 1231 1714 et
1261 1660 1306 1714 si
1365 1659 1646 1731 corrigere
1702 1676 1762 1715 se
1810 1659 2080 1716 voluerint
2108 1683 2162 1742 Β
2184 1655 2274 1709 tati
2303 1665 2499 1742 vestrm
2528 1656 2810 1729 placuerit,
2833 1674 2942 1714 non
2971 1659 3125 1715 vobis
3153 1675 3293 1729 opus
3339 1675 3508 1733 agere
3536 1661 3590 1716 in
3621 1669 3783 1732 post-

406 1819 411 1824 _
487 1749 870 1822 congaudebo,
904 1748 989 1802 sin
1019 1756 1220 1814 autem,
1253 1749 1321 1802 ad
1380 1757 1617 1803 vestrum
1671 1764 1768 1804 eos
1817 1748 2081 1819 judicium

487 1837 818 1909 provocabo.
853 1836 960 1904 Qui
1015 1837 1061 1890 si
1118 1835 1196 1892 ire
1225 1836 1516 1903 voluerint,
1549 1844 1731 1892 vestra
1759 1845 1942 1894 sancta
2003 1852 2085 1892 sa-

485 1925 688 1997 pientia
709 1924 841 1998 quid
868 1925 995 1980 inde
1048 1925 1243 1980 melius
1301 1925 1496 1981 viderit
1549 1925 1850 1981 decernere
1880 1941 2082 1996 procu-

489 2015 649 2069 rabit.
680 2013 737 2068 Si
767 2022 950 2070 autem
976 2013 1056 2069 ire
1085 2013 1374 2081 noluerint,
1409 2013 1612 2070 facient
1639 2014 1787 2086 quod
1817 2015 1918 2070 sibi
1954 2014 2085 2071 utile

481 2101 862 2172 judicaverint.
935 2102 1022 2158 Me
1053 2101 1260 2157 utinam
1304 2101 1436 2159 hinc
1463 2118 1496 2157 a
1515 2101 1699 2160 divina
1742 2101 2084 2158 damnatione

487 2190 753 2246 sententia
777 2190 952 2246 sancti
996 2190 1268 2246 Ambrosii
1297 2189 1514 2260 liberet,
1551 2207 1654 2262 qua
1684 2190 1852 2246 dicit:
1886 2191 1963 2256 Si,
1993 2191 2082 2245 in-

488 2280 701 2351 quiens,
735 2279 857 2350 quis
899 2287 1224 2350 potestatem
1281 2295 1390 2334 non
1419 2279 1583 2334 habet
1611 2295 1773 2352 quem
1804 2280 1906 2336 scit
1933 2295 2085 2334 reum

487 2367 742 2438 abjicere,
775 2375 868 2422 aut
924 2367 1160 2438 probare
1217 2383 1328 2423 non
1356 2367 1518 2437 valet,
1553 2367 1808 2422 immunis
1834 2375 1935 2422 est.
1971 2367 2084 2422 Sic-

487 2473 616 2528 que,
652 2464 710 2510 ut
737 2464 888 2528 puto,
922 2456 1048 2529 quia
1076 2456 1132 2510 in
1185 2455 1370 2510 multis
1425 2463 1741 2527 occupatus,
1792 2463 1842 2512 et
1871 2455 2085 2511 itineris

484 2543 825 2616 longitudine
853 2551 1014 2617 atque
1042 2544 1376 2601 insoliditate
1435 2545 1746 2612 obstrictus,
1778 2545 1847 2601 de
1902 2544 2084 2600 omni-

483 2631 608 2698 bus,
638 2641 926 2714 antequam
953 2631 1316 2688 insolentium
1371 2632 1596 2704 querela
1641 2633 1712 2688 ad
1741 2647 1839 2688 vos
1881 2649 2084 2704 perve-

484 2722 618 2788 niat,
651 2721 719 2776 ad
747 2720 1102 2792 apostolicam
1131 2721 1320 2776 sedem
1350 2720 1556 2776 referre
1602 2737 1711 2777 non
1755 2721 1934 2788 valeo,
1995 2722 2083 2776 in-

483 2809 737 2866 firmitate
768 2816 1056 2882 gravatus,
1090 2817 1144 2864 et
1173 2808 1378 2882 gratias
1435 2810 1551 2864 Deo
1598 2809 1832 2865 termino
1855 2811 1969 2879 jam
1998 2810 2084 2864 vi-

484 2899 660 2966 cinus,
690 2905 879 2968 potero
909 2913 1222 2968 praecavere
1251 2913 1320 2953 ne
1358 2913 1389 2951 a
1423 2913 1746 2970 quocunque
1787 2897 2085 2954 sanctitatis

483 2995 678 3044 vestrae
707 2985 920 3042 animus
958 3001 1092 3059 erga
1124 3001 1212 3040 me
1268 2993 1572 3054 moveatur,
1623 2994 1682 3041 ut
1726 2985 1906 3058 aliqua
1951 2986 2084 3041 mihi

485 3074 976 3133 excommunicatio
1034 3073 1351 3130 intentetur.
1416 3075 1485 3129 Et
1533 3073 1662 3130 licet
1717 3075 1964 3130 noverim
1991 3091 2085 3130 se-

481 3163 714 3221 cundum
759 3163 1008 3235 Apostoli
1053 3163 1439 3236 Evangelium,
1501 3163 1842 3220 redditurum
1904 3163 2090 3219 Domi-

484 3269 615 3309 num
643 3251 935 3324 unicuique
966 3252 1273 3306 secundum
1318 3267 1497 3322 Opera
1531 3252 1648 3321 ejus
1709 3254 1888 3322 (Rom.
1921 3267 1981 3319 ιι,
2015 3254 2092 3322 6),

483 3339 846 3398 testimonium
880 3339 1143 3394 reddente
1171 3337 1277 3393 illis
1333 3339 1684 3404 conscientia,
1729 3348 1783 3394 et
1836 3340 1976 3396 inter
2029 3357 2091 3396 se

484 3428 717 3484 invicem
745 3426 1136 3500 cogitationum
1199 3426 1572 3482 accusantium
1630 3434 1724 3481 aut
1776 3427 1938 3482 etiam
1994 3427 2089 3484 de-

483 3515 833 3581 fendentium,
864 3515 920 3570 in
947 3515 1037 3570 die
1070 3529 1185 3587 qua
1209 3514 1478 3584 judicabit
1507 3513 1719 3570 occulta
1748 3515 2029 3570 hominum
2071 3533 2085 3568 :

487 3614 541 3662 et
565 3612 624 3660 ut
653 3605 760 3661 Leo
791 3603 923 3659 dicit
967 3619 979 3657 :
1017 3601 1074 3658 Si
1131 3602 1262 3675 quid
1293 3619 1396 3674 per
1454 3603 1764 3658 servitutem
1824 3612 2086 3670 nostram,

487 3692 741 3748 videlicet
767 3690 1184 3758 sacerdotalem,
1247 3690 1393 3746 bono
1450 3690 1640 3746 ordine
1685 3699 1738 3747 et
1767 3692 2090 3764 gratulando

485 3779 738 3852 impletur
764 3777 978 3844 affectu,
1011 3795 1122 3834 non
1147 3778 1490 3850 ambigamus
1521 3795 1622 3850 per
1654 3781 1912 3852 Spiritum
1961 3797 2090 3835 san-

485 3877 630 3925 ctum
649 3867 808 3924 nobis
835 3865 1007 3924 fuisse
1067 3867 1346 3933 donatum,
1405 3875 1458 3923 et
1514 3868 1660 3940 quod
1716 3885 1875 3924 secus
1904 3867 2087 3939 fuerit,

485 3964 665 4013 ratum
693 3971 816 4011 esse
844 3970 955 4011 non
981 3954 1179 4026 poterit
1210 3971 1224 4010 :
1273 3955 1454 4010 modis
1496 3955 1771 4022 omnibus,
1828 3964 2092 4028 quantum

485 4045 604 4118 ipse
631 4043 934 4111 donaverit,
964 4059 995 4098 a
1025 4059 1131 4116 quo
1163 4051 1245 4098 est
1299 4059 1462 4099 omne
1491 4043 1680 4099 datum
1733 4045 1998 4116 optimum
2037 4061 2093 4114 et

487 4149 650 4191 omne
669 4132 876 4189 donum
920 4131 1248 4202 perfectum,
1306 4131 1600 4203 providere
1650 4133 1900 4201 studebo,
1961 4149 2031 4189 ne
2059 4149 2094 4189 a

487 4220 871 4280 communione
899 4219 1048 4276 sedis
1071 4220 1400 4292 apostolica},
1440 4221 1587 4294 quod
1643 4221 1806 4289 absit,
1850 4221 2094 4296 quolibet

484 4311 648 4367 modo
675 4318 950 4367 extorrem
975 4325 1065 4366 me
1093 4309 1314 4366 ultimus
1340 4310 1480 4378 dies,
1545 4310 1638 4382 qui
1676 4310 1809 4366 mihi
1851 4311 2091 4367 incertus

2182 1737 2415 1799 modum
2435 1745 2556 1812 erit,
2588 1746 2763 1802 donec
2793 1747 3092 1818 apostolica
3119 1755 3301 1804 vestra
3347 1748 3522 1818 jussio
3570 1766 3658 1805 me
3689 1749 3782 1804 in-

2181 1832 2522 1888 obedientem
2576 1834 2631 1888 in
2687 1835 2869 1907 aliquo
2925 1843 3114 1891 contra
3165 1836 3386 1910 regulas
3441 1853 3624 1894 sacras
3677 1855 3786 1910 per

2181 1927 2572 1992 contemptum,
2607 1923 2751 1994 quod
2781 1923 2941 1992 absit,
2975 1924 3258 1980 invenerit.
3303 1924 3406 1994 Qui
3437 1927 3580 1982 enim
3611 1943 3784 1998 quare

2182 2009 2446 2065 Dominus
2477 2009 2532 2064 in
2561 2011 2860 2083 Evangelio
2903 2013 3234 2069 centurionis
3283 2013 3448 2070 fidem
3485 2014 3670 2071 laudet
3698 2015 3786 2071 di-

2181 2098 2354 2153 centis
2375 2115 2388 2152 :
2408 2100 2508 2155 Dic
2523 2100 2680 2156 verbo
2698 2104 2754 2156 et
2773 2102 3074 2157 sanabitur
3083 2119 3230 2175 puer
3243 2119 3401 2159 meus
3419 2103 3634 2172 (Matth.
3655 2119 3782 2170 vin,

2183 2187 2238 2256 8)
2295 2186 2568 2260 intelligit,
2605 2203 2769 2260 quam
2825 2190 3191 2260 operatorium
3249 2191 3318 2245 sit
3375 2191 3636 2263 epiSCOpi,
3669 2192 3786 2248 imo

2183 2273 2322 2330 sicut
2352 2275 2408 2328 in
2427 2275 2594 2332 Paulo
2621 2276 2677 2332 in
2709 2292 2768 2333 se
2795 2277 3068 2348 loquentis
3099 2278 3320 2344 Christi,
3352 2288 3554 2351 quanto
3598 2281 3786 2354 magis

2183 2362 2454 2434 pontificis
2484 2365 2798 2436 apostolicae
2829 2367 2976 2422 sedis
3005 2367 3254 2434 verbum,
3313 2375 3366 2423 et
3420 2384 3584 2440 quam
3639 2370 3782 2424 obe-

2183 2451 2378 2507 dicnda
2400 2453 2466 2508 sit
2493 2454 2664 2525 ipsius
2691 2455 3004 2526 praeceptio,
3037 2456 3201 2511 etiam
3232 2456 3352 2512 sine
3378 2455 3490 2511 ulla
3537 2457 3784 2513 admira-

2183 2539 2348 2596 tionis
2377 2543 2680 2614 adjectione
2733 2545 3032 2616 cognoscit.
3067 2543 3227 2614 Quod
3257 2552 3312 2600 et
3365 2545 3659 2602 scientibus
3689 2546 3785 2601 in-

2184 2635 2424 2702 culcare,
2461 2641 2513 2688 et
2531 2631 2902 2687 nescientibus
2933 2631 3185 2688 intimare
3216 2633 3554 2704 sapientibus
3607 2642 3661 2690 et
3687 2635 3784 2690 in-

2185 2707 2506 2795 sipientibus
2535 2720 2809 2776 debitores
2838 2720 3103 2776 debemus
3134 2721 3378 2792 episcopi
3410 2738 3422 2778 :
3475 2723 3672 2794 quibus
3730 2723 3784 2780 si

2184 2812 2253 2868 de
2281 2810 2495 2881 reliquo
2524 2809 2694 2864 verba
2718 2809 3025 2880 iniquorum
3054 2809 3438 2880 praevaluerint
3485 2812 3785 2867 adversum

2183 2915 2304 2964 nos,
2339 2898 2476 2953 sicut
2496 2897 2746 2966 jactitant
2773 2896 3136 2968 proferentes,
3168 2914 3278 2954 non
3309 2899 3411 2954 erit
3439 2915 3667 2956 necesse
3708 2901 3784 2956 de

2184 2985 2609 3060 provincialibus
2638 2985 2881 3056 synodis,
2915 2985 2970 3040 in
3017 2985 3213 3058 quibus
3243 2987 3506 3043 hactenus
3560 2987 3784 3044 labora-

2186 3077 2384 3142 vimus,
2415 3088 2754 3148 magnOpere
2784 3073 3032 3131 laborare
3077 3091 3090 3128 :
3124 3074 3323 3147 quippe
3361 3077 3616 3148 quoniam
3673 3077 3784 3132 erit

2185 3173 2238 3220 et
2266 3164 2351 3220 lex
2383 3171 2436 3218 et
2465 3178 2591 3234 spes
2621 3162 2726 3217 sibi
2747 3161 2999 3234 quisque.
3045 3161 3204 3232 Quod
3232 3163 3453 3234 quidem
3474 3173 3656 3220 vestra
3677 3166 3784 3221 hu-

2185 3251 2395 3308 militati
2423 3267 2559 3307 meae
2607 3251 2822 3322 scripsit
2879 3251 3200 3322 sublimitas,
3241 3251 3420 3323 primo
3473 3269 3572 3309 vos
3626 3269 3779 3309 com-

2186 3349 2364 3396 motos
2396 3357 2518 3396 esse
2549 3339 2618 3396 ad
2647 3339 2880 3394 Rothadi
2909 3355 3131 3396 causam
3195 3339 3578 3412 inquirendam
3618 3358 3774 3409 cura,

2187 3445 2296 3500 qua
2326 3445 2424 3500 pro
2461 3427 2734 3484 universis
2785 3426 3014 3483 fratibus
3069 3428 3267 3483 vestris
3321 3430 3780 3503 constringimini,

2187 3534 2306 3572 cum
2335 3516 2518 3572 debita
2556 3517 2859 3572 reverentia
2900 3523 3177 3588 gratanter
3213 3518 3420 3590 accepi,
3469 3519 3784 3591 intelligens

2189 3605 2318 3678 quia
2372 3605 2428 3660 in
2470 3621 2697 3660 numero
2736 3605 2965 3661 fratrum
2994 3621 3094 3660 nos
3136 3606 3539 3680 qualescunque
3576 3616 3783 3664 metro-

2188 3693 2408 3766 politani
2441 3694 2742 3765 computari
2784 3695 3066 3750 debemus.
3115 3695 3198 3750 Ea
3225 3704 3464 3768 propter,
3524 3696 3662 3753 sicut
3691 3714 3788 3754 ve-

2189 3791 2316 3839 stra:
2338 3783 2651 3838 discretioni
2677 3783 3074 3854 providendum
3113 3791 3213 3851 est,
3273 3801 3342 3840 ne
3372 3785 3602 3855 subjecti
3656 3785 3783 3858 epi-

2191 3870 2342 3942 scopi
2370 3887 2403 3926 a
2430 3871 2858 3942 metropolitanis
2913 3871 3287 3944 irregulariter
3324 3873 3776 3945 condemnentur,

2188 3958 2261 4014 ita
2289 3959 2677 4015 nihilhominus
2705 3959 3101 4032 providendum
3147 3967 3248 4026 est,
3282 3969 3341 4015 ut
3369 3962 3782 4033 metropolitani

2189 4063 2220 4102 a
2251 4048 2481 4103 subditis
2509 4048 2622 4103 suis
2652 4047 2924 4119 episcopis
2953 4064 3062 4102 non
3103 4047 3474 4122 irregulariter
3531 4059 3783 4107 contem-

2192 4143 2406 4192 nantur.
2465 4136 2674 4192 Deinde
2703 4136 2850 4208 quod
2905 4134 3301 4207 perfectissime
3345 4137 3636 4210 scripsistis
3698 4155 3790 4196 se-

2189 4224 2390 4292 cundo,
2423 4225 2679 4297 quoniam
2728 4223 2917 4279 sedem
2972 4224 3327 4295 apostolicam
3357 4226 3639 4284 Rothadus
3677 4244 3785 4284 no-

2189 4313 2354 4370 scitur
2377 4314 2702 4387 appellasse,
2749 4319 2802 4368 et
2830 4328 2899 4366 ne
2928 4312 3220 4368 videamini
3272 4315 3536 4374 Ecclesiae
3591 4325 3787 4375 vestras

484 4407 586 4467 est,
620 4405 676 4455 et
721 4397 900 4455 subito
945 4397 1134 4454 venire
1191 4405 1388 4470 potest,
1449 4398 1706 4454 inveniat.
1739 4398 1855 4453 Erit
1912 4399 2076 4467 enim,
2107 4390 2590 4470 Dprivilegiorum
2645 4396 2964 4453 detrimenta
3019 4397 3212 4452 diebus
3269 4399 3463 4454 vestris
3531 4401 3784 4472 aequani-

482 4487 734 4562 quamvis
783 4485 987 4543 tardius
1031 4501 1196 4560 quam
1242 4502 1469 4543 necesse
1517 4486 1604 4552 sit,
1667 4487 1924 4559 quoniam
1978 4502 2085 4560 ego

486 4577 672 4650 gravis
701 4583 974 4649 peccator,
1008 4575 1164 4649 gravi
1191 4591 1416 4632 carcere
1445 4575 1692 4648 corporis
1712 4575 1806 4631 diu
1841 4575 2084 4632 inclusus

482 4673 691 4732 teneor,
721 4666 914 4722 merito
945 4665 1002 4720 in
1051 4665 1234 4720 multis
1291 4663 1540 4732 afﬂictus,
1600 4663 2082 4736 providentissimo

485 4753 718 4810 Domino
748 4754 1086 4824 providente,
1115 4760 1171 4808 et
1199 4761 1414 4825 tempus
1442 4760 1496 4810 et
1551 4768 1788 4825 persona
1814 4753 1872 4808 in
1927 4753 2080 4810 Rhe-

485 4857 694 4898 morum
723 4842 988 4908 Ecclesia,
1048 4843 1269 4916 quando
1325 4849 1379 4898 et
1405 4841 1462 4897 in
1518 4858 1625 4914 qua
1661 4842 1731 4897 ab
1785 4841 2081 4914 apostolica

482 4929 800 4986 auctoritate
827 4929 1174 5002 privilegium
1228 4931 1557 5002 integratum
1603 4931 1708 4988 sibi
1736 4947 1805 4987 ex
1859 4931 2082 5004 antiqua

484 5019 874 5076 consuetudine
921 5018 1176 5074 collatum
1204 5027 1258 5075 et
1307 5027 1692 5076 conservatum
1744 5019 2077 5077 habebitur:

484 5124 606 5180 quae
634 5123 912 5180 nunquam
941 5114 1167 5180 excepto
1222 5109 1470 5164 Romano
1513 5107 1766 5180 pontifice
1794 5109 2080 5181 primatem

484 5195 688 5267 habuit,
719 5195 823 5251 nisi
853 5196 1092 5268 quandiu
1121 5195 1296 5266 ejecto
1326 5196 1443 5252 sine
1472 5197 1583 5253 ullo
1631 5197 1860 5255 crimine
1917 5198 1988 5253 ab
2017 5214 2081 5254 ea

487 5300 585 5342 suo
629 5283 886 5356 pontiﬁce
949 5285 1248 5356 Rigoberto
1305 5285 1564 5342 violentia
1592 5287 1810 5360 tyranni
1863 5285 2080 5342 Milonis

493 5382 738 5445 tempore
771 5373 952 5431 Caroli
981 5373 1240 5446 principis
1267 5382 1484 5446 pastore
1532 5391 1746 5444 vacans,
1801 5373 2078 5432 Bonifacio

489 5462 801 5534 apostolicae
850 5462 996 5520 sedis
1025 5463 1208 5536 legato
1228 5463 1563 5536 aliquandiu,
1589 5465 1724 5522 sicut
1756 5473 1807 5520 et
1834 5462 2082 5522 Ecclesia

2185 4487 2346 4542 miter
2374 4485 2630 4552 tolerare,
2692 4493 2746 4540 et
2773 4486 2878 4542 hoc
2932 4485 3284 4542 nihilominus
3341 4504 3371 4542 a
3399 4487 3558 4544 nobis
3606 4497 3659 4544 et
3713 4489 3784 4546 ab

2184 4574 2438 4632 omnibus
2483 4582 2567 4629 est
2621 4573 2925 4630 rectissime
2983 4575 3412 4648 suscipiendum,
3473 4585 3527 4632 et
3599 4578 3784 4635 soler-

2183 4664 2393 4720 tissime
2443 4663 2900 4720 conservandum.
2962 4661 3121 4731 Quod
3147 4672 3201 4722 et
3257 4681 3363 4740 ego
3422 4681 3524 4736 pro
3551 4666 3781 4723 modulo

2181 4769 2326 4820 meo,
2359 4751 2691 4809 servandum
2720 4767 2843 4808 esse
2870 4751 3017 4808 volui
3047 4760 3100 4808 et
3129 4752 3272 4824 volo,
3306 4761 3378 4822 et,
3411 4753 3627 4812 favente
3670 4756 3785 4812 Do-

2180 4841 2346 4909 mino,
2377 4841 2434 4896 in
2461 4842 2567 4896 hac
2597 4840 2886 4896 devotione
2913 4842 3168 4910 manebo,
3215 4843 3394 4900 sciens
3433 4843 3782 4917 privilegium

2180 4929 2610 5002 metropolitanae
2639 4929 2785 4985 sedis
2836 4929 3185 4999 Rhemorum,
3235 4931 3320 4988 cui
3367 4949 3455 4988 me
3483 4932 3669 4989 divina
3697 4933 3784 4991 di-

2181 5019 2365 5091 gnatio
2393 5017 2596 5076 servire
2625 5017 2911 5090 disposuit,
2942 5019 2998 5075 in
3056 5036 3266 5076 summo
3311 5020 3599 5094 privilegio
3653 5037 3783 5079 san-

2182 5115 2281 5164 ctae
2324 5107 2470 5164 sedis
2525 5107 2804 5178 Romanae,
2850 5124 3094 5175 manere,
3156 5117 3209 5166 et
3264 5108 3611 5183 privilegium
3657 5127 3783 5168 esse

2181 5195 2327 5254 sedis
2356 5197 2632 5265 Romanae,
2693 5195 2739 5252 si
2767 5213 2866 5253 sua
2905 5196 3223 5254 auctoritate
3281 5197 3629 5272 privilegium
3678 5198 3787 5257 sibi

2181 5285 2442 5355 subjectae
2490 5285 2636 5342 sedis
2692 5285 2881 5343 fecerit
2928 5286 3138 5360 vigere,
3199 5294 3252 5343 et
3283 5287 3548 5344 studuerit
3589 5287 3784 5346 conﬁr-

2181 5390 2359 5432 mare.

2257 5465 2342 5520 De
2374 5480 2440 5520 eo
2471 5481 2604 5522 vero
2637 5467 2784 5538 quod
2812 5465 2997 5548 tertio,
3025 5465 3147 5522 loco
3177 5467 3243 5522 ad
3271 5466 3511 5523 medium
3540 5468 3782 5526 devoca-
