4026 6366
177 326 232 378 Li
1633 313 2009 376 EPISTOLzE.
3409 318 3478 376 42

173 447 283 513 stis,
315 445 567 503 scribere
591 444 742 501 aliud
775 445 906 500 nihil
931 445 1278 517 praesumpsi,
1311 444 1416 500 nisi
1452 443 1580 518 quia
1609 459 1777 500 causa
1795 443 1852 504 A
1881 443 2006 498 inde
2053 443 2199 514 apud
2226 443 2487 498 domuum
2529 450 2772 498 nostrum
2817 458 3007 515 regem
3049 443 3382 513 adjuvarem,
3420 451 3478 498 ut

171 535 396 592 Rothadi
423 551 459 590 a
489 535 674 591 causis
712 535 950 601 illorum,
974 535 1043 590 de
1081 535 1278 606 quibus
1324 534 1646 606 scripsistis,
1695 541 1780 588 est

173 641 306 696 pene
330 624 390 678 in
417 624 633 680 cunctis
661 624 962 679 dissimilis.
996 625 1077 679 De
1104 639 1170 678 eo
1201 623 1349 695 quod
1380 624 1602 678 tandem
1640 637 1778 694 apo-

177 713 358 769 stolica
399 722 588 769 vestra
635 712 944 786 benignitas
991 712 1300 784 indignitati
1341 729 1478 768 meae
1531 711 1780 768 scribere

178 801 520 874 estdignata,
543 809 604 856 ut
629 803 750 858 haec
789 801 1074 858 vobiscum
1121 801 1377 874 cogitem,
1403 811 1454 856 et
1511 801 1657 873 quod
1711 801 1780 855 de

179 891 421 947 Rothado
451 891 748 946 decernitis
777 891 1100 962 approbem,
1133 897 1184 945 et
1213 905 1324 946 non
1367 890 1438 944 ad
1479 889 1588 944 mei
1635 889 1778 958 inju-

177 980 305 1035 riam
331 980 391 1034 id
421 995 522 1035 vos
579 979 764 1052 egisse
819 979 1212 1050 aliquantulum
1242 986 1518 1034 autumcm
1551 995 1564 1032 :
1599 993 1778 1050 quan-

179 1078 288 1124 tum
319 1069 474 1124 valeo
505 1067 633 1123 totis
670 1067 925 1124 medullis
974 1068 1175 1135 cordis,
1221 1084 1345 1124 cum
1380 1067 1530 1123 omni
1573 1066 1780 1138 suppli-

179 1157 389 1214 catione
420 1165 474 1212 et
503 1157 691 1212 debita
719 1173 784 1212 ac
805 1156 1078 1212 submissa
1129 1156 1448 1222 humilitate,
1483 1155 1780 1210 immensas

179 1247 474 1318 gratiarum
491 1245 739 1302 actiones
757 1254 945 1301 sancto
965 1245 1290 1316 apostolatui
1309 1252 1492 1300 vestro
1512 1245 1776 1315 rependo,

183 1351 303 1390 cum
333 1334 488 1390 omni
531 1333 842 1389 sinceritate
886 1333 1054 1388 animi
1098 1333 1431 1399 rescribens,
1483 1332 1610 1404 quia
1643 1332 1783 1387 sicut

181 1423 307 1478 mihi
336 1423 583 1478 scribere
615 1422 824 1495 dignati
856 1421 1005 1488 estis,
1033 1421 1108 1476 ita
1137 1439 1237 1492 per
1273 1421 1458 1477 omnia
1483 1421 1670 1476 credo.
1713 1421 1781 1475 Et

178 1512 297 1584 quia
341 1511 697 1583 privilegium
728 1511 896 1566 vestri
926 1510 1125 1566 summi
1154 1508 1521 1580 pontiﬁcatus,
1554 1517 1612 1564 ut
1640 1524 1778 1564 con-

178 1601 331 1656 decet
370 1607 426 1655 et
469 1615 666 1655 omnes
693 1599 1090 1665 desideramus,
1133 1597 1495 1655 evindicatum
1540 1597 1774 1664 habetis,

183 1689 322 1760 quod
369 1705 539 1744 nemo
594 1697 842 1744 nostrum
883 1687 1296 1753 Contradixerat,
1346 1687 1404 1740 in
1458 1686 1782 1742 deductione

181 1777 412 1833 Rothadi
433 1777 594 1832 sicuti
623 1775 961 1865 praecepistis
993 1777 1074 1865 ad,
1109 1783 1348 1865 vestram
1374 1775 1735 1865 praesentiam
1767 1816 1780 1841 ,
1799 1805 1855 1865 Β

181 1875 235 1921 ut
261 1867 572 1937 perdonare
601 1865 814 1937 dignati
843 1863 994 1931 estis,
1027 1864 1217 1920 videre
1233 1863 1520 1930 desidero,
1551 1871 1604 1919 et
1631 1863 1785 1919 visu-

181 1971 294 2010 rum
322 1971 414 2010 me
445 1971 571 2010 esse
601 1952 838 2022 conﬁdo,
871 1953 1000 2026 quia
1029 1969 1138 2008 non
1183 1952 1332 2008 aliud
1377 1953 1484 2008 nisi
1521 1961 1580 2008 ut
1625 1967 1791 2024 supra

184 2044 504 2110 monstravi,
540 2043 687 2115 quod
719 2043 924 2114 regulae
955 2058 1128 2098 sacrae
1157 2041 1510 2114 praecipiunt,
1571 2049 1624 2097 et
1655 2041 1790 2096 mihi

181 2133 502 2205 petendum,
527 2139 581 2187 et
613 2131 770 2187 vobis
801 2131 1215 2188 concedendum
1245 2139 1345 2186 est.
1378 2130 1600 2186 Postulo
1629 2130 1788 2186 vide-

174 2221 324 2288 licet,
353 2230 417 2276 ut
445 2221 528 2276 sic
555 2220 806 2276 Rothado
834 2220 902 2274 ab
934 2219 1250 2276 auctoritate
1270 2227 1455 2276 vestra
1481 2219 1789 2290 compassio

183 2311 523 2377 exhibeatur,
584 2317 646 2364 ut
701 2309 860 2380 vigor
907 2307 1308 2365 ecclesiasticus
1353 2324 1466 2363 non
1511 2308 1786 2364 dissolva-

178 2407 265 2454 tur
296 2417 310 2453 :
346 2407 400 2454 et
435 2398 517 2453 sic
551 2397 708 2469 vigor
755 2397 1164 2454 ecclesiasticus
1190 2405 1564 2464 conservetur,
1596 2405 1654 2452 ut
1685 2397 1786 2453 de-

179 2488 291 2543 bita
335 2485 726 2542 misericordia
756 2495 810 2542 et
854 2486 1162 2543 necessaria
1201 2485 1525 2542 sufﬁcientia
1571 2486 1621 2541 ei
1677 2501 1788 2541 non

178 2577 504 2647 denegetur.
532 2573 816 2644 Quatenus
845 2579 948 2631 "nec
967 2575 1137 2646 ipsius
1155 2574 1402 2646 exemplo
1419 2575 1490 2628 ad
1511 2575 1787 2630 exceden-

177 2661 302 2717 dum
331 2660 433 2716 alii
460 2667 852 2731 provocentur,
880 2674 984 2714 nec
1015 2658 1209 2730 quibus
1229 2658 1285 2712 in
1309 2657 1428 2712 istis
1445 2657 1783 2731 regionibus,

177 2749 398 2822 longius
419 2749 492 2802 ab
523 2747 828 2820 apostolica
870 2747 1002 2802 sede
1031 2747 1272 2812 remotis,
1315 2763 1560 2802 censura}
1603 2745 1786 2802 eccle-

176 2838 409 2894 siasticae
441 2836 750 2893 moderatio
781 2844 863 2891 est
895 2835 1208 2903 commissa,
1240 2835 1386 2903 hinc,
1421 2835 1568 2906 quod
1623 2835 1784 2902 absit,

177 2927 547 2998 conspiciant,
576 2925 725 2980 unde
779 2933 871 2980 aut
916 2924 1280 2997 negligentia,
1314 2931 1403 2978 aut
1432 2923 1786 2980 dissolutione

177 3024 512 3087 tepescant,
577 3014 666 3070 vel
723 3015 986 3069 terminos
1043 3029 1179 3085 quos
1233 3019 1532 3067 statuerunt
1599 3020 1786 3084 patres

179 3101 629 3176 transgrediendi
673 3103 955 3163 materiem
1004 3119 1063 3157 se
1109 3117 1327 3157 sumere
1368 3117 1533 3172 posse
1578 3101 1781 3168 dicant,

1881 531 2140 604 quoniam
2164 531 2484 603 praedictum
2514 530 2790 586 hominem
2818 530 2874 584 in
2895 547 2996 586 sua
3025 531 3131 586 fide
3158 539 3474 604 acceperat,

1878 621 2087 675 nullum
2110 620 2314 675 malum
2369 619 2614 676 haberet.
2691 617 2790 675 Cui
2835 620 3110 692 respondi,
3162 628 3223 675 ut
3269 627 3481 676 teneret

1878 709 2059 782 ipsum
2101 709 2379 766 hominem
2425 725 2632 778 secum,
2680 725 2750 764 ne
2797 708 3014 764 interim
3058 708 3227 764 ullum
3272 709 3474 766 malum

1878 806 2171 870 pateretur,
2203 799 2378 854 donec
2408 799 2479 854 ad
2523 805 2735 854 cortem
2785 797 3046 866 redirem,
3098 805 3154 854 et
3215 807 3477 870 quantum

1879 903 2100 958 possem
2127 889 2252 943 inde
2273 887 2428 942 illum
2459 888 2716 958 adjuvare
2760 904 3030 944 curarem.
3081 888 3268 959 Ipsum
3299 895 3481 944 autem
3506 940 3508 943 .

1878 977 2155 1032 hominem
2184 992 2288 1033 nec
2317 984 2447 1033 tunc
2477 993 2580 1033 nec
2607 984 2798 1049 postea
2823 977 2954 1044 vidi,
2988 993 3090 1032 nec
3129 991 3238 1048 quo
3257 977 3480 1034 absces-

1881 1065 2013 1120 serit
2043 1082 2169 1122 cum
2208 1065 2483 1137 episcopis
2513 1065 2726 1122 audivi.

1952 1153 2087 1223 Quae
2114 1154 2320 1210 idcirco
2350 1154 2621 1210 sanctitati
2647 1161 2846 1210 vestrae
2892 1153 3134 1210 scribere
3178 1155 3379 1223 studui,
3421 1163 3481 1210 ut

1881 1243 1927 1297 si
1973 1243 2169 1314 aliquis
2207 1243 2590 1299 malivolorum
2635 1251 2944 1300 nostrorum
2971 1259 3126 1300 more
3165 1261 3265 1300 suo
3318 1243 3510 1306 vobis,

1882 1332 2142 1402 quiddam
2169 1331 2370 1386 sinistri
2415 1349 2481 1388 ex
2529 1334 2654 1399 hoc,
2701 1349 3005 1404 suggerere
3043 1333 3296 1400 voluerit,
3345 1333 3478 1404 quid

1880 1419 2006 1475 inde
2035 1436 2226 1475 verum
2256 1421 2326 1475 sit
2371 1421 2735 1494 cognoscatis,
2796 1428 2849 1476 et
2905 1437 3037 1494 erga
3091 1438 3181 1478 me
3237 1429 3482 1478 vestrum

1881 1508 2122 1564 animum
2177 1525 2286 1564 non
2345 1510 2630 1566 moveatis.
2679 1508 2966 1565 Rationem
3010 1510 3266 1582 denique,
3314 1525 3482 1582 quam

1881 1597 2097 1652 reddidi
2127 1613 2316 1654 coram
2336 1597 2523 1653 electis
2546 1597 2840 1667 judicibus,
2872 1598 2941 1653 de
2971 1599 3168 1670 quibus
3195 1614 3298 1670 per
3323 1599 3483 1654 libel-

1881 1687 1994 1740 lum
2021 1686 2427 1758 provocationis
2455 1687 2526 1741 ad
2557 1686 2856 1742 electorum
2897 1686 3160 1756 judicium
3205 1687 3419 1744 fueram
3451 1704 3484 1742 a

1881 1775 2130 1831 Rothado
2159 1775 2453 1846 impetitus,
2486 1775 2592 1846 ipsi
2620 1775 2959 1832 venerabiles
2979 1775 3252 1848 episcopis
3285 1783 3484 1833 vestra:

1887 1863 2192 1919 auctoritati
2219 1863 2604 1918 transmittunt.
2635 1865 2718 1919 De
2760 1863 2933 1936 gestis
2975 1879 3110 1920 vero
3152 1881 3184 1919 a
3232 1865 3481 1921 Rothado

1887 1961 2010 2024 post
2063 1952 2675 2009 excommunicationem
2707 1969 2862 2008 suam
2894 1953 2950 2007 in
2991 1953 3321 2026 provinciali.
3361 1969 3487 2026 syn-

1887 2043 1994 2098 odo
2022 2042 2344 2114 compilatis,
2403 2055 2525 2114 quae
2579 2058 2682 2114 per
2725 2041 2934 2098 vicinos
2990 2049 3206 2098 nostros
3259 2043 3329 2098 ad
3385 2057 3486 2099 vos

1889 2131 1946 2186 in
2000 2131 2413 2202 derogationem
2468 2138 2716 2188 nostram
2762 2131 3084 2202 pervenisse
3135 2130 3441 2188 audivimus
3465 2175 3479 2198 ,

1888 2219 2132 2292 episcOpi
2159 2221 2492 2276 Rhemorum
2507 2219 2802 2292 provinciae
2819 2236 2920 2291 per
2933 2235 3250 2276 communes
3267 2220 3482 2292 legatos

1887 2316 2106 2364 nostros
2137 2317 2330 2365 vestrae
2361 2309 2630 2365 sanctitati
2667 2325 2791 2382 quae
2821 2309 2998 2366 sciunt
3028 2309 3279 2366 intimare
3321 2323 3482 2366 cura—

1887 2406 2032 2452 runt.

1957 2489 2099 2542 Item
2125 2492 2257 2559 post
2285 2488 2586 2559 aliquanta
2613 2487 2681 2543 de
2705 2489 3056 2560 promotionc
3085 2488 3262 2560 ipsius
3291 2487 3488 2544 damni

1886 2576 2180 2632 Hincmari
2193 2577 2265 2632 ad
2285 2577 2691 2648 episcopatum,
2714 2593 2836 2648 quae
2845 2579 2972 2648 jam
2991 2576 3252 2648 superius
3263 2577 3484 2648 partim

1883 2667 2202 2736 prwnotata
2230 2681 2346 2721 non
2401 2667 2728 2721 curavimus
2767 2665 2862 2720 hic
2899 2665 3185 2721 iteranda.
3235 2663 3486 2736 Denique

1884 2751 2112 2822 praefato
2133 2752 2324 2808 Ebone
2352 2752 2612 2808 defuncto
2631 2795 2644 2820 ,
2676 2752 2932 2808 Ecclesia
2977 2751 3077 2808 sed
3123 2760 3181 2808 et
3218 2751 3488 2824 parochia

1887 2849 2100 2909 nostra,
2129 2843 2433 2897 secundum
2461 2841 2914 2898 consuetudinem
2943 2857 3108 2914 quam
3155 2857 3223 2896 ex
3260 2840 3483 2914 antiquo

1885 2929 2074 2984 habuit
2125 2931 2290 2985 etiam
2331 2931 2401 2986 de
2454 2930 2540 2984 his
2585 2929 2860 3002 episcopis
2916 2929 3010 3002 qui
3053 2930 3110 2985 in
3165 2929 3484 3003 episcopatu

1876 3034 2050 3089 usque
2078 3019 2147 3072 ad
2177 3018 2387 3075 obitum
2415 3018 2472 3073 in
2503 3019 2696 3074 eadem
2717 3018 2970 3074 Ecclesia
3015 3034 3126 3075 non
3153 3034 3474 3090 permanse-

1895 3115 2041 3176 runt,
2089 3107 2260 3178 ipsius
2305 3123 2506 3162 nomen
2551 3107 2694 3162 inter
2740 3113 3094 3162 sacrosancta
3133 3105 3393 3178 mysteria
3437 3105 3494 3161 in

182 3210 336 3266 quos,
371 3193 520 3248 sicut
548 3191 935 3257 intelleximus,
968 3207 1070 3246 nos
1100 3191 1360 3246 hactenus
1402 3206 1650 3246 servasse
1680 3207 1788 3261 pu-
1821 3164 1870 3228 α
1897 3195 2282 3268 episcoporum
2329 3195 2578 3268 catalogo
2617 3194 2848 3251 recitare
2895 3194 3110 3268 pietatis
3156 3195 3332 3266 gratia
3371 3210 3488 3250 cce-

183 3291 374 3338 tamus.
423 3283 538 3336 Vos
597 3279 853 3336 videbitis
899 3279 1030 3351 quid
1079 3279 1206 3334 inde
1249 3278 1394 3334 facto
1439 3279 1634 3334 melius
1663 3279 1784 3349 erit,

184 3380 234 3426 et
261 3370 423 3428 nobis
452 3369 510 3424 in
536 3368 746 3439 judicio
769 3376 952 3424 vestro
997 3368 1291 3424 videndum
1330 3375 1414 3423 est
1459 3367 1591 3440 quid
1639 3369 1789 3422 Deus

185 3460 306 3516 velit
338 3477 352 3513 :
377 3457 644 3532 quoniam
670 3457 869 3527 injusta
889 3473 1012 3513 esse
1050 3473 1160 3512 non
1189 3463 1446 3528 poterunt
1475 3455 1659 3512 divina
1695 3456 1787 3526 ju-

187 3549 344 3616 dicia,
377 3565 503 3620 quae
534 3563 569 3603 a
599 3547 870 3603 soliditate
914 3545 1273 3603 confessionis
1326 3545 1640 3616 apostolicae
1685 3561 1789 3618 pe-

186 3645 296 3704 trae,
329 3638 604 3692 adversus
633 3652 797 3708 quam
824 3635 986 3690 inferi
1013 3643 1201 3707 portae,
1248 3634 1304 3689 id
1351 3641 1434 3690 est
1472 3635 1788 3708 suggestio-

189 3743 284 3782 nes
313 3726 402 3782 vel
441 3723 797 3798 Operationes
829 3740 1029 3796 pravae,
1078 3741 1189 3780 non
1227 3722 1624 3796 praevalebunt,
1679 3723 1794 3779 dic-

185 3823 327 3871 tante
339 3815 554 3886 justitia
583 3813 954 3886 proferentur.

257 3903 568 3976 Epistolam
598 3943 613 3972 ,
673 3918 832 3974 quam
889 3902 1022 3956 mihi
1067 3901 1365 3958 auctoritas
1428 3907 1614 3956 vestra
1668 3916 1793 3957 cum

191 3993 555 4048 obtestatione
600 3991 862 4063 praecepit
916 3991 1164 4046 Rothado
1221 3989 1464 4062 dirigere
1487 4035 1502 4060 ,
1557 3990 1794 4046 domnus

192 4091 376 4137 noster
403 4097 524 4152 rex,
561 4079 706 4135 filius
734 4087 936 4148 vester,
969 4095 1096 4135 mox
1125 4087 1182 4134 ut
1211 4080 1282 4134 ad
1309 4095 1434 4134 eum
1463 4079 1642 4148 venit,
1691 4095 1794 4150 per

195 4171 440 4226 abbatem
480 4186 641 4226 suum
697 4169 949 4225 Rothado
990 4168 1208 4224 direxit.
1267 4167 1529 4224 Rodulfus
1577 4182 1794 4239 quoque

197 4260 436 4328 ejusdem
481 4257 581 4313 ﬁlii
609 4257 778 4315 vestri
826 4257 1012 4313 domni
1057 4257 1229 4313 nostri
1284 4256 1434 4330 regis
1472 4256 1788 4324 avunculus,

199 4349 344 4404 tertio
375 4347 507 4404 ldus
535 4363 683 4402 nunc
711 4345 884 4417 elapsi
915 4347 1121 4402 mensis
1149 4344 1468 4401 Decembris
1521 4361 1554 4398 a
1608 4345 1793 4399 Ludo-

197 4436 276 4492 vic
303 4435 622 4492 Germaniae
637 4451 773 4507 rege
802 4441 1104 4505 revertens,
1134 4451 1258 4491 cum
1299 4433 1456 4490 valde
1504 4432 1722 4504 vesperi
1762 4448 1794 4486 a

1889 3285 1986 3356 pit,
2017 3292 2071 3339 et
2097 3285 2364 3340 hactenus
2394 3283 2544 3339 facit.
2579 3283 2739 3352 Quod
2769 3300 2892 3357 ego,
2950 3300 3019 3338 ne
3055 3283 3489 3340 scandalizarem

1889 3375 2138 3443 devotos,
2202 3373 2362 3444 quasi
2407 3371 2660 3429 invidens
2717 3371 2880 3428 saluti
2933 3371 3209 3440 fraternae,
3254 3371 3491 3428 maxime

1891 3471 2074 3518 autem
2104 3461 2433 3534 quiescentis
2462 3461 2518 3516 in
2549 3461 2782 3517 Domino
2825 3461 3041 3528 anhnae,
3093 3461 3187 3533 qui
3232 3475 3342 3517 non
3385 3477 3490 3534 pro

1891 3550 2286 3608 exorbitatione
2316 3567 2348 3604 a
2367 3549 2652 3608 catholicae
2704 3548 2832 3605 ﬁdei
2885 3549 3114 3606 sanitate
3161 3551 3486 3605 anathema-

1889 3649 1998 3708 tus,
2031 3640 2130 3697 sed
2162 3655 2259 3694 sua
2289 3639 2622 3695 conscientia
2651 3638 2960 3694 stimulante
2991 3638 3228 3710 primum
3256 3638 3492 3710 aseipso

1891 3738 1945 3784 et
1973 3736 2166 3801 postea
2194 3745 2225 3782 a
2253 3728 2484 3800 synodo,
2509 3729 2610 3784 sed
2650 3735 2704 3783 et
2739 3727 3041 3799 apostolica
3084 3728 3217 3784 sede
3259 3727 3490 3782 damna-

1888 3827 1977 3874 tus
2033 3817 2254 3885 exstitit,
2306 3817 2410 3872 hoc
2466 3817 2762 3888 prohibere
2819 3815 2938 3872 sine
2980 3816 3296 3888 apostolicae
3344 3817 3492 3873 sedis

1891 3907 2213 3964 auctoritate
2261 3887 2621 3979 nequaquam‘
2649 3905 2996 3978 prmsnmpsi,
3027 3887 3272 3962 dicente
3325 3905 3489 3962 beato

1893 3996 2183 4053 Caelestino
2211 4010 2376 4067 papa,
2411 3995 2540 4067 quia
2586 3995 2742 4050 nefas
2773 4002 2856 4050 est
2885 3995 3003 4050 haec
3047 3993 3157 4066 pati
3203 3994 3496 4068 religiosas

1893 4085 2124 4152 animas,
2159 4079 2389 4156 quarum
2408 4083 2715 4154 afﬂictione,
2740 4083 2833 4155 qui
2861 4083 3108 4140 membra
3137 4091 3324 4140 nostra
3344 4092 3490 4151 sunt,

1892 4190 1994 4230 nos
2024 4189 2244 4245 quoque
2273 4172 2530 4229 convenit
2549 4173 2839 4227 macerari.
2871 4173 3030 4227 Nunc
3057 4179 3242 4227 autem
3287 4171 3345 4226 in
3375 4172 3492 4242 epi-

1893 4263 2045 4318 stolis
2073 4259 2372 4317 sanctitatis
2405 4267 2628 4329 vestrae,
2659 4275 2798 4330 quas
2827 4259 3200 4331 Engeluvinus
3228 4259 3494 4314 diaconus

1891 4350 2051 4406 nobis
2071 4348 2268 4416 attulit,
2301 4347 2608 4404 invenimus
2637 4355 2696 4402 ut
2731 4346 3108 4420 Teotgaudum
3136 4355 3191 4403 et
3239 4346 3493 4403 Guntha-

1895 4440 2038 4494 rium
2063 4439 2120 4493 in
2149 4437 2401 4510 catalogo
2457 4437 2845 4509 episcoporum
2890 4452 3002 4494 non
3043 4435 3392 4508 recipiamus.
3426 4437 3494 4492 Et

199 4534 342 4581 certe
372 4525 528 4598 regis
554 4523 732 4580 nostri
759 4523 832 4579 ad
872 4523 1189 4579 mansiones
1226 4529 1441 4579 nostras
1475 4537 1642 4593 super
1683 4520 1789 4576 ﬂu-
1817 4522 1876 4586 D
1898 4528 2292 4584 Antiochenum
2351 4527 2660 4598 concilium,
2695 4535 2756 4582 ut
2797 4526 3182 4599 praemisimus,
3217 4534 3271 4582 et
3298 4525 3495 4580 melius

197 4612 336 4670 vium
364 4613 624 4686 Ligerim,
671 4629 830 4669 secus
860 4611 1152 4669 conﬁnium
1195 4611 1350 4685 regni
1379 4610 1682 4682 Aquitaniae
1719 4609 1793 4666 fe-

201 4702 450 4759 stinarem
481 4745 496 4770 ,
557 4701 706 4756 misit
753 4702 824 4757 ad
889 4718 978 4758 me
1023 4700 1301 4756 hominem
1360 4717 1516 4755 suum
1574 4699 1795 4755 nomine

201 4790 510 4859 Rodulfum,
561 4791 832 4846 mandans
875 4789 1006 4863 quia
1050 4789 1312 4862 praefatus
1369 4806 1466 4845 rex
1491 4788 1796 4845 Ludovicus

200 4881 485 4950 quemdam
539 4879 820 4936 hominem
847 4879 1100 4946 Rothadi,
1153 4895 1278 4934 cum
1318 4877 1564 4949 epistolis
1601 4886 1798 4934 vestrm

203 4969 515 5040 sanctitatis,
548 4967 738 5024 manui
765 4975 818 5024 et
847 4966 977 5024 ﬁdei
1033 4983 1147 5023 suae
1193 4967 1481 5033 commisit,
1529 4973 1798 5039 quatenus

195 5056 279 5110 ita
325 5057 668 5129 praesentiam
735 5056 922 5113 domui
1000 5055 1176 5112 nostri
1231 5056 1381 5129 regis
1439 5055 1620 5110 Caroli
1676 5071 1800 5111 cum

199 5144 403 5202 eisdem
423 5145 702 5219 episcOpis
733 5162 857 5202 eum
883 5145 1226 5218 perduceret,
1257 5152 1317 5200 ut
1356 5144 1566 5200 nullum
1593 5143 1800 5199 malum

199 5233 262 5288 ei
291 5233 531 5291 inferret.
561 5236 660 5290 Est
709 5234 856 5290 enim
903 5234 1046 5306 apud
1101 5234 1366 5290 domnum
1421 5241 1664 5290 nostrum
1709 5249 1801 5288 re-

197 5337 328 5396 gem
356 5323 498 5380 idem
529 5325 698 5380 homo
743 5331 1051 5391 accusatus,
1096 5324 1242 5396 quod
1283 5323 1560 5378 fraudatus
1602 5321 1672 5377 sit
1713 5338 1804 5378 res

196 5419 262 5466 et
309 5413 620 5470 thesaurum
677 5412 942 5469 Ecclesiae
966 5453 980 5482 ,
1039 5420 1093 5468 et
1138 5419 1266 5484 post
1319 5411 1618 5482 perjurium
1678 5410 1804 5466 inde

195 5503 570 5570 commissum,
603 5502 734 5574 fuga
764 5502 950 5574 lapsus
982 5502 1050 5556 ad
1070 5501 1407 5557 Ludovicum
1437 5516 1626 5572 regem
1669 5517 1804 5571 pcr-

198 5591 426 5648 rexerit.
465 5591 625 5649 Unde
683 5591 830 5646 idem
889 5589 1156 5647 Rodulfus
1211 5589 1365 5662 petiit
1397 5596 1453 5644 ut
1511 5605 1616 5661 ego
1655 5588 1807 5644 illum

550 5720 794 5776 PATaOL.
831 5719 1074 5778 CXXVI.

1891 4617 1996 4690 ipsi
2023 4617 2193 4686 scitis,
2225 4617 2296 4672 de
2326 4632 2392 4672 eo
2413 4615 2506 4688 qui
2535 4623 2662 4688 post
2697 4615 3102 4672 damnationem
3141 4615 3296 4682 juxta
3342 4629 3484 4684 prae-

1893 4707 2179 4764 cedentem
2213 4705 2664 4762 consuetudinem
2701 4704 3013 4779 episcoPale
3067 4701 3346 4772 praesumit
3379 4702 3492 4758 mi-

1892 4796 2196 4863 nisterium,
2228 4795 2376 4868 quod
2421 4795 2670 4851 Ebonem
2709 4792 2908 4850 fecisse
2949 4807 3062 4846 non
3102 4790 3327 4847 dubium
3385 4801 3490 4862 est,

1893 4885 2201 4942 rescribere
2230 4884 2364 4939 mihi
2393 4883 2648 4958 dignetur
2695 4879 2994 4954 apostolica
3025 4886 3210 4937 vestra
3253 4881 3496 4939 auctori-

1895 4983 1998 5045 tas,
2028 4982 2212 5030 utrum
2243 4973 2498 5029 eumdem
2525 4974 2771 5029 Ebonem
2799 4968 2943 5023 inter
2995 4969 3286 5043 episcopos
3314 4972 3371 5026 in
3399 4986 3498 5028 sa-

1899 5059 2009 5115 cris
2037 5057 2271 5131 dypticis
2299 5057 2357 5113 in
2401 5055 2660 5114 Ecclesia
2713 5059 2902 5108 nostra
2930 5054 3218 5111 nominare
3263 5055 3498 5127 permit-

1901 5155 2030 5218 tam,
2063 5163 2134 5203 an
2163 5164 2232 5204 ne
2260 5147 2330 5202 de
2363 5155 2562 5203 caetero
2590 5143 2648 5196 in
2676 5140 3064 5215 episcOporum
3097 5143 3350 5218 catalogo
3390 5161 3498 5202 no—

1900 5237 2137 5292 minetur
2163 5235 2450 5308 prohibere
2471 5232 2704 5288 debeam
2733 5247 2748 5286 :
2783 5241 3052 5305 quatenus
3080 5241 3259 5290 vestra
3303 5243 3498 5290 aucto-

1903 5327 2060 5382 ritate
2089 5326 2274 5394 fultus,
2309 5322 2440 5394 quid
2467 5321 2524 5374 in
2551 5327 2742 5377 nostra
2771 5320 3025 5379 Ecclesia
3054 5321 3182 5376 inde
3210 5321 3283 5376 sit
3309 5322 3503 5379 obser-

1904 5416 2160 5480 vandum,
2194 5413 2309 5467 sine
2339 5408 2692 5482 ambiguitate
2732 5409 3156 5468 decernentibus
3203 5410 3360 5466 vobis
3408 5412 3508 5466 de-

1906 5511 2204 5560 monstrem
2217 5541 2228 5553 .

1977 5593 2247 5646 Caeterum
2274 5587 2444 5646 Luido
2472 5590 2605 5646 mihi
2635 5591 2766 5646 dixit
2787 5589 2934 5661 quod
2963 5606 3088 5647 cum
3117 5604 3183 5646 eo
3214 5589 3502 5646 rationem;
3583 5633 3587 5639 .

3002 5711 3036 5764 2
