4026 6298
525 255 593 316 63

1493 243 1836 301 HINCMARI
1866 238 2266 300 RHEMENSIS
2298 239 2848 300 ARCHIEPISCOPI.

3758 234 3834 294 44

536 375 606 436 de
635 371 983 432 damnatione
1035 379 1090 428 et
1117 371 1425 428 reclusione
1463 370 1811 426 Gothescalci
1858 369 2150 424 habuisse-
2167 365 2226 428 Î‘
2252 383 2373 423 sum
2402 368 2685 425 catholicis
2713 367 2934 422 auribus
2964 364 3278 436 displicere,
3311 377 3572 419 revocare
3601 377 3662 417 se
3683 376 3716 416 a
3745 377 3852 416 sua

541 463 631 521 tis.
673 462 829 520 Unde
851 461 1110 534 quoniam
1142 477 1242 533 per
1273 459 1410 516 alios
1434 460 1546 529 jam
1575 460 1856 515 audieram
1912 459 1980 514 ad
2022 474 2145 512 san-

539 551 775 612 ctitatem
836 559 1075 607 vestram
1129 549 1296 606 verba
1353 549 1569 605 venisse
1595 593 1608 614 ,
1667 549 1791 604 misi
1841 546 2148 604 auctoritati

545 650 740 700 vestrae
771 641 1022 714 quaedam
1054 657 1120 696 ex
1148 639 1329 694 verbis
1359 648 1411 694 et
1454 638 1844 696 catholicorum
1893 637 2147 692 sensibus

549 731 605 790 in
633 730 833 796 rotula,
869 729 1104 803 qualiter
1134 737 1321 785 contra
1380 727 1553 799 ipsius
1607 727 1855 798 pestiferi
1912 725 2146 781 hominis

536 837 760 878 sensum
790 818 1038 889 sentiam,
1091 834 1193 890 per
1225 817 1476 874 Odonem
1507 815 1845 888 episcopum,
1905 823 1957 870 et
2015 813 2148 868 nihil

530 909 660 966 inde
688 908 1066 982 responsionis
1096 907 1348 978 accipere
1379 905 1574 961 merui.
1611 907 1690 961 De
1722 921 1830 978 quo
1861 903 2139 959 nihilomi-

537 1015 640 1054 nus
679 1005 736 1054 ut
766 997 1052 1054 redderem
1105 995 1393 1062 rationem,
1428 994 1648 1070 quidam
1697 992 1957 1066 episcopi,
2005 1008 2146 1064 quo-

538 1105 660 1144 rum
694 1086 828 1142 nihil
859 1087 928 1142 de
959 1085 1053 1142 illo
1109 1085 1394 1149 intererat,
1456 1084 1716 1157 quoniam
1767 1099 1871 1138 nec
1921 1099 2036 1149 eos,
2090 1089 2148 1134 ut

539 1175 645 1254 ipsi
673 1173 976 1232 manifestis
1004 1173 1222 1230 indiciis
1250 1171 1630 1244 prodiderunt,
1664 1171 1734 1227 ad
1763 1173 1869 1226 hoc
1915 1169 2146 1226 charitas

539 1264 938 1330 commovebat,
972 1279 1075 1320 nec
1109 1261 1406 1318 auctoritas
1436 1261 1761 1328 deducebat,
1794 1277 1881 1314 me
1911 1260 1979 1314 ad
2009 1275 2146 1314 con-

543 1354 855 1414 ciliabulum
885 1369 1062 1424 nuper
1091 1351 1248 1406 Metis
1276 1351 1540 1420 habiturn,
1602 1350 1747 1422 quod
1795 1347 1982 1405 vocari
2011 1364 2146 1418 syn-

541 1443 708 1501 odum
737 1440 1003 1509 vetuistis,
1061 1441 1200 1510 sicut
1229 1439 1496 1512 intelligo,
1529 1437 1908 1512 irregulariter
1953 1445 2146 1508 quarto

541 1531 630 1588 die
661 1539 954 1604 antequam
983 1537 1436 1603 congregaretur,
1468 1543 1592 1584 cum
1611 1543 1715 1600 ego
1746 1525 1965 1598 longius
1986 1541 2148 1598 quam

540 1621 837 1695 octoginta,
871 1626 924 1675 et
965 1619 1112 1675 idem
1172 1617 1566 1674 Gothescalcus
1599 1617 1890 1687 plusquam
1928 1623 2146 1670 centum

2245 458 2498 529 opinione
2520 458 2805 522 debuerat,
2839 471 2941 511 nec
2969 454 3044 508 ita
3076 452 3341 508 Ecclesiae
3371 450 3637 523 praesules
3677 465 3844 507 com-

2243 565 2488 615 movere,
2520 555 2577 602 ut
2608 545 2970 602 damnationis
3003 542 3328 598 sententiam
3359 549 3666 596 mereretur
3697 539 3853 596 exci-

2244 624 2394 714 pere.
2419 643 2594 712 Quam
2623 642 2828 714 utique,
2862 641 2909 695 si
2939 641 2994 695 in
3042 655 3141 695 suo
3163 655 3328 694 sensu
3359 637 3590 692 voluerit
3621 650 3852 706 perma-

2244 749 2396 798 nere,
2433 732 2613 786 nullus
2641 731 2838 802 poterit
2884 729 3148 784 relaxare.
3189 731 3236 783 A
3267 743 3373 798 qua
3403 725 3754 781 damnatione
3801 723 3855 778 si

2246 821 2508 876 voluisset
2530 821 2600 876 ad
2632 836 2852 875 sensum
2883 817 3210 874 catholicum
3241 815 3596 886 resipiscere,
3623 821 3854 885 paratus

2246 927 2462 981 semper
2491 910 2566 964 fui
2595 917 2648 964 et
2687 925 2826 974 sum,
2861 907 3117 980 quoniam
3149 905 3228 961 sic
3261 904 3600 961 venerabiles
3624 903 3854 972 judica-

2247 1007 2440 1058 verunt
2478 997 2740 1069 episcOpi,
2774 1014 2898 1053 eum
2926 997 2983 1050 in
3013 995 3290 1052 catholicae
3311 993 3574 1049 Ecclesia
3602 1007 3855 1048 commu-

2245 1087 2463 1144 nionem
2492 1087 2760 1158 recipere,
2793 1086 2932 1142 sicut
2989 1084 3041 1140 ei
3080 1084 3246 1154 jubeo
3307 1098 3429 1154 quae
3476 1089 3601 1136 sunt
3631 1080 3856 1152 corpori

2245 1176 2553 1233 necessaria
2581 1175 2912 1233 ministrare.

2316 1267 2372 1322 Si
2401 1274 2584 1321 autem
2612 1273 2797 1321 vestra
2819 1259 3088 1321 catholica
3117 1261 3382 1334 sapientia
3411 1261 3523 1317 vult
3551 1260 3694 1317 scire
3727 1275 3856 1340 qua

2245 1364 2436 1414 contra
2463 1355 2782 1411 catholicam
2813 1352 2980 1408 fidem
3008 1369 3075 1408 ex
3101 1351 3274 1407 veteri
3325 1349 3523 1406 haeresi
3554 1349 3855 1404 Praedesti-

2243 1445 2482 1513 natiana,
2513 1461 2636 1516 quae
2663 1443 2897 1514 primum
2927 1443 2984 1496 in
3039 1441 3243 1506 Africa,
3289 1449 3483 1511 postea
3533 1437 3592 1492 in
3652 1437 3856 1493 Galliis

2245 1551 2346 1605 per
2366 1534 2510 1588 idem
2541 1541 2774 1602 tempus,
2810 1531 3030 1603 quando
3062 1539 3114 1586 et
3139 1529 3467 1584 Nestoriana
3496 1526 3723 1582 haaresis
3770 1534 3858 1581 est

2245 1626 2449 1682 exorta,
2483 1625 2535 1672 et
2565 1625 2806 1686 tempore
2839 1615 3112 1671 Caelestini
3141 1631 3314 1685 papae,
3375 1613 3548 1684 ipsius
3596 1610 3841 1666 auctori-

540 1709 780 1766 millibus
801 1710 872 1766 ab
900 1709 1020 1780 ipsa
1050 1707 1268 1764 civitate
1299 1705 1563 1778 disparati
1591 1721 1860 1774 essemus,
1893 1703 2027 1758 nihil
2056 1720 2145 1758 me
2171 1731 2226 1796 B
2247 1715 2373 1775 tate,
2409 1715 2462 1762 et
2479 1701 2736 1760 instantia
2766 1704 2940 1760 sancti
2969 1703 3222 1774 Prosperi
3252 1709 3336 1756 est
3390 1700 3614 1765 revicta,
3663 1699 3854 1754 dicere

543 1808 670 1860 ante
716 1797 1094 1870 praemonitum
1137 1813 1239 1868 per
1283 1795 1572 1868 quemdam
1618 1795 1821 1850 laicum
1868 1793 2145 1848 hominem

536 1889 734 1949 litteris
764 1892 1115 1944 vocaverunt.
1149 1885 1218 1940 Et
1249 1901 1389 1940 nunc
1409 1885 1534 1940 ideo
1563 1883 1808 1938 breviter
1835 1882 1904 1937 de
1937 1898 2002 1937 eo
2021 1897 2150 1936 san-

545 1977 718 2038 ctitati
747 1985 945 2034 vestrae
975 1990 1236 2049 suggero,
1278 1974 1536 2048 quoniam
1585 1981 1878 2044 antequam
1917 1971 1983 2026 ad
2027 1970 2146 2042 epi-

547 2074 801 2139 scopatus
831 2065 1079 2122 ordinem
1107 2063 1474 2136 pervenirem,
1529 2061 1667 2117 sicut
1715 2061 1885 2117 abbas
1933 2077 2065 2115 suus
2095 2068 2149 2115 et

543 2155 820 2222 monachi,
853 2153 995 2211 inter
1027 2169 1164 2227 quos
1197 2152 1375 2208 fuerat
1407 2159 1782 2220 conversatus,
1816 2151 1864 2206 ei
1897 2149 2147 2205 testimo-

543 2245 691 2302 nium
717 2245 1027 2317 perhibent,
1051 2242 1107 2298 in
1153 2242 1472 2313 metropolis
1521 2241 1784 2296 Ecclesiae
1814 2240 2148 2294 Rhemorum

547 2333 882 2391 monasterio
911 2333 968 2388 in
1015 2331 1342 2388 Suessonica
1390 2331 1662 2402 parochia,
1711 2329 1858 2400 quod
1902 2327 2149 2383 Orbacus

549 2425 769 2491 dicitur,
801 2423 990 2479 habitu
1044 2421 1364 2486 monachus,
1427 2428 1607 2475 mente
1665 2417 1892 2484 ferinus,
1955 2416 2149 2489 quietis

545 2513 858 2586 impatiens,
910 2519 964 2568 et
1010 2527 1204 2568 vocum
1250 2509 1489 2566 novitate
1538 2508 1837 2574 delectans,
1900 2523 1965 2562 ac
2007 2505 2150 2560 inter

557 2618 684 2660 suos
709 2601 1006 2658 mobilitate
1034 2599 1198 2656 noxia
1247 2598 1565 2672 singularis,
1615 2597 1683 2651 de
1727 2595 1979 2651 omnibus
2027 2611 2150 2666 quae

543 2691 601 2748 in
645 2691 731 2746 his
788 2689 1107 2764 regionibus
1163 2703 1426 2759 perverse
1482 2695 1608 2742 tunc
1665 2684 1929 2756 temporis
1987 2698 2151 2738 sensa

548 2786 900 2854 cognoverat,
935 2777 1183 2850 quaedam
1240 2775 1343 2830 sibi
1372 2775 1536 2847 elegit
1557 2773 1809 2844 capitula,
1830 2781 1887 2827 ut
1913 2771 2150 2827 novitate

549 2883 750 2925 vocum
776 2865 1048 2924 innotesci
1080 2865 1300 2930 valeret,
1368 2871 1532 2935 utque
1577 2861 1904 2932 simplicium
1948 2867 2002 2916 et
2049 2860 2150 2914 de-

553 2965 840 3029 ceptorum
891 2971 1087 3012 sensus
1142 2961 1480 3026 pervertere,
1541 2959 1594 3006 et
1649 2949 1902 3022 magistri
1951 2965 2152 3004 nomen

548 3045 864 3119 usurpando
894 3051 1018 3116 post
1047 3059 1107 3100 se
1153 3041 1454 3113 discipulos
1484 3041 1724 3108 trahere,
1785 3039 1998 3110 illisque
2055 3037 2149 3109 qui

546 3130 618 3186 ad
649 3145 747 3185 sua
775 3137 900 3186 vota
915 3127 1220 3200 prurientes
1241 3126 1467 3182 auribus
1489 3124 1782 3199 magistros
1803 3122 1908 3178 sibi
1929 3137 2152 3179 concer-

551 3235 678 3276 vare
701 3219 1004 3284 decertant,
1039 3232 1288 3289 quaerere
1312 3215 1573 3282 indebite,
1607 3213 1866 3286 quoniam
1903 3211 2147 3284 legitime

547 3323 659 3363 non
675 3315 910 3378 poterat,
943 3304 1282 3360 simulatione
1326 3303 1451 3359 vitae
1480 3303 1756 3375 religiosae
1803 3310 1856 3356 et
1902 3300 2150 3357 doctrina

548 3383 811 3468 praesse.
860 3393 1073 3464 Quique
1117 3408 1150 3448 a
1198 3392 1530 3447 Rhemorum
1587 3389 2001 3460 chorepiscopo,
2058 3387 2151 3460 qui

550 3493 680 3540 tunc
709 3490 842 3552 erat,
903 3489 1096 3538 contra
1151 3479 1376 3554 regulas
1424 3479 1711 3552 presbyter
1757 3477 2060 3543 ordinatus,
2119 3492 2153 3530 a

553 3571 885 3631 monasterio
931 3569 1306 3644 irregulariter
1354 3569 1562 3636 exiens,
1609 3567 1917 3642 peragratis
1963 3565 2152 3639 regio-

553 3663 715 3718 nibus
762 3660 1030 3734 plurimis,
1065 3668 1118 3714 et
1157 3658 1386 3716 exitiosa
1426 3658 1636 3714 semina
1683 3666 1829 3714 sator
1883 3656 2154 3729 pessimus

561 3750 840 3808 seminans
874 3790 888 3818 ,
940 3748 1159 3804 tandem
1217 3747 1272 3802 in
1327 3747 1642 3822 Moguntina
1689 3746 1903 3802 civitate
1958 3745 2156 3800 habitae

564 3839 776 3913 synodo
807 3845 861 3893 et
888 3837 1115 3894 Rabano
1146 3835 1558 3907 archiepiscOpo
1587 3835 1830 3890 libellum
1883 3834 1967 3889 sui
1997 3849 2156 3890 erro-

565 3927 639 3984 ris
669 3926 977 4002 porrigens,
1009 3927 1302 3981 damnatus
1333 3925 1402 3980 ab
1430 3924 1685 3980 omnibus
1715 3923 2020 3980 Germaniae
2037 3922 2157 3994 epi-

567 4017 750 4088 scopis
779 4057 797 4085 ,
858 4031 983 4072 cum
1029 4013 1221 4070 litteris
1281 4013 1634 4084 synodalibus
1699 4013 1768 4068 ad
1816 4011 2158 4084 metropolim

567 4106 922 4175 Bhemorum,
955 4103 1043 4160 cui
1067 4103 1180 4174 jam
1209 4109 1432 4158 auctore
1477 4101 1710 4158 Domino
1755 4117 2048 4173 praeeram,
2079 4109 2162 4156 est

571 4194 854 4252 remissus.
879 4194 1077 4248 Postea
1106 4200 1290 4248 autem
1344 4207 1378 4246 a
1420 4191 1674 4264 Belgicae,
1722 4190 2057 4246 Rhemorum
2097 4205 2162 4244 ac

566 4282 866 4357 Galliarum
911 4281 1318 4354 provinciarum
1371 4279 1646 4352 episcopis
1701 4279 1934 4349 auditus,
1980 4287 2032 4335 et
2073 4279 2162 4334 in-

568 4379 762 4432 ventus
791 4371 1100 4438 haereticus,
1137 4369 1266 4442 quia
1295 4367 1546 4440 resipisci
1565 4384 1599 4424 a
1637 4385 1732 4424 sua
1761 4369 2025 4440 pravitate
2056 4384 2166 4424 non

2249 1796 2509 1863 videatur,
2544 1796 2612 1850 de
2658 1793 2840 1848 multis
2873 1809 3046 1864 pauca
3089 1793 3265 1847 vobis-
3293 1805 3544 1858 numero,
3590 1788 3690 1843 sed
3737 1804 3854 1842 non

2247 1885 2507 1956 pondere,
2544 1881 2878 1953 capitulatim
2897 1879 3284 1954 significamus.
3314 1878 3474 1945 Dicit,
3504 1877 3650 1949 quod
3679 1884 3734 1931 et
3755 1893 3855 1932 ve-

2247 1981 2394 2029 teres
2425 1971 2891 2027 Prmdestinaliani
2937 1971 3204 2034 dixerunt,
3237 1967 3494 2041 quoniam
3533 1965 3673 2022 sicut
3701 1965 3856 2020 Deus

2250 2062 2516 2135 quosdam
2545 2061 2615 2116 ad
2645 2061 2812 2116 vitam
2841 2068 3123 2125 aeternam,
3156 2059 3232 2114 ita
3262 2056 3528 2130 quosdam
3549 2055 3850 2126 praedesti-

2246 2151 2395 2208 navit
2425 2152 2491 2206 ad
2521 2159 2754 2206 mortem
2801 2158 3077 2206 aeternam.
3112 2148 3270 2214 Dicit,
3321 2145 3467 2218 quod
3524 2153 3577 2199 et
3621 2153 3846 2200 veteres

2249 2239 2718 2296 Praedestinatiani
2745 2239 3016 2303 dixerunt,
3052 2237 3307 2310 quoniam
3354 2251 3464 2318 non
3520 2233 3632 2288 vult
3697 2234 3856 2288 Deus

2249 2346 2440 2386 omnes
2471 2329 2718 2385 homines
2750 2327 2933 2384 salvos
2958 2327 3094 2396 fieri,
3117 2328 3216 2382 sed
3251 2333 3457 2380 tantum
3495 2337 3590 2377 eos
3622 2323 3714 2395 qui
3744 2323 3860 2378 salâ€”

2250 2428 2470 2486 vantur;
2505 2435 2694 2474 omnes
2715 2427 2894 2473 autem
2927 2417 3130 2472 salvari
3179 2433 3534 2489 quoscunque
3565 2415 3682 2486 ipse
3731 2412 3856 2467 sal-

2249 2525 2379 2564 vare
2411 2508 2661 2577 voluerit,
2695 2524 2760 2563 ac
2788 2523 2887 2578 per
2914 2508 3020 2562 hoc
3049 2506 3359 2578 quicunque
3391 2523 3500 2561 non
3541 2504 3853 2568 salvantur,

2248 2599 2462 2670 penitus
2497 2615 2606 2654 non
2636 2615 2757 2653 esse
2780 2596 3070 2652 voluntatis
3102 2596 3209 2650 illis
3237 2604 3294 2650 ut
3340 2596 3635 2652 salventur.
3687 2591 3853 2662 Quo-

2249 2687 2398 2742 niam
2418 2687 2463 2742 si
2493 2704 2601 2742 non
2623 2703 2814 2741 omnes
2845 2686 3120 2740 salvantur
3149 2701 3288 2756 quos
3317 2685 3431 2739 vult
3469 2687 3616 2740 Deus
3661 2681 3852 2736 salvos

2251 2775 2384 2845 fieri,
2417 2793 2526 2831 non
2553 2775 2736 2831 omnia
2770 2791 3107 2846 quaecunque
3151 2774 3322 2829 voluit
3353 2773 3517 2840 fecit;
3550 2781 3602 2828 et
3642 2771 3688 2826 si
3734 2770 3859 2825 vult

2251 2866 2397 2936 quod
2427 2881 2535 2920 non
2561 2872 2755 2935 potest,
2790 2880 2899 2920 non
2929 2863 3292 2934 omnipotens,
3327 2864 3422 2917 sed
3464 2861 3712 2916 infirmus
3742 2867 3852 2914 est.

2249 2955 2348 3008 Est
2375 2962 2556 3008 autem
2588 2953 2932 3023 omnipotens
2963 2952 3053 3024 qui
3084 2952 3211 3008 fecit
3249 2951 3613 3023 quodcunque
3655 2947 3855 3015 voluit,

2249 3043 2463 3098 dicente
2494 3041 2773 3113 Scriptura
2807 3059 2820 3097 :
2861 3043 3061 3098 Omnia
3091 3058 3434 3114 quaecunque
3455 3041 3634 3096 voluit
3663 3038 3860 3095 Domi-

2251 3149 2362 3188 nus
2379 3133 2520 3204 fecit
2542 3134 2606 3188 in
2632 3132 2766 3187 ewto
2799 3135 2854 3186 et
2884 3133 2947 3186 in
2979 3135 3152 3196 terra,
3181 3133 3244 3186 in
3265 3131 3414 3186 mari
3441 3134 3496 3185 et
3515 3129 3575 3183 in
3593 3129 3860 3184 omnibus

2249 3223 2456 3293 abyssis
2477 3221 2650 3292 (Psat.
2672 3235 2910 3287 cxxxrv,
2937 3219 3024 3290 6);
3049 3228 3102 3274 et
3131 3219 3260 3274 item
3285 3236 3299 3272 :
3330 3219 3395 3273 In
3411 3219 3704 3274 voluntate
3728 3220 3855 3283 tua,

2249 3312 2501 3379 Domi-ne,
2532 3314 2740 3366 cuncta
2756 3313 2894 3364 sunt
2909 3311 3113 3381 posita,
3137 3312 3194 3363 et
3212 3325 3327 3364 non
3347 3311 3433 3362 est
3453 3309 3549 3379 qui
3566 3305 3746 3379 possit
3765 3322 3862 3361 re-

2249 3402 2452 3456 sistere
2471 3403 2583 3454 tua:
2597 3401 2879 3454 voluntati
2901 3413 2918 3449 :
2937 3399 2986 3454 si
3004 3398 3317 3453 decreveris
3335 3397 3421 3452 sal
3429 3413 3556 3451 vare
3575 3411 3695 3460 nos,
3721 3411 3862 3450 con-

2255 3489 2412 3543 tinuo
2445 3488 2808 3542 liberabimur
2829 3487 3053 3553 (Esther
3075 3489 3286 3554 xm,9).
3317 3485 3474 3551 Dicit,
3511 3484 3658 3557 quod
3689 3492 3742 3538 et
3763 3500 3864 3538 ve-

2254 3585 2400 3631 teres
2431 3575 2900 3631 Praadestinatiani
2930 3575 3202 3639 dixerunt,
3241 3574 3386 3645 quod
3417 3590 3525 3630 non
3553 3589 3652 3644 pro
3692 3572 3866 3628 totius

2256 3664 2438 3720 mundi
2462 3663 2856 3734 redemptione,
2892 3661 2947 3716 id
2977 3670 3056 3717 est
3087 3677 3197 3716 non
3239 3679 3340 3732 pro
3386 3661 3625 3718 omnium
3675 3661 3865 3716 homi-

2255 3771 2384 3809 num
2406 3753 2576 3808 salute
2609 3761 2660 3807 et
2690 3751 3057 3822 redemptione
3104 3751 3368 3807 Dominus
3427 3760 3480 3808 et
3502 3751 3755 3807 Salvator
3770 3767 3869 3807 no-

2258 3851 2370 3898 ster
2399 3843 2558 3897 Jesus
2606 3841 2854 3896 Christus
2898 3840 2965 3895 sit
3011 3839 3304 3896 cruciï¬xus
3355 3849 3408 3898 et
3451 3847 3717 3904 mortuus,
3763 3840 3868 3894 sed

2255 3939 2460 3987 tantum
2489 3946 2586 4002 pro
2618 3929 2700 3984 his
2729 3929 2821 4002 qui
2852 3929 3145 3984 salvantur.
3195 3929 3334 3986 Dicit
3382 3945 3602 4001 quoquo
3652 3929 3820 3984 modo
3842 3971 3855 3996 ,

2260 4020 2468 4091 dispari
2497 4018 2804 4083 traditione,
2842 4019 2938 4073 sed
2969 4018 3090 4089 pari
3119 4035 3325 4087 errore,
3372 4018 3518 4089 quod
3549 4025 3604 4072 et
3648 4026 3866 4074 veteres

2260 4107 2724 4170 Praedestinatiani
2753 4108 3023 4178 dixerunt,
3057 4124 3335 4178 exponens
3371 4107 3692 4162 sententiam
3740 4123 3874 4178 apo-

2264 4198 2387 4254 stoli
2408 4198 2570 4264 Petri,
2605 4215 2734 4254 eum
2755 4199 2850 4271 qui
2867 4199 3004 4253 emit
3026 4214 3114 4254 eos
3130 4201 3401 4269 negantes
3437 4196 3510 4267 (Î™Î™
3525 4198 3680 4251 Petr.
3703 4211 3765 4260 tt,
3789 4199 3869 4267 1).

2263 4286 2541 4358 Baptismi,
2585 4287 2775 4358 inquit,
2826 4294 3163 4342 sacramento
3207 4302 3302 4340 eos
3332 4285 3478 4351 emit,
3529 4300 3638 4339 non
3685 4292 3874 4340 tamen

2265 4393 2365 4449 pro
2395 4377 2474 4432 eis
2502 4392 2718 4433 crucem
2748 4375 2928 4446 subiit,
2963 4393 3140 4448 neque
3185 4382 3421 4430 mortem
3470 4373 3711 4445 pertulit,
3763 4390 3874 4430 ne-

569 4460 759 4531 voluit,
809 4475 878 4516 ne
907 4458 1027 4514 aliis
1051 4466 1276 4515 noceret
1305 4458 1399 4530 qui
1457 4457 1561 4512 sibi
1615 4459 1880 4530 prodesse
1927 4458 2165 4524 nolebat,
2186 4458 2242 4524 D
2269 4483 2374 4538 que
2407 4465 2726 4536 sanguinem
2757 4464 2911 4519 fudit,
2947 4464 3104 4533 Quod
3148 4471 3327 4519 autem
3365 4462 3624 4533 baptismi
3671 4478 3874 4532 perge-

568 4547 775 4620 judicio
803 4546 1155 4620 praefatarum
1202 4546 1608 4619 provinciarum
1665 4547 2066 4618 episcoporum,
2117 4546 2174 4600 in

574 4648 766 4694 nostra
794 4635 1073 4710 parochia,
1114 4635 1374 4708 quoniam
1404 4637 1703 4702 Rotbadus,
1753 4637 1822 4690 de
1867 4635 2020 4704 cujus
2067 4651 2172 4706 pa-

576 4727 768 4783 rochia
799 4735 935 4797 erat,
985 4725 1064 4780 illi
1117 4724 1400 4781 nesciebat
1457 4726 1736 4794 resistere,
1797 4732 1850 4780 et
1904 4724 2174 4780 novitates

578 4829 768 4870 amans
798 4814 1091 4870 timebatur
1119 4830 1151 4870 a
1179 4814 1337 4870 nobis
1379 4830 1448 4870 ne
1477 4815 1711 4870 disceret
1739 4830 1908 4885 prava
1935 4815 2134 4869 sentire
2153 4856 2170 4881 ,

575 4903 668 4982 qui
697 4901 868 4959 noluit
895 4903 1108 4960 discere
1136 4912 1289 4961 recta
1325 4903 1544 4973 docere,
1577 4919 1714 4959 neve
1760 4903 1907 4959 idem
1974 4904 2176 4958 Gothe-

581 4991 816 5063 scalcus,
850 5005 975 5047 cum
1003 4991 1122 5047 aliis
1151 5008 1493 5048 communem
1541 4991 1704 5048 vitam
1726 4993 1952 5062 ducens,
2003 4993 2180 5048 errori

579 5097 680 5138 suo
710 5081 913 5138 faceret
959 5097 1082 5136 esse
1113 5096 1452 5151 communes,
1503 5081 1874 5137 monasteriali
1917 5082 2178 5140 custodiae

579 5169 924 5242 mancipatus
955 5177 1056 5237 est,
1107 5169 1338 5226 docente
1369 5170 1629 5243 Apostolo
1661 5187 1674 5225 :
1708 5171 2035 5226 Haereticum
2081 5172 2182 5227 ho-

581 5259 786 5316 minem
814 5267 939 5332 post
966 5259 1198 5332 primam
1228 5268 1280 5315 et
1323 5261 1622 5315 secundam
1650 5261 2048 5332 correptionem
2077 5261 2179 5316 de-

581 5349 711 5416 vita,
745 5347 927 5405 sciens
952 5348 1277 5405 subversum
1334 5366 1456 5406 esse
1499 5350 1810 5421 huiusmodi
1857 5359 1909 5406 et
1954 5351 2181 5423 proprio

579 5437 788 5508 judicio
817 5435 1236 5495 condemnatum
1257 5439 1391 5508 (Tit.
1423 5454 1505 5508 ut,
1539 5440 1650 5512 10).
1683 5439 1789 5511 Qui
1818 5449 1876 5496 ut
1904 5441 2013 5496 Leo
2041 5455 2183 5512 papa

585 5535 658 5622 sle
685 5536 933 5616 Eutyche
959 5536 1110 5610 dicit,
1141 5554 1266 5602 cum
1297 5536 1505 5596 videret
1533 5537 1859 5612 insipientia
1885 5555 2001 5598 sue
2048 5554 2183 5596 sen-

2271 4554 2382 4626 ptio
2412 4554 2714 4625 redemptio
2744 4561 3106 4624 nuncupatur,
3148 4552 3336 4608 doctor
3364 4552 3607 4624 gentium
3635 4551 3876 4607 manife-

2272 4652 2354 4698 ste
2385 4642 2582 4698 fatetur
2606 4660 2620 4696 :
2647 4644 2826 4699 Nolite
2848 4645 3209 4707 contristare,
3230 4641 3420 4712 inquit,
3446 4641 3724 4712 Spiritum
3745 4657 3878 4696 san-

2273 4737 2429 4790 ctum
2451 4733 2568 4802 Dei,
2611 4734 2672 4787 in
2703 4749 2807 4804 quo
2837 4733 3051 4803 signati
3083 4733 3218 4787 estis
3249 4733 3311 4785 in
3341 4731 3430 4785 die
3467 4729 3878 4801 redemptionis

2274 4821 2496 4894 (Ephes.
2530 4837 2606 4892 tv,
2639 4824 2750 4891 30).
2785 4823 2849 4874 At
2871 4820 2965 4874 illa
2998 4836 3119 4890 quae
3145 4818 3371 4890 propria
3407 4826 3460 4872 et
3491 4817 3742 4888 specialis
3793 4827 3880 4872 est

2277 4910 2516 4966 solorum
2547 4910 2787 4964 omnium
2809 4907 3126 4974 electorum,
3175 4924 3340 4980 quam
3375 4907 3455 4963 eis
3499 4907 3878 4964 tantummodo

2274 4998 2565 5057 crucifixus
2594 4997 2883 5068 impertivit
2913 4997 3032 5068 pius
3063 4998 3397 5067 Redemptor
3427 4995 3690 5067 ipsorum,
3731 4995 3877 5052 sicut

2276 5105 2306 5144 a
2334 5087 2644 5159 praeteritis,
2679 5087 2750 5140 ita
2778 5085 3034 5142 nimirum
3090 5103 3121 5140 a
3167 5086 3548 5156 przesentibus,
3611 5092 3772 5139 natos
3821 5092 3879 5140 et

2278 5179 2606 5243 nascituros,
2641 5175 2794 5231 vivos
2823 5184 2875 5230 et
2903 5184 3164 5242 mortuos,
3203 5174 3458 5230 videlicet
3478 5190 3670 5229 omnes
3717 5174 3879 5244 pari-

2280 5275 2360 5322 ter
2405 5266 2604 5321 electos
2643 5258 2893 5332 redemit,
2945 5265 3100 5330 eruit,
3150 5263 3424 5336 abluitque
3464 5263 3722 5335 peccatis.
3763 5262 3876 5333 Ipsi

2281 5372 2525 5428 prorsus,
2549 5355 2653 5427 ipsi
2681 5363 2806 5411 sunt
2835 5355 3070 5411 mundus
3095 5371 3196 5425 pro
3227 5371 3337 5427 quo
3363 5371 3560 5426 passus
3578 5361 3660 5409 est
3690 5352 3882 5408 Domi-

2285 5461 2408 5512 nus,
2439 5453 2496 5500 ut
2514 5445 2629 5517 ipse
2651 5445 2784 5501 dixit
2803 5462 2816 5498 :
2835 5444 3012 5500 Panis
3033 5461 3197 5518 quem
3228 5461 3324 5516 ego
3356 5443 3573 5512 dedero,
3595 5459 3727 5499 caro
3749 5458 3882 5498 mea

2285 5539 2371 5593 est
2386 5552 2488 5608 pro
2517 5536 2720 5594 mundi
2749 5535 2866 5592 vita
2895 5535 3076 5607 (toan.
3103 5550 3178 5602 Î³Î¹,
3214 5534 3326 5608 52).
3349 5533 3418 5591 Et
3432 5533 3562 5591 item
3584 5530 3712 5590 alibi
3731 5530 3882 5588 idem

3152 5717 3176 5742 á¼±
