4026 6302
239 214 310 270 46
1709 213 1872 269 EPIS‘

1976 213 2081 282 ΒΑΕ,
3480 223 3551 283 ιβ

248 337 644 393 Gothescalcus
688 338 875 394 scribit
908 357 921 392 :
958 359 982 390 ε
1017 339 1172 394 Absit
1202 339 1394 410 procul
1442 355 1476 394 a
1525 355 1633 404 me,
1667 346 1723 392 ut
1768 337 1854 393 vel
1885 336 1940 398 Α
1961 347 2094 395 tare.
2131 339 2286 396 Unde
2317 355 2426 396 non
2457 342 2632 398 solum
2661 341 2858 398 idiotas
2905 342 2963 398 in
3009 343 3425 406 admirationem
3470 345 3557 402 sui

250 426 385 481 illud
416 427 764 484 solummodo
794 427 954 482 velim
987 427 1278 494 somniare,
1311 428 1513 482 nedum
1544 427 1715 482 semel
1757 443 1853 482 su-

255 532 495 582 surrare,
530 525 589 570 ut
621 517 792 570 ullum
841 533 1029 571 eorum
1077 517 1462 588 perpetualiter
1501 533 1688 572 secum
1729 532 1854 586 per-

253 605 452 660 iturum
483 605 738 676 antiquus
769 623 958 676 rapere
982 607 1156 660 valeat
1187 607 1401 679 anguis,
1428 623 1528 676 pro
1551 606 1747 677 quibus
1769 622 1854 660 re-

255 694 531 748 dimendis
562 702 673 749 tam
731 695 995 765 pretiosus
1028 697 1141 750 Deo
1173 696 1315 749 Patri
1337 695 1551 749 Domini
1575 694 1744 748 nostri
1770 693 1855 747 Fi-

256 782 312 836 lii
342 783 426 836 sui
456 782 613 837 fusus
643 791 727 837 est
757 784 998 856 sanguis,
1047 787 1239 838 Amen.
1274 806 1293 838 ι
1339 786 1404 838 Et
1449 784 1580 838 item
1624 783 1855 853 loquens

258 873 324 925 ad
357 873 536 926 Deum
565 891 577 925 :
614 894 636 922 α
664 872 838 926 Claret
868 873 1046 943 itaque
1077 873 1207 927 satis
1239 882 1447 943 aperte,
1483 873 1628 943 quod
1678 873 1857 925 nullus

257 961 350 1014 tibi
390 962 555 1031 perit,
602 961 848 1033 quisquis
899 962 1211 1032 redemptus
1257 971 1338 1016 est
1383 979 1481 1032 per
1536 961 1858 1032 sanguinem

260 1050 438 1106 crucis
459 1059 587 1105 tute.
618 1071 639 1100 ι
675 1050 832 1118 Quod
861 1051 1330 1105 Praedestinatiani
1347 1059 1561 1106 veteres
1582 1067 1690 1105 non
1710 1050 1858 1104 dixe-

260 1148 401 1206 runt,
433 1139 536 1194 iste
565 1148 623 1193 ut
665 1139 926 1194 audacius
967 1139 1043 1194 ita
1092 1140 1450 1210 perniciosius
1471 1139 1618 1204 dicit,
1667 1139 1857 1193 Deita-

260 1237 368 1283 tem
401 1237 604 1284 sanctae
633 1228 903 1283 Trinitatis
935 1229 1132 1283 trinam
1163 1246 1305 1284 esse.
1333 1230 1467 1283 Sunt
1498 1238 1550 1283 et
1599 1228 1703 1282 alia
1740 1245 1861 1298 quae

259 1318 377 1388 ipse
409 1326 464 1372 et
485 1317 574 1371 alii
605 1317 792 1388 plures
822 1317 876 1371 in
907 1317 1022 1371 istis
1043 1318 1288 1388 partibus
1317 1319 1519 1382 dicunt,
1555 1334 1675 1388 quae
1705 1317 1861 1372 nobis

259 1421 412 1462 sanae
444 1406 572 1460 tidei
600 1405 882 1461 adversari
910 1406 1178 1461 videntur.
1213 1406 1346 1474 Quae
1392 1407 1522 1460 dum
1565 1423 1664 1476 per
1701 1406 1862 1460 alium

262 1511 426 1566 quam
457 1512 559 1565 per
588 1494 848 1550 vilitatem
879 1512 1126 1565 personae
1158 1512 1294 1550 meae
1339 1495 1632 1550 auctoritas
1682 1503 1865 1549 vestra

263 1584 606 1656 cognoverit,
641 1584 778 1638 forte
803 1585 1042 1638 attendet
1079 1584 1347 1650 solertius,
1381 1594 1433 1638 et
1465 1601 1585 1655 quae
1616 1583 1742 1637 inde
1793 1584 1864 1637 ti-

261 1674 465 1728 menda
497 1681 618 1726 sunt
654 1675 853 1728 docere
903 1673 1137 1728 studebit
1178 1673 1524 1744 quantocius.
1560 1673 1675 1727 Erit
1722 1671 1864 1726 enim

261 1763 316 1818 in
345 1762 596 1833 proximo
627 1762 753 1817 inde
785 1762 1081 1818 necessitas
1116 1781 1131 1818 :
1163 1763 1292 1834 quia
1322 1771 1374 1817 et
1396 1762 1442 1816 si
1482 1779 1668 1816 eorum
1701 1763 1867 1817 corda

263 1851 319 1906 in
348 1851 558 1906 insania
589 1851 835 1922 perversi
879 1869 1072 1906 sensus
1120 1851 1404 1917 ebulliunt,
1456 1851 1744 1906 orthodoxi
1790 1859 1869 1905 ta-

265 1957 390 1996 men
423 1940 573 2012 regis
602 1941 773 1996 nostri
805 1950 1045 2011 tempore
1077 1957 1238 2011 prava
1271 1958 1392 2011 quae
1423 1941 1660 1994 sentiunt
1689 1939 1870 2010 eloqui

265 2047 376 2086 non
425 2038 787 2101 praesumunt.
847 2031 924 2084 Ita
967 2038 1023 2083 ut
1087 2038 1270 2100 aperte
1319 2029 1599 2085 videamus
1655 2028 1872 2099 impleri

271 2119 419 2191 quod
447 2119 714 2190 scriptum
736 2127 820 2173 est
851 2139 869 2174 :
904 2121 1256 2190 Congrcgans
1277 2120 1429 2175 sicut
1456 2121 1518 2174 in
1543 2123 1670 2174 utre
1696 2134 1869 2189 aqua:

269 2210 444 2265 maris
484 2209 662 2278 (Psal.
697 2223 881 2277 xxxn,
916 2209 992 2278 ’7).
1027 2212 1182 2279 Aqua
1227 2207 1373 2262 enim
1416 2207 1585 2261 maris
1631 2207 1769 2261 sicut
1817 2207 1872 2260 in

269 2306 388 2352 utre
411 2305 751 2370 congregata
784 2305 884 2355 est.
918 2297 1042 2368 quia
1073 2313 1252 2350 amara
1282 2297 1659 2350 haereticorum
1689 2296 1870 2351 scien-

273 2387 342 2441 tia
367 2385 636 2457 quidquid
669 2387 831 2441 hodie
861 2386 916 2440 in
962 2387 1065 2440 isto
1115 2401 1288 2457 regno
1337 2385 1430 2438 ﬁlii
1476 2385 1641 2439 vestri
1689 2385 1872 2439 domni

273 2475 452 2531 Caroli
484 2491 714 2545 pravum
742 2474 925 2540 sentit,
960 2475 1012 2528 in
1037 2483 1254 2544 pectore
1271 2475 1595 2544 comprimit,
1617 2482 1668 2528 et
1688 2482 1871 2544 aperte

273 2565 454 2620 dicere
485 2580 595 2618 non
619 2563 920 2634 praesumit.
954 2566 1130 2618 Meam
1171 2579 1386 2634 quoque
1428 2562 1778 2634 exiguitatem
1822 2571 1873 2616 et

270 2653 478 2710 occulte
509 2653 709 2708 canino
739 2653 901 2708 dente
932 2654 1246 2708 corrodunt.
1282 2652 1457 2707 Facile
1488 2660 1687 2720 autem,
1721 2651 1873 2719 adju-

274 2751 428 2798 vante
449 2743 707 2805 Domino,
741 2751 966 2812 portare
996 2742 1206 2796 valebo.
1243 2740 1384 2809 Quia
1413 2751 1463 2796 et
1485 2741 1615 2794 mihi
1644 2756 1873 2810 paucum

273 2840 524 2902 superest
556 2831 823 2900 temporis
854 2830 1106 2901 spatium,
1143 2839 1195 2885 et
1237 2831 1282 2884 si
1313 2831 1449 2883 inter
1489 2829 1630 2883 ﬁlios
1676 2830 1872 2884 Eccle-

273 2921 386 2988 siae,
418 2920 770 2991 permittente
799 2921 935 2988 Deo,
968 2919 1022 2974 id
1071 2935 1158 2974 me
1202 2919 1511 2989 acceperint
1551 2926 1874 2988 potestatem

273 3009 627 3080 corporaliter
654 3007 953 3080 afﬂigendi,
979 3008 1158 3062 divina
1175 3009 1348 3080 gratia
1369 3008 1672 3076 adjuvante,
1709 3024 1871 3062 exer-

1896 1699 1949 1758 B

1958 429 2252 498 abducere,
2287 447 2476 486 verum
2507 440 2560 486 et
2589 431 2788 486 sciolos
2817 440 2867 487 et
2894 432 3160 500 incautos,
3185 441 3349 506 atque
3377 435 3553 492 zelum

1958 518 2058 572 Dei
2083 520 2178 574 sed
2201 536 2308 575 non
2343 522 2643 576 secundum
2671 521 2955 576 scientiam
2983 523 3264 590 habentes,
3316 524 3373 580 in
3417 541 3549 582 sen-

1959 607 2180 662 tentiam
2222 626 2373 663 suam
2405 609 2592 664 solitus
2624 617 2742 666 erat
2773 611 3077 666 traducere.
3111 612 3175 666 Et
3224 627 3334 666 non
3376 613 3555 669 solum

1959 696 2242 752 doctorum
2273 715 2491 753 suorum
2521 700 2712 755 doctor
2741 699 2911 755 videri
2942 700 3166 770 appetit,
3219 701 3315 756 sed
3355 709 3407 756 et
3450 704 3558 758 hoc

1960 786 2189 842 solerter
2222 788 2354 842 satis
2405 788 2653 855 intendit,
2706 797 2761 842 ut
2809 805 2996 844 secum
3033 796 3319 860 toquentes
3369 790 3455 848 vel
3503 792 3556 846 in

1961 892 2211 931 sermone
2247 893 2441 947 capere
2468 877 2680 932 valeat:
2711 885 2765 931 et
2793 877 2839 931 si
2869 878 2936 933 de
2968 878 3192 933 veritate
3239 894 3348 934 non
3393 888 3553 949 pote-

1962 964 2046 1029 rit,
2074 964 2456 1020 invincibiliter
2486 967 2842 1022 sacramentis
2888 967 3161 1022 affirmare
3210 968 3438 1035 curabit,
3492 985 3560 1026 ea.

1963 1070 2146 1108 secum
2178 1054 2464 1126 loquentes
2495 1055 2716 1125 dixisse,
2753 1070 2871 1127 quae
2893 1055 3028 1112 forte
3057 1073 3166 1112 non
3198 1056 3467 1124 dixerunt,
3500 1064 3564 1112 ut

1962 1141 2080 1212 ipse
2111 1160 2298 1212 verax,
2331 1152 2384 1199 et
2413 1145 2490 1198 illi
2521 1145 2614 1216 qui
2644 1145 2694 1200 ei
2723 1145 3098 1201 contradicunt
3118 1147 3416 1216 probentur
3435 1162 3562 1206 esse

1962 1233 2253 1288 mendaces
2277 1274 2290 1301 ,
2359 1241 2412 1288 et
2455 1234 2714 1289 adversus
2779 1251 2934 1290 suam
2997 1234 3301 1291 doctrinam
3359 1235 3562 1294 docen-

1964 1328 2066 1375 tes'
2531 1393 2874 1449 EPISTOLA
2896 1395 2989 1448 III.

2203 1495 2276 1534 AD
2308 1495 2606 1535 EPISCOPOS
2636 1498 2839 1538 SYNODI
2868 1498 3316 1542 SUESSIONENSIS.

1964 1587 2038 1641 De
2076 1587 2304 1657 Vulfado
2325 1591 2380 1643 et
2409 1589 2654 1659 collegis,
2702 1607 2939 1661 quorum
2967 1590 3256 1660 judicium
3287 1590 3551 1649 Nicotaus

2167 1676 2317 1730 papa
2345 1661 2604 1730 jusserat
2628 1663 2692 1715 in
2725 1662 2828 1715 hac
2858 1662 3060 1731 synodo
3092 1664 3378 1728 renovari.

2502 1748 2683 1819 (Apud
2732 1749 3033 1819 Sirmond.)

2041 1853 2387 1919 Hthuxnus,
2423 1855 2752 1909 Rhemorum
2786 1855 3096 1926 episcopus,
3138 1857 3399 1922 Remoto,
3419 1858 3565 1914 Wa-

1969 1956 2184 2008 NILONI,
2228 1952 2280 1997 et
2310 1943 2522 1998 caeteris
2568 1945 2997 2016 archiepiscopis
3027 1954 3078 2000 et
3129 1946 3421 2017 episcopis,
3461 1947 3566 2002 do-

1971 2032 2083 2085 mni
2110 2048 2263 2102 papae
2294 2033 2505 2088 Nicolai
2552 2034 2868 2089 auctoritate
2916 2035 2985 2088 ad
3029 2035 3318 2105 synodum,
3367 2051 3474 2107 quo
3516 2043 3572 2092 et

1973 2122 2326 2193 exiguitatem
2356 2139 2534 2176 meam
2564 2139 2684 2178 cum
2743 2123 3086 2194 coepiscopis
3132 2125 3334 2179 nostris
3379 2124 3568 2180 venire

1969 2210 2266 2281 praecepit;
2300 2211 2355 2265 in
2391 2212 2530 2266 hanc
2581 2211 2904 2267 Suessorum
2952 2213 3223 2268 civitatem
3264 2230 3364 2285 pro
3406 2228 3570 2270 causa

1973 2298 2185 2353 Vulfadi
2214 2307 2264 2353 et
2293 2299 2633 2372 collegarum
2663 2301 2780 2370 ejus
2809 2303 3143 2357 convocatis.

2045 2388 2100 2442 Si
2134 2389 2286 2443 vobis
2309 2389 2483 2443 visum
2506 2389 2667 2443 fuerit
2696 2407 2796 2460 per
2827 2406 3180 2462 quoscunque
3208 2390 3278 2445 ad
3320 2390 3398 2446 rei
3432 2391 3572 2447 noti-
3604 2401 3611 2408 '

1973 2476 2119 2546 tiam,
2156 2478 2454 2532 secundum
2487 2479 2684 2533 seriem
2716 2479 3016 2533 litterarum
3050 2479 3237 2534 domni
3264 2479 3571 2552 apostolici,

1973 2566 2233 2620 canonice
2257 2583 2355 2636 per
2383 2567 2634 2621 ordinem
2679 2577 2876 2622 cuncta
2923 2584 3042 2639 quae
3085 2567 3141 2622 in
3187 2568 3571 2638 suprascriptis

1973 2653 2227 2708 fratribus
2261 2664 2419 2728 gesta
2450 2664 2591 2721 sunt,
2627 2657 2938 2711 examinare
2969 2664 3022 2711 et
3044 2656 3309 2711 subtiliter
3337 2655 3567 2712 investi-

1973 2760 2122 2816 gare,
2157 2752 2214 2798 ut
2259 2744 2405 2815 quod
2445 2745 2648 2814 justum
2699 2754 2754 2799 et
2795 2745 2942 2815 pium
2997 2761 3220 2799 sensum
3281 2745 3443 2800 fuerit
3501 2747 3570 2802 de

1974 2848 2140 2888 causa
2168 2849 2357 2886 eorum
2385 2833 2502 2888 sine
2536 2833 2984 2900 contradictione,
3017 2834 3152 2889 sicut
3173 2834 3317 2889 idem
3339 2835 3574 2891 domnus

1974 2923 2304 2992 apostolicus
2337 2931 2389 2976 et
2420 2921 2741 2976 fraternitati
2770 2931 2967 2978 vestrae
3013 2931 3066 2977 et
3111 2923 3395 2976 humilitati
3437 2939 3575 2980 mea

1973 3010 2435 3081 scripsit,possitis
2452 3010 2937 3082 perﬁcere,devote
2949 3027 3013 3067 ac
3032 3011 3265 3066 libenter
3281 3011 3570 3083 accipiam.

277 3060 615 3080 ,νγ-μην
1376 3060 1578 3076 ,σμγ-κ
1719 3060 1729 3062 -
1975 3060 3256 3082 ---_,---,,-------,.--------,--.-------_-_--_
3282 3060 3570 3083 _---,-__.

273 3099 473 3154 cebunt
503 3097 841 3169 patientiam.
903 3098 1012 3152 Sed
1044 3097 1140 3151 etsi
1165 3098 1536 3151 tantummodo
1569 3097 1705 3150 male
1737 3113 1868 3150 sen-
1897 3060 2041 3154 C‘Et
2088 3100 2135 3153 si
2178 3101 2319 3155 hanc
2367 3116 2486 3170 quae
2550 3100 2796 3170 sequitur
2844 3100 3070 3154 brevem
3135 3101 3572 3171 responsionem,

274 3187 458 3242 tiendo
521 3187 974 3252 adversabuntur,
1045 3187 1376 3241 exercebunt
1425 3185 1872 3257 quantulamcun-

275 3293 381 3348 que
411 3276 717 3346 scientiam,
751 3285 804 3330 et
831 3284 886 3330 ut
934 3276 1096 3330 etiam
1135 3275 1338 3330 inimici
1372 3275 1671 3329 secundum
1726 3290 1873 3344 prae-

186 3373 194 3381 '
275 3374 494 3436 ceptum
547 3365 764 3420 Domini
811 3365 1120 3437 diligantur,
1171 3365 1500 3418 exercebunt
1547 3363 1876 3418 benevolen-

276 3455 420 3509 tiam.
456 3454 747 3510 Praefatum
777 3463 951 3508 autem
998 3454 1437 3521 Gothescalcum,
1473 3453 1517 3506 si
1550 3462 1733 3508 vestra
1781 3469 1874 3506 au-

276 3545 497 3600 ctoritas
524 3544 655 3598 mihi
685 3542 962 3614 scripserit
1008 3553 1065 3597 ut
1113 3559 1237 3598 eum
1279 3559 1310 3597 a
1357 3542 1600 3598 custodia
1644 3542 1871 3608 solvam,

277 3641 328 3688 et
356 3643 445 3688 aut
477 3641 535 3688 ut
563 3633 634 3688 ad
664 3649 762 3690 vos
799 3633 982 3698 cundi,
1033 3641 1089 3687 ut
1135 3649 1236 3703 per
1274 3648 1377 3688 vos
1415 3632 1531 3700 ejus
1571 3631 1876 3686 doctrinam

279 3721 649 3794 experiamini,
683 3731 772 3776 aut
801 3722 870 3777 ad
909 3738 1284 3792 quemcunque
1332 3738 1398 3775 ex
1455 3720 1676 3775 nomine
1730 3719 1876 3773 desi-

279 3820 507 3885 gnatum
535 3811 804 3885 pergendi
831 3811 1106 3866 licentiam
1136 3811 1352 3876 donem,
1405 3809 1533 3880 quia
1579 3818 1636 3863 ut
1681 3807 1877 3862 melius

277 3901 380 3972 ipsi
409 3901 580 3965 scitis,
613 3901 751 3956 sicut
777 3900 1020 3955 absolute
1053 3900 1281 3972 quisque
1303 3899 1542 3954 ordinari
1571 3914 1682 3952 non
1713 3897 1873 3963 valet,

279 3989 352 4046 ita
384 3989 489 4044 nisi
518 4005 584 4045 ex
614 3989 785 4060 ipsius
815 4005 1104 4056 consensu,
1139 3989 1292 4057 cujus
1333 4005 1454 4042 esse
1512 3986 1874 4060 dignoscitur,

280 4088 442 4135 certae
473 4095 726 4150 persona
754 4078 1237 4143 commendandus,
1271 4087 1323 4133 et
1354 4078 1421 4131 ad
1453 4085 1663 4132 certum
1696 4077 1877 4130 locum

283 4168 604 4234 monachus,
651 4167 739 4222 vel
785 4167 1016 4238 quisque
1054 4167 1154 4220 sub
1220 4167 1410 4236 regula
1455 4166 1797 4231 constitutus,
1845 4179 1880 4217 ο,

281 4256 401 4313 loco
431 4273 530 4312 suo
561 4256 935 4324 absolvijuxta
953 4255 1175 4328 regulas
1214 4272 1398 4310 sacras
1437 4270 1544 4308 non
1591 4255 1750 4319 valet,
1788 4268 1881 4306 ve-

285 4347 412 4402 stris
453 4345 794 4415 jussionibus
842 4344 1156 4399 nullomodo
1200 4343 1493 4398 resultabo.
1545 4343 1772 4396 Tantum
1822 4347 1880 4394 ut

1973 3196 2233 3258 quantum
2265 3205 2328 3242 ex
2362 3203 2450 3242 me
2480 3196 2580 3254 est,
2621 3189 2692 3242 ad
2734 3189 3032 3258 apostolica
3079 3189 3282 3259 scripta
3329 3188 3575 3244 videritis

1972 3277 2128 3331 vobis
2158 3275 2426 3342 suﬂicere,
2452 3293 2561 3330 non
2591 3277 2867 3348 ingratum
2898 3276 3038 3332 forte
3083 3277 3391 3347 habebitur,
3427 3279 3576 3349 quod

1972 3366 2039 3420 ad
2071 3382 2181 3419 rem
2213 3365 2537 3436 pertinentia
2590 3365 3022 3421 succinctissime
3065 3365 3261 3421 refero.
3310 3365 3576 3424 Videlicet

1974 3455 2103 3526 quia
2132 3455 2454 3510 Rhemensis
2480 3455 2740 3510 Ecclesiae
2773 3454 2867 3508 filii
2885 3455 2953 3510 de
2984 3455 3216 3528 collegio
3246 3455 3482 3523 Vulfadi,
3507 3456 3576 3510 ab

1974 3545 2165 3599 Ebone
2209 3552 2332 3614 post
2383 3543 2778 3614 depositionem
2827 3560 2979 3598 suam
3013 3543 3260 3613 ordinati,
3309 3559 3417 3598 non
3453 3559 3576 3604 meo

1969 3633 2190 3702 judicio,
2226 3649 2327 3688 nec
2348 3633 2415 3686 ab
2447 3633 2720 3703 episcopis
2738 3633 3078 3688 solummodo
3100 3633 3430 3688 Rhemorum
3451 3649 3576 3704 pro-

1975 3722 2186 3788 vincite,
2221 3721 2456 3791 primum
2487 3721 2742 3792 suspensi
2773 3729 2825 3776 et
2866 3729 3058 3792 postea
3087 3721 3300 3791 dejec-ti,
3349 3729 3404 3776 ut
3451 3737 3576 3778 meo

1977 3810 2063 3865 vel
2093 3809 2367 3866 communi
2396 3827 2516 3865 cum
2549 3811 2628 3864 eis
2649 3818 2856 3864 tantum
2889 3809 3109 3881 placito,
3138 3811 3292 3879 juxta
3321 3810 3575 3866 Nicamos

1977 3907 2029 3955 et
2057 3900 2425 3955 Antiochenos
2467 3915 2706 3955 canones
2751 3901 2988 3970 (Nicam.
3042 3917 3172 3955 can.
3223 3903 3275 3966 ὅ,
3310 3900 3572 3956 Antioch.

1978 4005 2026 4045 c.
2057 3990 2130 4059 4),
2158 3988 2528 4043 humaniorem
2558 3997 2647 4043 aut
2677 3990 2900 4043 alteram
2923 3988 3200 4058 suscipere
3248 3989 3574 4044 sententiam

1978 4077 2224 4143 valeant;
2260 4078 2356 4131 sed
2381 4077 2530 4147 prius
2581 4077 2853 4147 suspensi,
2903 4086 2955 4132 et
3004 4093 3268 4148 processu
3312 4078 3576 4148 temporis

1977 4182 2006 4220 a
2038 4166 2244 4237 synodo
2291 4166 2669 4234 episcoporum
2729 4165 2969 4236 quinque
3029 4165 3452 4236 provinciarum,
3501 4166 3572 4220 ad

1979 4270 2140 4326 quam
2171 4261 2619 4323 provocaverant,
2669 4253 2969 4307 secundum
3013 4252 3236 4307 decreta
3276 4252 3576 4308 Innocentii

1978 4343 2049 4397 ad
2079 4341 2272 4397 Rufum
2306 4350 2355 4396 et
2404 4341 2717 4407 Eusebium,
2774 4341 3034 4412 inspectis
3075 4357 3196 4412 quae
3243 4340 3461 4412 scripsit
3505 4339 3577 4396 ad

285 4435 664 4491 auctoritatem
694 4442 933 4489 vestram
964 4433 1210 4500 habeam,
1245 4450 1313 4487 ne
1345 4440 1612 4486 tantorum
1657 4431 1875 4501 episco-
1905 4425 1958 4485 D
1982 4431 2324 4497 Martianum,
2358 4439 2409 4486 et
2451 4431 2608 4500 juxta
2654 4430 2851 4486 Zosimi
2893 4430 3228 4486 successoris
3276 4428 3578 4486 Innocentii

286 4539 476 4596 porum
519 4523 782 4592 judicium
846 4539 970 4578 mea
1014 4522 1438 4593 praesumptione
1485 4520 1881 4592 parvipendere

288 4613 487 4668 videat.
521 4614 644 4668 Non
677 4614 818 4667 enim
851 4613 992 4666 illius
1023 4613 1282 4676 delector,
1327 4627 1486 4682 quam
1531 4612 1677 4679 juste
1721 4610 1881 4663 susti-

288 4711 376 4758 net
404 4701 764 4774 pertinaciter
818 4709 1127 4770 contumax,
1181 4700 1657 4772 quantulacunque
1708 4699 1882 4754 reclu-

289 4791 459 4847 sionis
489 4791 736 4846 molestia
769 4808 785 4844 :
818 4792 912 4845 sed
935 4791 1095 4845 doleo
1115 4806 1148 4844 a
1179 4806 1288 4860 qua
1336 4789 1585 4844 revocari
1635 4804 1742 4843 non
1786 4803 1883 4858 po-

291 4888 390 4936 test
421 4880 729 4952 pertidiam.
764 4879 940 4948 Quem
971 4880 1016 4934 si
1046 4880 1351 4950 cuicunque
1394 4878 1885 4933 commendandum

291 4979 473 5026 vestra
534 4969 830 5025 auctoritas
878 4969 1091 5034 viderit,
1156 4971 1260 5023 hoc
1307 4968 1360 5021 in
1418 4967 1885 5023 commendatione

294 5061 453 5114 etiam
484 5058 812 5130 providebit,
845 5066 904 5112 ut
934 5058 1021 5113 cui
1065 5055 1540 5112 commendabitur
1587 5056 1887 5111 catholicus

297 5149 379 5218 sit,
433 5158 488 5203 et
534 5148 859 5219 gravitatem
937 5147 1384 5213 ecclesiasticam,
1441 5155 1494 5201 et
1563 5146 1810 5218 vigorem
1857 5160 1889 5197 a

297 5238 704 5308 Scripturarum
751 5237 1033 5292 scientiam
1072 5237 1285 5302 habeat,
1353 5237 1478 5306 quia
1543 5252 1651 5289 non
1713 5235 1890 5289 solum

299 5326 602 5400 Scripturas
631 5327 703 5382 ad
745 5343 900 5382 suum
932 5343 1151 5382 sensum
1183 5326 1446 5382 violenter
1491 5325 1741 5390 inﬂexae,
1794 5324 1891 5379 sed

297 5425 348 5473 et
387 5417 781 5474 catholicorum
826 5416 970 5472 dicta
1015 5417 1335 5472 detruncata
1377 5431 1476 5486 per
1521 5422 1688 5469 totum
1747 5414 1891 5468 diem

301 5522 418 5564 sine
442 5505 803 5579 respiratione
833 5505 1010 5578 aliqua
1047 5506 1306 5576 prmvalet
1355 5503 1668 5558 memoriter
1695 5503 1892 5558 decan-

1977 4522 2199 4576 decreta
2225 4521 2294 4574 ad
2324 4519 2634 4576 Patroclum
2664 4521 3044 4576 Arelatensem
3083 4520 3403 4590 episcOpum
3425 4525 3477 4572 et
3508 4517 3576 4572 ad

1980 4611 2374 4666 Massiliensem
2418 4610 2724 4665 Ecclesiam
2773 4611 3211 4682 ([nnocent.,ep.
3251 4610 3314 4664 21
3369 4613 3422 4661 et
3468 4609 3582 4675 22;

1983 4701 2247 4764 Zozimus,
2281 4716 2366 4771 ep.
2400 4702 2449 4764 6,
2495 4703 2552 4752 11
2590 4707 2643 4753 et
2675 4700 2782 4768 12),
2820 4699 2913 4752 sed
2945 4705 2997 4750 et
3016 4695 3149 4748 alias
3166 4694 3356 4764 plures
3375 4695 3574 4752 Eccle-

1984 4789 2113 4853 sias,
2148 4789 2214 4843 de
2245 4789 2329 4842 his
2360 4804 2495 4859 quos
2526 4787 2787 4842 Proculus
2809 4785 2932 4840 vitae
2962 4799 3074 4838 suae
3114 4783 3387 4852 conscius,
3435 4785 3580 4840 datis

1984 4875 2177 4931 litteris
2207 4878 2260 4930 in
2294 4877 2692 4932 abdicationem
2724 4875 2825 4938 sui,
2868 4889 2969 4941 per
3011 4871 3371 4942 professionis
3421 4883 3581 4946 atque

1987 4966 2401 5037 subscriptionis
2469 4983 2580 5019 suae
2642 4962 2886 5015 libellum
2943 4963 3252 5018 sacerdotio
3301 4964 3584 5018 submotus

1987 5057 2276 5118 ordinavit,
2312 5057 2567 5125 juxtaque
2614 5067 2794 5104 sacros
2852 5067 3111 5117 canones,
3167 5061 3219 5107 et
3276 5053 3472 5108 Leonis
3517 5069 3580 5109 ac.

1989 5155 2309 5201 cmterorum
2364 5147 2616 5198 Romanae
2675 5141 2821 5194 sedis
2855 5139 3168 5212 pontiﬁcum
3188 5141 3425 5208 decreta,
3457 5158 3580 5212 qua

1987 5235 2076 5289 hic
2122 5250 2326 5304 ponere
2367 5228 2705 5300 praetermisi,
2759 5240 2810 5284 et
2853 5230 3029 5284 studio
3075 5231 3374 5295 brevitatis,
3429 5237 3481 5283 et
3525 5237 3584 5284 ut

1990 5325 2144 5378 vobis
2174 5321 2471 5382 notissima,
2507 5327 2630 5372 sunt.
2673 5319 2915 5388 judicati,
2969 5327 3021 5374 et
3068 5319 3136 5374 ab
3194 5318 3578 5375 ecclesiasticis

1991 5412 2270 5468 ordinibus
2301 5409 2514 5477 dejecti,
2547 5409 2932 5480 prsejudicante
2981 5409 3160 5464 Leone
3207 5424 3365 5480 papa,
3421 5415 3580 5481 atque

1996 5502 2208 5557 dicente
2230 5500 2414 5570 (epist.
2444 5502 2496 5566 1,
2529 5500 2599 5557 ad
2641 5501 2921 5573 episcopos
2955 5497 3300 5572 Campania)
3336 5514 3349 5553 :
3387 5517 3410 5549 α
3439 5496 3583 5555 Ora-
