4026 6308
475 225 547 280 ιτ
1443 221 1786 278 HINCMARI
1816 216 2214 276 RHEMENSIS
2241 219 2792 277 ARCHIEPISCOPI.
3708 223 3772 276 48

471 351 564 406 nia
591 347 890 406 decretalia
931 344 1242 413 constituta,
1293 353 1406 401 tam
1451 346 1624 402 beate
1668 345 2068 403 recordationis
2088 345 2144 406 A
2173 345 2340 411 sedis,
2386 345 2730 418 regularibus
2774 343 2971 401 vestris
3031 343 3460 413 diﬁiuitionibus,
3505 344 3770 401 sollicitus

479 437 780 496 Innocentii
829 451 994 510 quam
1029 435 1274 492 omnium
1327 436 1682 492 decessorum
1737 443 2069 502 nostrorum,

475 545 598 601 qua;
625 527 698 582 de
729 525 1116 583 ecclesiasticis
1143 523 1428 580 ordinibus
1455 534 1509 580 et
1527 541 1795 580 canonum
1836 523 2074 595 promul-

473 624 603 690 gata
631 623 756 671 sunt
775 613 1182 686 disciplinis,ita
1209 629 1245 668 a
1271 620 1452 669 vestra
1478 613 1769 670 dilectione
1803 612 2068 669 custodiri

474 707 681 762 debere
727 704 1074 774 mandamus,
1122 710 1181 758 ut
1227 703 1275 758 si
1317 703 1438 775 quis
1481 703 1536 756 in
1583 703 1674 758 illa
1715 701 2068 768 commiserit,

471 795 688 851 veniam
719 793 822 848 sibi
850 793 1112 864 deinceps
1139 791 1347 848 noverit
1385 791 1667 864 denegari.
1706 811 1728 842 ι
1764 793 1824 846 In
1854 807 1982 864 qua,
2013 799 2072 844 ut

469 883 681 956 regula:
709 898 877 940 sacra
908 881 1114 948 dicunt,
1145 879 1394 952 perfecta
1441 888 1495 936 et
1543 879 1805 936 canonica
1851 879 2070 950 episco-

469 988 670 1044 porum
702 971 941 1044 quinque
970 969 1374 1042 provinciarum
1403 969 1632 1040 synodo,
1667 968 1925 1040 quoniam
1955 968 2068 1024 Ec-

468 1061 654 1118 clesiae
673 1059 808 1115 mihi
837 1058 1146 1116 commissas
1191 1057 1289 1112 filii
1330 1056 1586 1112 ﬁnitimos
1635 1055 1925 1128 episcopos
1967 1071 2068 1128 pro

465 1166 630 1206 causa
661 1163 762 1204 sua
789 1147 1222 1220 interpellarunt,
1257 1153 1312 1202 et
1351 1145 1662 1215 hujusmodi
1689 1144 1887 1200 Africa
1933 1159 2067 1215 pro-

473 1237 669 1294 vincite
696 1251 934 1294 canones
964 1235 1144 1307 (conc.
1178 1234 1325 1306 Δίνη
1349 1250 1468 1290 can.
1513 1233 1605 1301 92)
1651 1232 1860 1289 vicinos
1917 1232 2067 1302 epis-

469 1342 639 1398 copos
685 1325 895 1392 audire,
944 1331 998 1380 et
1045 1323 1188 1378 inter
1230 1337 1326 1378 eos
1369 1338 1432 1377 ac
1472 1321 1751 1392 proprium
1799 1320 2068 1376 adhibitos

463 1415 536 1470 ab
566 1414 645 1470 eis
676 1414 964 1486 episcopos
987 1411 1182 1481 jubent
1229 1410 1623 1482 querimoniam
1655 1408 1888 1464 difﬁnire
1914 1425 1926 1464 :
1961 1425 2066 1480 ego

465 1503 758 1560 Vulfadum
783 1510 838 1558 et
880 1500 1126 1573 collegas
1173 1500 1287 1569 ejus
1331 1515 1440 1554 non
1471 1497 1728 1567 judicavi,
1771 1514 1949 1568 neque
1996 1497 2065 1552 ab

467 1591 751 1648 ordinibus
783 1587 1168 1646 ecclesiasticis
1195 1586 1382 1658 populi
1411 1585 1498 1642 vel
1535 1585 1728 1654 dejeci,
1763 1601 1866 1641 nec
1900 1587 2064 1641 etiam

463 1696 591 1738 cum
627 1679 903 1750 judicibus
945 1693 1134 1734 eorum
1179 1675 1498 1746 subscripsi,
1549 1675 1686 1730 sicut
1732 1683 1931 1730 norunt
1971 1673 2063 1746 qui

461 1767 848 1836 interfuerunt,
884 1774 938 1821 et
967 1765 1089 1836 ipsa
1117 1765 1282 1820 etiam
1311 1763 1640 1834 episcopalis
1673 1771 1852 1836 gesta,
1875 1779 2066 1818 eorum

462 1856 798 1915 inconvulsis
849 1851 1336 1924 subscriptionibus
1368 1850 1595 1906 subnixa
1625 1866 1659 1906 a
1687 1851 1882 1923 quibus
1912 1851 2065 1907 fuere

462 1953 696 2018 patrata,
726 1941 1146 2016 praesentialiter
1172 1947 1491 1996 monstrant.
1525 1939 1701 2007 Unde,
1747 1939 2064 2008 jubentibus

465 2035 674 2092 eisdem
705 2031 998 2104 episcopis,
1029 2038 1238 2086 tantum
1267 2028 1482 2098 bajulus
1527 2027 1622 2096 fui,
1657 2044 1877 2084 causam
1905 2029 2062 2084 vide-

466 2123 596 2179 licet
621 2121 887 2178 Ecclesiae
912 2119 1044 2174 mihi
1072 2118 1379 2176 commissae
1413 2117 1480 2172 ab
1527 2117 1636 2171 illis
1683 2115 1961 2172 difﬁnitam
1992 2117 2063 2172 ad

469 2212 662 2268 sedem
689 2209 1045 2283 apostolicam
1075 2207 1374 2264 deferendi.
1407 2206 1542 2276 Quae
1567 2206 1754 2262 domui
1781 2207 2063 2278 apostolici

465 2300 746 2358 Benedicti
769 2297 1061 2370 privilegio
1099 2297 1201 2352 sub
1249 2295 1603 2352 anathematis
1627 2295 2057 2366 interpositione,

461 2398 524 2446 ut
549 2389 678 2446 inde
707 2387 934 2460 quastio
961 2386 1123 2441 nullis
1151 2385 1446 2457 aliquando
1465 2383 1802 2458 temporibus
1830 2384 2056 2444 oriatur.

459 2485 587 2535 sunt
623 2475 974 2543 conﬁrmata;
1024 2483 1078 2530 et
1119 2473 1338 2530 demum
1397 2473 1582 2530 domui
1641 2473 1858 2529 Nicolai
1900 2487 2057 2544 papte

457 2566 866 2624 conﬁrmatione
883 2607 898 2635 ,
951 2563 1090 2620 sicut
1147 2570 1347 2620 sanctae
1411 2561 1807 2618 recordationis
1875 2562 2055 2616 Bene-

453 2656 634 2713 dictus
689 2652 931 2726 pontifex
992 2652 1146 2708 illam
1192 2651 1554 2718 confirmavit,
1597 2650 1746 2706 salvo
1795 2651 2054 2706 Romanae

455 2743 606 2801 sedis
626 2743 684 2798 in
713 2741 964 2798 omnibus
985 2741 1144 2810 jussu
1192 2747 1356 2812 atque
1395 2737 1621 2809 judicio,
1674 2739 1776 2793 sub
1825 2738 2054 2794 terribili

457 2833 820 2900 anathemate,
880 2836 939 2884 ut
999 2843 1338 2900 quacunque
1397 2841 1654 2898 persona,
1714 2843 1916 2898 magna
1963 2825 2052 2882 vel

455 2936 647 2994 parva,
679 2917 972 2976 temerario
989 2933 1123 2972 ausu
1150 2923 1334 2972 contra
1363 2916 1471 2972 hoc
1505 2931 1665 2970 suum
1693 2915 2051 2986 apostolicum

455 3011 741 3066 decretum
771 3023 938 3080 agere
965 3004 1392 3078 prtesumpserit,
1425 3003 1788 3059 anathematis
1831 3003 2050 3060 vinculo

451 3099 523 3156 sit
549 3095 860 3166 innodatus,
903 3101 1031 3150 sunt
1061 3095 1347 3150 roborata:
1373 3092 1518 3148 velut
1563 3091 1654 3148 hic
1697 3093 1922 3164 potestis
1960 3107 2049 3147 re-

451 3196 666 3254 texere,
723 3194 778 3243 et
836 3183 1016 3258 sigilla
1069 3198 1257 3239 eorum
1323 3182 1468 3238 salva
1491 3225 1507 3250 ,
1563 3197 1629 3238 ac
1706 3181 2049 3254 incorruptas

449 3276 756 3346 scripturas
783 3281 942 3344 atque
973 3271 1399 3342 subscriptiones
1433 3270 1626 3326 valetis
1656 3271 1947 3341 inspicere.
1978 3272 2046 3326 Et

449 3363 580 3436 quia
607 3362 769 3418 sedes
796 3358 1114 3432 apostolica,
1146 3367 1206 3413 ut
1233 3357 1290 3414 in
1318 3359 1553 3414 decretis
1583 3373 1802 3414 suorum
1833 3357 2047 3430 pontifi-

448 3467 576 3510 cum
629 3449 882 3524 legimus,
921 3448 979 3502 in
1023 3447 1130 3504 hoc
1170 3462 1394 3519 prorsus
1443 3461 1544 3503 sua
1588 3445 1665 3500 ibi
1708 3461 2044 3519 magn0pere

441 3541 568 3611 jura
597 3545 906 3608 conservat,
939 3545 994 3593 et
1021 3535 1200 3592 aliena
1225 3534 1482 3603 custodit,
1514 3534 1624 3590 imo
1671 3550 1772 3590 sua
1819 3535 2046 3607 propria

444 3628 596 3696 facit,
626 3635 686 3684 ut
713 3627 890 3684 omnis
923 3625 1150 3698 quaestio
1178 3625 1250 3680 ad
1276 3639 1398 3680 eam
1426 3624 1595 3680 relata
1624 3623 1828 3694 judicio
1849 3631 1902 3680 et
1931 3640 2046 3682 suae

444 3715 875 3774 conﬁrmationis
902 3713 1178 3770 decisione
1209 3711 1375 3768 ﬁnem
1421 3713 1669 3783 accipiat,
1711 3728 1930 3769 omnem
1975 3729 2043 3770 ex

441 3809 544 3863 hac
572 3820 739 3863 causa
767 3803 1134 3876 suspicionem
1163 3801 1506 3874 querulitatis
1523 3803 1610 3858 ha:
1639 3801 1873 3858 duorum
1900 3819 2040 3872 prae-

442 3893 869 3952 clarissimorum
952 3890 1304 3947 luminarium
1383 3888 1822 3946 conﬁrmationes
1881 3897 2040 3962 atque

439 3981 864 4055 subscriptiones
895 3995 930 4036 a
957 3979 1158 4036 nostris
1203 3978 1522 4050 regionibus
1551 3985 1604 4034 et
1631 3978 1902 4034 mentibus
1921 3978 2040 4033 abs-

441 4071 700 4128 tulerunt.
730 4071 891 4127 Nunc
917 4085 1066 4136 vero,
1117 4069 1244 4141 quia
1283 4068 1457 4125 isdem
1507 4067 1739 4124 domnus
1785 4075 1838 4123 et
1881 4075 2039 4138 pater

438 4167 626 4218 noster
651 4158 909 4216 Nicolaus
936 4173 1083 4230 papa
1111 4158 1226 4214 suis
1256 4155 1502 4230 epistolis
1531 4173 1597 4212 ex
1626 4157 1732 4212 hoc
1760 4156 1984 4228 negotio
2005 4171 2038 4212 a

441 4249 598 4307 vobis
627 4247 803 4305 sanxit
831 4246 1078 4304 refricari
1117 4247 1400 4317 judicium,
1431 4253 1689 4302 monente
1735 4244 2032 4316 Apostolo:

442 4338 667 4396 Obcditc
680 4339 998 4410 praepositis
1019 4338 1241 4403 vestris,
1262 4335 1618 4406 etsubiacete
1632 4337 1713 4390 eis
1731 4334 1882 4404 (Heb.
1905 4349 2030 4403 xm,

2173 450 2398 491 servare
2442 435 2706 489 unitatem
2734 431 2958 505 spiritus
2986 433 3044 487 in
3069 431 3288 488 vinculo
3327 433 3500 504 pacis,
3531 449 3773 489 consen-

2170 523 2323 578 tiam.
2357 522 2464 592 Qui
2495 523 2726 579 istorum
2766 521 3014 590 fratrum,
3067 522 3135 576 de
3186 521 3383 594 quibus
3429 523 3632 595 agitur,
3681 521 3772 578 vel

2171 627 2620 684 quorumcunquc
2650 613 2884 667 aliorum
2930 609 3173 666 felicitati
3221 627 3332 666 non
3377 610 3616 678 invideo,
3664 625 3770 667 nec

2171 716 2551 772 quamcunque
2605 700 2868 756 malitiam
2885 715 2980 756 eos
3013 716 3211 756 nocere
3266 699 3499 756 festino:
3535 715 3770 772 quorum

2171 789 2448 845 salubrem
2478 805 2544 846 ac
2572 789 2884 862 regularem
2907 797 3104 844 statum
3149 797 3203 844 et
3255 789 3434 859 cupivi
3483 795 3538 844 et
3582 789 3766 860 cupio,

2169 885 2222 933 et
2251 878 2476 950 quaasivi
2507 886 2561 934 et
2589 894 2795 950 quaero,
2829 885 2883 933 et
2912 877 2980 932 de
3009 893 3238 950 quorum
3267 877 3571 947 dejectione
3617 877 3769 933 dolui

2169 967 2303 1022 satis
2333 983 2399 1023 ac
2429 967 2609 1034 doleo,
2643 967 2770 1039 quia
2800 982 2960 1022 nemo
2989 967 3163 1036 majus
3193 965 3538 1036 dispendium
3559 966 3627 1022 dc
3650 965 3768 1022 illos

2168 1073 2290 1110 rum
2317 1055 2619 1125 dejectione
2647 1056 2812 1112 habet
2843 1071 3004 1126 quam
3053 1070 3178 1128 ego.
3230 1054 3400 1122 Quos,
3447 1055 3585 1110 sicut
3629 1055 3765 1109 mihi

2129 1181 2134 1187 -
2168 1145 2400 1200 domnus
2445 1144 2778 1216 apostolicus
2821 1143 3078 1217 dignatus
3117 1151 3199 1198 est
3244 1143 3506 1208 scribere,
3553 1144 3764 1212 justum

2167 1233 2298 1304 quid
2341 1233 2427 1287 vel
2469 1233 2619 1304 pium
2661 1232 2922 1302 sentiens,
2969 1232 3087 1288 sine
3128 1232 3504 1288 retractatione
3551 1233 3606 1286 in
3647 1232 3766 1288 suis

2166 1320 2451 1376 ordinibus
2473 1337 2744 1377 consensu
2771 1337 2836 1376 ac
2877 1321 3085 1390 judicio
3129 1319 3578 1392 coepiscoporum
3625 1322 3766 1376 Rhe-

2165 1409 2369 1465 mensis
2398 1410 2694 1480 provinciae
2723 1411 3010 1466 restituere
3039 1418 3390 1477 maturarem,
3426 1409 3472 1463 si
3518 1409 3642 1465 illos
3689 1409 3762 1464 ab

2164 1499 2372 1554 eisdem
2401 1499 2662 1570 gradibus
2692 1514 2816 1554 cum
2843 1515 3035 1554 eorum
3056 1505 3264 1553 tantum
3285 1497 3493 1568 judicio
3521 1499 3760 1566 dejecis—

2165 1603 2301 1642 sem.
2325 1587 2408 1642 Ad
2441 1587 2588 1660 quod
2625 1603 2732 1654 me,
2778 1587 2930 1657 juxta
2977 1588 3094 1657 ejus
3139 1587 3306 1642 verba
3347 1585 3760 1657 discretissima,

2091 1701 2146 1760 Β
2167 1674 2294 1748 quia
2323 1691 2420 1731 eos
2447 1691 2559 1730 non
2599 1675 2792 1744 dejeci,
2843 1675 2987 1732 flecti
3027 1675 3228 1730 munda
3268 1675 3604 1731 conscientia
3644 1691 3758 1732 non

2165 1764 2432 1835 permisit.
2466 1765 2536 1819 Et
2563 1764 2668 1820 hoc
2686 1779 2812 1820 meo
2841 1779 2977 1818 ausu
3005 1762 3186 1820 facere
3231 1779 3448 1830 vereor,
3498 1763 3756 1835 quoniam

2165 1867 2200 1908 a
2225 1853 2404 1918 vobis,
2435 1861 2527 1909 aut
2545 1868 2578 1907 a
2597 1853 2984 1909 decessoribus
3001 1852 3220 1920 vestris,
3245 1853 3483 1924 quinque
3503 1853 3761 1908 videlicet

2163 1941 2567 2012 provinciarum
2587 1942 2880 2014 episcopis,
2904 1956 3132 2013 quorum
3153 1957 3276 1998 meo
3303 1956 3573 1997 consensu
3591 1957 3757 2013 expe-

2161 2031 2364 2087 tierunt
2385 2030 2650 2100 judicium
2679 2030 2976 2086 secundum
3019 2045 3211 2086 sacros
3259 2045 3495 2086 canones
3541 2030 3754 2086 electo-

2161 2135 2281 2175 rum
2311 2136 2376 2175 ex
2403 2134 2677 2176 consensu
2707 2119 2942 2190 partium
2968 2117 3285 2174 diﬁinitione
3330 2118 3484 2174 fuere
3529 2119 3749 2188 dejecti.

2161 2210 2228 2264 Et
2255 2207 2461 2265 idcirco
2491 2207 2720 2264 aliorum
2751 2223 2889 2279 Opus
2925 2208 2982 2262 in
3007 2207 3228 2264 illorum
3254 2207 3595 2264 restitutione
3622 2207 3752 2262 nul-

2159 2296 2374 2353 latenus
2403 2312 2674 2368 usurpare
2701 2295 3025 2368 praesumpsi
3059 2313 3073 2350 :
3106 2296 3252 2368 quia,
3287 2296 3425 2352 sicut
3453 2296 3622 2366 scitis,
3652 2313 3751 2352 re-

2159 2386 2302 2458 gulae
2331 2401 2502 2440 sacrae
2532 2400 2704 2458 usque
2735 2385 2804 2440 ad
2825 2385 3058 2440 similem
3074 2385 3438 2441 excusationis
3451 2385 3750 2441 vindictam

2157 2473 2477 2541 decernunt,
2510 2481 2568 2528 ut
2595 2474 2664 2529 ab
2691 2473 2811 2528 aliis
2831 2473 3026 2542 dejecti
3041 2472 3113 2528 ab
3124 2472 3244 2528 aliis
3263 2489 3376 2528 non
3390 2473 3744 2545 recipiantur,

2155 2562 2379 2618 minime
2408 2569 2588 2617 autem
2615 2561 3004 2616 restituantur:
3038 2561 3137 2616 sed
3165 2569 3258 2615 aut
3285 2562 3620 2628 eorumdem,
3653 2571 3749 2618 aut

2154 2651 2381 2720 majoris
2405 2650 2623 2706 concilii
2653 2649 3038 2722 episcoporum
3067 2649 3440 2724 discussiones
3453 2665 3518 2707 ac
3538 2651 3750 2720 judicia

2153 2739 2552 2810 praestolamur.
2584 2739 2655 2794 Et
2684 2739 2812 2811 quia
2839 2739 2948 2794 Leo
2968 2737 3096 2794 dicit
3132 2739 3320 2810 (epist.
3353 2743 3421 2794 95
3449 2740 3520 2795 ad
3549 2741 3744 2796 Rusti-

2153 2843 2284 2883 cum
2303 2827 2570 2897 Narbon.)
2600 2835 2658 2882 ut
2687 2827 2740 2882 in
2770 2827 2857 2882 his
2887 2843 3008 2898 quae
3045 2827 3131 2882 vel
3173 2827 3339 2882 dubia
3386 2827 3604 2892 fuerint,
3653 2836 3747 2882 aut

2153 2916 2409 2987 obscura,
2438 2915 2494 2970 iu
2521 2915 2837 2972 noverimus
2864 2915 3224 2987 sequendum,
3249 2915 3395 2987 quod
3414 2932 3517 2972 nec
3535 2932 3743 2987 praece-

2078 3054 2128 3117 C
2149 3003 2260 3076 ptis
2287 3003 2618 3077 evangelicis
2647 3003 2996 3071 contrarium,
3028 3019 3132 3060 nec
3168 3005 3400 3060 decretis
3429 3012 3742 3060 sanctorum

2149 3093 2454 3117 :_--....:-a....
2501 3093 2790 3117 -.1---..-.-...
2863 3101 2910 3117 ..ι
2963 3093 3188 3117 .I-_._---
3235 3109 3296 3117 ,Α
3343 3094 3504 3117 ΠΑΑΑ..
3551 3101 3668 3117 ..Α-ι
3683 3110 3740 3117 -.-

2148 3093 2454 3149 inveniatur
2499 3093 2814 3160 adversum,
2859 3101 2913 3148 et
2958 3093 3191 3148 domnus
3233 3109 3298 3148 ac
3343 3094 3505 3148 Pater
3551 3101 3740 3149 noster

2146 3181 2404 3238 Nicolaus
2431 3197 2576 3254 papa
2603 3181 2760 3238 vobis
2780 3190 2838 3237 ut
2852 3181 2982 3237 mihi
3004 3181 3214 3238 videtur
3228 3181 3461 3252 scripsit,
3481 3181 3740 3254 quoniam

2148 3287 2268 3344 quae
2296 3279 2493 3327 statuta
2524 3279 2649 3327 sunt
2677 3272 2747 3327 de
2774 3271 3010 3343 prmfatis
3035 3270 3185 3336 viris,
3216 3270 3472 3325 violanda
3498 3287 3609 3327 non
3635 3271 3737 3326 du-

2145 3367 2247 3426 cat,
2271 3360 2376 3415 nisi
2405 3359 2592 3416 forsan
2614 3360 2785 3418 sacris
2837 3361 3054 3434 legibus
3093 3357 3435 3414 inveniantur
3479 3359 3733 3430 adversa,

2147 3448 2378 3519 simplici
2409 3464 2474 3505 ac
2501 3449 2720 3506 sincera
2739 3450 2924 3506 cordis
2945 3448 3243 3504 intentione
3255 3464 3324 3520 _ex
3343 3447 3546 3520 regulis
3563 3449 3735 3504 sacris

2143 3537 2433 3608 perspicue
2455 3537 2692 3592 tarditati
2716 3555 2911 3592 sensus
2962 3537 3070 3592 mei
3116 3537 3406 3592 monstrari
3453 3545 3730 3608 exspecto,

2143 3633 2323 3681 utrum
2347 3641 2470 3696 qua:
2483 3624 2812 3680 difﬁnierunt
2821 3625 3014 3680 fratres
3031 3631 3082 3678 et
3092 3623 3404 3696 coepiscopi
3419 3626 3612 3694 nostri,
3631 3627 3734 3683 sic-

2142 3721 2202 3768 ut
2223 3715 2488 3770 hactenus
2508 3714 2795 3769 observata
2815 3720 2960 3780 sunt,
2981 3713 3051 3770 de
3080 3721 3274 3769 caetero
3293 3721 3350 3768 ut
3365 3715 3572 3786 regulis
3592 3731 3732 3772 cou—

2141 3802 2422 3858 cordantia
2447 3801 2681 3857 debeant
2709 3801 3010 3871 observari,
3041 3817 3111 3856 an
3154 3801 3370 3858 illorum
3399 3803 3644 3860 diﬂinitio
3673 3812 3733 3860 ut

2137 3890 2357 3946 inventa
2383 3890 2597 3964 legibus
2627 3889 2793 3946 sacris
2829 3890 3064 3947 adversa
3104 3890 3302 3947 debeat
3345 3891 3585 3948 refutari.
3619 3893 3730 3949 Sed

2139 3985 2194 4034 et
2220 3979 2353 4033 mihi
2381 3977 2596 4034 ostendi
2623 3985 2880 4050 exspecto
2910 3979 3170 4050 apertius,
3218 3995 3383 4052 quam
3411 3981 3466 4036 in
3495 3981 3610 4036 suis
3634 3995 3728 4036 sa-

2137 4067 2247 4124 cris
2275 4067 2471 4122 litteris
2501 4066 2807 4140 intelligere
2837 4068 3068 4135 valeam,
3101 4069 3148 4123 si
3197 4069 3382 4124 domui
3425 4069 3724 4138 Benedicti,

2135 4171 2200 4212 ac
2230 4156 2472 4226 ejusdem
2499 4155 2686 4212 domui
2714 4155 2944 4222 Nicolai,
2981 4173 3146 4228 super
3172 4157 3422 4214 eamdem
3447 4157 3726 4214 diffinitio-

2135 4259 2262 4300 nem
2289 4245 2390 4299 sub
2417 4245 2762 4301 anathemate
2788 4244 3212 4302 conﬁrmationis
3257 4246 3566 4319 privilegia,
3617 4247 3727 4303 nisi

2132 4333 2269 4389 forte
2298 4334 2392 4388 illa
2419 4333 2538 4406 ipse
2568 4351 2662 4390 sua
2707 4335 2974 4408 singulari
3017 4334 3335 4391 auctoritate
3374 4335 3726 4392 dissolvenda

439 4425 550 4499 l7),
567 4425 712 4498 quod
730 4423 1016 4496 privilegio
1036 4423 1348 4494 apostolicae
1370 4422 1517 4478 sedis
1535 4421 1605 4478 de
1625 4421 1759 4492 ipsis
1770 4421 2031 4477 fratribus
2059 4413 2114 4474 D
2135 4430 2188 4477 et
2216 4422 2550 4478 immutanda
2577 4423 2794 4488 viderit,
2828 4439 3058 4495 quorum
3087 4439 3354 4479 summam
3385 4423 3725 4482 ﬁrmitatem-

438 4513 681 4571 decernit
707 4513 796 4570 vel
825 4511 1148 4580 decreverit,
1183 4519 1242 4566 ut
1268 4511 1529 4582 competit
1547 4526 1686 4580 meae
1713 4509 2028 4581 subditioui,
2134 4527 2240 4584 que
2267 4511 2426 4567 nobis
2453 4511 2706 4568 omnibus
2736 4513 2951 4584 scripsit
2965 4512 3021 4567 in
3035 4513 3348 4584 apostolicae
3369 4513 3516 4570 sedis
3537 4529 3725 4571 reser-

437 4603 633 4660 obedio
659 4609 715 4658 et
742 4599 1016 4667 obediam,
1042 4599 1181 4656 sicut
1199 4601 1463 4656 hactenus
1479 4599 1794 4655 conservavi
1826 4614 1890 4655 ea
1911 4615 2032 4671 quae
2131 4607 2308 4655 vatam
2337 4599 2564 4655 arbitrio
2591 4601 2892 4672 potestatis,
2924 4617 3025 4657 nos
3055 4603 3171 4658 sine
3201 4602 3518 4676 regularum
3547 4610 3601 4658 et
3627 4618 3724 4660 se-

435 4691 624 4748 domni
641 4689 918 4747 Benedicti
948 4697 1002 4746 et
1019 4705 1122 4745 sua
1140 4687 1356 4745 fuerunt
1375 4687 1697 4745 auctoritate
1711 4687 1942 4742 firmata.
1961 4688 2032 4744 Et
2130 4687 2215 4743 dis
2243 4688 2553 4760 apostolicae
2580 4689 2910 4760 praejudicio,
2942 4689 3169 4762 sineque
3215 4698 3400 4747 nostro
3444 4692 3718 4748 communi

434 4778 790 4836 itemdicente
804 4779 1066 4850 Apostolo
1087 4795 1102 4833 :
1123 4777 1375 4851 Idipsam
1394 4777 1598 4834 dicatis
1613 4779 1897 4843 omnes,“
1911 4791 2029 4834 non
2128 4777 2392 4848 periculo,
2425 4777 2726 4834 dissolvere
2757 4787 2814 4835 et
2839 4779 3118 4834 immutare
3165 4779 3460 4851 possimus,
3509 4779 3720 4837 Caeles-

432 4869 554 4925 sint
563 4869 628 4924 in
645 4867 794 4924 vobis
821 4867 1131 4924 schismata
1149 4867 1202 4938 (Ι
1215 4868 1332 4924 Cor.
1352 4882 1391 4933 ι,
1411 4865 1535 4938 11),1
1555 4864 1693 4922 sicut
1713 4865 1926 4921 servavi
1943 4880 2032 4920 us-

433 4971 540 5031 que
568 4956 624 5011 in
653 4969 898 5028 praesens
927 4973 1047 5028 qua
1068 4956 1509 5026 praedecessores
1529 4953 1882 5027 quorumdam
1902 4969 2026 5010 ves-

427 5053 635 5102 trorum
662 5060 783 5100 cum
801 5043 1126 5116 quibusdam
1141 5060 1208 5100 ex
1227 5043 1384 5101 vobis
1399 5042 1728 5117 regulariter
1741 5058 1807 5098 ex
1827 5042 2025 5098 iisdem

427 5133 688 5190 fratribus
714 5131 1048 5188 diﬁinierunt
1087 5149 1102 5186 :
1132 5132 1207 5186 ita
1235 5140 1289 5188 et
1317 5149 1440 5204 quae
1485 5132 1554 5187 de
1601 5131 1734 5202 ipsis
1762 5132 2022 5188 canonice

417 5223 576 5294 juxta
606 5229 848 5278 tenorem
877 5219 1224 5292 epistolarum
1254 5220 1440 5275 domui
1469 5219 1751 5291 apostolici
1784 5219 2016 5276 diﬁinie-

423 5311 560 5377 ritis,
594 5310 810 5384 priscis,
835 5317 894 5364 ut
931 5309 1060 5366 dicit
1107 5307 1358 5364 G-elasius
1405 5308 1586 5380 (Decr.
1636 5325 1754 5380 cap.
1806 5309 1882 5380 2),
1917 5324 2018 5381 pro

419 5399 504 5456 sui
533 5399 836 5456 reverentia
879 5397 1225 5454 manentibus
1263 5397 1584 5464 constitutis,
1638 5407 1691 5454 et
1736 5406 2017 5454 reservato

416 5504 517 5561 per
555 5487 736 5550 omnia
765 5488 1046 5549 sententiae
1089 5503 1153 5545 ac
1191 5487 1331 5556 juris
1374 5486 1660 5560 privilegio
1705 5487 2016 5559 apostolicae

2125 4865 2238 4921 tino
2268 4866 2482 4923 dicente
2511 4867 2700 4940 (epist.
2734 4868 2790 4940 3)
2824 4886 2838 4922 :
2874 4867 3010 4936 Quae
3037 4883 3072 4923 a
3106 4868 3262 4924 nobis
3293 4885 3383 4924 res
3413 4869 3578 4942 digna
3599 4886 3717 4926 ser-

2125 4955 2358 5024 vabitur,
2395 4957 2440 5012 si
2463 4956 2811 5012 decretalium
2839 4972 3032 5012 norma
3060 4959 3477 5014 constitutorum
3506 4974 3606 5030 pro
3623 4959 3716 5015 ali-

2124 5061 2350 5116 quorum
2379 5045 2536 5100 libitu
2555 5045 2771 5101 licentia
2799 5046 3015 5118 populis
3063 5047 3338 5118 permissa
3378 5046 3657 5120 frangatur
3685 5050 3714 5103 7

2123 5133 2232 5190 Sed
2244 5134 2505 5190 etanobis
2521 5149 2632 5190 non
2652 5142 2734 5189 est
2752 5135 2902 5205 parvi
2909 5135 3199 5207 pendenda
3214 5135 3497 5207 granditer
3510 5137 3708 5192 Leonis

2120 5238 2277 5295 papae
2304 5223 2373 5278 ad
2401 5223 2638 5280 Leonem
2665 5225 2969 5298 Augustum
3000 5224 3068 5278 de
3097 5239 3158 5280 se
3196 5225 3402 5295 scripta
3446 5227 3713 5282 sententia

2119 5313 2306 5386 (epist.
2339 5315 2450 5382 84),
2504 5312 2558 5367 Si
2606 5329 2746 5384 quae,
2791 5313 2983 5384 inquit,
3035 5312 3277 5368 destruxi
3317 5315 3434 5370 haec
3478 5313 3705 5380 aediﬁco,

2117 5400 2591 5470 praevaricatorem
2621 5419 2708 5456 me
2756 5402 3046 5469 constituo,
3091 5410 3144 5457 et
3190 5402 3269 5458 eis
3312 5418 3400 5457 me
3449 5403 3711 5458 ultionum

2119 5489 2518 5546 conditionibus
2580 5491 2756 5547 subdo
2779 5534 2792 5558 ,
2838 5507 2970 5562 quas
3013 5506 3124 5547 non
3183 5491 3361 5548 solum
3417 5490 3706 5548 auctoritas
