4026 6316
244 317 313 370 49
1723 319 1836 375 ΕΡΙ

1942 320 2097 377 )LIE.
3361 384 3367 388 ί,
3485 331 3555 383 50

243 439 422 493 beata:
450 439 738 496 memoria:
762 439 1033 511 Martiani,
1057 441 1156 497 sed
1175 441 1336 496 etiam
1365 457 1470 516 ego
1498 459 1623 499 mea
1653 443 1868 500 confes-
1895 444 2254 517 Aquidquam
2282 445 2465 504 facere
2494 449 2642 522 quod
2662 449 2879 506 Patrum
2892 450 3066 522 possit
3085 452 3288 524 regulis
3305 451 3549 523 obviare,

246 527 400 581 sione
456 524 701 584 ﬁrmavi.
763 531 845 585 De
899 529 1094 602 quibus
1143 531 1406 586 ultionum
1453 532 1857 588 conditionibus

242 615 374 688 quid
393 636 428 676 a
459 625 650 673 sancto
681 617 882 688 Spiritu
909 635 1010 688 per
1037 619 1267 675 concilia
1295 621 1592 691 provinciae
1631 621 1851 689 Africae,

245 712 448 784 quidve
478 709 584 767 Dei
601 707 890 778 sapientia,
925 724 1052 778 qua,
1082 716 1141 762 ut
1169 709 1432 780 scriptum
1461 717 1561 777 est,
1599 709 1852 766 condito-

245 817 335 856 res
364 800 556 870 legum
605 797 756 865 justa
790 796 1109 863 decernunt,
1152 797 1371 870 legibus
1417 799 1487 853 sit
1532 799 1812 855 decretum
1836 843 1849 866 ,

241 889 440 945 melius
468 887 578 958 ipsi
609 884 778 940 scitis.
804 883 962 954 Quod
993 885 1037 940 si
1067 885 1231 940 etiam
1287 887 1394 943 hoc
1421 888 1490 942 de
1539 904 1598 942 se
1654 887 1852 943 intelli-

244 995 404 1050 gens,
437 984 492 1031 et
519 974 606 1030 his
635 974 824 1046 legum
854 973 1256 1029 conditionibus
1287 976 1449 1030 subdi
1491 983 1678 1030 tantus
1707 993 1852 1048 papa

239 1076 294 1123 et
319 1065 515 1138 primae
544 1063 695 1118 sedis
723 1061 965 1132 pontifex
993 1064 1356 1133 praecavendo
1385 1063 1588 1137 refugit
1613 1108 1626 1131 ,
1675 1064 1852 1136 quali-

245 1165 328 1212 ter
346 1155 563 1210 eisdem
608 1151 870 1207 ultionum
887 1151 1289 1207 conditionibus
1317 1153 1476 1208 subdi
1497 1154 1855 1224 praecavendo

239 1245 435 1300 timere
464 1258 570 1298 nos
618 1241 916 1295 debeamus
974 1240 1234 1310 subjecti,
1293 1249 1549 1312 patenter
1588 1243 1845 1297 ostendit.

241 1333 350 1391 Sed
369 1341 426 1388 et
443 1332 518 1387 de
549 1337 862 1400 contempto
891 1329 1229 1384 anathemate
1272 1331 1599 1386 necessitate
1625 1331 1848 1403 (quanto

239 1422 420 1496 magis
451 1418 847 1476 deliberatione
865 1417 916 1489 ?)
944 1417 1046 1473 rite
1077 1419 1312 1490 prolato,
1349 1420 1492 1490 quod
1527 1419 1584 1474 in
1611 1419 1848 1491 praefatis

237 1508 548 1584 privilegiis
607 1507 934 1574 continetur,
994 1507 1126 1579 quid
1165 1515 1387 1564 sanctus
1429 1507 1734 1582 Gregorius
1777 1509 1847 1564 ad

237 1598 612 1655 Theootistam
640 1595 928 1668 patriciam
954 1595 1102 1651 dicat
1138 1595 1258 1666 (lib.
1293 1612 1370 1662 Ix,
1405 1599 1572 1670 epist.
1606 1597 1718 1669 '79),
1753 1612 1845 1651 sa-

237 1687 504 1761 pientiam
534 1691 774 1742 vestram
804 1700 838 1740 a
867 1686 984 1740 Deo
1005 1685 1221 1740 doctam
1249 1700 1360 1739 non
1394 1685 1542 1740 latet.
1589 1686 1658 1740 Et
1688 1685 1844 1756 Sym-

1955 548 2184 590 necesse
2211 543 2294 590 est
2319 544 2379 591 ut
2406 553 2470 593 ea
2505 537 2633 594 hinc
2659 538 2986 607 decernetis,
3019 557 3090 596 ne
3119 541 3281 596 autin
3298 542 3557 614 qumstio~

1953 633 2080 673 nem
2111 620 2406 690 reveniant,
2441 629 2532 678 aut
2548 622 2768 680 occasio
2797 623 2992 680 exinde
3023 624 3250 694 alicujus
3277 641 3552 698 praesum-

1953 707 2154 778 ptionis
2173 719 2544 782 exsurgat,aut
2560 711 2655 767 illa
2669 711 2970 770 dissolvere
2990 713 3326 784 temporibus
3343 716 3548 772 nostris

1953 795 2042 852 vel
2072 813 2452 855 successorum
2479 807 2794 856 nostrorum
2808 809 3078 873 oporteat.
3111 801 3343 872 Quanta,
3379 803 3553 876 inquit

1955 880 2316 952 Symmachus
2338 881 2532 957 (epist.
2565 889 2616 954 1,
2631 885 2705 942 ad
2718 886 3028 958 ίΕοηὶωη),
3048 886 3272 942 vicariis
3291 886 3551 943 beatissi-

1951 969 2027 1023 mi
2055 971 2198 1024 Petri
2230 972 2464 1043 apostoli
2485 973 2820 1042 judicabitur
2856 990 2980 1031 esse
3009 975 3331 1043 reverentia,
3352 974 3399 1030 si
3429 992 3552 1048 quae

1950 1057 2007 1112 in
2036 1060 2339 1115 sacerdotio
2356 1062 2676 1134 praecipiunt
2704 1063 2912 1118 eisdem
2929 1063 3330 1119 transeuntibus
3349 1063 3554 1120 dissol-

1951 1148 2191 1202 vantur?
2221 1148 2368 1220 quia,
2401 1157 2458 1204 ut
2485 1149 2632 1206 idem
2677 1151 2840 1218 dicit,
2897 1167 3007 1208 non
3054 1159 3236 1224 potest
3289 1168 3356 1208 ex
3397 1160 3553 1225 parte

1951 1232 2164 1290 ﬁrmum
2197 1252 2320 1291 esse
2349 1238 2495 1309 quod
2525 1238 2896 1310 generalitatis
2924 1240 3097 1314 tangit
3139 1239 3415 1310 injuriam.
3455 1270 3466 1278 ο

2518 1355 2858 1412 EPISTOLA
2887 1356 2978 1412 IV.

2187 1466 2260 1506 AD
2296 1466 2529 1510 EAMDEM
2559 1468 2825 1511 SYNODUM
2853 1468 3311 1512 SUESSION'ENSEM

1945 1557 2024 1612 De
2039 1558 2220 1634 Ebone
2248 1559 2567 1634 Rhemensi,
2599 1561 2742 1633 quod
2779 1561 2847 1616 ab
2879 1563 3204 1634 episcopatu
3221 1564 3357 1634 jure
3405 1562 3547 1633 deje-

2017 1631 2164 1704 c_t_us,
2197 1645 2301 1684 nec
2336 1631 3140 1704 legitimeposteafestitutas,
3189 1631 3422 1704 clericos
3451 1631 3548 1690 or-

2017 1699 2216 1784 dinare
2236 1716 2354 1784 non
2371 1699 2642 1784 potuerit,
2669 1705 2729 1756 et
2913 1701 2973 1784 lii
2991 1703 3462 1784 quosordinarat,
3480 1705 3548 1784 ni

239 1778 470 1833 machus
499 1775 630 1864 dicit
659 1774 846 1864 (epist.
881 1777 906 1827 1
1056 1773 1431 1864 Εοιηὶωημᾶ
1457 1774 1636 1845 ipsam
1656 1789 1844 1830 sacro-
1872 1802 1927 1864 B
2016 1771 2518 1864 sg'qdqﬂffldensi
2547 1771 2824 1844 suspensi,
2847 1775 2910 1829 in
2925 1771 3343 1830 Suesssionensi
3367 1774 3550 1846 gradu

237 1873 485 1922 sanctam
515 1862 843 1920 catholicam
873 1862 1199 1936 religionem
1217 1863 1515 1934 pertinere,
1539 1864 1694 1932 cujus
1721 1879 1845 1918 om-

236 1956 319 2010 nis
337 1951 936 2026 potestasinfringitur,
967 1950 1075 2006 nisi
1102 1952 1378 2022 universa,
1424 1969 1546 2024 qua:
1565 1969 1596 2008 a
1626 1952 1840 2009 Domini

235 2042 614 2099 sacerdotibus
649 2040 822 2096 semel
852 2039 1180 2111 regulariter
1208 2047 1538 2110 statuuntur,
1579 2049 1840 2112 perpetua

237 2133 379 2198 sint;
411 2130 562 2204 quod
592 2129 730 2184 alias
759 2129 1078 2200 contingere
1109 2129 1330 2200 poterit,
1365 2129 1412 2183 si
1449 2145 1738 2185 successor
1755 2131 1847 2185 de-

235 2219 477 2276 cessoris
504 2217 719 2274 actibus
746 2233 858 2273 non
897 2216 1146 2272 tribuerit
1203 2215 1532 2284 ﬁrmitatem,
1583 2226 1636 2273 et
1672 2218 1842 2274 robo-

235 2309 407 2365 rando
434 2323 556 2380 qua:
582 2314 738 2378 gesta
768 2313 910 2374 sunt,
944 2304 1106 2362 faciat
1133 2311 1256 2360 rata
1284 2321 1408 2362 esse
1436 2323 1558 2378 qum
1587 2307 1839 2379 gesserit.

235 2399 304 2453 Et
329 2396 588 2452 Gelasius
609 2395 801 2468 (epist.
829 2397 888 2448 11
927 2394 1000 2450 ad
1039 2394 1368 2466 Germanos)
1402 2413 1414 2448 :
1442 2416 1465 2446 σι
1500 2396 1707 2460 Patres,
1751 2397 1840 2450 in—

235 2487 368 2559 quit,
393 2485 572 2541 nostri
627 2482 882 2539 catholici
928 2482 1183 2538 videlicet
1229 2483 1484 2555 doctique
1533 2483 1836 2554 pontiﬁces,

234 2574 500 2648 quidquid
529 2589 631 2644 pro
661 2572 791 2642 ﬁde,
833 2587 936 2642 pro
995 2571 1244 2638 veritate,
1303 2588 1402 2643 pro
1459 2573 1840 2629 communione

231 2663 502 2721 catholica
528 2671 694 2734 atque
723 2659 1044 2732 apostolica,
1094 2662 1392 2717 secundum
1425 2661 1838 2733 Scripturarum

233 2749 506 2804 tramitem
537 2791 550 2814 ,
613 2745 1074 2817 traditionemque
1131 2745 1397 2814 majorum
1428 2791 1445 2813 ,
1478 2745 1622 2801 facta
1668 2747 1840 2802 semel

232 2835 669 2909 congregatione
725 2842 1063 2902 sanxerunt,
1114 2834 1496 2890 inconvulsum
1555 2834 1841 2890 voluerunt

233 2927 496 2997 deinceps
525 2923 858 2994 ﬁrmumque
915 2929 1168 2979 constare
1202 2939 1349 2989 gnec
1392 2923 1448 2977 in
1492 2925 1595 2980 hac
1642 2925 1836 2979 eadem

233 3031 395 3072 causa
408 3015 594 3070 denuo
626 3029 749 3084 qua:
777 3010 1001 3082 praefixa
1029 3010 1250 3066 fuerant
1280 3013 1566 3068 retractari
1593 3013 1836 3084 qualibet

231 3105 436 3160 recenti
500 3101 927 3174 praesumptione
981 3100 1362 3172 permiserunt.
1424 3100 1834 3172 Sapientissime

231 3162 602 3265 pervidentes,
631 3162 889 3263 quoniam
917 3190 964 3244 si
983 3162 1216 3245 decreta
1254 3162 1542 3244 salubriter
1581 3189 1836 3261 cuiquam
1867 3162 1916 3225 C

233 3281 423 3338 liceret
451 3282 676 3348 iterare,
709 3278 916 3334 nullum
937 3285 1123 3334 contra
1139 3278 1389 3350 singulos
1405 3294 1651 3350 quosque
1671 3294 1833 3348 pror-

235 3388 326 3426 sus
354 3386 578 3426 errores
609 3367 803 3424 stabile
831 3367 1149 3438 persisteret
1175 3366 1440 3422 Ecclesia:
1459 3367 1830 3437 constitutum,

233 3475 296 3515 ac
316 3474 539 3530 semper
565 3457 764 3512 iisdem
791 3455 1062 3512 furoribus
1083 3455 1344 3512 redivivis
1391 3455 1571 3510 omnis
1622 3455 1834 3528 integra

227 3548 474 3604 diﬂinitio
505 3546 839 3619 turbaretur.
883 3569 904 3594 η

297 3648 429 3702 Haec
455 3645 640 3717 itaque
667 3645 738 3699 de
766 3643 958 3698 litteris
985 3642 1244 3698 divinitus
1273 3643 1550 3715 inspiratis
1581 3651 1829 3714 accepta,

228 3736 312 3792 vel
340 3751 446 3806 pro
477 3733 556 3789 rei
584 3732 773 3788 notitia
799 3731 1156 3798 manifestata,
1188 3747 1300 3786 non
1321 3731 1392 3786 ad
1421 3731 1826 3800 resultandum,

231 3825 378 3897 quod
407 3823 570 3889 absit,
607 3821 664 3876 in
700 3821 884 3893 aliquo
912 3821 1096 3875 domni
1123 3837 1282 3892 papa
1310 3821 1544 3876 decretis
1573 3821 1832 3892 apostoli-

227 3913 325 3980 cis,
347 3913 437 3970 vel
465 3911 536 3966 ad
583 3910 950 3966 resistendum
978 3909 1175 3964 vestris
1231 3910 1576 3982 regularibus
1627 3909 1828 3964 diﬁini-

227 4001 466 4056 tionibus
495 3999 752 4072 profero;
786 3999 885 4053 sed
909 4007 966 4052 ut
995 3998 1270 4069 quomodo
1300 3998 1383 4052 his
1412 4014 1533 4070 quae
1567 3998 1624 4052 in
1672 3999 1828 4068 deje-

228 4091 404 4147 ctione
433 4089 652 4144 illorum
680 4086 902 4143 diﬁinita
941 4094 1065 4141 sunt
1093 4088 1353 4143 hactenus
1401 4087 1637 4154 obedivi,
1663 4087 1742 4144 sic
1771 4088 1828 4142 in

229 4192 414 4231 eorum
442 4172 805 4240 restitutione,
837 4173 992 4241 cujus
1036 4172 1166 4228 estis
1195 4188 1230 4226 a
1258 4172 1458 4227 domno
1523 4171 1826 4243 apostolico

230 4265 423 4321 arbitri
451 4261 750 4330 constituti,
775 4261 822 4316 si
851 4277 886 4317 a
913 4261 1070 4317 vobis
1099 4259 1280 4316 ﬂenda
1313 4260 1572 4317 canonice
1605 4261 1827 4316 inventa

227 4362 280 4410 et
305 4361 520 4426 patrata
547 4350 728 4420 fuerit,
763 4358 1026 4422 quantum
1038 4367 1104 4406 ex
1133 4367 1222 4405 me
1251 4358 1351 4417 est,
1387 4349 1630 4420 praefatis
1659 4365 1827 4422 regu-

227 4443 291 4508 lis
319 4443 517 4508 sacris,
569 4450 623 4496 et
661 4440 1058 4511 episcopalibus
1107 4449 1266 4512 atque
1323 4439 1637 4510 apostolicae
1678 4439 1826 4494 sedis

2013 1842 2242 1914 spoliati
2269 1843 2408 1898 sint.

2495 1950 2674 2022 (Apud
2702 1951 3006 2023 Sirmond.)

2017 2056 2346 2111 Hmcnxnus
2387 2056 2720 2112 Rhemorum
2767 2057 3058 2129 episcopus
3105 2064 3308 2115 sanctae
3337 2059 3548 2130 synodo

1946 2143 2132 2198 domui
2161 2160 2319 2215 papae
2344 2144 2554 2201 Nicolai
2584 2145 2904 2202 auctoritate
2941 2153 3274 2202 convocatae.
3441 2214 3450 2218 δ

2015 2231 2146 2286 CAP.
2178 2233 2220 2286 Ι.
2271 2233 2352 2288 De
2388 2233 2601 2304 Ebone,
2657 2235 2803 2289 unde
2857 2235 3080 2308 quidam
3107 2235 3422 2308 loquuntur,
3457 2235 3549 2308 qui

1944 2335 2164 2376 causam
2195 2321 2312 2391 ejus
2341 2322 2608 2392 nesciunt,
2633 2323 2720 2379 vel
2735 2323 2875 2379 scire
2895 2331 2986 2378 aut
3005 2323 3192 2380 audire
3207 2340 3318 2380 non
3334 2323 3540 2389 volunt,

1942 2425 2064 2464 cum
2095 2425 2415 2482 quocunque
2447 2427 2549 2482 per
2577 2411 2980 2468 contentionem
3016 2411 3220 2468 nullam
3263 2411 3542 2468 conferam

1943 2498 2295 2569 quaestionem
2331 2543 2343 2566 ,
2403 2501 2529 2570 quia
2557 2517 2663 2557 nec
2719 2501 2950 2556 domnus
3007 2496 3339 2572 apostolicus
3407 2500 3541 2556 mihi

1941 2587 2212 2656 agendum
2233 2588 2337 2644 hoc
2367 2588 2600 2659 scripsit,
2634 2605 2736 2645 nec
2765 2605 2889 2646 cum
2919 2589 3112 2646 eodem
3131 2589 3324 2646 Ebone
3349 2590 3406 2644 in
3430 2589 3542 2647 vita

1942 2691 2036 2730 sua
2067 2675 2245 2730 exstiti
2293 2677 2606 2749 altercator,
2649 2694 2752 2734 nec
2779 2687 2904 2750 post
2931 2686 3161 2735 mortem
3216 2679 3335 2748 ejus
3390 2677 3536 2748 illius

1940 2781 2058 2819 sum
2084 2765 2392 2836 derogator,
2424 2781 2528 2822 nec
2557 2767 2675 2836 ejus
2704 2767 2851 2822 sedis
2873 2767 3096 2846 invasor
3123 2767 3322 2837 exstiti,
3368 2781 3532 2839 quam

1939 2853 2010 2908 ab
2031 2869 2096 2908 eo
2117 2854 2417 2910 secundum
2445 2855 2668 2928 regulas
2684 2856 2990 2912 sacerdotio
3018 2855 3274 2912 defuncto
3291 2861 3538 2928 quartus,

1936 2949 2062 3012 post
2090 2958 2186 2997 eos
2211 2942 2303 3014 qui
2324 2959 2444 2999 eam
2473 2951 2779 3016 tenuerunt,
2811 2944 3073 3002 canonice
3117 2944 3176 3001 in
3226 2959 3292 3000 ea
3324 2943 3532 3000 electus

1938 3038 1992 3086 et
2036 3031 2318 3086 ordinatus
2348 3033 2646 3104 regendam
2675 3033 2911 3105 suscepi.
2943 3033 3170 3090 Ratione
3202 3040 3384 3089 autem
3443 3031 3534 3088 di-

1937 3126 2134 3186 ctante,
2167 3137 2327 3190 quam
2355 3121 2503 3175 omni
2531 3123 2776 3192 poscenti
2805 3137 3014 3195 negare
3041 3137 3152 3178 non
3181 3120 3534 3192 debeo,verig

1938 3215 2100 3262 tatem
2129 3208 2370 3278 proferre
2423 3209 2568 3266 licite
2625 3209 2804 3266 valeo.
2861 3211 3012 3266 Idem
3061 3225 3299 3282 namque
3358 3223 3394 3265 a
3446 3223 3526 3276 se,

1929 3296 2084 3364 juxta
2115 3312 2298 3352 sacras
2331 3297 2550 3368 regulas
2581 3305 2636 3354 et
2689 3297 3030 3355 traditionem
3074 3296 3524 3366 ecclesiasticam,

1935 3399 2001 3441 ac
2019 3385 2241 3442 decreta
2269 3385 2416 3441 sedis
2443 3386 2700 3444 Romanae
2727 3387 3060 3460 pontiﬁcum,
3089 3385 3310 3454 Zosimi,
3354 3387 3527 3442 Joan—

1933 3473 2018 3528 nis
2047 3481 2210 3546 atque
2241 3474 2515 3548 Gregorii,
2543 3475 2678 3532 sicut
2714 3476 2784 3532 ab
2805 3476 2886 3532 eis
2934 3475 3282 3534 constitutum
3319 3475 3525 3532 multo-

1933 3563 2035 3618 ties
2059 3563 2274 3634 legitur,
2305 3580 2406 3634 per
2430 3563 2786 3636 professionis
2811 3581 2925 3622 sua;
2950 3565 3212 3632 libellum,
3243 3581 3310 3621 ea
3335 3563 3527 3620 mode-

1931 3651 2160 3718 ratione,
2196 3668 2373 3724 quam,
2386 3653 2496 3709 Leo
2522 3669 2756 3726 magnus
2782 3670 2926 3726 papa
2953 3653 3196 3711 decrevit
3223 3653 3296 3710 ad
3313 3651 3526 3710 univer-

1931 3755 2022 3795 sos
2053 3740 2340 3812 episcOpos
2369 3757 2470 3813 per
2525 3743 2826 3812 Samnium,
2876 3743 3134 3800 Picenum
3179 3749 3233 3799 et
3273 3740 3524 3798 Tusciam

1930 3829 2043 3901 (ep.
2093 3832 2202 3900 86),
2233 3829 2496 3886 dictatum
2523 3839 2577 3887 et
2602 3831 2826 3904 propria
2851 3847 3019 3887 manu
3048 3831 3434 3902 subscriptum,
3464 3829 3524 3885 in

1929 3917 2139 3988 synodo
2169 3934 2229 3974 se
2247 3919 2514 3990 deposuit,
2535 3927 2586 3975 et
2617 3920 2910 3992 episcopali
2926 3919 3226 3977 ministerio
3243 3917 3518 3992 spoliavit,

1927 4014 2088 4077 atque
2116 4007 2412 4062 secundum
2442 4025 2593 4062 suam
2623 4008 3020 4080 professionem
3063 4017 3117 4066 et
3163 4006 3524 4079 subscriptio-

1927 4105 2054 4144 nem
2081 4107 2112 4144 a
2150 4091 2510 4164 quadraginta
2537 4093 2708 4148 tribus
2733 4093 3004 4165 episcopis
3025 4092 3286 4163 judicium
3306 4091 3526 4164 deposi-

1925 4177 2085 4234 tionis
2115 4181 2354 4250 suscepit
2383 4199 2396 4234 :
2429 4181 2564 4236 sicut
2584 4182 2674 4236 ille
2701 4182 2820 4252 ipse
2848 4182 3085 4248 libellus,
3119 4197 3283 4254 quem
3309 4181 3520 4252 synodo

1924 4268 2183 4338 porrexit,
2216 4276 2270 4322 et
2297 4267 2485 4323 notitia
2504 4269 2798 4341 synodalis,
2823 4286 2945 4341 quae
2972 4269 3238 4324 habemus
3255 4309 3270 4338 ,
3305 4267 3522 4324 eviden-

1929 4363 2009 4411 ter
2035 4357 2345 4412 ostendunt.
2380 4358 2448 4414 Ut
2477 4358 2620 4414 enim
2641 4357 2772 4415 dicit
2798 4357 3077 4427 Gelasius,
3120 4357 3246 4415 ideo
3291 4363 3516 4414 vocatur

1927 4445 1996 4500 ad
2026 4445 2290 4515 judicium
2316 4455 2463 4503 certa
2492 4464 2830 4522 quaecunque
2857 4464 3108 4522 persona,
3141 4457 3200 4504 ut
3227 4455 3321 4504 aut
3349 4445 3518 4502 fatea-

227 4532 420 4587 exinde
449 4529 970 4596 conﬁrmationibus,
1021 4529 1328 4600 periculose
1358 4545 1466 4584 non
1502 4527 1738 4594 obviem,
1773 4535 1826 4583 et
1853 4519 2010 4590 Dtur
2037 4535 2266 4606 objecta,
2298 4546 2393 4594 aut
2413 4545 2471 4593 ut
2500 4519 3130 4609 convincatur‘objectis.
3164 4537 3275 4594 Sed
3295 4537 3436 4590 hunc
3463 4541 3518 4590 et

227 4638 256 4676 a
282 4619 764 4694 praeceptionibus,
788 4635 911 4690 quae
925 4618 980 4672 in
1023 4617 1337 4688 apostolicis
1385 4616 1824 4688 epistolisconti-

225 4715 438 4774 nentur,
469 4721 505 4760 a
526 4705 724 4776 quibus
779 4702 1014 4758 Domino
1061 4710 1331 4758 annuente
1378 4702 1466 4758 vel
1495 4710 1822 4759 transverso.

225 4803 278 4849 ut
295 4795 516 4861 dicitur,
551 4809 734 4866 ungue
764 4793 998 4848 scienter
1027 4800 1080 4846 et
1121 4807 1222 4862 per
1271 4791 1666 4846 contumaciam
1714 4807 1826 4847 non

229 4883 560 4952 exorbitabo,
591 4882 647 4936 in
675 4881 822 4936 nullo
851 4898 951 4952 per
976 4880 1337 4952 ignorantiam
1368 4881 1665 4947 deviem,et
1685 4897 1824 4952 qua-

229 4973 348 5028 liter
375 4974 590 5044 absque
606 4970 935 5026 descrimine
957 4970 1111 5042 sequi
1137 4969 1365 5026 debeam
1396 4970 1718 5043 regularem
1739 4988 1827 5026 ve-

228 5070 410 5128 stram,
443 5077 674 5134 quorum
703 5077 770 5116 ex
799 5059 1149 5131 delegatione
1180 5059 1328 5114 sedis
1379 5060 1695 5130 apostolicae
1736 5059 1825 5114 in-

229 5159 410 5217 terest,
445 5149 842 5217 difiinitionem,
875 5165 974 5220 per
1001 5148 1243 5220 ipsarum
1271 5149 1585 5220 regularum
1631 5149 1824 5203 trami-

225 5247 328 5294 tem
356 5239 570 5311 liquido
613 5253 950 5309 cognoscere
987 5239 1217 5294 valeam.
1271 5238 1355 5292 Ad
1400 5239 1504 5293 hoc
1549 5237 1696 5292 enim
1741 5237 1840 5292 vel.

229 5329 457 5383 maxime
486 5328 554 5382 ad
577 5327 847 5398 synodum
875 5327 1022 5382 venit
1050 5327 1366 5398 episcOpus,
1402 5335 1460 5381 ut
1491 5335 1582 5382 aut
1625 5326 1820 5392 discat,

229 5427 315 5472 aut
342 5419 560 5480 doceat,
585 5424 677 5470 aut
706 5416 1030 5487 corrigatur,
1049 5425 1141 5470 aut
1161 5417 1420 5488 corrigat.
1442 5418 1510 5470 Et
1531 5415 1826 5471 Ccelestino

230 5507 438 5562 dicente
459 5507 705 5576 (Decret.
749 5507 839 5573 20,
885 5506 1157 5578 episcopis
1200 5522 1303 5577 per
1348 5505 1634 5576 Apuliam,
1666 5505 1821 5574 etc.),

231 5603 286 5648 ut
320 5595 454 5649 nulli
481 5593 750 5649 sacerdoti
780 5609 909 5648 suos
939 5593 1098 5651 liceat
1127 5609 1368 5649 canones
1398 5592 1673 5662 ignorare,
1725 5608 1827 5646 nec

1925 4624 2066 4680 actio
2092 4641 2233 4696 pene
2261 4627 2408 4683 omni
2427 4627 2630 4683 mundo
2671 4636 2798 4685 nota
2826 4627 3078 4693 convicit,
3135 4633 3188 4680 et
3224 4625 3343 4696 ipse
3377 4638 3514 4694 pro-

1925 4713 2046 4784 pria
2075 4732 2136 4770 se
2184 4732 2319 4773 voce
2363 4726 2416 4773 et
2475 4717 2780 4790 subscripta
2834 4713 3170 4787 professione
3215 4712 3512 4771 damnavit.

1927 4803 2122 4858 Postea
2149 4822 2282 4862 vero
2312 4806 2430 4861 sine
2457 4807 2566 4861 ulla
2591 4805 2830 4878 regulari
2857 4800 3188 4858 restitutione
3216 4801 3363 4859 idem
3409 4803 3518 4859 mi-

1925 4892 2203 4948 nisterium
2235 4895 2561 4968 episcopale,
2593 4911 2701 4966 quo
2741 4909 2800 4947 se
2844 4890 3170 4962 privaverat,
3204 4901 3394 4950 contra
3441 4909 3522 4948 sa-

1925 4997 2052 5038 cros
2081 4999 2317 5038 canones
2343 4983 2642 5056 usurpavit.
2677 4983 2744 5034 Et
2771 4980 2987 5036 demum
3019 4981 3119 5036 sub
3154 4999 3294 5055 papa
3326 4981 3521 5054 Sergio

1926 5071 2152 5126 Romam
2180 5074 2426 5140 veniens,
2459 5073 2529 5128 ab
2557 5086 2640 5136 eo,
2694 5077 2753 5123 ut
2797 5069 3082 5126 damnatus
3125 5071 3182 5126 in
3229 5071 3367 5128 laica
3393 5078 3513 5125 tan-

1926 5167 2037 5216 tum
2067 5163 2446 5217 communione
2476 5165 2740 5226 maneret,
2771 5158 3012 5216 districta
3065 5160 3350 5227 sententia,
3382 5158 3522 5214 sicut

1927 5254 1978 5300 et
2007 5255 2159 5317 gesta
2179 5246 2348 5316 ipsius
2379 5260 2536 5314 papae
2565 5243 2958 5312 demonstrant,
2991 5246 3380 5301 condemnatus
3401 5241 3518 5297 fuit.

1927 5334 2031 5404 Qui
2060 5351 2182 5390 cum
2212 5331 2526 5401 metropolis
2554 5331 2904 5402 Rhemorum,
2938 5334 2991 5388 in
3023 5348 3130 5404 qua
3157 5331 3334 5388 fuerat
3363 5331 3518 5388 ordi-

1926 5427 2098 5485 natus,
2124 5434 2220 5488 per
2247 5415 2570 5471 decennium
2597 5427 2718 5490 post
2739 5417 3134 5490 depositionem
3156 5417 3274 5486 ejus
3301 5424 3521 5488 pastore

1927 5513 2164 5570 vacaret,
2199 5505 2367 5560 sedet
2396 5522 2566 5578 usque
2599 5507 2666 5562 ad
2717 5505 3004 5562 terminum
3050 5505 3174 5562 vita:
3212 5521 3344 5573 suae,
3397 5521 3518 5560 cum

1925 5595 2035 5650 fere
2065 5595 2254 5648 decem
2281 5602 2334 5649 et
2371 5603 2582 5667 septem
2604 5597 2758 5652 annis
2787 5603 2911 5666 post
2935 5595 3338 5652 damnationem
3367 5608 3521 5648 suam
