4026 6288
457 313 524 376 si
1419 313 1762 373 HINCMARI
1791 295 2195 370 RHEMENSIS
2227 302 2782 371 ARCHIEPISCOPI.
3563 385 3572 399 δ
3695 310 3764 368 sa

451 441 665 512 viiei‘it,
697 441 945 499 eamdem
970 443 1160 498 sedem
1191 447 1294 514 qua
1323 440 1644 511 regulariter
1692 455 1752 496 se
1794 437 2050 511 privavit,
2073 423 2130 498 Α
2157 446 2568 506 consenserunt,
2603 437 2672 493 de
2699 435 2898 510 quibus
2926 436 2983 493 in
3026 434 3215 492 uestro
3255 431 3453 492 saeculo
3497 433 3764 508 quosdam

453 532 715 592 canenice
735 548 844 588 non
873 532 1106 604 repetiit,
1139 547 1240 588 nec
1269 530 1519 596 obtinuit,
1554 545 1732 602 neque
1761 528 1929 582 ullum
1958 541 2053 582 ca-

455 625 666 680 nonicae
696 639 808 678 suae
848 621 1205 677 restitutionis
1233 621 1614 676 documentum
1654 618 1862 690 synodo
1895 614 2054 672 cuili-

453 712 565 779 bet,
601 710 688 768 vel
717 709 1054 782 principibus
1085 717 1266 778 terrae,
1297 724 1360 764 ac
1390 707 1626 779 populis,
1651 706 1740 778 qui
1769 721 1894 762 eum
1913 705 2056 759 dam-

455 807 642 857 natum
698 797 864 854 fuisse
918 805 1196 864 noverant,
1231 796 1528 853 secundum
1599 795 1816 868 regulas
1874 809 2056 847 sacras

460 881 714 941 Ostendit.
747 883 816 938 Et
837 881 883 936 si
913 883 1033 954 quis
1063 883 1178 937 vult
1207 881 1388 936 dicere
1427 896 1550 936 eum
1577 878 1746 933 fuisse
1784 876 2056 948 regulari-

457 981 561 1042 ter,
595 987 868 1028 consensu
899 970 1297 1042 episcoporum,
1325 968 1412 1023 vel
1443 968 1592 1023 sedis
1625 966 1938 1038 apostolicae
1969 981 2056 1020 re-

457 1061 729 1126 stitutum,
764 1059 903 1116 sicut
959 1067 1176 1114 sanctus
1235 1057 1488 1114 Gelasius
1543 1057 1599 1110 in
1649 1055 1913 1111 decretali
1961 1069 2056 1108 sua

465 1149 693 1222 epistola
721 1149 790 1204 de
808 1147 1007 1204 Acacio
1037 1147 1166 1203 dicit
1193 1147 1273 1219 (in
1293 1154 1440 1201 tomo
1460 1146 1527 1202 de
1553 1145 1752 1200 anath.
1786 1143 2054 1209 vinculo),

460 1255 626 1310 quem
655 1237 738 1292 sui
767 1237 1062 1308 complices
1116 1252 1178 1291 ac
1235 1234 1471 1290 fautores
1531 1233 1836 1289 restitutum
1890 1231 2058 1286 fuisse

461 1326 762 1400 ﬁngebant,
795 1327 989 1382 doceat
1011 1341 1042 1379 a
1071 1325 1266 1396 quibus
1295 1331 1346 1379 et
1377 1323 1468 1378 ubi
1489 1323 1579 1378 ille
1605 1339 1906 1378 consensus
1972 1337 2060 1374 re-

465 1415 757 1471 stitutionis
777 1415 847 1470 sit
872 1422 1081 1488 gestus,
1141 1413 1186 1468 si
1217 1412 1518 1468 secundum
1554 1411 1814 1466 Ecclesiae
1844 1410 2064 1481 regulas

463 1504 800 1573 celebratus,
826 1503 872 1558 si
899 1510 1118 1574 paterna
1147 1500 1432 1555 traditione
1462 1499 1760 1570 profectus,
1808 1497 1853 1552 si
1885 1498 2060 1566 majo-

462 1609 584 1648 rum
603 1609 754 1649 more
781 1591 1041 1664 prolatus,
1073 1589 1119 1644 si
1147 1588 1472 1660 competenti
1523 1587 1922 1644 examinatione
1970 1587 2064 1640 de-

2153 526 2476 598 audivimus,
2505 525 2769 600 quosdam
2787 526 2950 582 etiam
2975 527 3067 598 qui
3101 522 3206 582 hoc
3236 526 3467 598 egerunt
3504 524 3762 582 vidimus.

2156 615 2283 684 Sed,
2313 625 2568 671 monente
2601 617 2900 687 Scriptura,
2932 630 3040 670 non
3064 614 3331 670 debemus
3359 613 3575 669 turbam
3607 612 3764 686 sequi

2154 704 2221 757 ad
2251 705 2392 760 male
2413 707 2706 778 agendum,
2740 714 2790 760 et
2819 713 2877 759 ut
2912 704 3260 760 Innocentius
3291 703 3522 775 loquens
3551 703 3620 758 de
3649 700 3761 758 Bo-

2153 809 2291 848 noso
2322 793 2451 848 dicit
2485 795 2713 864 (decret.
2767 795 2877 864 56),
2916 814 2943 842 α
2973 792 3196 862 Quoties
3241 808 3273 848 a
3311 792 3547 864 populis,
3597 800 3687 847 aut
3735 807 3768 846 a

2156 882 2318 936 turba
2342 890 2616 953 peccatur,
2652 882 2779 954 quia
2808 881 2862 936 in
2894 897 3084 936 omnes
3106 890 3330 952 propter
3365 879 3768 936 multitudinem

2156 986 2265 1026 non
2286 978 2462 1042 potest
2494 970 2780 1039 vindicari,
2822 969 3048 1024 intritum
3076 967 3250 1024 soleat
3283 969 3532 1024 transire.
3574 969 3768 1024 Priora

2157 1074 2288 1129 ergo
2336 1059 2655 1113 dimittenda
2715 1058 2838 1114 dico
2900 1055 3001 1112 Dei
3042 1057 3265 1128 judicio,
3329 1060 3381 1113 et
3437 1055 3505 1112 de
3555 1056 3770 1130 reliquo

2157 1147 2391 1202 maxima
2422 1147 2788 1203 sollicitudine
2811 1147 3250 1218 prmcavendum.
3293 1169 3316 1196 υ
3357 1143 3424 1202 Et
3452 1145 3520 1202 de
3565 1146 3766 1202 incon-

2159 1253 2295 1308 gruo
2323 1237 2496 1291 sacris
2531 1237 2823 1306 Scripturis
2855 1252 2920 1292 ac
2953 1245 3264 1291 sanctorum
3297 1233 3534 1291 decretis
3561 1233 3769 1290 multo-

2161 1341 2278 1380 rum
2309 1341 2603 1392 consensu,
2637 1325 2767 1379 item
2797 1325 2852 1379 in
2883 1325 3120 1380 decretis
3150 1323 3462 1396 apostolicae
3493 1323 3639 1379 sedis
3681 1321 3770 1378 le-

2159 1414 2322 1488 gitur,
2356 1414 2478 1486 quia
2499 1422 2551 1468 et
2581 1412 2626 1467 si
2647 1429 2838 1469 omnes
2868 1409 3201 1478 sacerdotes,
3227 1422 3279 1468 et
3305 1413 3539 1468 mundus
3568 1427 3768 1467 assen-

2161 1503 2274 1568 tiat,
2307 1502 2576 1557 damnatio
2625 1503 3028 1558 consentientes
3072 1499 3316 1572 involvit,
3351 1507 3461 1557 non
3509 1501 3773 1572 prmvari~

2163 1591 2429 1648 cationem
2461 1607 2764 1647 consensus
2793 1591 3043 1647 absolvit.
3095 1592 3216 1646 Non
3247 1591 3390 1646 enim
3423 1591 3628 1646 crimen
3676 1591 3778 1644 mi-

460 1689 756 1755 promptus,
791 1680 840 1736 si
869 1681 939 1736 ad
965 1680 1194 1752 primam
1223 1679 1430 1745 sedem,
1461 1678 1616 1746 cujus
1664 1677 1942 1741 intererat,
1995 1675 2063 1728 de
2164 1681 2364 1745 nuitur,
2401 1681 2500 1734 sed
2555 1679 2835 1748 accrescit,
2878 1695 2999 1735 cum
3031 1679 3286 1752 generale
3337 1678 3393 1734 fit
3423 1696 3486 1733 ex
3535 1679 3771 1750 privato.

461 1771 730 1827 sententia
759 1783 864 1842 qua
890 1769 1176 1824 tenebatur
1203 1767 1512 1830 obstrictus,
1539 1765 1834 1820 secundum
1865 1764 2135 1856 Eccle-B
2165 1770 2279 1824 Hoc
2338 1769 2482 1824 enim
2538 1769 2685 1824 Deus
2731 1770 2971 1824 omnium
3028 1769 3320 1835 indicavit,
3371 1768 3464 1841 qui
3508 1767 3772 1822 mundum

464 1860 560 1915 sies
590 1858 814 1932 regulas
843 1865 928 1912 est
959 1857 1206 1925 relatum,
1248 1855 1295 1909 si
1323 1855 1513 1909 eadem
1564 1871 1684 1926 quae
1730 1853 1916 1924 ligavit
1960 1853 2127 1906 ab-_
2166 1867 2480 1930 peccantem
2539 1857 2779 1929 generali
2826 1858 3026 1914 diluvio
3081 1857 3392 1923 interemit;
3441 1863 3494 1912 et
3549 1871 3772 1912 sacrum

469 1947 656 2004 solvit.
699 1947 755 2003 Si
786 1948 902 2002 ὴωο
931 1945 1004 2001 ita
1033 1952 1188 2017 gesta
1216 1960 1324 1999 non
1347 1949 1490 2009 sunt,
1517 1958 1638 1998 cum
1671 1959 1769 1998 nec
1797 1959 1826 1995 a
1854 1939 2070 2012 pontifi-
2167 1947 2295 2003 dicit
2327 1947 2609 2003 Nicamum
2639 1947 2928 2002 concilium
2958 1947 3108 2002 (can,
3151 1947 3228 2018 9)ν
3269 1946 3394 2018 quia
3443 1943 3584 2018 quod
3630 1945 3774 2000 irre-

442 2036 625 2092 ‘cibus
652 2035 894 2107 legitime
926 2043 980 2089 et
1006 2031 1389 2090 ecclesiasticis
1417 2031 1634 2103 legibus
1663 2031 1825 2085 fuerit
1849 2030 2073 2100 expedi—
2165 2035 2532 2107 prehensibile
2563 2043 2644 2090 est
2667 2033 2931 2090 catholica
2958 2033 3196 2089 defendit
3224 2033 3490 2090 Ecclesia.
3529 2029 3668 2088 Nam
3719 2033 3769 2087 si

468 2133 578 2190 tus,
619 2123 766 2178 nulla
792 2123 1037 2179 saeculari
1091 2130 1354 2194 potestate
1382 2121 1554 2192 potuit
1583 2128 1781 2191 praeter
1811 2118 2072 2174 Ecclesia
2171 2126 2275 2180 hoc
2305 2125 2521 2195 impune
2554 2123 2713 2179 fuerit
2740 2123 2965 2189 licitum,
2987 2131 3044 2178 ut
3079 2123 3134 2178 hi
3165 2122 3542 2179 auctoritatem
3586 2122 3640 2177 in
3679 2135 3775 2177 sa-

469 2213 746 2270 tramitem
773 2227 998 2284 prorsus
1025 2211 1254 2267 absolvi.
1286 2211 1401 2265 Nec
1440 2209 1728 2282 quisquam
1748 2208 1799 2263 ei
1828 2216 1950 2278 post
1970 2207 2071 2262 de-
2169 2215 2278 2270 cris
2308 2213 2588 2268 ordinibus
2618 2213 2980 2279 ministrandi,
3000 2211 3104 2284 ,vel
3137 2211 3358 2268 eosdem
3389 2209 3610 2267 ordines
3666 2211 3771 2265 tri-

470 2301 797 2375 positionem
837 2302 995 2374 quasi
1065 2300 1308 2356 restituto
1349 2298 1751 2355 communicare
1795 2296 2070 2362 debuerat,

469 2391 526 2448 in
567 2405 632 2447 ea
661 2391 920 2446 duntaxat
948 2404 1137 2456 causa,
1170 2389 1316 2444 unde
1341 2403 1375 2442 a
1404 2387 1584 2458 seipso
1617 2395 1668 2442 et
1696 2386 1766 2441 ab
1797 2385 2078 2458 episcopo-

473 2493 598 2537 rum
625 2479 875 2546 coucilio,
910 2479 1134 2550 insuper
1162 2486 1217 2534 et
1243 2478 1310 2532 ab
1339 2475 1640 2549 apostolica
1685 2475 1817 2530 sede
1859 2489 2076 2530 excom-

471 2569 775 2625 municatus
807 2568 1104 2634 exstiterat,
1137 2567 1255 2622 sine
1276 2565 1631 2622 restitutionis
1659 2580 1772 2619 sua:
1801 2563 2078 2620 canonicis

479 2655 698 2724 litteris,
719 2656 790 2711 ab
819 2657 900 2712 eis
925 2673 956 2710 α
985 2656 1179 2728 quibus
1237 2654 1408 2710 fuerat
1456 2653 1730 2708 restitutus
1780 2653 2078 2708 secundum

477 2760 690 2802 morem
746 2743 1028 2812 confectis,
1076 2743 1217 2800 sicut
1264 2743 1408 2798 sacri
1457 2757 1698 2809 canones
1755 2750 1810 2795 et
1862 2742 2080 2796 decreta

481 2833 680 2890 Felicis
705 2844 864 2904 papa;
919 2833 1298 2888 demonstrant
1339 2829 1534 2901 (Felix,
1583 2832 1646 2886 in
1663 2830 1870 2901 synodo
1899 2832 2077 2896 Rom,

480 2924 650 2996 epist.
683 2921 794 2994 59).
827 2919 1194 2993 Quapropter,
1217 2927 1276 2974 ut
1304 2920 1412 2978 Leo
1451 2919 1520 2974 ad
1547 2918 1888 2974 Theodorum
1938 2917 2081 2973 scri—

480 3010 580 3077 bit,
613 3009 760 3083 quod
779 3022 1005 3066 manens
1032 3010 1090 3065 in
1135 3025 1367 3080 corpore
1404 3021 1513 3064 non
1556 3006 1778 3078 recepit,
1822 3006 2082 3078 consequi

485 3107 680 3156 exutus
709 3111 876 3157 carne
902 3115 1010 3156 non
1039 3099 1252 3171 poterit.
1287 3098 1443 3156 Unde
1470 3097 1646 3152 taliter
1673 3095 1850 3151 visum
1885 3104 1966 3151 est
2014 3096 2082 3150 de

2172 2299 2372 2358 buendi
2404 2309 2686 2374 usurpent,
2720 2301 2810 2374 qui
2838 2311 2930 2357 aut
2951 2303 3166 2373 penitus
3197 2317 3304 2356 non
3326 2299 3654 2372 acceperint,
3681 2307 3779 2355 aut

2175 2401 2361 2448 contra
2390 2391 2610 2464 regulas
2635 2391 2856 2447 ordines
2877 2407 3060 2446 sacros
3090 2389 3417 2462 acceperint,
3451 2385 3543 2444 aut
3579 2387 3780 2462 quibus

2177 2481 2500 2552 regulariter
2550 2480 2909 2535 ministerium
2967 2495 3243 2536 sacrorum
3299 2479 3550 2535 ordinum
3617 2474 3781 2532 fuerit

2176 2569 2540 2637 interdictum,
2573 2569 2750 2625 omnis
2781 2567 2918 2624 ordo
2946 2571 2997 2624 et
3027 2569 3183 2642 vigor
3234 2567 3637 2625 ecclesiasticus
3664 2579 3780 2622 non

2179 2665 2384 2714 tantum
2413 2657 2619 2713 nutabit
2649 2655 2736 2713 vel
2759 2655 3137 2724 confundetur,
3170 2667 3331 2732 quam
3411 2655 3624 2729 penitus
3679 2651 3786 2711 de-

2181 2757 2438 2804 struetur.

2253 2838 2384 2893 CAP.
2424 2833 2514 2892 III.
2576 2837 2714 2907 Quia
2769 2835 3001 2911 denique
3040 2837 3097 2892 in
3142 2823 3457 2911 Moguntina
3499 2835 3784 2908 provincia

2181 2927 2526 2996 ministravit,
2560 2935 2746 2982 contra
2775 2942 2994 2982 omnem
3024 2927 3398 2982 auctoritatem
3427 2943 3548 2983 esse
3577 2941 3789 2997 cogno-

2185 3015 2374 3070 scitur.
2415 3015 2548 3070 Nam
2597 3016 2920 3072 Antiocheni
2939 3031 3178 3072 canones
3196 3009 3264 3070 de
3283 3017 3506 3072 vacante
3523 3014 3790 3087 episcopo

2187 3111 2239 3160 et
2269 3113 2492 3160 vacante
2525 3103 2773 3162 Ecclesia
2801 3107 3049 3179 regulam
3096 3105 3442 3176 praetixerunt
3487 3105 3638 3176 (can.
3692 3097 3784 3171 l6,

479 3189 578 3245 illo
617 3191 928 3258 tenendum,
959 3151 1096 3245 sicut
1137 3188 1389 3245 Gelasius
1434 3187 1502 3242 de
1552 3185 1752 3242 Acacio
1810 3185 1938 3241 dicit
1995 3185 2084 3256 (de
2115 3151 2422 3261 Ο1⁵7,18>;
2458 3186 2554 3245 sed
2573 3151 2685 3245 Ve“
2721 3189 2790 3245 de
2833 3151 2941 3246 illo
2985 3190 3078 3262 qui
3096 3151 3326 3244 lIman‘uvs
3352 3151 3790 3260 “impbsitioneni

485 3282 634 3334 tome
665 3277 1012 3348 Anathem.),
1045 3277 1191 3332 Talis
1222 3285 1324 3342 est,
1367 3276 1637 3348 inquiens,
1670 3275 1846 3330 dictus
1866 3317 1878 3341 ,
1911 3275 2086 3347 qualis

479 3365 682 3439 ligatus
699 3373 801 3431 est,
833 3365 955 3420 talis
982 3381 1154 3436 usque
1181 3364 1236 3418 in
1267 3362 1430 3419 ﬁnem
1460 3363 1774 3434 permansit,
1808 3363 1930 3418 talis
1961 3380 2084 3418 esse

472 3469 585 3511 non
613 3453 836 3510 destitit.
870 3455 952 3509 Ita
980 3453 1100 3508 talis
1131 3461 1214 3508 est
1241 3452 1424 3518 hodie,
1459 3451 1634 3523 qualis
1678 3459 1760 3505 est
1791 3459 1843 3506 et
1888 3451 2080 3520 dictus,

469 3557 583 3600 non
611 3543 732 3598 talis
753 3553 876 3599 esSe
917 3543 1032 3612 jam
1063 3556 1174 3598 non
1204 3546 1404 3612 potest.
1437 3541 1725 3610 Nunquam
1746 3539 1926 3611 igitur,
1962 3540 2084 3595 talis

478 3633 850 3704 permanando
877 3631 1171 3687 solvendus
1193 3637 1296 3686 est.
1356 3630 1426 3684 Et
1475 3637 1683 3684 constat
1725 3629 1849 3701 quia
1895 3645 2083 3684 come—

483 3720 622 3775 dens
650 3719 854 3776 fructus
883 3721 985 3776 viae
1040 3735 1172 3786 suae,
1232 3718 1456 3790 suisque
1512 3717 1752 3772 consiliis
1796 3725 2080 3783 saturatus,

484 3809 713 3865 docente
741 3809 1074 3876 Innocentio,
1098 3808 1191 3880 qui
1213 3807 1488 3878 particeps
1505 3806 1680 3862 factus
1697 3814 1778 3861 est
1807 3807 2082 3871 damnato,

481 3898 756 3971 quomodo
784 3898 979 3954 debeat
1007 3899 1272 3953 honorem
1292 3897 1542 3967 accipere
1573 3895 1814 3950 invenire
1834 3911 1942 3950 non
1961 3911 2086 3966 pos-

483 4000 624 4050 sum,
657 3985 859 4041 dimisit
887 3987 1141 4058 reliquias
1168 4002 1295 4041 suas
1323 3985 1560 4056 parvulis
1598 3985 1730 4039 suis.
1792 3985 1898 4038 Sed
1921 3991 1972 4038 et
2018 3983 2086 4037 de

482 4086 548 4126 eo
577 4084 796 4126 omnem
825 4071 1197 4142 quaestionem,
1233 4069 1532 4125 secundum
1575 4069 1730 4140 leges
1789 4067 2084 4124 ecclesias-

482 4159 620 4216 ticas
650 4167 705 4216 et
733 4159 1052 4230 mundanas,
1081 4173 1218 4231 quas
1237 4159 1430 4230 probat
1449 4157 1712 4222 Ecclesia,
1733 4157 1820 4229 qui
1853 4156 2082 4211 damna-

482 4256 572 4304 tus
587 4248 684 4304 fuit
714 4265 856 4305 anno
888 4249 1274 4306 Incarnationis
1305 4247 1603 4304 Dominicaa
1633 4249 1755 4314 835,
1791 4245 2084 4302 indictione

485 4357 611 4418 xm,
645 4349 746 4404 sub
776 4349 862 4404 die
893 4341 1253 4404 Kalendarum
1287 4359 1343 4402 tv
1372 4348 1559 4402 Nonas
1603 4345 1795 4412 Martii,
1839 4345 1950 4414 jam
1995 4345 2085 4399 tria

482 4435 712 4494 cennale
741 4445 794 4493 et
819 4438 1048 4509 amplius
1087 4453 1152 4493 eo
1193 4445 1406 4507 tempus
1439 4435 1692 4492 excludit.

2184 3279 2528 3350 episcopatus
2558 3279 2752 3350 accipit
2785 3288 2836 3335 et
2864 3280 3169 3334 ministrare
3227 3275 3524 3344 detrectat,
3573 3293 3791 3333 necnon

2186 3369 2335 3447 et‘de
2363 3365 2455 3424 illo
2485 3368 2576 3442 qui
2598 3369 2878 3424 ordinatus
2907 3368 3056 3424 nullo
3086 3383 3184 3422 suo
3205 3368 3332 3422 vitio
3364 3365 3427 3421 ad
3446 3366 3788 3438 parochiam,

2184 3457 2237 3510 in
2261 3474 2368 3529 qua
2397 3456 2680 3513 ordinatus
2714 3457 3030 3524 fuerat,non
3061 3457 3294 3512 accedit.
3333 3453 3410 3510 De
3457 3453 3660 3527 quibus
3690 3472 3790 3511 re-

2185 3547 2326 3619 gulis
2357 3547 2501 3601 nulla
2527 3548 2703 3602 Eboni
2731 3547 3003 3603 convenit.
3043 3549 3109 3600 Et
3142 3560 3381 3599 canones
3424 3543 3786 3600 Sardicenses

2185 3637 2336 3706 (can.
2363 3636 2454 3706 21)
2485 3637 2553 3692 de
2585 3637 2693 3692 vim
2740 3636 2937 3705 injuste
2984 3631 3332 3704 patientibus,
3367 3639 3420 3689 et
3467 3649 3566 3705 pro
3615 3633 3790 3690 disci-

2184 3724 2332 3796 plina
2363 3734 2414 3780 et
2470 3726 2734 3782 catholica
2765 3723 3128 3791 confessione,
3177 3723 3264 3778 vel
3306 3735 3412 3794 pro
3470 3721 3791 3779 defensione

2185 3815 2428 3869 veritatis
2460 3814 2723 3886 expulsis,
2748 3812 2835 3869 vel
2865 3811 3109 3883 pericula
3137 3811 3372 3867 evadere
3391 3807 3782 3884 quaerentibus,

2187 3903 2316 3975 quid
2340 3903 2512 3959 teneri
2542 3903 2738 3958 debeat
2766 3901 3052 3956 manifeste
3108 3901 3498 3956 demonstrant.
3535 3901 3642 3956 Sed
3690 3917 3793 3956 nec

2185 3991 2288 4046 ista
2317 3992 2509 4064 regula
2555 3990 2804 4046 Ebonem
2857 3989 3123 4056 absolvit;
3174 4007 3297 4046 cum
3335 3998 3387 4045 et
3447 3990 3789 4057 sacerdotes,

2187 4089 2239 4136 et
2259 4081 2437 4136 omnis
2469 4097 2608 4152 pene
2640 4080 2893 4148 mundus,
2931 4089 2982 4134 et
3014 4079 3135 4152 ipsa
3165 4080 3328 4134 etiam
3369 4079 3531 4135 sedes
3561 4088 3788 4150 aposto-

2185 4169 2287 4226 lica
2335 4171 2452 4237 ejus
2502 4168 2652 4224 falsis
2699 4164 3016 4225 criminibus
3076 4169 3390 4240 appetitum,
3455 4176 3507 4223 et
3556 4165 3790 4239 qtiadam

2186 4258 2468 4313 traditione
2498 4273 2595 4329 pro
2627 4259 2923 4314 honoribus
2953 4274 3074 4315 cum
3099 4257 3402 4327 juramento
3447 4256 3643 4312 exinde
3691 4271 3790 4312 ac-

2187 4348 2357 4419 oeptis
2385 4345 2681 4414 venditum,
2713 4351 2763 4403 et
2791 4345 2862 4402 ab
2881 4347 3130 4420 imperio,
3165 4351 3324 4419 atque
3355 4345 3422 4400 ab
3441 4347 3557 4417 ipso
3587 4341 3789 4402 Eccle-

2187 4437 2282 4491 sia;
2339 4436 2534 4504 aditu,
2595 4438 2742 4507 pium
2794 4439 3094 4509 Augustum
3145 4435 3475 4491 Ludovicum
3507 4439 3792 4506 satagente

557 4537 690 4592 CAP.
724 4533 792 4592 II.
827 4535 935 4592 Sed
955 4533 1150 4591 dicitur
1193 4549 1363 4606 usque
1389 4533 1458 4588 ad
1478 4533 1601 4588 vita:
1634 4549 1747 4588 suae
1795 4520 2161 4587 terminumD
2189 4526 2308 4597 ipso
2339 4525 2606 4594 abjectum
2630 4526 2948 4596 gravissime
2978 4525 3325 4598 ingemuerit,
3360 4525 3412 4579 et
3439 4523 3718 4579 innoxium
3758 4540 3792 4580 a

487 4625 797 4698 episcOpale
829 4624 1185 4681 ministerium
1202 4624 1256 4678 in
1283 4624 1535 4680 omnibus
1565 4621 1948 4678 ecclesiasticis
1978 4640 2091 4677 mu-

486 4711 593 4770 niis
623 4715 922 4787 peregisse.
957 4714 1090 4784 Qum
1133 4712 1484 4784 praesumptio
1526 4727 1559 4767 a
1590 4728 1778 4766 sanum
1828 4711 2092 4782 sapienti-

487 4804 593 4859 bus
625 4817 733 4859 non
756 4805 984 4860 sumitur
1012 4804 1068 4858 in
1101 4803 1408 4874 exemplum
1435 4820 1448 4856 :
1483 4801 1608 4874 quia
1665 4809 1716 4857 et
1745 4801 1800 4855 in
1840 4801 2008 4856 veteri
2042 4809 2092 4855 et

488 4893 546 4949 in
577 4903 720 4949 novo
751 4894 1057 4949 sacerdotio
1087 4901 1243 4949 vetus
1273 4891 1377 4947 hoc
1420 4891 1704 4947 artificium
1745 4898 1828 4946 est
1871 4889 2090 4956 diaboli,

489 4988 543 5037 et
573 4981 700 5054 quia
725 4982 909 5054 plures
965 4979 1071 5037 hoc
1102 4987 1583 5054 praesumpserunt,
1643 4980 1781 5036 sicut
1811 4981 2088 5049 Bonosus,

477 5075 670 5128 centra
691 5069 857 5142 cujus
884 5071 1136 5126 morbum
1167 5069 1534 5134 Innocentius,
1571 5077 1624 5124 et
1657 5069 1937 5139 Proculus,
1987 5069 2092 5124 ad-

488 5173 686 5215 versus
733 5175 894 5232 quem
946 5158 1212 5216 laboravit
1259 5176 1368 5215 non
1424 5158 1637 5214 modice
1697 5158 1943 5212 Zosimus
1975 5199 1989 5228 ,
2041 5165 2095 5211 et

485 5248 740 5316 Aeacius,
777 5248 1163 5320 quemdejecit
1194 5245 1364 5312 Felix,
1396 5255 1446 5302 et
1477 5263 1713 5320 sequens
1759 5263 1945 5303 sacros
1995 5261 2092 5302 ca-

484 5353 678 5404 nones,
713 5349 776 5394 ac
806 5333 1029 5394 decreta
1048 5338 1512 5408 praedecessorum
1543 5353 1784 5402 suorum,
1804 5353 1925 5391 cum
1945 5352 2093 5406 prae-

479 5427 791 5498 sumptione
848 5435 900 5482 et
929 5427 1279 5497 usurpatione
1327 5442 1423 5481 sua
1466 5427 1696 5498 peremit
1751 5434 1804 5480 et
1837 5423 2089 5478 exstinxit

479 5516 754 5574 Gelasius.
794 5515 862 5572 Et
899 5517 1084 5587 plures
1115 5515 1206 5570 alii
1234 5516 1466 5584 fuerunt,
1503 5517 1593 5589 qui
1647 5517 1703 5570 in
1746 5516 1889 5570 hanc
1944 5531 2091 5585 prae-

480 5605 804 5678 sumptionis
845 5603 1546 5672 sententiam-transierunt,
1597 5613 1648 5660 et
1680 5602 2086 5660 transeuntibus

2195 4614 2510 4672 criminibus
2541 4615 2836 4678 inventum,
2864 4619 2916 4669 et
2937 4614 3236 4684 justissime
3267 4613 3584 4682 restitutum,
3646 4619 3792 4669 totus

2194 4705 2248 4759 in
2279 4704 2411 4760 orbe
2466 4707 2738 4758 terrarum
2795 4701 3027 4759 mundus
3082 4700 3284 4776 gaudio
3329 4701 3694 4768 exsultavcrit,
3740 4709 3793 4758 et

2195 4793 2441 4847 Ebonem
2470 4789 2852 4862 dejiciendum,
2897 4793 2988 4864 qui
3036 4792 3418 4849 irreverentius
3465 4807 3683 4846 manum
3740 4793 3795 4847 in

2194 4883 2457 4938 christum
2488 4874 2703 4938 Domini
2733 4882 2979 4949 miserat,
3012 4889 3071 4937 ut
3127 4897 3281 4937 reum
3325 4881 3638 4951 majestatis,
3685 4895 3798 4936 una

2194 4987 2317 5027 cum
2347 4972 2465 5043 ipso
2483 4971 2814 5028 clamaverit.
2850 4967 2956 5028 Sed
2984 4989 3163 5045 neque
3193 4973 3516 5028 necessitate
3533 4977 3792 5042 cogente,

2193 5061 2412 5132 prOpria
2443 5061 2638 5116 amissa
2662 5062 2956 5132 provincia,
2992 5061 3291 5117 secundum
3319 5059 3795 5116 Chalcedonenscs

2195 5165 2430 5206 canones
2451 5150 2603 5222 (can.
2629 5152 2740 5222 20),
2779 5151 2995 5207 civitate
3035 5151 3089 5205 in
3121 5161 3228 5222 qua
3284 5150 3564 5205 ordinatus
3619 5147 3795 5204 fuerat

2193 5239 2474 5309 captivata,
2526 5235 2712 5311 pulsus
2741 5241 2809 5296 ab
2842 5240 3089 5296 hostibus
3147 5237 3366 5308 exstitit,
3422 5241 3479 5293 ut
3525 5231 3650 5292 alibi
3705 5237 3796 5292 in-

2195 5327 2466 5383 cardinari
2495 5329 2716 5397 valeret,
2748 5329 2885 5384 sicut
2919 5329 2974 5382 in
3005 5328 3241 5383 decretis
3268 5323 3411 5382 beati
3445 5323 3717 5398 Gregorii,
3741 5324 3794 5382 et

2193 5415 2421 5472 aliorum
2467 5418 2612 5473 sedis
2660 5419 2914 5474 Romanae
2967 5416 3281 5488 pontificum
3303 5417 3641 5483 invenimus;
3692 5431 3796 5472 nec

2192 5506 2386 5576 injuste
2415 5515 2466 5562 et
2483 5511 2672 5563 contra
2703 5507 2919 5579 regulas
2963 5523 3142 5562 sacras
3173 5507 3432 5576 dejectus,
3477 5513 3528 5560 et
3569 5505 3794 5577 regula-

2191 5596 2326 5652 riter
2356 5597 2472 5652 sedi
2489 5613 2600 5652 suae
2647 5597 2945 5652 secundum
2977 5595 3334 5652 Sardicenses
3374 5600 3608 5652 canones
3639 5591 3794 5666 (cmi.
