4026 6292
176 261 242 314 sa
1540 259 1915 332 EPISTOLE.
3415 269 3488 328 st

177 389 207 440 3
213 403 230 454 )
252 398 412 454 jussu
442 382 596 438 sedis
625 382 938 456 apostolica;
956 383 1214 440 refricato
1236 383 1441 454 judicio
1471 386 1776 457 restitutus,
1805 388 1861 450 Α
1882 389 2166 464 Quamque
2191 391 2591 449 ordinationem
2609 407 2804 464 meam,
2829 403 3032 454 saan
3058 402 3340 457 memoriae
3369 413 3496 475 gres

179 473 284 530 ullo
334 472 674 528 documento
716 471 977 529 canonico
1015 473 1308 529 invenitur.
1342 472 1688 547 Quapropter
1715 475 1786 531 ab

182 563 312 634 ipsa,
341 561 438 617 ubi
488 561 904 629 immorabatur,
951 563 1214 634 parochia
1257 573 1449 620 contra
1495 565 1787 621 concilium

182 651 496 708 Africanum
527 651 820 723 appetitus,
855 660 914 706 ut
951 652 1026 706 ibi
1055 653 1334 708 decretum
1364 662 1463 719 est,
1518 663 1787 726 potestate

177 741 453 811 judiciaria
484 758 586 812 per
617 750 886 798 rectorem
916 741 1210 813 provinciae
1255 743 1504 814 protinus
1549 744 1784 811 excludi,

182 839 232 887 et
256 847 435 902 neque
469 830 540 885 ab
568 830 832 886 Ecclesiis
861 831 1060 902 quibus
1077 831 1309 902 praefuit,
1335 849 1512 904 neque
1541 849 1574 888 a
1604 833 1782 905 quoli-

185 921 268 974 bet
293 920 520 975 homine
551 918 825 975 defensari
854 921 1138 977 debuerat.
1161 922 1398 977 Constat
1456 939 1591 995 ergo
1642 923 1786 991 juste

183 1009 447 1078 dejectum
496 1025 564 1064 ea
609 1027 730 1082 quae
777 1025 876 1064 sua
919 1026 1028 1065 non
1067 1009 1282 1065 fuerant
1325 1012 1787 1082 praesumpsisse:

186 1099 330 1167 Cujus
359 1115 470 1154 non
503 1114 734 1154 necesse
757 1106 838 1153 est
855 1115 956 1154 nos
981 1099 1169 1154 merita
1200 1109 1465 1172 actusque
1486 1101 1783 1166 discutere,

189 1203 300 1244 cum
333 1188 536 1243 habent
581 1187 930 1244 conscientiae
972 1197 1024 1243 et
1071 1189 1254 1259 operis
1285 1189 1368 1244 sui
1401 1197 1594 1244 testem
1624 1207 1788 1262 quem

189 1277 342 1332 habet
393 1286 446 1332 et
485 1276 750 1345 judicem.
802 1278 958 1343 Nam,
1014 1286 1072 1332 ut
1119 1279 1228 1333 Leo
1259 1277 1389 1333 dicit
1423 1279 1592 1351 (epist
1623 1280 1690 1332 84
1717 1280 1792 1336 ad

187 1367 419 1423 Leonem
445 1367 804 1438 Augustum),
830 1383 953 1436 qum
982 1365 1254 1438 patefacta
1276 1376 1400 1421 sunt
1430 1384 1699 1439 quaerere,
1735 1376 1789 1422 et

189 1473 298 1526 quae
341 1456 589 1526 perfecta
631 1463 755 1509 sunt
807 1463 1130 1521 retractare,
1174 1465 1226 1510 et
1259 1473 1380 1528 quae
1411 1465 1534 1510 sunt
1563 1455 1790 1510 diﬁinita

186 1544 508 1610 convellere,
542 1543 672 1616 quid
703 1544 850 1598 aliud
881 1552 983 1610 est,
1017 1559 1182 1616 quam
1213 1545 1280 1598 de
1311 1545 1520 1615 adeptis
1552 1545 1788 1617 gratiam

186 1649 287 1688 non
338 1632 537 1698 refere,
593 1641 646 1687 et
693 1633 764 1687 ad
792 1633 1090 1702 interdictae
1117 1633 1332 1688 arboris
1363 1634 1545 1688 cibum
1574 1634 1781 1705 impro-

188 1729 280 1778 bos
310 1723 586 1794 appetitus
615 1721 912 1778 mortiferae
957 1723 1265 1792 cupiditatis
1293 1724 1588 1778 extendere
1619 1725 1646 1778 ?

253 1821 388 1874 CAP.
423 1821 516 1873 IV.
550 1820 633 1874 De
661 1835 788 1873 mea
829 1819 992 1874 etiam
1034 1819 1393 1886 ordinatione,
1441 1820 1527 1876 cui
1576 1820 1712 1875 forte
1742 1822 1787 1875 si

186 1909 345 1980 aliqui
377 1908 612 1972 occulte,
647 1907 794 1979 quod
824 1916 1012 1978 aperte
1060 1925 1169 1963 non
1197 1909 1380 1975 audio,
1415 1909 1700 1980 derogant,
1732 1909 1790 1964 in

185 1998 384 2054 nullam
440 1997 856 2053 altercationem
894 2006 1082 2052 contra
1141 2015 1521 2070 quemcunque
1553 1999 1784 2066 intrabo,

184 2087 326 2157 quia,
361 2088 502 2142 sicut
533 2085 667 2141 dicit
695 2087 1009 2156 Apostolus,
1045 2087 1098 2141 in
1127 2087 1356 2142 mortuis
1407 2095 1789 2142 testamentum

183 2186 256 2229 est
288 2174 672 2232 conﬁrmatum
713 2175 868 2244 (Heb.
907 2191 986 2244 rx,
1023 2179 1132 2247 17).
1169 2177 1310 2230 Nam
1340 2192 1464 2232 cum
1510 2178 1787 2232 Rhemen-

183 2281 292 2320 sem
349 2264 658 2321 Ecclesiam
717 2264 879 2320 Folco
938 2264 1054 2319 fere
1111 2281 1210 2336 per
1236 2281 1433 2320 novem
1466 2281 1640 2321 annos
1671 2266 1790 2320 sine

177 2354 286 2408 ulla
314 2353 558 2426 regulari
589 2353 797 2409 Ebonis
827 2353 1217 2409 reclamatione
1247 2354 1530 2419 tenuisset,
1565 2363 1620 2409 et
1664 2361 1790 2426 post

179 2459 301 2498 eum
329 2443 474 2497 Noto
505 2457 647 2512 pene
677 2458 776 2512 per
805 2457 1006 2497 annum
1037 2452 1088 2498 et
1117 2443 1398 2498 dimidium
1429 2444 1675 2498 eamdem
1696 2460 1788 2498 se-

182 2532 302 2587 dem
335 2531 586 2585 similiter
616 2530 733 2586 sine
762 2530 871 2585 ulla
899 2531 1108 2586 Ebonis
1157 2533 1474 2602 repetitione
1504 2532 1786 2599 tenuisset,

185 2621 279 2674 sub
313 2621 514 2693 Sergio
545 2636 688 2691 papa
714 2620 770 2674 in
801 2621 1012 2692 synodo
1039 2621 1391 2692 plurimorum
1421 2621 1788 2692 archiepisco-

181 2725 368 2781 porum
399 2718 452 2764 et
487 2709 880 2780 episcoporum
910 2709 1055 2780 apud
1107 2710 1454 2765 Bellovacum
1486 2709 1792 2766 dioeceseos

181 2798 517 2854 Rhemorum
544 2797 748 2864 habita,
781 2814 813 2853 a
829 2798 978 2853 clero
1001 2807 1051 2852 et
1080 2799 1238 2869 plebe
1259 2799 1428 2870 ipsius
1449 2799 1786 2870 metropolis,

181 2887 273 2941 sed
302 2895 358 2942 et
386 2887 458 2940 ab
489 2886 763 2958 episcopis
792 2887 1037 2956 ejusdem
1065 2887 1361 2958 provinciae
1390 2888 1606 2958 petitus,
1642 2895 1694 2942 et
1722 2888 1789 2941 ab

179 2976 595 3046 archiepiscopo
615 2983 742 3030 tunc
770 2991 912 3040 meo,
943 2983 997 3030 et
1012 2977 1236 3047 proprio
1267 2977 1543 3048 episcopo,
1577 2992 1788 3032 necnon

179 3075 226 3119 et
253 3081 284 3118 a
313 3063 664 3134 coepiscOpis
695 3063 864 3135 ipsius
904 3065 1217 3134 provinciae,
1256 3066 1554 3120 secundum
1587 3065 1788 3120 Laodi—

177 3171 334 3209 cense
365 3153 664 3210 concilium
695 3154 845 3225 (can.
874 3157 982 3224 l2),
1011 3171 1132 3208 cum
1155 3153 1425 3209 consensu
1444 3155 1652 3216 abbatis
1683 3156 1792 3210 mei

180 3253 230 3298 et
283 3243 520 3298 fratrum
580 3243 900 3297 monasterii
958 3243 1015 3296 in
1072 3259 1180 3314 quo
1237 3243 1528 3314 degebam,
1571 3245 1789 3315 episco-

178 3333 258 3403 pis
315 3331 648 3388 Rhemensis
705 3331 1020 3402 provinciae,
1083 3340 1138 3386 et
1169 3333 1318 3388 clero
1355 3349 1416 3388 ac
1445 3333 1592 3404 plebi
1620 3333 1789 3404 ipsius

179 3421 497 3492 metropolis
529 3437 630 3490 per
658 3421 952 3476 canonicas
982 3421 1189 3475 litteras
1248 3421 1494 3490 traditus,
1560 3428 1613 3477 et
1665 3438 1789 3478 cum

178 3509 396 3565 decreto
427 3509 717 3574 canonico,
752 3510 1046 3580 praesentia
1099 3511 1188 3564 vel
1217 3526 1490 3566 consensu
1547 3511 1790 3566 omnium

181 3598 654 3671 suﬁ'raganeorum
685 3596 855 3668 ipsius
886 3599 1226 3670 metrOpolis,
1260 3608 1312 3654 et
1344 3617 1373 3654 a
1411 3601 1788 3672 metrOpolita-

176 3704 243 3743 no
272 3704 418 3752 meo,
455 3687 549 3758 qui
583 3703 668 3742 me
699 3687 808 3741 illis
838 3687 1159 3754 tradiderat,
1194 3706 1315 3743 sum
1345 3689 1400 3743 in
1431 3691 1622 3744 eadem
1680 3691 1788 3746 Ec-

174 3776 352 3845 clesia,
387 3775 647 3831 omnibus
677 3775 1129 3838 acclamantibus,
1154 3778 1357 3850 absque
1387 3778 1548 3832 ullius
1577 3788 1788 3834 contra-

174 3865 406 3921 dictione
437 3864 528 3919 vel
559 3865 899 3935 repetitione,
935 3867 1196 3922 canonice
1227 3876 1280 3922 et
1339 3868 1638 3922 secundum
1684 3869 1786 3924 de-

179 3963 325 4009 creta
357 3954 512 4009 sedis
543 3955 801 4009 Romanae
842 3954 1156 4026 pontiﬁcum
1188 3956 1462 4011 ordinatus
1497 3974 1510 4011 :
1561 3957 1786 4029 ipsaque

175 4043 448 4099 ordinatio
477 4059 604 4097 mea
636 4059 744 4098 non
775 4045 949 4098 solum
983 4046 1314 4101 Rhemorum
1341 4046 1634 4116 provinciae
1665 4047 1786 4116 epi-

173 4148 484 4204 scoporum,
519 4131 890 4187 ordinatorum
955 4133 1209 4190 videlicet
1263 4150 1529 4204 meorum,
1583 4151 1776 4190 secun-

173 4222 293 4276 dum
333 4221 654 4277 Africanum
715 4221 1002 4277 concilium
1061 4223 1546 4294 subscriptionibus
1567 4233 1649 4278 est
1688 4240 1783 4279 ro—

173 4310 381 4375 borata,
436 4327 631 4364 verum
684 4319 737 4365 et
780 4311 1023 4366 omnium
1072 4329 1211 4383 pene
1261 4312 1591 4379 Galliarum;
1621 4319 1782 4384 atque

173 4399 455 4468 Neustriae,
493 4414 706 4454 necnon
736 4407 788 4457 et
810 4400 1107 4470 Aquitaniae
1129 4400 1509 4471 episcoporum
1530 4401 1782 4455 manibus

1777 3156 1787 3176 ε
1817 3111 1868 3176 C

1894 479 1964 534 tia
1995 489 2050 535 et
2076 482 2295 538 nomine
2325 482 2668 551 Benedictus,
2695 485 2792 540 sed
2808 493 2862 540 et
2877 485 3107 543 domnus
3125 503 3190 546 ac
3205 487 3369 546 Pater
3393 503 3494 547 no-

1893 577 2006 624 ster
2020 587 2161 642 papa
2170 573 2218 626 N
2223 572 2446 640 icolaus,
2468 573 2580 629 suis
2591 575 2894 648 privilegiis
2911 592 3030 631 eam
3048 580 3488 636 corroborarunt.

1893 657 2028 726 Quae
2057 661 2109 714 in
2139 661 2437 732 episcopali
2466 663 2713 729 concilio,
2751 673 2802 720 et
2813 673 2940 719 ante
2966 665 3364 724 ordinationem
3381 669 3494 725 ele-

1893 749 2020 818 ctio,
2055 757 2106 805 et
2134 760 2322 820 postea
2351 751 2618 808 ordinatio
2649 753 2908 809 canonice
2937 762 3146 825 patrata
3175 754 3362 824 fuisse,
3385 771 3498 814 non

1893 846 2082 893 contra
2109 841 2476 912 cujuscunque
2506 843 2878 913 quaestionem,
2904 844 3001 898 sed
3020 845 3284 900 adversus
3306 861 3496 901 susur-

1889 928 2123 983 rantium
2152 937 2312 1001 atque
2341 931 2548 986 occulte
2578 932 2983 987 mussitantium
3014 934 3418 1008 derogationes,
3439 943 3498 991 ut

1892 1019 2071 1072 omnis
2101 1019 2358 1090 iniquitas
2387 1020 2648 1091 oppilaret
2679 1037 2742 1077 os
2763 1039 2940 1093 suum,
2973 1039 3040 1078 ex
3071 1023 3246 1080 sacris
3293 1023 3500 1098 regulis

1893 1114 1976 1160 est
2005 1107 2392 1163 demonstrata.
2427 1109 2534 1164 Sed
2567 1118 2620 1164 et
2648 1110 2782 1165 illud
2811 1111 2867 1166 in
2898 1127 3061 1166 causa
3087 1120 3188 1182 est,
3241 1128 3337 1170 cur
3364 1113 3494 1170 inde

1891 1195 1947 1249 in
1976 1197 2183 1251 nullam
2213 1198 2622 1254 altercationem
2651 1208 2839 1255 contra
2889 1217 3288 1274 quemcumque
3332 1203 3496 1258 modo

1890 1283 2098 1340 intrare
2129 1303 2239 1342 non
2266 1287 2586 1358 deliberem,
2648 1289 2905 1360 quoniam
2935 1291 3170 1345 domnus
3207 1306 3353 1362 papa
3383 1291 3495 1348 suis

1889 1375 2204 1444 apostolicis
2225 1376 2414 1431 litteris
2433 1377 2565 1432 mihi
2585 1393 2694 1432 non
2717 1379 3012 1448 scripsit,ut
3028 1360 3350 1452 cuicumque
3371 1380 3498 1437 inde

1891 1479 1988 1534 per
2017 1465 2375 1535 quaestionem
2403 1466 2633 1520 debeam
2654 1467 2881 1522 reddere
2898 1467 3183 1524 rationem.
3208 1468 3368 1538 Quod
3387 1485 3496 1525 non

1891 1551 1958 1606 de
1991 1551 2288 1607 difﬁdentia
2308 1553 2452 1623 dico,
2485 1554 2640 1625 quasi
2653 1555 3101 1611 documentorum
3120 1556 3496 1628 probamentis

1889 1641 1959 1695 ad
1990 1641 2091 1694 ista
2119 1640 2390 1708 deficiam,
2423 1641 2476 1696 in
2507 1659 2616 1714 quo
2638 1643 2759 1712 jure
2787 1643 2833 1697 si
2865 1644 2985 1715 quis
3013 1644 3196 1711 audet,
3231 1645 3410 1701 audeo
3441 1651 3497 1700 et

1818 1751 1868 1811 Β
1890 1745 1995 1801 ego
2019 1749 2034 1794 ;
2068 1731 2164 1784 sed
2195 1739 2247 1785 et
2273 1731 2468 1786 Leonis
2495 1730 2562 1785 ad
2594 1732 2833 1786 Leonem
2861 1735 3163 1805 Augustum
3193 1735 3359 1790 verba
3389 1749 3492 1805 pro

1891 1819 2112 1874 modulo
2166 1835 2290 1874 meo
2351 1836 2606 1892 sequens,
2670 1820 2902 1876 dicentis
2928 1822 3098 1894 (epist
3127 1823 3238 1893 84),
3271 1822 3396 1894 quia
3422 1823 3492 1878 de

1891 1908 2058 1962 rebus
2091 1917 2141 1962 et
2171 1909 2314 1978 apud
2345 1917 2398 1964 et
2428 1909 2687 1978 Nicaeam,
2711 1917 2764 1964 et
2795 1910 2938 1980 apud
2969 1910 3389 1980 Chalcedonem,
3425 1911 3498 1966 si-

1890 2005 1980 2050 cut
2011 1998 2126 2051 Deo
2157 1997 2362 2068 placuit
2391 1996 2647 2066 deﬁnitis,
2682 1999 2888 2052 nullum
2919 1999 3184 2054 audemus
3214 1999 3349 2055 inire
3379 2007 3493 2056 tra-

1891 2093 2115 2152 ctatum,
2148 2095 2405 2157 tanquam
2436 2086 2597 2140 dubia
2629 2087 2717 2142 vel
2745 2087 2962 2142 inﬁrma
3001 2088 3125 2155 sint,
3179 2103 3303 2160 quae
3350 2097 3498 2145 tanta

1890 2191 1990 2244 per
2018 2183 2264 2230 sanctum
2297 2175 2556 2246 Spiritum
2587 2174 2698 2230 ﬁxit
2727 2177 3040 2232 auctoritas.
3065 2176 3203 2232 Cum
3219 2183 3400 2232 tantus
3431 2191 3498 2234 ac

1892 2271 2049 2319 tanta;
2081 2264 2227 2318 sedis
2257 2281 2392 2335 papa
2423 2281 2482 2320 se
2511 2265 2581 2319 ad
2611 2266 2730 2320 hinc
2756 2265 2953 2322 dixerit
2980 2281 3090 2321 non
3121 2266 3354 2337 audere,
3389 2279 3498 2341 ego

1890 2353 2133 2407 tantillus
2187 2354 2478 2408 homuncio
2535 2369 2700 2425 super
2759 2369 2825 2409 ea
2881 2370 3002 2426 quae
3043 2362 3120 2410 tot
3145 2355 3497 2412 conciliorum

1892 2450 1945 2496 et
1973 2450 2240 2496 tantorum
2274 2440 2587 2513 pontiﬁcum
2619 2443 2765 2498 sedis
2798 2444 3113 2514 apostolica!
3153 2444 3222 2499 de
3269 2444 3497 2500 ordina-

1891 2531 2035 2586 tione
2063 2547 2201 2598 mea,
2236 2531 2630 2604 qualiscunque
2648 2532 2823 2602 plebis
2843 2533 2943 2588 Dei
2970 2530 3178 2599 famuli,
3209 2532 3347 2588 sicut
3375 2547 3495 2590 cer-

1890 2619 2097 2674 tissima
2150 2619 2483 2675 monimenta
2537 2620 2837 2687 declarant,
2895 2621 3212 2693 approbavit
3269 2630 3323 2676 et
3381 2618 3496 2677 ﬁxit

1890 2709 2205 2778 auctoritas,
2238 2717 2494 2781 tanquam
2523 2709 2592 2763 de
2612 2726 2672 2764 re
2701 2709 2869 2764 dubia
2895 2709 2983 2766 vel
3013 2709 3252 2777 inﬁrma,
3282 2709 3496 2768 nullum

1890 2799 2067 2854 audeo
2094 2799 2229 2853 inire
2262 2807 2561 2853 certamen.

1963 2888 2095 2942 CAP.
2127 2889 2191 2942 V.
2227 2889 2307 2943 De
2337 2887 2420 2942 his
2451 2895 2628 2942 autem
2657 2887 2914 2942 fratribus
2946 2887 3170 2956 nostris,
3199 2889 3268 2945 de
3297 2890 3494 2963 quibus

1890 2993 2065 3048 nuper
2094 2977 2251 3032 nobis
2273 2976 2633 3032 communiter
2651 2977 2883 3032 domnus
2905 2978 3233 3049 apostolicus
3256 2979 3495 3050 scripsit,

1890 3065 1936 3119 si
1965 3065 2122 3122 vobis
2151 3066 2222 3120 ad
2252 3062 2553 3136 apostolica
2583 3066 2787 3137 scripta
2807 3083 2918 3121 non
2935 3066 3130 3122 suﬁicit
3151 3067 3332 3123 brevis
3361 3084 3392 3122 a
3412 3082 3502 3122 me

1891 3155 2009 3209 data
2037 3154 2341 3224 responsio,
2375 3170 2504 3209 ecce
2547 3153 2759 3208 habetis
2817 3161 2973 3227 gesta
3031 3155 3384 3227 episcopalia,
3449 3161 3505 3210 et

1890 3243 2179 3315 privilegia
2223 3242 2408 3297 domni
2451 3243 2729 3298 Benedicti
2775 3251 2828 3298 et
2871 3234 3058 3299 domui
3107 3243 3340 3314 Nicolai,
3375 3261 3498 3318 quas

1888 3331 2046 3387 vobis
2076 3333 2449 3386 demonstrant
2481 3349 2582 3404 qua
2613 3332 2818 3388 ratione
2848 3341 2902 3387 et
2931 3349 3039 3404 quo
3069 3333 3279 3402 ordine,
3325 3350 3500 3406 quave

1889 3421 2227 3488 auctoritate,
2263 3429 2315 3476 et
2346 3438 2375 3474 a
2407 3421 2624 3493 quibus,
2659 3429 2712 3476 et
2752 3421 2864 3490 ubi,
2923 3429 2976 3476 et
3021 3423 3242 3495 quando
3285 3430 3496 3494 patrata

1889 3511 2014 3580 sint,
2048 3529 2168 3583 qua)
2197 3511 2251 3564 in
2281 3527 2376 3565 eos
2405 3519 2523 3566 acta
2557 3510 2792 3565 fuerunt.
2828 3510 3038 3580 Quibus
3057 3511 3310 3567 omnibus
3365 3529 3494 3583 per-

1889 3600 2162 3670 scrutatis,
2199 3600 2498 3655 secundum
2530 3599 2715 3654 domni
2735 3607 2787 3654 et
2814 3599 2992 3654 Patris
3009 3601 3182 3655 nostri
3213 3600 3498 3672 apostolici

1888 3707 2042 3760 papa:
2073 3689 2523 3744 discretissimum
2554 3705 2620 3744 ac
2666 3689 2922 3760 regulare
2969 3689 3306 3756 mandatum,
3349 3689 3498 3762 quod

1881 3780 2086 3848 justum
2119 3787 2170 3832 et
2201 3778 2350 3848 pium
2380 3777 2710 3848 inveniritis,
2745 3778 3048 3834 secundum
3106 3795 3346 3834 canones
3407 3796 3502 3835 sa-

1888 3884 2010 3922 cros
2067 3867 2360 3934 decernite,
2423 3867 2629 3939 absque
2679 3867 2805 3933 ulla,
2868 3875 3130 3939 quantum
3180 3883 3246 3923 ex
3275 3884 3364 3923 me
3393 3877 3494 3933 est,

1888 3953 2316 4010 contradictione
2346 3951 2590 4023 perﬁcite
2628 3971 2641 4008 :
2684 3953 2814 4025 quia
2862 3953 3000 4008 sicut
3049 3952 3108 4006 in
3165 3953 3498 4025 precedenti

1889 4043 2150 4096 schedula
2176 4036 2332 4097 vobis
2363 4041 2580 4112 scripsi,
2615 4057 2718 4096 nec
2747 4041 2892 4095 illius
2927 4041 3242 4112 apostolicis
3284 4058 3497 4114 prace-

1885 4131 2010 4202 ptis,
2048 4147 2152 4186 nec
2179 4130 2380 4186 vestris
2411 4130 2750 4200 regularibus
2781 4129 3190 4186 deﬁnitionibus
3215 4131 3498 4187 contradi-

1887 4236 2006 4274 cam
2021 4263 2034 4274 .

1957 4305 2088 4357 CAP.
2122 4305 2212 4358 Vl.
2247 4303 2508 4359 Caeterum
2539 4302 2585 4356 si
2624 4309 2822 4357 vestrae
2849 4301 3207 4374 beneplacitae
3235 4303 3494 4360 voluntati

1881 4392 2248 4448 necessarium
2276 4391 2451 4446 visum
2481 4390 2636 4447 fuerit
2657 4407 2766 4446 non
2785 4392 2853 4446 ad
2873 4391 3038 4446 ullam
3057 4393 3480 4461 contentionem,

175 4489 475 4558 subscripta
525 4487 756 4558 epistola
794 4489 865 4542 ad
911 4489 1192 4560 praefatum
1251 4490 1525 4563 Sergium,
1560 4507 1771 4562 papam,
1802 4478 1857 4540 D
1880 4499 1978 4537 nec
2009 4483 2303 4537 adversum
2332 4481 2558 4550 alicujus
2587 4481 2960 4554 quaestionem,
3008 4482 3104 4538 sed
3143 4483 3215 4537 ob
3267 4482 3486 4554 plenio-

175 4577 504 4631 unanimiter
559 4576 876 4648 dirigenda;
935 4579 1030 4632 sed
1090 4587 1142 4633 et
1197 4579 1374 4634 edicto
1417 4579 1603 4634 domni
1632 4580 1779 4651 regis

178 4664 348 4720 Caroli
389 4681 556 4720 manu
607 4666 828 4736 propria
877 4666 1216 4731 conﬁrmato,
1277 4676 1330 4722 et
1378 4669 1558 4741 sigillo
1606 4668 1778 4740 ipsius

178 4756 553 4822 corroborato,
605 4763 687 4808 est
735 4757 1103 4826 comprobata.
1157 4755 1289 4825 Quae
1336 4758 1514 4812 omnia
1561 4759 1774 4830 Sergio,

178 4853 464 4917 antequam
497 4843 712 4898 mittere
741 4845 806 4898 ad
837 4845 1009 4899 illium
1057 4861 1464 4913 concurrerem,
1510 4847 1566 4901 in
1625 4847 1777 4903 brevi

177 4931 442 5002 defuncto,
474 4932 644 4987 Leoni
674 4949 830 5004 papae
868 4943 991 4988 sunt
1024 4935 1210 4990 missa.
1246 4935 1486 5008 Indeque
1515 4953 1544 4990 a
1575 4937 1777 4992 domno

175 5019 500 5092 imperatore
532 5021 810 5086 Lothario,
853 5039 1006 5076 suam
1051 5023 1338 5095 epistolam
1383 5026 1561 5079 eidem
1611 5026 1774 5080 Leoni

175 5125 323 5180 papae
369 5110 660 5181 dirigente,
716 5111 772 5164 in
799 5128 907 5183 qua
950 5112 1167 5182 scripsit
1197 5122 1452 5184 quantum
1483 5129 1583 5185 pro
1613 5115 1774 5170 resti-

177 5199 370 5254 tutione
387 5199 598 5253 Ebonis
619 5199 764 5269 apud
785 5200 1038 5272 Sergium
1058 5217 1252 5272 papam
1271 5203 1544 5274 sategerit,
1571 5212 1622 5258 et
1645 5205 1776 5258 nihil

180 5287 416 5344 obtinere
446 5288 702 5359 potuerit,
732 5288 1008 5344 favoribus
1061 5285 1366 5360 prosecuta,
1403 5301 1452 5346 et
1483 5293 1551 5346 ab
1581 5294 1773 5348 eodem

183 5373 347 5431 Leone
367 5392 510 5448 papa
532 5384 588 5431 et
608 5393 708 5430 usu
727 5377 874 5448 pallii
893 5388 944 5433 et
966 5380 1249 5452 privilegio
1271 5381 1416 5434 sedis
1438 5383 1769 5452 apostolicae,

176 5477 232 5518 ac
249 5465 495 5536 pluribus
509 5465 824 5537 apostolicis
841 5468 954 5523 suis
965 5469 1292 5540 epistolis,ut
1312 5469 1561 5526 videlicet
1577 5472 1633 5526 in
1653 5472 1775 5527 loco

176 5555 396 5621 pastoris
427 5555 740 5612 sacerdotio
770 5556 1122 5625 defuncti,est
1149 5559 1419 5615 multoties
1448 5562 1769 5631 approbata.

1881 4589 1992 4626 rem
2025 4571 2102 4626 rei
2133 4572 2398 4641 notitiam,
2425 4581 2479 4625 ut
2504 4573 2572 4626 de
2599 4571 2808 4626 Ebonis
2837 4572 3014 4626 adhuc
3041 4571 3199 4626 latius
3241 4571 3490 4644 regulari

1879 4661 2237 4733 depositione,
2297 4669 2350 4715 et
2404 4661 2550 4715 nulla
2607 4661 2869 4716 canonica
2898 4659 3256 4727 restitutione,
3289 4661 3390 4717 sed
3419 4671 3476 4718 et

1879 4751 1947 4806 de
1977 4768 2100 4806 mea
2129 4750 2362 4822 qualiter
2389 4750 2664 4805 celebrata
2693 4751 2760 4804 sit
2808 4748 3170 4815 ordinatione,
3226 4749 3316 4805 vel
3371 4767 3484 4824 qua

1879 4841 2088 4896 ratione
2117 4840 2315 4895 fratres
2345 4848 2397 4893 et
2426 4839 2737 4910 coepisc0pi
2766 4837 2937 4892 nostri
2965 4837 3022 4891 in
3078 4839 3290 4910 synodo
3341 4842 3482 4897 Mel-

1878 4930 2034 4984 densi
2076 4927 2215 4984 ﬁlios
2270 4929 2595 4985 Rhemensis
2626 4927 2905 4993 Ecclesiae,
2937 4927 3007 4982 de
3052 4928 3249 5000 quibus
3294 4932 3479 5003 agitur

1877 5019 2296 5089 suspenderunt,
2333 5019 2417 5074 vel
2450 5018 2593 5091 unde
2623 5015 2832 5086 accepit
2863 5016 3186 5074 Suessonica
3232 5021 3474 5092 synodus

1876 5124 1984 5163 non
2023 5109 2224 5163 debere
2254 5108 2310 5163 in
2356 5107 2616 5180 gradibus
2664 5105 3046 5163 ecclesiasticis
3089 5123 3185 5162 eos
3226 5121 3474 5176 manere,

1876 5198 2140 5252 rationem
2170 5207 2221 5252 et
2251 5197 2518 5256 ordinem,
2552 5202 2712 5267 atque
2741 5196 3116 5252 auctoritatem
3147 5241 3161 5263 ,
3223 5215 3344 5270 quae
3398 5199 3473 5254 ibi

1877 5297 2110 5353 ostensa,
2147 5296 2198 5342 et
2228 5303 2256 5339 a
2287 5283 2649 5340 sollicitudine
2679 5284 2990 5359 exiguitatis
3020 5301 3159 5342 meae
3218 5296 3476 5360 suscepta

1877 5385 2018 5442 sunt,
2051 5393 2117 5430 ne
2147 5373 2418 5429 oﬁ'endam
2441 5373 2675 5428 reticens
2697 5375 2984 5431 dicendam
3013 5373 3068 5429 in
3097 5383 3343 5447 tempore
3373 5393 3474 5434 ve-

1876 5466 2110 5529 ritatem,
2159 5470 2355 5518 vestrae
2411 5461 2730 5519 fraternitati
2784 5465 3028 5536 pondere
3086 5479 3197 5520 non
3233 5467 3470 5540 negabo.

1876 5555 2103 5609 Tantum
2123 5560 2182 5607 ut
2209 5567 2317 5608 non
2346 5569 2444 5610 vos
2463 5569 2699 5620 morosa,
2730 5559 2786 5610 et
2804 5551 2945 5609 forte
2976 5554 3133 5614 vobis
3163 5555 3210 5610 si
3239 5561 3369 5611 nota
3387 5564 3476 5610 est
