4026 6300
508 246 579 300 55
978 299 984 304 ,
1485 246 1825 302 HINCMARI
1853 244 2254 302 RHEMENSIS
2284 245 2835 302 ABCHIEPISCOPI.
3751 247 3821 299 56

507 383 618 426 non
647 369 952 424 necessaria
982 369 1119 424 ratio
1147 371 1363 441 taedeat,
1397 377 1450 424 et
1464 370 1758 427 sicveritas
1786 387 1817 425 a
1836 387 1924 426 me
1953 380 2109 442 post-
2140 373 2460 432 Anarratur
2485 369 2764 424 altitudine
2792 370 3135 441 dignitatum,
3187 379 3239 424 et
3291 371 3345 424 in
3413 371 3565 440 cujus
3621 371 3823 428 virtute

510 457 1102 530 sitostendi,fquatenus
1122 467 1319 515 vestra
1337 459 1704 514 unanimitatis
1719 461 1955 516 charitas
1975 477 2108 533 erga

506 561 596 600 me
625 545 822 602 debeat
851 547 1184 604 conservari.
1207 547 1312 616 Qui
1339 549 1548 620 absque
1575 557 1760 605 nostro
1786 549 2108 604 detrimento

505 649 617 690 non
647 635 824 691 solum
845 634 1126 705 fratribus,
1149 637 1246 692 sed
1265 646 1318 692 et
1348 637 1580 694 inimicis
1610 639 1875 709 prodesse
1892 639 2108 693 deside-

504 738 588 789 ro,
623 731 678 777 et
729 725 1044 794 apostolicis
1100 726 1367 780 mandatis
1406 742 1726 799 quacunque
1771 727 2109 782 contumacia

505 828 617 868 non
649 813 874 878 resulto,
908 830 1010 869 nec
1030 813 1285 870 fraternis
1313 816 1512 870 vestris
1543 815 1760 870 monitis
1791 825 1843 870 et
1885 816 2107 888 regula-

507 900 660 956 ribus
689 901 1096 958 diﬂinitionibus
1134 903 1488 959 intentionem
1542 905 1628 960 vel
1676 921 1866 960 manus
1921 905 2109 961 obvias

502 991 726 1045 tendere
756 1007 913 1062 paro,
938 1008 1001 1046 ea
1029 1001 1210 1048 tamen
1241 993 1566 1061 conditione,
1599 995 1742 1066 quod
1769 1002 1820 1049 et
1852 1011 1948 1049 vos
1969 995 2108 1049 velle

507 1086 562 1133 et
591 1079 813 1134 studere
841 1095 1139 1153 cognosco,
1175 1089 1231 1136 ut
1255 1083 1567 1154 regularum
1623 1089 1791 1138 status
1847 1092 1901 1138 et
1960 1084 2108 1138 sedis

506 1167 823 1238 apostolicae
847 1169 1180 1240 priviligium
1207 1179 1444 1240 maneat,
1479 1179 1532 1226 et
1573 1187 1860 1227 commune
1887 1171 2107 1242 pericu-

507 1255 620 1311 lum
649 1266 899 1338 nostrum
930 1258 1086 1314 vitari
1117 1260 1430 1330 praevaleat.

579 1345 707 1400 Post
736 1347 877 1402 hanc
909 1347 1241 1418 schedulam,
1276 1350 1488 1421 synodo
1543 1358 1766 1406 ostensa
1795 1359 1921 1406 sunt
1947 1359 2108 1424 gesta

509 1433 841 1506 episcopalia
869 1437 1212 1493 Suessonicze
1240 1438 1434 1510 synodi
1463 1456 1562 1510 per
1591 1456 1781 1494 manus
1828 1439 2107 1495 Hirtcmari

507 1522 884 1579 Laudunensis
913 1525 1176 1597 episcopi,
1209 1536 1261 1582 et
1291 1535 1449 1598 gesta
1506 1529 1701 1600 synodi
1757 1528 2109 1584 Bituricensis

508 1611 802 1682 provinciae
826 1629 927 1684 per
955 1630 1149 1670 manus
1204 1616 1511 1687 Raginelmi
1567 1617 1930 1673 Tornacensis
1987 1617 2108 1689 epi-

2210 459 2368 513 bonis
2396 458 2654 528 operibus
2683 459 2850 514 corda
2878 457 3130 530 ponenda
3159 468 3303 526 sunt,
3337 459 3596 531 gradibus
3627 461 3821 532 utique

2209 546 2533 617 distributis,
2593 549 2799 604 cunctis
2860 550 3008 604 Deus
3064 557 3249 604 noster
3305 558 3356 604 et
3387 557 3572 605 rector
3601 549 3820 621 populis

2207 636 2586 706 praedicandus
2615 645 2699 692 est
2729 636 3045 692 Christianis
3077 657 3090 692 :
3126 638 3216 692 ubi
3247 654 3408 694 nemo
3441 638 3658 694 sibimet
3709 637 3819 693 ali-

2210 725 2336 797 quid
2362 726 2474 794 jam
2505 725 2735 780 aestimet
2763 726 3120 793 imminutum,
3154 744 3278 783 cum
3300 736 3353 784 et
3385 727 3453 783 de
3482 726 3824 796 uniuscujus-

2210 830 2314 885 que
2344 815 2544 887 gradus
2574 815 2908 886 perfectione
2938 816 3013 870 nil
3042 817 3269 887 deperit,
3316 824 3366 872 et
3423 817 3819 873 convenienter

2208 902 2490 958 retinendo
2505 905 2649 975 quod
2667 904 2877 960 cualesti
2890 905 3301 976 dispensatione
3318 906 3576 962 collatum
3592 914 3698 972 est,
3717 920 3820 976 pa-

2209 990 2342 1044 riter
2369 990 2527 1046 nobis
2558 998 2610 1047 et
2641 993 3066 1064 cognoscibilem
3108 995 3281 1049 Deum
3330 994 3468 1060 fieri,
3523 1003 3574 1049 et
3632 993 3820 1048 tribuit

2209 1095 2332 1134 esse
2362 1088 2655 1136 rectorem.
2696 1082 2838 1136 Nam
2867 1081 2968 1136 etsi
2997 1082 3127 1153 quid
3155 1083 3468 1156 indulgetur
3498 1084 3566 1139 de
3597 1091 3815 1154 tempo-

2209 1184 2329 1222 rum
2359 1169 2928 1240 quantitate,moribus
2963 1180 3258 1242 aggregata
3318 1172 3636 1228 strenuitate
3668 1187 3815 1244 pen-

2210 1265 2376 1322 satur,
2411 1257 2456 1312 si
2485 1257 2608 1313 vitze
2631 1259 2746 1328 jam
2773 1260 3056 1330 proposito
3083 1260 3412 1328 continetur,
3446 1262 3590 1334 quod
3620 1270 3812 1333 prote-

2209 1345 2315 1399 lata
2345 1344 2523 1400 fuerat
2552 1355 2705 1401 aetate
2735 1348 3034 1402 curandum
3069 1367 3082 1402 :
3107 1349 3404 1406 dummodo
3449 1350 3543 1405 illa
3571 1351 3811 1407 nullate-

2210 1450 2312 1488 nus
2323 1434 2666 1490 dissimulata
2679 1437 3000 1507 subripiunt,
3026 1453 3256 1509 quorum
3276 1439 3556 1510 quodlibet
3567 1439 3614 1494 si
3626 1440 3812 1496 inesse

2209 1523 2484 1590 claruerit,
2543 1525 2736 1580 merito
2790 1525 3128 1582 clericalibus
3182 1527 3365 1582 infulis
3407 1529 3816 1599 reprobabilem

2211 1611 2500 1668 convincat
2529 1629 2651 1668 esse
2679 1631 2987 1685 personam.
3021 1617 3090 1670 Et
3119 1615 3164 1670 si
3192 1615 3286 1671 illa
3315 1633 3706 1690 nonnunquam
3737 1619 3818 1674 si-

501 1705 674 1772 scopi,
722 1709 773 1757 et
818 1702 1167 1776 privilegium
1209 1704 1395 1759 domni
1442 1706 1718 1762 Benedicti
1765 1723 1866 1777 per
1912 1721 2108 1762 manus
2140 1701 2395 1792 Bnenda
2451 1709 2594 1768 sunt,
2653 1719 2773 1773 quae
2829 1704 2876 1758 Si
2923 1712 3241 1760 οἱῐὲῑθΐοΐιιπι
3271 1714 3478 1761 constet
3506 1707 3820 1780 integritas,

505 1789 839 1846 Erchanravi
933 1791 1343 1848 Catalaunensis
1437 1794 1700 1866 episcopi,
1769 1804 1822 1850 et
1883 1795 2110 1866 privile-

507 1877 659 1948 gium
715 1878 902 1934 domui
956 1880 1166 1937 Nicolai
1220 1897 1319 1952 per
1373 1899 1565 1937 manus
1620 1883 1862 1939 Hodonis
1913 1884 2111 1940 Belva-

509 1966 690 2022 censis
741 1967 1001 2040 episcOpi.
1081 1970 1149 2024 Et
1203 1978 1329 2041 post
1407 1972 1525 2027 haec
1599 1972 1802 2042 omnia,
1855 1973 1982 2027 data
2031 1983 2113 2028 est

503 2071 626 2127 quae
657 2056 902 2128 sequitur
931 2057 1212 2127 schedula,
1233 2059 1467 2131 qualiter
1491 2060 1709 2132 priscis,
1742 2069 1798 2116 ut
1833 2061 1966 2118 dicit
1995 2063 2110 2118 Ge-

500 2143 689 2212 lasius,
723 2161 824 2214 pro
881 2146 964 2200 sui
1019 2147 1324 2202 reverentia
1381 2149 1720 2204 manentibus
1779 2151 2104 2217 constitutis,

505 2240 558 2286 et
589 2232 756 2288 salvis
785 2234 1097 2304 apostolicae
1155 2236 1302 2291 sedis
1359 2237 1680 2310 privilegiis,
1741 2255 1865 2294 cum
1918 2255 2110 2295 eorum

506 2319 668 2373 etiam
697 2320 1033 2377 salvamento
1062 2323 1156 2394 qui
1187 2323 1396 2394 synodo
1429 2325 1886 2396 subscripserunt,
1919 2326 1973 2380 in
2003 2345 2108 2398 qua

499 2407 702 2464 fratres
730 2409 799 2464 de
829 2411 1029 2481 quibus
1056 2411 1239 2484 agitur
1262 2410 1416 2468 fuere
1437 2413 1652 2482 dejecti,
1685 2431 1786 2484 per
1813 2415 2106 2487 indulgen-

498 2497 630 2551 tiam
661 2507 715 2552 et
743 2499 1121 2555 auctoritatem
1152 2501 1337 2556 domni
1379 2518 1534 2573 papa:
1565 2503 1620 2556 in
1667 2503 1778 2558 suis
1823 2504 2106 2559 ordinibus

502 2585 676 2658 recipi
730 2595 784 2642 et
839 2589 1069 2659 provehi
1126 2589 1338 2660 possint
1391 2591 1598 2662 absque
1656 2593 2103 2664 contradictione,

499 2674 748 2748 migretis
767 2676 881 2746 jam
909 2677 1184 2748 omnibus,
1244 2679 1334 2750 qui
1394 2680 1450 2734 in
1503 2680 1714 2735 Ebonis
1763 2681 2106 2752 depositione

499 2762 734 2831 fuerunt,
767 2763 1062 2836 episcOpis,
1097 2776 1324 2838 excepto
1354 2768 1472 2824 solo
1502 2769 1748 2823 Rothado
1779 2788 1794 2836 ;
1825 2771 1923 2824 sed
1953 2780 2005 2824 et
2026 2771 2106 2826 eis

501 2851 596 2924 qui
650 2851 731 2907 illi
777 2853 1246 2911 excommunicato
1304 2855 1624 2912 dicebantur
1653 2859 2100 2925 communicasse,

497 2946 553 2996 et
581 2940 701 2995 aliis
731 2941 787 2996 in
819 2957 1008 2997 eorum
1037 2943 1172 2999 locis
1201 2944 1524 3014 substitutis,
1555 2961 1618 3002 ac
1644 2963 1746 3017 per
1773 2963 1888 3013 eos,
1946 2956 2003 3002 ut
2031 2947 2107 3002 ita

497 3027 766 3099 dicamus,
800 3030 1102 3086 innumeris
1149 3032 1434 3088 ordinatis.
1466 3035 1694 3090 Tantum
1721 3043 1780 3090 ut
1809 3035 1877 3090 de
1907 3045 2103 3091 caztero

496 3098 772 3185 scandala,
809 3134 932 3191 quae
960 3119 1086 3176 hinc
1115 3120 1298 3177 valent
1329 3122 1559 3196 emergi,
1596 3123 1782 3179 domni
1811 3125 2095 3195 apostolici
2126 3098 2175 3162 Ο

491 3207 816 3266 auctoritate
847 3215 899 3264 et
928 3209 1276 3280 providentia
1305 3211 1632 3268 devitentur.

1075 3333 1416 3390 EPISTOLA
1456 3336 1520 3390 V.

725 3453 798 3494 AD
837 3453 1136 3496 EPISCOPOS
1177 3455 1384 3496 SYNODI
1423 3456 1874 3508 SUESSIONENSIS,

503 3539 655 3610 Quod
682 3539 885 3612 absque
916 3540 1256 3596 necessitate
1287 3541 1506 3597 mutari
1543 3557 1658 3597 non
1714 3542 1950 3597 debeant
1993 3559 2116 3616 qua:

628 3630 802 3684 semet
835 3629 896 3684 in
923 3631 1184 3685 conciliis
1212 3633 1440 3685 statuta
1468 3631 1556 3686 vel
1577 3630 1842 3702 judicata
1873 3641 2035 3688 sunt.

1035 3735 1216 3808 (Apud
1249 3734 1500 3792 S'irmond
1513 3735 1560 3806 .)

570 3843 898 3898 Hmcnutnns
927 3843 1260 3898 Rhemorum
1290 3844 1580 3916 episcopus
1609 3845 1872 3912 REMIGIO,
1913 3845 2114 3900 Wex:-

500 3947 654 3997 LONI,
685 3938 738 3985 et
765 3931 969 3986 cateris
999 3931 1446 4003 archiepiscopis,
1482 3940 1536 3988 et
1573 3933 1866 4004 episcOpis,
1926 3934 2111 3990 domui

497 4035 657 4092 papae
683 4019 896 4076 Nicolai
926 4020 1246 4077 auctoritate
1278 4021 1349 4075 ad
1383 4021 1672 4093 synodum,
1699 4038 1807 4094 quo
1829 4030 1881 4077 et
1911 4023 2112 4096 exigui-

499 4116 667 4165 tatem
695 4123 877 4164 meam
907 4125 1033 4164 cum
1064 4109 1409 4181 coepiscOpis
1437 4110 1638 4164 nostris
1687 4110 1872 4167 venire
1901 4128 2111 4182 prasce-
2153 4131 2162 4169 ;

499 4197 598 4270 pit,
627 4198 682 4254 in
742 4197 884 4254 hanc
940 4197 1268 4254 Suessorum
1324 4199 1602 4255 civitatem
1660 4215 1758 4271 pro
1796 4216 1959 4256 causa
1989 4201 2114 4256 Vul-

501 4287 614 4344 fadi
646 4296 700 4343 et
727 4287 1066 4360 collegarum
1095 4289 1212 4358 ejus
1244 4288 1580 4345 convocatis.

575 4375 851 4449 Legimus,
883 4377 1152 4432 scribente
1187 4378 1350 4433 beato
1382 4378 1696 4434 Innocentio
1729 4379 1916 4452 (epist.
1949 4384 2003 4446 2,
2038 4380 2110 4435 ad

2213 1789 2332 1844 sola
2359 1804 2560 1845 nocere
2589 1806 2697 1846 non
2727 1791 2942 1847 valeant
2973 1811 2986 1846 :
3021 1793 3112 1848 illa
3133 1802 3314 1850 tamen
3336 1803 3459 1850 sunt
3479 1812 3819 1868 magnopere

2211 1879 2572 1947 praecavenda
2601 1896 2722 1951 quae
2752 1881 2922 1952 recipi
2952 1882 3069 1938 sine
3097 1883 3381 1938 manifesta
3409 1885 3817 1941 decoloratione

2214 1982 2324 2020 non
2351 1967 2580 2037 possint.
2613 1969 2682 2022 Et
2711 1969 3026 2025 Africanum
3057 1971 3368 2039 concilium,
3413 1973 3482 2028 de
3536 1974 3816 2046 virginum

2212 2054 2480 2111 velatione
2510 2063 2806 2112 retractans
2837 2060 2988 2129 (can.
3022 2063 3132 2130 93),
3163 2060 3236 2115 ita
3263 2078 3484 2117 manere
3543 2065 3817 2119 constitu-

2211 2142 2415 2199 tionem
2445 2145 2646 2215 prioris
2675 2146 2908 2214 concilii,
2943 2148 3034 2202 ubi
3073 2149 3220 2204 nulla
3250 2160 3512 2223 perurget
3570 2154 3818 2208 necessi-

2212 2238 2314 2299 tas,
2349 2233 2606 2302 decrevit,
2641 2243 2698 2288 ut
2727 2251 2836 2291 non
2865 2236 3008 2291 obsit
3065 2238 3355 2308 posteriori
3385 2240 3617 2296 concilio
3649 2242 3819 2296 certis

2207 2337 2309 2391 pro
2340 2323 2522 2376 causis
2550 2339 2614 2377 ea
2645 2341 2768 2395 quae
2796 2325 3089 2380 constituta
3116 2327 3326 2382 fuerant
3354 2329 3676 2394 immutanti,
3710 2348 3823 2387 nec

2207 2411 2478 2480 posterius
2507 2411 2798 2466 concilium
2825 2414 2992 2484 priori
3015 2415 3196 2470 obviet
3225 2418 3376 2487 (can.
3411 2421 3521 2488 35),
3546 2419 3636 2473 ubi
3667 2419 3823 2474 nulla

2206 2497 2340 2552 illud
2372 2509 2632 2572 perurget
2661 2501 2958 2556 necessitas
2990 2503 3296 2559 immutare.
3331 2505 3441 2560 Sed
3463 2515 3515 2562 et
3543 2507 3611 2562 de
3632 2507 3816 2563 Dona-

2207 2586 2346 2640 tistis
2374 2587 2636 2656 decrevit,
2668 2598 2726 2643 ut
2781 2591 3245 2647 consentientibus
3299 2593 3553 2650 fratribus
3608 2604 3663 2650 et
3719 2613 3819 2652 co-

2206 2675 2503 2747 episcopis,
2537 2678 2771 2733 maxime
2802 2688 2980 2735 autcm
3009 2682 3310 2751 apostolica
3341 2683 3490 2751 sede,
3525 2700 3558 2739 a
3616 2685 3819 2756 quibus

2205 2763 2332 2818 inde
2391 2764 2563 2821 fuerat
2611 2765 2914 2836 difﬁnitum,
2974 2777 3241 2840 quatenus
3291 2772 3588 2828 secundum
3618 2775 3820 2829 unius-

2207 2853 2472 2925 cujusque
2500 2855 2744 2928 episcopi
2773 2857 3024 2913 catholici
3053 2858 3385 2914 voluntatem
3415 2869 3575 2933 atque
3624 2862 3814 2918 consi-

2204 2940 2356 3010 lium,
2391 2943 2482 3014 qui
2509 2943 2564 2998 in
2597 2945 2789 3000 eodem
2819 2946 2941 3002 loco
2971 2947 3244 3019 gubernat
3273 2950 3596 3018 Ecclesiam,
3629 2951 3678 3006 si
3708 2953 3822 3008 hoc

2205 3031 2326 3098 paci
2347 3031 2668 3088 Christianae
2699 3035 2960 3105 prodesse
2985 3037 3158 3091 visum
3185 3036 3365 3103 fuerit,
3423 3039 3482 3094 in
3537 3039 3651 3095 suis
3707 3041 3820 3096 ho-

2211 3119 2438 3192 noribus
2466 3121 2850 3193 suscipiantur,
2910 3125 3046 3180 sicut
3101 3125 3375 3196 prioribus
3404 3128 3646 3197 ejusdem
3677 3129 3822 3185 divi-

2220 3207 2388 3264 sionis
2443 3211 2782 3282 temporibus
2838 3215 3036 3269 factum
3091 3231 3213 3270 esse
3267 3216 3608 3272 manifestum
3663 3226 3749 3274 est
3807 3239 3822 3274 :

2217 3299 2362 3368 quod
2389 3299 2681 3356 multorum
2711 3311 2764 3356 et
2789 3319 2930 3373 pene
2950 3303 3190 3358 omnium
3220 3303 3596 3362 Africanarum
3622 3307 3822 3364 Eccle-

2215 3386 2440 3458 siarum,
2473 3389 2666 3460 quibus
2698 3391 2817 3445 talis
2847 3408 3000 3447 error
3029 3400 3246 3448 exortus
3277 3402 3378 3464 est,
3437 3396 3686 3467 exempla
3737 3404 3823 3452 te-

2216 3483 2444 3532 stantur.
2483 3479 2604 3532 Non
2664 3487 2720 3533 ut
2772 3481 3082 3547 concilium,
3134 3482 3280 3552 quod
3327 3483 3381 3536 in
3440 3484 3821 3540 transmarinis

2213 3564 2456 3635 partibus
2485 3566 2552 3621 de
2583 3568 2687 3622 hac
2717 3585 2778 3624 re
2807 3567 3004 3622 factum
3034 3577 3134 3634 est,
3161 3569 3510 3639 dissolvatur,
3543 3573 3641 3628 sed
3673 3582 3729 3628 ut
3759 3575 3822 3629 il-

2213 3652 2306 3707 lud
2335 3663 2551 3710 maneat
2580 3656 2727 3711 circa
2757 3673 2853 3712 eos
2883 3657 2974 3728 qui
3004 3657 3084 3712 sic
3116 3658 3346 3714 transire
3375 3661 3444 3714 ad
3481 3661 3822 3718 Catholicam

2215 3743 2418 3813 volunt,
2477 3751 2534 3799 ut
2588 3745 2738 3800 nulla
2792 3762 2892 3816 per
2921 3762 3016 3800 eos
3045 3745 3262 3802 unitatis
3291 3751 3661 3820 compensatio
3688 3768 3824 3823 pro-

2214 3840 2448 3888 curetur.
2483 3834 2588 3888 Per
2607 3850 2745 3905 quos
2775 3841 2958 3890 autem
2987 3835 3072 3891 vel
3098 3835 3412 3892 omnimodo
3458 3838 3669 3910 perﬁci,
3731 3842 3824 3896 vel

2213 3921 2456 3989 adjuvari
2498 3923 2800 3978 manifestis
2857 3923 3217 3980 fraternarum
3282 3927 3582 3983 animarum
3626 3929 3817 3996 lucris,

2213 4009 2480 4066 catholica
2508 4010 2685 4065 unitas
2713 4012 2768 4066 in
2798 4013 2934 4068 locis
2964 4014 3160 4085 quibus
3210 4015 3413 4087 degunt
3466 4016 3580 4072 visa
3636 4017 3821 4087 fuerit,

2213 4113 2323 4153 non
2351 4099 2430 4153 eis
2459 4099 2602 4154 obsit
2631 4101 2777 4172 quod
2808 4110 2996 4158 contra
3035 4104 3271 4160 honores
3311 4121 3500 4160 eorum
3524 4149 3536 4171 ,
3572 4107 3824 4178 quamvis

2214 4186 2364 4242 salus
2392 4187 2528 4242 nulli
2557 4187 2844 4245 interclusa
2903 4191 2988 4257 sit,
3053 4191 3107 4246 in
3165 4194 3529 4250 transmarino
3585 4196 3823 4252 concilio

2215 4283 2470 4331 statutum
2503 4285 2603 4333 est.

2283 4383 2437 4440 Unde
2466 4387 2808 4442 manentibus
2865 4389 3096 4455 statutis,
3157 4389 3363 4461 absque
3421 4391 3740 4462 regularum
3771 4402 3828 4448 et

501 4464 1052 4538 Exupertu-m),quod
1073 4465 1140 4521 de
1158 4462 1485 4538 quibusdam
1506 4467 1813 4522 observatio
1842 4467 1992 4538 prior
2006 4467 2106 4522 du-
2139 4463 2191 4524 D
2213 4473 2526 4543 apostolica:
2557 4475 2703 4528 sedis
2731 4476 3062 4547 préejudicio,
3097 4486 3150 4533 et
3172 4479 3534 4548 judicantium
3561 4479 3672 4536 ullo
3701 4481 3823 4537 dis-

505 4555 638 4621 rior,
666 4553 938 4626 posterior
967 4553 1362 4611 interveniente
1391 4556 1766 4612 misericordia
1807 4555 2116 4612 inclinatior

509 4650 611 4698 est.
643 4643 711 4697 Et
743 4649 965 4699 sanctus
985 4643 1094 4698 Leo
1126 4643 1256 4699 dicit
1285 4645 1479 4718 (epist.
1525 4649 1612 4712 95,
1663 4645 1736 4702 ad
1774 4648 2109 4713 Rusticum),

507 4729 638 4802 quia
665 4731 800 4786 sicut
830 4733 1081 4804 quaedam
1111 4741 1253 4800 sunt,
1297 4751 1418 4805 quae
1451 4734 1600 4788 nulla
1630 4742 1857 4805 possunt
1904 4734 2114 4790 ratione

509 4819 764 4886 convelli,
798 4819 869 4874 ita
895 4821 1063 4876 multa
1094 4830 1218 4876 sunt
1247 4839 1369 4895 qua:
1399 4831 1492 4877 aut
1531 4839 1632 4893 pro
1677 4823 2115 4880 consideratione

409 4941 420 4954 -
507 4915 748 4974 aetatum,
782 4917 875 4964 aut
902 4925 1000 4980 pro
1031 4911 1357 4968 necessitate
1387 4929 1586 4981 rerum,
1622 4921 1872 4984 Oporteat
1903 4921 2114 4985 tempe-

514 4996 650 5053 rari.
682 4997 842 5053 Velut
871 5005 925 5053 et
955 4998 1024 5054 de
1052 5001 1288 5070 quodam
1335 5000 1688 5073 indulgentiae
1707 5001 1829 5069 jure
1877 5002 2026 5068 dicit,
2061 5003 2118 5056 in

515 5102 642 5158 quo,
677 5087 948 5159 inquiens,
977 5103 1085 5142 non
1117 5090 1358 5160 regulam
1389 5089 1788 5156 constituimus,
1835 5091 1932 5146 sed
1987 5091 2116 5162 quid

513 5175 584 5230 sit
614 5175 950 5232 tolerabilius
977 5177 1328 5233 aestimamus.
1364 5180 1429 5235 Et
1477 5179 1897 5235 facundissimus
1951 5181 2107 5236 Gela-

516 5264 631 5320 sius
649 5265 833 5337 (epist.
869 5268 922 5336 6)
944 5283 957 5321 :
982 5266 1202 5332 Priscis,
1228 5267 1416 5340 inquit,
1441 5285 1542 5340 pro
1559 5286 1656 5324 suo
1678 5269 1985 5324 reverentia
2006 5286 2116 5323 ma-

520 5353 778 5410 nentibus
833 5355 1158 5423 constitutis,
1217 5373 1336 5429 quae
1391 5357 1482 5413 ubi
1535 5359 1681 5414 nulla
1709 5359 1794 5414 vel
1823 5375 2001 5414 rerum
2031 5359 2118 5412 vel

517 5451 826 5514 temporum
875 5453 1138 5518 perurget
1193 5447 1441 5520 angustia
1495 5448 1818 5520 regulariter
1864 5447 2120 5503 convenit

515 5540 798 5597 custodiri.
841 5542 939 5597 Hie
967 5544 1160 5614 procul
1191 5544 1375 5612 dubio,
1411 5545 1501 5618 qui
1531 5545 1586 5600 in
1626 5545 2116 5602 ecclesiasticorum

2216 4562 2461 4629 crimine,
2495 4579 2630 4634 quos
2662 4580 2768 4620 non
2799 4566 2974 4619 solum
3026 4568 3315 4622 auctoritas
3371 4569 3825 4641 Carthaginensis

2215 4651 2432 4706 concilii
2457 4652 2524 4706 ab
2554 4653 2700 4707 omni
2731 4671 2886 4710 naevo
2915 4654 3176 4723 defendit,
3213 4657 3258 4711 si
3293 4673 3479 4712 eorum
3511 4658 3672 4714 fuerit
3731 4677 3824 4716 so-

2216 4739 2328 4794 luta
2357 4741 2644 4807 sententia,
2675 4743 2766 4814 qui
2799 4744 3048 4799 convinci
3079 4761 3188 4800 non
3209 4755 3437 4816 possunt
3465 4747 3552 4802 vel
3598 4746 3822 4805 inimico

2215 4829 2397 4885 animo
2421 4829 2716 4898 judicasse,
2749 4840 2842 4886 aut
2871 4831 3050 4904 aliqua
3071 4834 3364 4904 cupiditate
3389 4843 3482 4889 aut
3511 4837 3690 4907 gratia
3715 4838 3820 4893 de-

2216 4919 2426 4988 pravati
2453 4938 2466 4985 ;
2498 4936 2684 4974 verum
2715 4927 2768 4974 et
2797 4921 2942 4974 idem
2973 4922 3280 4992 concilium,
3317 4925 3413 4978 sed
3443 4933 3496 4979 et
3525 4925 3822 4982 Antioche-

2217 5024 2365 5074 num,
2397 5015 2557 5080 atque
2587 5008 2806 5064 decreta
2835 5010 2981 5064 sedis
3009 5011 3269 5077 Romanae
3287 5011 3620 5081 pontiﬁcum,
3655 5015 3823 5070 Inno-

2215 5097 2398 5161 centii,
2432 5097 2629 5150 Zosimi
2657 5105 2817 5169 atque
2847 5099 3062 5166 Leonis,
3105 5116 3200 5154 eos
3255 5103 3655 5169 commendant,
3715 5121 3823 5174 per

2217 5201 2340 5255 qua:
2369 5201 2463 5239 sua
2490 5184 2878 5243 confirmavere
2903 5187 3125 5257 judicia,
3158 5205 3278 5260 quae
3323 5188 3518 5246 fratres
3547 5199 3600 5246 et
3627 5194 3823 5263 coepi-

2218 5273 2368 5344 scopi
2399 5273 2568 5328 nostri
2595 5275 2649 5328 in
2679 5276 3003 5332 Suessonica
3031 5278 3241 5347 synodo
3271 5277 3594 5334 Rliemensis
3621 5281 3823 5336 Eccle-

2218 5361 2312 5417 siae
2341 5361 2486 5430 ﬁliis,
2518 5364 2587 5418 ab
2614 5365 2805 5421 Ebone
2835 5373 2959 5436 post
2988 5366 3385 5436 depositionem
3418 5385 3574 5424 suam
3603 5369 3820 5426 ordina-

2217 5451 2304 5520 tis,
2342 5468 2578 5508 censura
2615 5454 2999 5510 ecclesiasticae
3056 5456 3360 5512 severitatis
3409 5457 3816 5526 judicaverunt,

2218 5540 2310 5594 ubi
2343 5558 2438 5597 eos
2471 5560 2577 5598 non
2600 5543 2857 5612 judicavi,
2892 5561 2990 5600 nec
3010 5561 3132 5602 cum
3157 5545 3436 5614 judicibus
3465 5563 3656 5602 eorum
3685 5549 3816 5602 sub-
