4026 6306
235 281 302 334 51
1701 279 2078 337 EPISTOLE.
3475 296 3543 348 58

236 401 432 474 scripsi
467 419 482 456 :
514 410 774 458 manente
803 403 984 469 etiam,
1019 411 1078 457 ut
1117 412 1331 475 oportet
1371 412 1425 460 et
1451 421 1488 460 n
1507 419 1698 462 ecesse
1730 414 1834 474 est,
1868 408 1922 466 A
1940 406 2191 477 praesulis
2219 407 2539 464 Alexandri.
2579 410 2769 466 Gratia
2795 426 3030 484 namque
3051 414 3171 485 Dei,
3205 422 3256 470 et
3285 416 3549 474 orationi-

237 492 558 548 auctoritate
573 491 988 564 privilegiorum
1017 492 1202 548 domni
1229 493 1524 561 Benedicti,
1555 502 1609 549 et
1658 495 1846 550 domni

238 597 306 637 ac
337 581 516 636 Patris
573 581 750 636 nostri
791 580 1006 636 Nicolai
1047 597 1236 653 papa;
1297 583 1342 636 si
1388 582 1466 638 illi
1522 583 1704 655 placet
1755 584 1848 640 cui

235 679 432 726 cuncta
459 670 610 724 bona
630 671 864 741 placent,
897 677 955 724 ut
981 669 1289 726 decessoris
1343 672 1428 726 sui
1469 673 1747 728 Benedicti
1792 681 1845 728 et

235 774 334 814 sua
360 757 639 832 privilegii
665 775 696 813 a
727 775 787 815 se
817 758 1116 814 confirmati
1147 760 1415 816 sententia
1449 761 1518 816 de
1544 761 1630 815 his
1659 760 1842 816 fratri-

237 849 339 903 bus
357 855 586 920 propter
612 846 1047 904 misericordiam
1075 864 1177 919 per
1195 849 1591 923 indulgentiam
1641 849 1842 905 immu-

237 945 395 1006 tetur,
425 937 522 991 ubi
547 936 746 992 exinde
777 935 1038 1007 scriptum
1086 937 1330 1007 habetur,
1377 937 1528 994 salvo
1583 938 1844 994 Romana

237 1025 388 1082 sedis
411 1025 470 1080 in
497 1025 753 1080 omnibus
767 1025 921 1094 jussu
951 1026 1331 1098 atquejudicio
1363 1045 1377 1081 :
1411 1035 1462 1083 et
1476 1027 1632 1083 aliter
1647 1028 1843 1084 decre-

238 1123 350 1169 tum
396 1112 784 1180 confirmetur,
844 1113 1110 1186 nobisque
1156 1114 1448 1171 tenendum
1503 1116 1792 1172 mandetur
1827 1161 1840 1183 ,

231 1205 386 1274 juxta
412 1202 849 1258 moderationem
905 1203 1225 1270 Innocentii,
1275 1203 1368 1276 qui
1403 1205 1842 1261 observationem

237 1292 482 1364 priorem
513 1292 810 1362 duriorem,
840 1291 1199 1363 posteriorem
1228 1300 1409 1348 autem
1449 1293 1844 1350 interveniente

237 1381 622 1438 misericordia
648 1380 1048 1436 inclinatiorem
1075 1381 1208 1438 dicit
1257 1383 1442 1454 (epist.
1479 1386 1534 1449 2,
1559 1383 1632 1439 ad
1677 1385 1841 1440 Exu-

237 1471 525 1543 pertum);
557 1478 612 1524 et
639 1477 822 1526 vestra
836 1469 1162 1540 fraternitas,
1195 1470 1287 1542 qui
1307 1471 1529 1528 eosdem
1549 1470 1842 1542 fratresju-

238 1559 485 1626 dicastis,
518 1559 606 1615 vel
635 1574 867 1630 quorum
895 1559 1218 1615 decessores
1264 1559 1388 1615 illos
1419 1559 1802 1630 judicaverunt
1823 1603 1838 1631 ,

239 1647 485 1704 unanimi
513 1647 870 1720 benignitate,
925 1646 1152 1718 justitia,
1192 1647 1388 1719 pietate
1443 1649 1662 1705 condita
1704 1664 1842 1706 con-

236 1737 473 1793 senserit
501 1744 663 1810 atque
691 1737 1010 1803 decreverit,
1046 1737 1186 1794 sicut
1215 1753 1376 1794 sacra
1402 1745 1455 1793 et
1482 1738 1711 1810 mystica
1738 1739 1840 1795 Ni-

233 1843 388 1882 cana
415 1826 663 1898 synodus
692 1826 762 1881 de
791 1825 1106 1882 Novatianis
1134 1824 1285 1898 (can.
1329 1826 1405 1897 8),
1446 1834 1498 1882 et
1511 1843 1613 1898 per
1657 1827 1840 1883 indul-

236 1915 504 1990 gentiam,
535 1915 594 1970 in
649 1915 882 1986 epistola
928 1914 999 1969 ad
1057 1914 1346 1970 universos
1401 1915 1692 1987 episcopos
1740 1930 1840 1988 per

237 2005 552 2077 zEgyptum,
593 2003 822 2076 Libyam
875 2012 928 2058 et
980 2003 1320 2074 Pentapolim
1373 2003 1716 2070 constitutos,
1769 2006 1840 2061 de

237 2093 456 2150 Meletio
484 2093 739 2148 damnato
761 2092 1015 2148 clementi
1043 2092 1292 2158 consilio,
1343 2092 1473 2147 dum
1519 2093 1702 2148 subtili
1739 2110 1839 2150 ve-

235 2199 406 2254 raque
424 2181 634 2238 ratione
661 2181 870 2236 nullam
901 2180 1118 2236 veniam
1171 2189 1488 2251 mereretur,
1551 2189 1605 2238 et
1660 2182 1728 2236 ab
1770 2199 1836 2240 eo

236 2279 358 2343 post
390 2269 796 2326 damnationem
824 2269 967 2324 illius
1017 2269 1301 2336 ordinatis,
1338 2286 1476 2342 quos
1523 2270 1840 2328 Meletienos

237 2359 496 2432 appellat,
529 2359 790 2416 decrevit.

306 2468 445 2522 Nam
493 2467 643 2521 idem
691 2466 954 2533 Meletius,
995 2473 1053 2520 ut
1096 2466 1152 2544 in
1199 2466 1380 2523 veraci
1419 2475 1471 2522 et
1528 2467 1840 2538 recipienda

236 2556 467 2612 historia
494 2555 924 2628 legimus,unius
953 2555 1187 2611 civitatis
1216 2555 1593 2628 1Egyptiorum
1621 2557 1840 2626 episco-

237 2662 336 2717 pus
370 2687 386 2712 ,
445 2645 549 2698 sub
601 2645 760 2699 Petro
815 2643 1199 2700 Alexandrina
1275 2644 1508 2700 civitatis
1565 2645 1839 2716 archiepi-

238 2732 532 2804 scopo,qui
556 2731 799 2802 suscepit
826 2731 1162 2788 Diocletiano
1179 2731 1482 2802 imperante
1503 2733 1839 2805 martyrium,

236 2820 515 2892 depositus
573 2828 688 2890 est,
723 2827 778 2875 et
829 2828 1052 2892 propter
1095 2819 1232 2874 alias
1279 2821 1478 2875 multas
1523 2837 1738 2888 causas,
1791 2830 1845 2876 et

237 2910 471 2966 maxime
493 2909 623 2982 quia
649 2909 707 2964 in
743 2909 1122 2981 persecutione
1159 2908 1266 2964 fide
1306 2918 1503 2981 negata
1562 2908 1842 2966 sacriﬁca-

237 3007 409 3056 verat.
442 2999 597 3070 Ergo
643 2998 928 3053 damnatus
983 2997 1168 3052 habuit
1209 2999 1408 3053 multos
1455 3015 1736 3070 sequaces,
1789 3007 1844 3054 et

237 3087 634 3144 haresiarches
679 3087 854 3142 factus
903 3095 986 3142 est
1015 3103 1206 3142 eorum
1231 3087 1322 3160 qui
1359 3089 1623 3168 hactenus
1669 3089 1738 3143 ab
1777 3103 1843 3143 eo

237 3177 289 3232 in
308 3178 545 3250 .Egypto
592 3175 865 3232 Meletiani
893 3183 1172 3243 vocantur,
1224 3177 1428 3234 nullam
1469 3177 1692 3246 justitia
1747 3193 1842 3232 sa-

240 3265 600 3322 tisfactionem
630 3265 836 3320 habens
865 3281 962 3320 cur
986 3265 1316 3320 remanserit
1357 3267 1427 3320 ab
1459 3266 1706 3321 Ecclesia
1749 3282 1842 3321 se-

240 3363 475 3427 paratus.
507 3355 739 3410 Dicebat
769 3353 991 3426 quidem
1032 3354 1350 3423 injustitiam
1393 3371 1452 3409 se
1500 3371 1740 3425 passum,
1789 3363 1844 3409 et

239 3443 639 3516 obloquebatur
683 3442 786 3497 sibi
843 3443 1248 3516 derogabatque
1303 3445 1480 3499 Petro.
1517 3443 1626 3499 Sed
1656 3445 1844 3498 Petrus

237 3533 290 3588 in
308 3532 693 3605 persecutione
726 3539 983 3604 percepta
1037 3533 1276 3605 martyrii
1321 3532 1499 3604 palma
1555 3532 1844 3589 defunctus

241 3630 358 3690 est;
391 3622 498 3677 iste
527 3636 662 3678 vero
677 3621 856 3676 retulit
901 3616 1263 3678 detractiones
1317 3621 1374 3676 in
1406 3621 1692 3689 Achillam,
1753 3621 1844 3694 qui

238 3719 360 3782 post
416 3711 640 3766 Petrum
689 3710 929 3782 suscepit
985 3710 1385 3782 episcopatum,
1446 3719 1499 3765 et
1555 3727 1742 3765 rursus
1789 3711 1845 3766 in

240 3800 632 3866 Alexandrum,
665 3799 758 3872 qui
787 3807 910 3870 post
939 3799 1207 3860 Achillam
1257 3800 1498 3856 noscitur
1541 3800 1840 3855 ordinatus.

241 3890 522 3946 lnterhac
551 3888 718 3961 igitur
737 3889 1051 3959 supervenit
1095 3889 1323 3960 quastio
1360 3889 1575 3956 Ariana,
1637 3897 1688 3945 et
1726 3891 1844 3944 Mc-

237 3978 396 4034 letius
425 3993 540 4033 una
569 3993 694 4034 cum
728 3977 840 4033 suis
861 3977 1189 4034 defendebat
1215 3978 1420 4045 Arium,
1442 3978 1845 4049 conspiratione

239 4067 380 4124 facta
408 4083 537 4123 cum
583 4081 650 4122 eo
710 4066 974 4122 adversus
1021 4067 1356 4138 episcopum.
1404 4068 1486 4123 De
1520 4083 1626 4139 quo
1677 4067 1845 4123 Mele-

240 4157 310 4212 tio
338 4164 394 4212 et
442 4157 565 4226 ejus
595 4155 951 4226 complicibus
1007 4155 1230 4226 prafata
1288 4171 1446 4212 sacra
1496 4156 1738 4227 synodus
1786 4157 1841 4212 in

241 4245 565 4317 praescripta
621 4244 851 4316 epistola
873 4287 888 4311 ,
936 4245 1086 4315 pacis
1143 4245 1578 4316 redintegranda
1616 4253 1669 4300 et
1725 4245 1845 4300 uni-

242 4334 368 4389 tatis
387 4333 582 4407 gratia,
613 4333 730 4388 hac
747 4333 990 4388 decrevit
1009 4334 1078 4388 ad
1099 4334 1303 4389 locum.
1345 4333 1564 4403 Placuit,
1597 4333 1847 4404 inquiens

241 4423 507 4496 (epistola
535 4438 694 4478 conc.
725 4423 939 4478 Νέβιεηῆ
968 4423 1042 4478 ad
1072 4422 1396 4495 Egyptios),
1419 4422 1694 4477 Meletium
1723 4423 1846 4494 qui-

1945 495 2049 550 bus
2078 496 2296 566 vestris,
2329 497 2385 552 in
2414 497 2565 556 nullo
2612 500 2909 555 schismate
2941 510 3207 572 repertos,
3268 505 3368 562 sed
3423 506 3544 561 sine

1944 585 2162 641 macula
2191 585 2248 640 in
2278 586 2549 643 catholica
2595 595 2650 643 et
2693 589 2996 660 apostolica
3024 592 3278 648 Ecclesia
3322 610 3546 666 perma-

1945 681 2160 741 nentes,
2196 673 2422 747 dignum
2447 683 2532 730 est
2585 685 2916 748 potestatem
2944 680 3153 736 habere
3193 689 3248 736 et
3303 683 3547 756 eligendi

1945 763 2260 834 quemlibet,
2295 770 2349 819 et
2377 765 2600 820 nomina
2629 782 2824 822 eorum
2878 768 3045 824 dandi
3075 769 3170 841 qui
3213 770 3362 827 clero
3420 782 3546 829 sunt

1943 859 2116 933 digni,
2148 869 2202 914 et
2229 859 2480 918 absolute
2508 861 2694 920 facere
2724 865 2909 922 omnia
2937 867 3238 924 secundum
3265 867 3445 941 legem
3493 878 3547 926 et

1943 948 2258 1004 sanctiones
2287 950 2568 1008 Ecclesia.
2618 953 2674 1008 Si
2721 970 2886 1026 quem
2934 971 3068 1012 vero
3114 953 3405 1030 contigerit
3450 974 3544 1013 re-

1942 1036 2195 1110 quiscere
2251 1037 2306 1092 in
2363 1039 2646 1110 Ecclesia,
2706 1049 2836 1099 tunc
2890 1045 3121 1115 provehi
3165 1045 3221 1101 in
3277 1045 3546 1102 honorem

1941 1125 2182 1182 defuncti
2212 1142 2309 1182 eos
2357 1129 2452 1200 qui
2494 1146 2671 1202 nuper
2717 1133 2984 1204 assumpti
3040 1141 3185 1202 sunt,
3238 1134 3546 1192 solummdo

1943 1213 1988 1268 si
2016 1215 2306 1271 videantur
2334 1216 2505 1289 digni,
2539 1227 2592 1274 et
2611 1219 2844 1292 populus
2860 1237 2956 1278 eos
2976 1223 3225 1296 elegerit,
3249 1224 3550 1282 condecer-

1941 1311 2104 1359 nente
2158 1303 2318 1359 simul
2373 1313 2428 1361 et
2473 1307 2834 1382 consignante
2888 1311 3142 1368 maxima
3198 1312 3545 1371 Alexandria

1941 1391 2176 1448 civitatis
2206 1393 2484 1466 episcopo.
2526 1397 2644 1453 Hoc
2670 1397 2855 1470 itaque
2885 1399 3005 1455 aliis
3047 1401 3268 1472 quidem
3309 1416 3544 1460 conces-

1941 1497 2061 1536 sum
2091 1490 2173 1536 est
2200 1482 2454 1537 omnibus
2487 1501 2502 1538 :
2533 1484 2590 1539 in
2629 1502 2870 1556 persona
2897 1504 3030 1544 vero
3088 1489 3292 1546 Meletii
3337 1506 3545 1564 nequa-

1940 1585 2106 1642 quam
2133 1571 2329 1626 eadem
2355 1571 2675 1642 placuerunt
2703 1585 2930 1647 propter
2959 1577 3201 1648 priorem
3231 1579 3543 1652 indiscipli-

1939 1659 2216 1715 nationem
2245 1659 2384 1728 ejus,
2415 1669 2470 1716 et
2504 1670 2730 1734 propter
2755 1665 3120 1736 procacitates
3149 1667 3268 1736 ejus
3288 1683 3354 1724 ac
3381 1677 3540 1741 petu-

1871 1747 2118 1827 Blantia
2172 1748 2527 1817 voluntatem,
2562 1768 2632 1807 ne
2689 1753 2800 1807 ulla
2837 1754 3059 1810 daretur
3111 1756 3411 1813 auctoritas
3455 1757 3545 1814 vel

1939 1844 2182 1910 potestas
2210 1837 2436 1904 homini,
2479 1839 2572 1911 qui
2599 1850 2786 1912 posset
2833 1859 3024 1899 rursus
3061 1845 3284 1900 easdem
3313 1845 3542 1902 indisci-

1939 1926 2268 1999 plinationes
2295 1926 2588 1984 instruere.
2616 1931 2687 1986 Et
2713 1932 3030 1987 Anastasius
3052 1933 3237 2003 junior
3265 1949 3430 2006 papa,
3471 1935 3544 1990 ad

1940 2014 2283 2076 Anastasium
2344 2020 2726 2090 imperatorem
2781 2021 3028 2076 scribens
3085 2021 3155 2078 de
3209 2023 3473 2078 ordinatis
3513 2039 3547 2080 a

1939 2107 2198 2165 damnato
2227 2111 2430 2168 Acacio
2460 2111 2724 2183 (epistola
2750 2111 2967 2182 unica),
2993 2111 3335 2183 recipiendos
3354 2111 3412 2166 in
3432 2113 3545 2168 suis

1939 2197 2224 2254 ordinibus
2267 2200 2415 2258 dicit.
2475 2199 2802 2270 Quanquam
2851 2199 3043 2255 eadem
3077 2199 3310 2271 epistola
3367 2202 3542 2258 sacris

1941 2288 2243 2343 canonibus
2271 2297 2323 2345 et
2353 2289 2588 2346 decretis
2617 2287 2934 2354 lnnocentii,
2967 2289 3185 2359 Zosimi,
3228 2298 3281 2344 et
3319 2291 3538 2357 Leonis,

1941 2383 2104 2448 atque
2136 2377 2358 2446 Gelasii,
2391 2394 2426 2433 a
2455 2376 2780 2450 quibusdam
2809 2393 2918 2432 non
2955 2378 3248 2434 convenire
3294 2379 3542 2442 dicatur;

1943 2465 2070 2536 quia
2096 2473 2154 2520 ut
2183 2466 2441 2538 ambigua
2474 2465 2737 2520 sententia
2785 2466 2843 2520 in
2889 2466 3084 2522 eadem
3114 2467 3346 2538 epistola
3397 2467 3542 2523 idem

1943 2554 2262 2609 Anastasius
2293 2555 2502 2620 scribit,
2532 2563 2584 2608 et
2615 2553 2899 2625 baptizavit
2930 2555 3214 2624 catholice,
3271 2570 3380 2610 non
3439 2571 3540 2611 ca-

1941 2641 2136 2698 nonice
2170 2661 2182 2696 :
2215 2659 2317 2698 nec
2347 2643 2648 2698 secundum
2679 2657 2865 2698 sacras
2885 2641 3128 2714 regulas,
3149 2659 3324 2716 neque
3348 2659 3543 2699 secun-

1942 2731 2074 2786 dum
2101 2731 2366 2788 Ecclesia
2396 2730 2675 2788 catholica
2719 2731 3169 2787 consuetudinem
3228 2733 3544 2790 sacerdotes

1941 2819 2031 2874 vel
2058 2819 2252 2876 levitas
2272 2821 2562 2876 damnatus
2591 2819 2861 2876 ordinavit
2889 2820 3138 2891 Aeacius,
3175 2821 3298 2894 quia
3315 2830 3548 2894 possunt

1939 2909 2108 2964 etiam
2145 2909 2416 2964 interdum
2482 2909 2609 2965 laici
2665 2909 2915 2964 catholici
2973 2909 3250 2980 baptizati,
3308 2918 3368 2966 ut
3420 2911 3550 2967 dicit

1944 2997 2212 3068 Gelasius,
2265 2998 2526 3054 catholice
2582 2999 2880 3069 baptizare,
2940 3006 2992 3054 et
3047 2999 3211 3054 etiam
3261 2999 3544 3056 criminosi

1943 3085 2121 3142 adhuc
2152 3087 2405 3142 sedentes
2433 3103 2599 3158 super
2645 3087 2990 3154 cathedram,
3042 3087 3181 3143 sicut
3236 3087 3438 3144 Scriba
3495 3096 3550 3144 et

1942 3176 2221 3241 Pharisai,
2256 3183 2309 3231 et
2363 3175 2500 3230 sicut
2553 3175 2742 3242 Judas,
2791 3191 2892 3246 pro
2938 3175 3223 3232 ministerii
3280 3177 3543 3250 dignitate

1941 3265 2082 3319 inter
2133 3265 2411 3336 apostolos
2468 3264 2571 3320 sibi
2609 3263 2919 3331 commissa,
2955 3273 3008 3320 et
3036 3265 3276 3320 nondum
3327 3266 3535 3335 judicio

1942 3360 2134 3424 aperto
2164 3353 2386 3418 amissa,
2409 3369 2512 3424 pro
2539 3370 2638 3410 suo
2668 3352 2846 3409 officio
2875 3369 2998 3426 qua
3025 3354 3081 3409 in
3103 3355 3298 3410 eodem
3347 3354 3540 3410 minis-

1942 3443 2081 3498 terio
2115 3443 2397 3514 operanda
2454 3449 2580 3498 sunt
2632 3443 2876 3514 operari.
2940 3442 3076 3498 Sunt
3133 3451 3186 3499 et
3242 3443 3368 3513 alia,
3417 3461 3539 3516 qua

1941 3531 2032 3588 hic
2060 3532 2187 3602 poni
2212 3539 2482 3602 poterant,
2512 3531 2616 3586 nisi
2647 3531 2859 3587 obviari
2887 3531 2968 3586 eis
2997 3531 3066 3586 ab
3097 3531 3218 3587 aliis
3271 3533 3540 3588 constitu-

1942 3621 2010 3674 tis
2041 3629 2461 3692 sanctorumque
2489 3621 2724 3676 decretis
2754 3619 3040 3676 manifeste
3069 3629 3498 3694 cognosceretur
3522 3643 3538 3692 ;

1945 3709 2220 3782 quoniam,
2244 3717 2300 3763 ut
2321 3709 2654 3766 Danieldicit
2682 3726 2694 3764 :
2729 3712 3169 3766 Pertransibunt
3196 3712 3455 3783 plurimi,
3491 3716 3549 3768 et

1943 3799 2258 3870 multiplex
2277 3801 2392 3854 erit
2410 3800 2652 3855 scientia
2679 3799 2843 3870 (Dan.
2876 3814 2978 3865 x11,
3011 3800 3086 3871 4),
3137 3799 3294 3854 aliter
3335 3801 3404 3855 de
3436 3802 3544 3856 hu-

1939 3887 2180 3957 jusmodi
2208 3887 2428 3943 decreta
2456 3887 2624 3943 fuisse
2665 3888 3030 3943 inveniuntur.
3074 3888 3143 3942 Et
3186 3887 3394 3945 idcirco
3444 3889 3550 3945 ista

1943 3977 2194 4048 posuisse
2223 3976 2467 4042 sufﬁciat,
2501 3993 2623 4050 qua
2650 3977 3005 4050 indulgentia
3035 3977 3216 4048 potius
3243 3977 3548 4035 misericor-

1945 4065 2090 4120 diam
2121 4065 2294 4138 sequi,
2331 4081 2494 4138 quam
2524 4081 2814 4121 censuram
2855 4066 3076 4135 justitia
3132 4067 3402 4124 intentare
3458 4068 3544 4125 vi-

1947 4155 2142 4210 dentur
2154 4196 2167 4208 .

2019 4242 2114 4296 His
2145 4258 2276 4314 ergo
2305 4243 2380 4298 ita
2409 4258 2468 4297 se
2498 4243 2842 4312 habentibus,
2876 4251 3136 4314 quantum
3197 4261 3263 4298 ex
3309 4261 3397 4298 me
3445 4254 3547 4313 est,

1948 4331 2095 4387 sedis
2125 4331 2442 4402 apostolica
2471 4331 2809 4404 benignitati,
2842 4339 2897 4386 et
2944 4339 3138 4388 vestra
3193 4332 3550 4388 fraternitatis

1949 4421 2087 4476 bene
2116 4421 2330 4492 placita
2351 4421 2718 4492 consensioni,
2752 4421 3014 4478 sollicitus
3041 4438 3261 4479 servare
3289 4423 3550 4478 unitatem

243 4512 366 4567 dem
391 4511 649 4567 clementi
680 4510 928 4578 consilio,
961 4512 1090 4565 dum
1133 4511 1315 4566 subtili
1345 4527 1584 4583 veraque
1631 4511 1841 4568 ratione
1872 4495 1924 4554 D
1945 4509 2164 4582 spiritus
2194 4510 2246 4565 in
2278 4510 2496 4568 vinculo
2523 4511 2695 4582 pacis,
2718 4511 2773 4566 in
2789 4511 3020 4568 fratrum
3050 4512 3276 4567 istorum
3307 4511 3548 4584 regulari

241 4601 446 4656 nullam
466 4600 688 4656 veniam
715 4607 1039 4666 mereretur,
1071 4617 1289 4657 manere
1305 4601 1524 4673 quidem
1554 4601 1609 4655 in
1628 4601 1846 4672 propria

240 4689 472 4758 civitate,
509 4688 717 4744 nullam
745 4704 878 4744 vero
907 4689 1236 4746 omnimodis
1287 4690 1492 4744 habere
1521 4698 1844 4760 potestatem

243 4795 417 4851 neque
445 4778 707 4850 eligendi,
739 4794 917 4850 neque
965 4778 1272 4844 ordinandi,
1306 4795 1406 4834 nec
1436 4779 1492 4832 in
1539 4778 1840 4850 provincia,

241 4883 342 4924 nec
377 4868 432 4922 in
464 4867 706 4939 qualibet
733 4867 971 4933 civitate,
1002 4883 1308 4939 purumque
1347 4884 1546 4922 nomen
1603 4876 1842 4923 tantum-

241 4957 403 5012 modo
429 4955 740 5028 possidere.
766 4957 876 5011 Eos
895 4963 1076 5010 autem
1106 4956 1195 5028 qui
1225 4956 1292 5010 ab
1322 4972 1387 5011 eo
1418 4965 1539 5012 sunt
1563 4957 1842 5023 constitut,

242 5046 471 5116 mystica
517 5044 864 5100 ordinatione
921 5043 1161 5098 firmatos
1220 5045 1422 5100 habere
1477 5047 1744 5100 honorem
1793 5055 1845 5100 et

241 5133 627 5199 ministerium,
687 5142 744 5187 ut
773 5141 956 5188 tamen
1000 5141 1290 5204 sequentes
1324 5134 1432 5188 sint
1461 5134 1636 5188 modis
1665 5134 1846 5190 omni-

245 5222 344 5276 bus
371 5223 749 5277 universorum
782 5222 839 5276 in
868 5221 1098 5293 singulis
1127 5222 1404 5293 parochiis
1427 5230 1480 5278 et
1523 5223 1772 5279 ecclesiis
1813 5240 1846 5278 a

243 5311 569 5366 charissimo
596 5319 650 5366 et
671 5311 1043 5367 comministro
1071 5319 1262 5367 nostro
1293 5311 1598 5368 Alexandro
1641 5328 1845 5368 conse-

243 5409 532 5469 cratorum,
619 5407 674 5454 ut
703 5400 760 5454 in
816 5400 901 5454 his
929 5401 1078 5455 nulla
1104 5408 1350 5472 potestas
1392 5400 1460 5454 sit
1479 5401 1706 5472 placitos
1745 5403 1848 5457 sibi

245 5489 450 5560 eligere
477 5532 496 5554 ,
555 5496 650 5544 aut
691 5488 909 5544 nomina
953 5505 1144 5545 eorum
1181 5487 1440 5561 praferre
1497 5498 1586 5544 aut
1628 5489 1849 5546 omnino

247 5577 448 5650 aliquid
507 5594 638 5650 gere
658 5585 858 5649 prater
907 5579 1238 5634 voluntatem
1276 5577 1540 5634 Ecclesia
1569 5579 1850 5635 catholica

1943 4607 2085 4654 statu
2114 4615 2222 4655 non
2252 4595 2432 4656 obvio.
2467 4599 2733 4669 Quorum,
2771 4601 2909 4658 sicut
2939 4602 2990 4654 in
3024 4601 3353 4670 pracedenti
3383 4603 3548 4658 sche-

1943 4689 2072 4744 dula
2100 4689 2256 4745 vobis
2306 4698 2562 4760 porrecta
2599 4690 2857 4761 pramisi,
2915 4689 3191 4744 salubrem
3221 4704 3288 4745 ac
3319 4692 3547 4764 regula-

1943 4795 2063 4834 rem
2093 4786 2288 4833 statum
2312 4785 2364 4832 et
2395 4778 2574 4850 cupivi
2604 4787 2658 4834 et
2687 4778 2865 4848 cupio,
2890 4786 2942 4831 et
2963 4778 3188 4848 quasivi
3228 4786 3282 4834 et
3337 4795 3543 4852 quare,

1945 4875 1998 4922 et
2026 4867 2096 4922 de
2124 4883 2356 4939 quorum
2386 4866 2689 4936 dejectione
2745 4865 2894 4920 dolui
2923 4865 3056 4920 satis
3101 4874 3155 4922 et
3184 4867 3367 4939 doleo,
3417 4870 3548 4942 quia

1945 4971 2108 5012 nemo
2135 4955 2310 5025 majus
2339 4956 2681 5028 dispendium
2703 4954 2867 5008 habet
2893 4953 2963 5010 de
2991 4955 3206 5012 illorum
3243 4957 3548 5027 dejectione

1946 5061 2108 5116 quam
2139 5061 2264 5118 ego.
2299 5047 2367 5100 Et
2417 5047 2532 5100 hac
2563 5042 2781 5114 quidem
2814 5043 3009 5115 scripsi
3037 5061 3143 5116 pro
3173 5047 3548 5102 mediocritate

1946 5133 2210 5205 ingenioli
2242 5133 2366 5202 mei,
2409 5131 2753 5188 devotionem
2783 5134 2980 5187 mentis
3009 5149 3146 5189 mea
3176 5135 3322 5191 circa
3351 5134 3548 5192 fratres

1947 5223 2261 5288 ostendens,
2293 5221 2503 5291 priscis,
2538 5227 2596 5273 ut
2615 5220 2747 5276 dicit
2777 5221 3050 5289 Gelasius,
3082 5239 3185 5294 pro
3216 5225 3300 5278 sui
3331 5239 3548 5280 revere-

1947 5306 2023 5361 tia
2055 5306 2402 5362 manentibus
2453 5304 2776 5376 constitutis,
2805 5315 2857 5362 et
2885 5315 3170 5362 reservato
3218 5323 3317 5379 per
3364 5309 3545 5364 omnia

1949 5395 2229 5450 sententia
2255 5409 2317 5447 ac
2341 5392 2477 5461 juris
2504 5393 2792 5466 privilegio
2819 5396 3135 5466 apostolica
3157 5396 3322 5462 sedis,
3355 5404 3410 5451 et
3436 5413 3548 5453 non

1946 5481 2310 5554 prajudicans
2339 5489 2538 5538 vestra
2579 5483 2665 5539 vel
2712 5485 3083 5556 cujuscunque
3127 5485 3537 5550 rationabiliori,

1949 5587 2044 5624 seu
2076 5569 2199 5640 plus
2228 5572 2494 5637 tenenda,
2528 5589 2592 5628 ac
2620 5573 2840 5640 majoris
2869 5574 3204 5630 auctoritatis
3235 5572 3540 5641 sententia,
