4026 6294
457 261 524 314 59

1415 253 1755 310 HINCMARI
1784 250 2188 310 RHEMENSIS
2214 251 2772 309 ARCHIEPISCOPI.

451 399 616 457 quam
647 383 693 437 si
719 381 851 436 mihi
879 388 1102 438 ostensa
1129 379 1292 436 fuerit
1317 387 1543 450 paratus
1588 395 1711 436 sum
1755 378 1874 434 sine
1921 395 2052 435 con-
2070 378 2128 440 Α
2155 378 2440 435 manifeste
2467 379 2824 445 demonstrat,
2857 378 3260 452 Lingonensem
3287 376 3594 434 Ecclesium
3653 382 3766 450 pa-

447 472 765 530 tradictione
797 471 982 543 aliqua
1011 470 1186 542 sequi.
1231 469 1326 524 Illa
1358 477 1540 524 tamen
1579 469 1760 524 modis
1797 469 2051 524 omnibus

447 563 504 619 in
539 563 769 617 istorum
799 569 963 629 statu,
995 561 1041 614 si
1073 568 1254 614 tamen
1283 575 1314 614 a
1341 559 1498 615 vobis
1543 559 1874 614 unanimiter
1924 559 2057 613 inde

449 665 798 716 consensum,
831 657 885 704 et
914 665 947 704 a
979 650 1181 704 domno
1226 665 1364 720 papa
1423 648 1584 703 fuerit
1637 647 2014 704 conﬁrmatum
2036 690 2049 712 ,

453 740 767 798 conditione
797 747 1034 806 servata,
1072 755 1235 810 quam
1273 746 1326 794 et
1381 737 1680 808 apostolica
1735 738 1896 792 sedes
1951 752 2052 808 pro

449 829 822 886 ecclesiastico
853 828 1043 900 vigore
1073 828 1141 882 ab
1169 827 1424 883 omnibus
1455 827 1690 898 petimus
1720 825 1881 882 faciat
1914 841 2055 892 con-,

450 918 681 987 servari,
713 925 767 972 et
795 933 825 972 a
853 925 1034 973 vestra
1092 915 1422 972 fraternitate
1478 931 1708 972 necesse
1755 923 1838 970 est
1865 914 2052 986 provi-

449 1007 588 1072 deri,
619 1023 688 1062 ne
719 1007 840 1076 hac,
877 1005 1022 1077 quod
1053 1005 1210 1070 absit,
1243 1004 1528 1062 occasione
1583 1005 1960 1061 auctoritatem
1999 1003 2056 1058 in

452 1096 624 1151 sacris
653 1095 932 1150 ordinibus
963 1095 1304 1149 ministrandi
1346 1103 1627 1166 usurpent,
1663 1093 1756 1166 qui
1784 1101 1876 1149 aut
1903 1093 2058 1164 peni-

457 1193 546 1238 tus
574 1201 684 1240 non
712 1185 1044 1254 acceperint,
1077 1191 1171 1238 aut
1201 1191 1394 1240 contra
1450 1184 1670 1254 regulas
1724 1183 2051 1252 acceperint,

453 1273 540 1329 vel
569 1274 764 1345 quibus
794 1273 1119 1344 regulariter
1139 1273 1499 1326 ministerium
1512 1271 2051 1328 fueritinterdictum.

463 1360 732 1430 Quoniam
761 1361 807 1416 si
836 1362 941 1417 hoc
973 1361 1193 1432 impune
1225 1359 1384 1416 fuerit
1431 1360 1656 1426 licitum,
1697 1361 1874 1416 omnis
1919 1360 2056 1416 ordo

460 1458 514 1506 et
541 1449 700 1523 vigor
731 1450 1136 1505 ecclesiasticus
1156 1465 1264 1504 non
1295 1457 1496 1503 tantum
1525 1449 1756 1515 natabit,
1798 1457 2056 1521 quantum

457 1539 674 1609 penitus
703 1537 1085 1594 confundetur.
1122 1539 1259 1594 Sunt
1287 1553 1410 1593 cum
1437 1538 1555 1592 istis
1585 1546 1638 1593 et
1667 1538 1794 1602 alia,
1829 1538 1898 1593 de
1933 1537 2056 1609 qui-

454 1627 558 1681 bus
587 1626 816 1698 provide
835 1627 1022 1682 domni
1053 1627 1334 1698 apostolici
1377 1643 1588 1681 summa
1642 1627 1956 1694 auctoritas,
2005 1634 2058 1681 et

2153 476 2303 523 stores
2328 468 2684 535 viduatam,ut
2710 461 2785 522 ibi
2815 467 3153 522 ordinaretur
3179 467 3490 539 episcopus,
3525 467 3630 523 sub
3655 485 3766 526 no-

2151 557 2298 612 mine
2347 559 2516 613 vocati
2573 558 2816 628 episcopi
2877 572 3146 628 usurpare
3196 557 3557 628 praesumpsit,
3619 559 3770 627 ejus-

2154 662 2260 718 que
2288 645 2584 712 facultates,
2619 663 2742 718 quae
2785 647 3086 703 secundum
3115 647 3562 702 Chalcedonense
3619 663 3764 703 con-

2153 735 2337 790 cilium
2367 735 2516 807 (can.
2541 737 2633 804 25)
2661 752 2834 806 penes
2863 751 3205 791 oeconomum
3242 735 3420 790 futuro
3449 736 3768 792 dubuerant

2155 825 2427 879 reservari
2457 824 2735 895 episcopo,
2771 825 2884 880 suis
2912 841 3243 896 suorumque
3282 825 3472 880 usibus
3519 841 3755 898 arroga-

2155 912 2231 967 vit
2254 931 2268 979 ;
2290 913 2620 968 decernente
2650 913 2769 984 ipso
2798 914 3031 970 concilio
3056 923 3114 969 ut
3143 929 3239 968 eos
3269 915 3362 985 qui
3389 914 3504 968 ausi
3555 913 3762 969 fuerint

2155 1009 2279 1071 post
2296 999 2670 1058 difﬁnitionem
2697 1019 2916 1073 magna;
2935 1011 2988 1057 et
3019 1002 3339 1058 universalis
3369 1003 3526 1072 hujus
3558 1003 3755 1074 synodi

2156 1091 2450 1162 quidquam
2481 1107 2546 1146 ex
2593 1092 2678 1146 his
2725 1109 2848 1164 quae
2901 1099 3027 1146 sunt
3081 1092 3349 1163 prohibita
3403 1100 3748 1163 perpetrare,

2155 1180 2397 1236 decrevit
2427 1188 2614 1237 sancta
2642 1181 2881 1252 synodus
2916 1181 3068 1253 (can.
3117 1186 3206 1251 12)
3255 1197 3287 1236 a
3319 1181 3536 1252 proprio
3565 1183 3755 1251 hujus-

2156 1269 2306 1324 modi
2337 1269 2508 1342 gradu
2546 1271 2841 1326 recedere:
2883 1279 2936 1324 et
2981 1271 3320 1326 Antiocheno
3373 1270 3626 1336 concilio,
3690 1271 3764 1327 de

2158 1357 2426 1412 damnatis
2447 1359 2652 1430 aliquid
2705 1359 3160 1430 praesumentibus
3207 1359 3277 1414 de
3333 1359 3657 1427 ministerio,
3700 1367 3763 1414 ut

2157 1446 2304 1501 nullo
2335 1449 2499 1503 modo
2527 1448 2687 1506 liceat
2714 1448 2793 1503 eis
2821 1464 2924 1503 nec
2951 1448 3006 1502 in
3037 1448 3146 1502 alia
3176 1448 3384 1518 synodo
3405 1465 3559 1518 spem
3589 1449 3760 1504 resti-

2158 1535 2380 1590 tutionis
2410 1537 2640 1592 habere.
2678 1538 2746 1591 Et
2775 1537 2846 1591 ab
2875 1537 2976 1592 hac
3018 1536 3445 1606 praesumptione
3503 1537 3758 1608 synodali

2161 1625 2502 1691 auctoritate,
2535 1627 2690 1695 cujus
2720 1626 2984 1680 habemus
3013 1625 3473 1691 constitutionem,
3524 1641 3764 1692 revoca.-

462 1715 563 1770 sub
593 1717 711 1784 ejus
739 1715 1054 1787 magisterio
1076 1716 1202 1770 hinc
1255 1723 1436 1770 vestra
1467 1715 1641 1771 solers
1691 1715 2060 1772 considerabit
2088 1740 2140 1799 B
2163 1721 2267 1778 tus,
2295 1715 2521 1782 jubente
2550 1715 2802 1784 Domino,
2834 1715 2880 1768 si
2907 1715 3218 1785 peccaverit
3264 1713 3437 1770 frater
3490 1723 3630 1781 tuus,
3667 1715 3762 1771 in-

456 1804 749 1876 sagacitas,
782 1821 904 1875 quae
938 1804 992 1858 in
1026 1804 1132 1859 alio
1158 1803 1454 1874 diplomate
1471 1820 1595 1859 mea
1624 1805 1780 1860 vobis
1809 1805 2060 1860 ostendet

455 1893 752 1960 humilitas,
785 1909 856 1947 ne
891 1893 993 1948 sub
1023 1893 1181 1962 hujus
1224 1894 1304 1948 rei
1357 1894 1647 1950 occasione
1700 1894 1756 1948 in
1808 1895 2061 1950 Ecclesia

455 1983 668 2053 possint
715 1983 945 2054 emergi.
996 1983 1190 2036 Vestra
1246 1991 1426 2038 autem
1479 1983 1771 2054 prudentia
1827 1990 1882 2038 et
1941 1984 2060 2040 haec

453 2070 675 2136 clarius,
696 2079 749 2126 et
777 2071 899 2136 alia,
935 2088 1056 2142 qua:
1086 2087 1280 2126 sensus
1309 2072 1415 2127 mei
1445 2072 1684 2143 paucitas
1731 2088 1838 2127 non
1881 2081 2058 2143 potest

455 2159 744 2233 attingere,
777 2159 1251 2230 contemplabitur,
1276 2169 1328 2214 et
1349 2161 1535 2216 domui
1554 2161 1834 2231 apostolici
1862 2177 2058 2232 super-

455 2248 704 2303 eminens
735 2248 1004 2320 sapientia
1050 2249 1220 2304 multo
1259 2249 1546 2305 sollicitius
1577 2258 1630 2306 et
1679 2249 1882 2305 videbit
1937 2265 2056 2322 quae

451 2336 788 2408 providenda
819 2345 964 2405 sunt,
1006 2345 1056 2393 et
1084 2338 1450 2410 praesentibus
1476 2338 1747 2394 medelam
1777 2347 1830 2394 et
1861 2338 2058 2394 futuris

455 2425 697 2497 imponet
725 2427 1055 2482 custodiam.

1023 2533 1364 2589 EPISTOLA
1394 2535 1482 2589 Vl.

697 2636 769 2676 AD
801 2637 1100 2678 EPISCOPOS
1130 2638 1334 2678 SYNODI
1363 2639 1812 2680 SUESSIONENSIS.

448 2729 526 2784 De
556 2729 808 2803 Vulfado,
839 2729 982 2802 quod
1029 2731 1440 2801 Lingonensem
1491 2732 1798 2786 Ecclesiam
1826 2734 2052 2803 pastore

522 2801 815 2855 viduatam
845 2801 1120 2871 usurpare
1136 2803 1576 2872 praesumpserit,
1610 2819 1677 2856 ac
1694 2817 1794 2872 per
1812 2801 2052 2872 satisfa-

521 2871 729 2945 c_tionis
765 2872 1021 2945 libellam
1050 2944 1055 2945 γ
1088 2871 1392 2945 nunquam
1410 2888 1468 2945 se
1521 2871 1767 2927 ulterius
1813 2875 1884 2928 ad
1925 2871 2054 2945 gra-

523 2943 699 2998 duum
742 2943 1256 3016 ecclesiasticarum
1284 2943 1846 3000 administrationem
1895 2943 2050 3016 aspi-

526 3017 796 3070 raturum
823 3016 1114 3085 professus
1143 3015 1242 3068 sit.

993 3119 1176 3192 (Apud
1207 3120 1510 3192 eumdem.)

514 3229 844 3282 HINCMARUS
873 3228 1208 3282 Rhemorum
1229 3228 1536 3299 episcopus,
1562 3229 1828 3297 Remulo,
1853 3230 2054 3285 WENI-

442 3333 595 3387 Lom,
640 3323 692 3370 et
722 3315 937 3371 caeteris
967 3316 1394 3387 archiepiscopis
1427 3326 1479 3372 et
1523 3319 1816 3388 episcopis,
1868 3318 2054 3374 domni

364 3427 390 3431 -
439 3422 595 3476 papae
615 3403 827 3460 Nicolai
857 3403 1169 3459 auctoritate
1198 3405 1268 3459 ad
1297 3406 1588 3476 synodum,
1621 3422 1729 3477 quo
1752 3415 1806 3460 et
1837 3407 2052 3479 exigui-

443 3501 610 3550 tatem
629 3509 811 3548 meam
829 3508 954 3549 cum
975 3493 1318 3564 coepiscopis
1343 3494 1547 3548 nostris
1568 3495 1755 3550 venire
1773 3496 2052 3567 praecepit,

440 3583 497 3638 in
525 3585 668 3639 hanc
696 3582 1024 3638 Suessorum
1052 3583 1330 3638 civitatem
1377 3599 1478 3654 pro
1529 3599 1694 3639 causa
1740 3583 1952 3640 Vulfadi
2001 3595 2054 3640 et

440 3673 773 3742 collegarum
803 3672 920 3740 ejus
950 3673 1284 3728 convocatis.

511 3760 670 3830 Quod
700 3761 898 3814 invitus
949 3761 1093 3824 dico,
1128 3769 1181 3815 et
1210 3761 1550 3832 supprimere
1607 3761 1662 3816 in
1716 3768 1888 3816 totum
1945 3779 2054 3819 non

435 3851 629 3915 audeo,
663 3866 732 3904 ne
759 3849 898 3904 forte
925 3850 1058 3904 mihi
1084 3850 1151 3904 ab
1182 3851 1268 3904 his
1299 3850 1390 3922 qui
1421 3852 1526 3905 hoc
1583 3851 1760 3906 sciunt
1809 3851 2050 3922 impute-

438 3947 526 3994 tur
555 3939 702 4010 quod
729 3938 1022 3994 calliditate
1067 3939 1250 4010 aliqua
1305 3940 1692 3995 occultaverim
1741 3940 2047 4008 veritatem,

440 4036 492 4083 et
522 4028 569 4082 si
597 4029 715 4083 haec
741 4043 924 4092 causa,
957 4027 1114 4096 juxta
1146 4036 1392 4082 veterum
1424 4028 1862 4084 constitutionem
1897 4030 2048 4098 judi—

438 4113 522 4172 cio
555 4115 800 4187 synodali
828 4116 1067 4183 decreta,
1121 4116 1237 4170 sine
1267 4116 1582 4172 difiinitione
1613 4117 1888 4188 synodalis
1918 4135 2050 4173 sen-

439 4205 621 4261 tentiae
648 4205 812 4260 modo
843 4205 1087 4276 quolibet
1117 4204 1279 4259 fuerit
1310 4204 1603 4278 refragata,
1655 4206 1855 4262 dilecto
1901 4207 2049 4264 fratri

438 4303 624 4350 nostro
649 4294 880 4350 Vulfado
902 4295 972 4350 ad
997 4311 1195 4350 noxam
1219 4295 1590 4366 cujuscunque
1611 4295 1852 4352 redivivo
1869 4296 2048 4352 furore

435 4385 614 4441 valeat
637 4384 903 4454 deputari.
941 4385 1122 4438 Isdem
1149 4399 1386 4455 namque
1402 4384 1631 4438 dilectus
1651 4385 1820 4439 frater
1839 4395 2043 4452 noster,

2073 3100 2124 3163 Ο

2165 1819 2325 1872 crepa
2353 1803 2524 1872 illum,
2557 1812 2610 1859 et
2646 1805 2691 1859 si
2721 1802 3096 1876 pmnitentiam
3145 1803 3339 1876 egerit,
3399 1803 3605 1858 dimitte
3656 1803 3762 1870 illi,

2163 1908 2263 1962 per
2293 1891 2677 1948 satisfactionis
2724 1893 2966 1948 libellum
3017 1893 3236 1964 propria
3283 1907 3444 1948 manu
3485 1891 3766 1948 ﬁrmatum

2163 1980 2409 2051 recipere
2439 1981 2906 2049 communionem,
2939 1997 3042 2053 qua
3089 1981 3412 2054 regulariter
3461 1983 3766 2038 secundum

2159 2069 2410 2124 Nicaenos
2435 2078 2490 2124 et
2517 2071 2990 2127 Chalcedonenses
3019 2085 3260 2128 canones
3291 2085 3354 2126 ac
3385 2070 3606 2126 decreta
3649 2071 3767 2126 Ge-

2159 2157 2280 2212 lasii
2309 2157 2486 2214 fuerat
2512 2159 2769 2231 privatus,
2803 2160 3120 2230 promeruit,
3167 2159 3304 2215 sicut
3345 2159 3492 2216 idem
3538 2159 3657 2230 ipse
3702 2161 3774 2214 li-

2160 2247 2355 2315 bellus,
2388 2247 2479 2319 qui
2499 2265 2614 2318 prae
2641 2249 2892 2302 manibus
2937 2249 3173 2305 habetur
3229 2249 3486 2304 ostendit.
3547 2249 3607 2302 In
3650 2265 3768 2320 quo

2159 2336 2260 2390 sub
2282 2336 2634 2404 jurejurando
2665 2353 2764 2408 per
2796 2346 3036 2392 sanctam
3065 2337 3380 2394 Trinitatem
3430 2337 3588 2392 unius
3636 2338 3769 2392 dei-

2157 2424 2278 2479 tatis
2306 2425 2586 2496 professus
2619 2434 2700 2481 est
2729 2442 2788 2481 se
2820 2443 3098 2499 nunquam
3128 2435 3178 2481 et
3218 2442 3488 2498 nusquam
3535 2427 3605 2482 ad
3652 2427 3770 2482 sibi

2155 2512 2499 2568 interdictam
2524 2515 3024 2586 praesumptionem.
3058 2523 3110 2570 et
3139 2515 3207 2570 ad
3272 2516 3542 2588 graduum
3573 2515 3764 2572 eccle-

2157 2601 2505 2658 siasticorum
2533 2603 3056 2659 administrationem
3097 2604 3328 2660 ulterius
3376 2605 3764 2676 aspiraturum,

2153 2707 2330 2763 neque
2363 2692 2526 2746 aliam
2558 2693 2868 2762 hujusmodi
2899 2693 3282 2760 temeritatem,
3313 2710 3421 2766 qua
3435 2709 3540 2764 pax
3567 2694 3762 2751 Eccle-

2153 2779 2248 2835 siae
2277 2781 2454 2836 valeat
2509 2782 2838 2852 perturbari,
2881 2790 2934 2838 et
2985 2781 3140 2854 quies
3196 2782 3549 2838 sacerdotalis
3583 2781 3766 2852 possit

2150 2868 2460 2939 inquietari,
2496 2869 2730 2925 scienter
2758 2871 2844 2925 vel
2873 2871 3106 2925 libenter
3137 2871 3358 2926 ulterius
3413 2870 3752 2926 moliturum.

2151 2955 2328 3024 Quem
2357 2957 2596 3012 libellum
2629 2973 2812 3014 coram
2833 2959 3106 3030 episcopis
3129 2959 3361 3014 Pardulo
3387 2959 3758 3028 Laudunensi,

2153 3045 2454 3102 Guntherto
2482 3047 2824 3114 Ebroicensi,
2856 3049 3026 3103 .‘Enea
3056 3048 3268 3114 Parisii,
3305 3064 3592 3120 coramque
3622 3065 3764 3120 rege

2154 3143 2207 3188 et
2238 3135 2648 3208 quamplurimis
2678 3137 2816 3206 aliis,
2851 3138 3008 3192 nobis
3031 3137 3302 3206 judicibus
3334 3137 3447 3192 suis
3485 3153 3519 3192 a
3547 3137 3764 3208 synodo

2157 3225 2462 3278 constitutis
2500 3225 2773 3296 porrexit;
2807 3227 3139 3282 decernente
3168 3227 3328 3281 beato
3373 3225 3664 3299 Gregorio,
3697 3235 3761 3281 ut

2156 3321 2495 3369 revertentes
2522 3330 2552 3367 a
2581 3315 2875 3370 schismate
2897 3315 3250 3386 jurejurando
3298 3313 3654 3386 profiteantur
3703 3324 3762 3370 et

2157 3403 2516 3468 subscribant,
2553 3419 2612 3458 se
2642 3421 2922 3476 nunquam
2952 3405 3023 3460 ad
3052 3404 3288 3459 schisma
3316 3419 3423 3476 quo
3470 3404 3757 3458 redierant

2155 3506 2492 3548 reversuros.
2523 3493 2591 3546 Et
2621 3494 2920 3548 secundum
2967 3492 3311 3547 traditionem
3347 3492 3544 3547 Leonis
3601 3508 3758 3564 papae

2156 3572 2442 3635 scribentis
2470 3581 2536 3635 ad
2567 3582 2879 3636 Januarium
2902 3581 3219 3652 episcopum
3247 3581 3432 3652 (epist.
3466 3581 3522 3652 3)
3554 3598 3567 3634 :
3607 3602 3629 3631 α
3655 3581 3758 3636 Sa-

2154 3668 2505 3724 luberrimum
2535 3677 2636 3734 est,
2668 3670 2860 3742 inquit,
2897 3678 2948 3724 et
2997 3669 3254 3739 spiritalis
3293 3670 3578 3726 medicinae
3606 3670 3754 3724 utili-

2151 3765 2258 3813 tate
2289 3759 2686 3830 plenissimum,
2721 3767 2778 3813 ut
2817 3759 2933 3813 sive
2963 3759 3291 3830 presbyteri,
3352 3759 3464 3814 sive
3509 3759 3748 3826 diaconi,

2152 3847 2238 3902 vel
2259 3847 2539 3916 cujuslibet
2571 3847 2777 3902 ordinis
2809 3846 3011 3912 clerici,
3042 3847 3134 3918 qui
3165 3863 3223 3903 se
3253 3856 3527 3904 correctos
3581 3849 3756 3903 videri

2151 3937 2355 4006 volunt,
2387 3937 2537 4006 prius
2567 3951 2813 3990 errorem
2845 3951 3002 3990 suum
3033 3936 3277 3991 damnari
3297 3952 3332 3992 a
3375 3953 3435 3991 se
3473 3936 3588 3991 sine
3627 3952 3752 3991 am-

2150 4025 2410 4097 biguitate
2467 4023 2735 4078 fateantur
2785 4032 2885 4079 :ut
2912 4023 3164 4078 sensibus
3222 4025 3410 4096 pravis
3454 4033 3506 4078 et
3543 4025 3748 4080 dudum

2149 4113 2448 4184 peremptis
2479 4112 2626 4166 nulla
2657 4113 2933 4183 aspir-andi
2963 4114 3199 4184 supersit
3245 4114 3483 4182 occasio,
3529 4130 3632 4170 nec
3660 4115 3750 4168 ul-

2149 4203 2264 4258 lum
2311 4201 2616 4256 membrum
2675 4203 2939 4258 Ecclesiae
3002 4203 3189 4258 talium
3247 4203 3418 4274 possit
3486 4203 3750 4260 societate

2149 4291 2360 4361 violari,
2395 4307 2517 4346 cum
2546 4307 2644 4361 per
2666 4293 2846 4346 omnia
2873 4291 2978 4346 illis
3007 4291 3272 4363 professio
3313 4293 3528 4362 propria
3556 4308 3748 4364 cmpe-

2148 4381 2214 4436 rit
2235 4381 2477 4436 obviare.
2518 4402 2538 4430 »
2567 4382 2635 4434 Et
2665 4382 2732 4436 ad
2761 4381 3075 4435 Flavianum
3093 4381 3749 4452 Constantinopolitanum

434 4481 557 4545 post
586 4472 764 4528 omnia
793 4489 916 4544 quae
945 4473 1014 4526 de
1047 4488 1147 4527 sua
1181 4481 1232 4526 et
1263 4473 1596 4546 collegarum
1645 4491 1867 4529 suorum
1897 4476 2042 4543 adju-
2067 4463 2121 4523 D
2145 4472 2462 4542 episcopum
2508 4473 2578 4526 de
2637 4487 2865 4526 erroneo
2913 4471 2981 4524 ab
3037 4471 3410 4526 ecclesiastica
3457 4470 3746 4540 disciplina

433 4563 704 4618 dicatione
730 4579 762 4616 a
791 4562 1002 4634 synodo
1041 4561 1424 4632 episcoporum
1457 4563 1696 4635 quinnt
1723 4564 2040 4634 provincia-

435 4668 555 4706 rum
584 4651 830 4717 difiinita,
866 4660 920 4705 et
943 4667 976 4706 a
1006 4651 1156 4706 sedis
1201 4652 1514 4722 apostolicae
1572 4653 1890 4708 auctoritate
1941 4654 2042 4708 sub

432 4741 794 4794 anathematis
823 4739 1240 4812 interpositione
1273 4749 1396 4794 sunt
1427 4739 1762 4808 confirmata,
1799 4743 1916 4798 sine
1948 4759 2043 4798 au-

434 4827 638 4884 dientia
669 4836 724 4884 et
773 4829 1002 4887 consilio
1048 4829 1375 4900 episcopalis
1432 4829 1646 4886 concilii
1694 4833 2042 4886 sacerdotum

441 4917 532 4989 qui
561 4933 686 4971 eum
711 4916 1114 4986 judicaverunt,
1176 4917 1403 4989 sineque
1461 4919 1783 4975 auctoritate
1812 4920 2041 4975 Romani

433 5004 706 5077 pontificis
739 5005 858 5078 .qui
893 5005 1010 5076 ipsa
1055 5006 1258 5076 judicia
1313 5005 1673 5074 confirmavit,
1734 5010 2042 5064 inconsulta

436 5095 600 5150 etiam
647 5094 941 5150 Rhemensi
990 5095 1261 5160 Ecclesia,
1304 5105 1453 5151 extra
1508 5098 1842 5168 provinciam
1900 5100 2036 5169 ejus,

436 5184 492 5238 in
521 5199 630 5256 qua
659 5183 980 5254 baptizatus,
1017 5192 1071 5239 et
1101 5185 1155 5238 in
1187 5185 1447 5240 clericum
1477 5194 1685 5256 tonsus,
1743 5195 1904 5260 atque
1943 5203 2042 5258 per

434 5273 620 5345 plures
651 5287 825 5328 annos
854 5273 910 5326 in
939 5273 1188 5329 Ecclesia
1219 5275 1434 5344 publice
1493 5292 1681 5332 sacras
1730 5277 2040 5346 Scripturas

433 5362 586 5434 legit,
620 5362 712 5416 ubi
751 5363 888 5418 sicut
937 5362 1251 5418 Africanum
1295 5365 1534 5419 decrevit
1580 5365 1870 5421 concilium
1917 5381 2035 5436 cap.

436 5454 503 5506 58
533 5459 819 5524 postquam
850 5452 1021 5507 semel
1040 5453 1191 5526 legit,
1225 5454 1292 5508 ab
1321 5453 1424 5509 alia
1460 5455 1709 5512 Ecclesia
1737 5454 2040 5510 inconsulte

435 5539 605 5612 recipi
641 5555 751 5596 non
791 5542 1072 5611 debuerat,
1118 5541 1259 5598 sicut
1297 5543 1443 5599 idem
1475 5543 1771 5600 concilium
1798 5556 1923 5614 cap.
1970 5548 2032 5600 21

2143 4560 2333 4632 (epist.
2370 4561 2458 4631 12)
2493 4579 2505 4614 :
2543 4561 2618 4629 Si,
2654 4559 2846 4632 inquit,
2879 4558 3110 4614 fideliter
3138 4567 3230 4614 aut
3265 4559 3469 4614 utiliter
3488 4559 3656 4626 dolet,
3695 4569 3751 4615 et

2144 4666 2302 4722 quam
2334 4656 2483 4704 recte
2511 4658 2656 4704 mota
2675 4649 2745 4702 sit
2793 4648 3120 4718 episcopalis
3171 4649 3460 4704 auctoritas
3493 4647 3579 4703 vel
3616 4665 3748 4705 sero

2142 4738 2446 4811 cognoscit,
2497 4738 2585 4793 vel
2633 4737 2680 4792 si
2735 4737 2802 4792 ad
2859 4737 3242 4794 satisfactionis
3297 4737 3692 4809 plenitudinem
3729 4781 3742 4807 ,

2141 4829 2325 4882 omnia
2353 4844 2473 4900 quae
2504 4828 2572 4881 ab
2613 4843 2678 4882 eo
2713 4827 2854 4880 male
2913 4835 3038 4880 sunt
3093 4843 3274 4892 sensa,
3341 4827 3463 4882 viva
3509 4842 3644 4882 voce
3689 4837 3746 4884 et

2139 4917 2390 4988 praesenti
2423 4916 2819 4986 subscriptione
2857 4915 3212 4982 damnaverit,
3246 4931 3356 4970 non
3397 4915 3502 4970 erit
3543 4932 3740 4986 reprc-

2138 5005 2422 5060 hensibilis
2453 5021 2586 5075 erga
2615 5011 2922 5058 correctum
2979 5005 3454 5076 quantulacunque
3503 5004 3740 5060 misera-

2141 5093 2235 5161 tio,
2269 5093 2395 5166 quia
2425 5093 2690 5148 Dominus
2718 5101 2906 5148 noster
2935 5110 3098 5148 verus
3129 5101 3182 5147 et
3211 5093 3384 5147 bonus
3415 5095 3623 5156 Pastor,
3645 5094 3740 5164 qui

2141 5183 2378 5238 animam
2411 5198 2566 5236 suam
2595 5182 2776 5252 posuit
2805 5198 2905 5252 pro
2934 5182 3126 5237 ovibus
3172 5182 3302 5248 suis,
3337 5190 3388 5236 et
3442 5182 3536 5254 qui
3588 5182 3738 5237 venit

2139 5272 2352 5326 animas
2383 5271 2595 5326 salvere
2622 5287 2730 5327 non
2760 5271 3010 5342 perdere,
3044 5269 3340 5325 imitatores
3361 5286 3461 5326 nos
3483 5287 3595 5326 suae
3625 5271 3744 5326 vult

2140 5378 2262 5416 esse
2289 5361 2522 5432 pietatis,
2556 5369 2612 5415 ut
2643 5369 2934 5432 peccantes
2954 5359 3164 5428 justitia
3193 5370 3457 5427 coerceat,
3491 5376 3731 5416 conver-

2141 5466 2232 5504 sos
2261 5458 2442 5505 autem
2484 5449 2852 5506 misericordia
2899 5463 3010 5503 non
3066 5449 3313 5520 repellat.
3372 5450 3441 5503 Et
3488 5449 3620 5503 item
3664 5449 3740 5504 ad

2140 5539 2451 5596 Anatolium
2482 5537 3138 5608 Constantinopolitanum
3167 5537 3484 5608 episcopum
3535 5537 3605 5592 de
3637 5541 3738 5593 At-
