  <div class='ocr_page' id='page_1' title='image "/cluster/home/n/w/nwhite01/storage/ocr_20150623/126/umn.31951002477419r/050.png"; bbox 0 0 4026 6296; ppageno 0'>
   <div class='ocr_carea' id='block_1_1' title="bbox 165 265 3472 340">
    <p class='ocr_par' dir='ltr' id='par_1_1' title="bbox 165 265 3472 340">
     <span class='ocr_line' id='line_1_1' title="bbox 165 265 3472 340; baseline -0.001 -8"><span class='ocrx_word' id='word_1_1' title='bbox 165 277 220 333; x_wconf 80' lang='lat' dir='ltr'><strong>st</strong></span> <span class='ocrx_word' id='word_1_2' title='bbox 1629 265 2002 332; x_wconf 74' lang='lat' dir='ltr'><strong>EPISTOLzE.</strong></span> <span class='ocrx_word' id='word_1_3' title='bbox 3404 285 3472 340; x_wconf 62' lang='lat' dir='ltr'><strong>si</strong></span> 
     </span>
    </p>
   </div>
   <div class='ocr_carea' id='block_1_2' title="bbox 161 395 3472 479">
    <p class='ocr_par' dir='ltr' id='par_1_2' title="bbox 161 395 3472 479">
     <span class='ocr_line' id='line_1_2' title="bbox 161 395 3472 479; baseline 0.001 -21"><span class='ocrx_word' id='word_1_4' title='bbox 161 399 264 460; x_wconf 86' lang='lat' dir='ltr'><strong>tico</strong></span> <span class='ocrx_word' id='word_1_5' title='bbox 294 399 624 472; x_wconf 79' lang='lat' dir='ltr'><strong>presbytero</strong></span> <span class='ocrx_word' id='word_1_6' title='bbox 649 399 869 472; x_wconf 76' lang='lat' dir='ltr'><strong>scripsit</strong></span> <span class='ocrx_word' id='word_1_7' title='bbox 896 400 1082 474; x_wconf 69' lang='lat' dir='ltr'><strong>(epist.</strong></span> <span class='ocrx_word' id='word_1_8' title='bbox 1109 403 1224 473; x_wconf 75' lang='lat'><strong>82),</strong></span> <span class='ocrx_word' id='word_1_9' title='bbox 1255 407 1314 457; x_wconf 93' lang='lat' dir='ltr'><strong>ut</strong></span> <span class='ocrx_word' id='word_1_10' title='bbox 1361 405 1571 456; x_wconf 80' lang='lat' dir='ltr'><strong>remeta</strong></span> <span class='ocrx_word' id='word_1_11' title='bbox 1620 400 1771 456; x_wconf 87' lang='lat' dir='ltr'><strong>omni</strong></span> <span class='ocrx_word' id='word_1_12' title='bbox 1797 395 1855 460; x_wconf 77' lang='grc' dir='ltr'>Α</span> <span class='ocrx_word' id='word_1_13' title='bbox 1873 400 2206 458; x_wconf 82' lang='lat' dir='ltr'><strong>Rhemorum</strong></span> <span class='ocrx_word' id='word_1_14' title='bbox 2252 403 2571 475; x_wconf 86' lang='lat' dir='ltr'><strong>provincia,</strong></span> <span class='ocrx_word' id='word_1_15' title='bbox 2619 405 3048 478; x_wconf 68' lang='lat' dir='ltr'><strong>archiepiscopis</strong></span> <span class='ocrx_word' id='word_1_16' title='bbox 3091 415 3146 462; x_wconf 87' lang='lat' dir='ltr'><strong>et</strong></span> <span class='ocrx_word' id='word_1_17' title='bbox 3195 406 3472 479; x_wconf 81' lang='lat' dir='ltr'><strong>episcopis</strong></span> 
     </span>
    </p>
   </div>
   <div class='ocr_carea' id='block_1_3' title="bbox 168 487 1774 561">
    <p class='ocr_par' dir='ltr' id='par_1_3' title="bbox 168 487 1774 561">
     <span class='ocr_line' id='line_1_3' title="bbox 168 487 1774 561; baseline -0.001 -14"><span class='ocrx_word' id='word_1_18' title='bbox 168 490 506 547; x_wconf 74' lang='lat' dir='ltr'><strong>dubitatione</strong></span> <span class='ocrx_word' id='word_1_19' title='bbox 531 487 1002 546; x_wconf 76' lang='lat' dir='ltr'><strong>Chalcedonensis</strong></span> <span class='ocrx_word' id='word_1_20' title='bbox 1037 489 1234 561; x_wconf 82' lang='lat' dir='ltr'><strong>synodi</strong></span> <span class='ocrx_word' id='word_1_21' title='bbox 1281 487 1662 546; x_wconf 79' lang='lat' dir='ltr'><strong>diﬂinitionem</strong></span> <span class='ocrx_word' id='word_1_22' title='bbox 1704 489 1774 545; x_wconf 91' lang='lat' dir='ltr'><strong>de</strong></span> 
     </span>
    </p>
   </div>
   <div class='ocr_carea' id='block_1_4' title="bbox 167 578 1768 652">
    <p class='ocr_par' dir='ltr' id='par_1_4' title="bbox 167 578 1768 652">
     <span class='ocr_line' id='line_1_4' title="bbox 167 578 1768 652; baseline -0.001 -16"><span class='ocrx_word' id='word_1_23' title='bbox 167 579 289 645; x_wconf 85' lang='lat' dir='ltr'><strong>ﬁde,</strong></span> <span class='ocrx_word' id='word_1_24' title='bbox 312 594 482 652; x_wconf 88' lang='lat' dir='ltr'><strong>quam</strong></span> <span class='ocrx_word' id='word_1_25' title='bbox 511 587 569 634; x_wconf 92' lang='lat' dir='ltr'><strong>et</strong></span> <span class='ocrx_word' id='word_1_26' title='bbox 616 579 932 650; x_wconf 85' lang='lat' dir='ltr'><strong>apostolica</strong></span> <span class='ocrx_word' id='word_1_27' title='bbox 977 579 1126 634; x_wconf 88' lang='lat' dir='ltr'><strong>sedis</strong></span> <span class='ocrx_word' id='word_1_28' title='bbox 1178 578 1416 635; x_wconf 88' lang='lat' dir='ltr'><strong>ﬁrmavit</strong></span> <span class='ocrx_word' id='word_1_29' title='bbox 1458 578 1768 646; x_wconf 77' lang='lat' dir='ltr'><strong>auctoritas,</strong></span> 
     </span>
    </p>
   </div>
   <div class='ocr_carea' id='block_1_5' title="bbox 168 667 1771 743">
    <p class='ocr_par' dir='ltr' id='par_1_5' title="bbox 168 667 1771 743">
     <span class='ocr_line' id='line_1_5' title="bbox 168 667 1771 743; baseline -0.002 -18"><span class='ocrx_word' id='word_1_30' title='bbox 168 667 486 743; x_wconf 81' lang='lat' dir='ltr'><strong>proﬁteatur</strong></span> <span class='ocrx_word' id='word_1_31' title='bbox 514 683 576 723; x_wconf 91' lang='lat' dir='ltr'><strong>se</strong></span> <span class='ocrx_word' id='word_1_32' title='bbox 605 683 709 740; x_wconf 87' lang='lat' dir='ltr'><strong>per</strong></span> <span class='ocrx_word' id='word_1_33' title='bbox 736 669 918 724; x_wconf 85' lang='lat' dir='ltr'><strong>omnia</strong></span> <span class='ocrx_word' id='word_1_34' title='bbox 962 676 1318 736; x_wconf 80' lang='lat' dir='ltr'><strong>servaturum,</strong></span> <span class='ocrx_word' id='word_1_35' title='bbox 1370 669 1588 738; x_wconf 86' lang='lat' dir='ltr'><strong>adjecta</strong></span> <span class='ocrx_word' id='word_1_36' title='bbox 1635 669 1771 724; x_wconf 90' lang='lat' dir='ltr'><strong>sub-</strong></span> 
     </span>
    </p>
   </div>
   <div class='ocr_carea' id='block_1_6' title="bbox 171 757 1775 830">
    <p class='ocr_par' dir='ltr' id='par_1_6' title="bbox 171 757 1775 830">
     <span class='ocr_line' id='line_1_6' title="bbox 171 757 1775 830; baseline -0.002 -15"><span class='ocrx_word' id='word_1_37' title='bbox 171 758 433 830; x_wconf 85' lang='lat' dir='ltr'><strong>criptione</strong></span> <span class='ocrx_word' id='word_1_38' title='bbox 461 773 662 813; x_wconf 88' lang='lat' dir='ltr'><strong>manus</strong></span> <span class='ocrx_word' id='word_1_39' title='bbox 691 759 948 830; x_wconf 85' lang='lat' dir='ltr'><strong>propria,</strong></span> <span class='ocrx_word' id='word_1_40' title='bbox 998 774 1120 830; x_wconf 85' lang='lat' dir='ltr'><strong>qua</strong></span> <span class='ocrx_word' id='word_1_41' title='bbox 1169 758 1226 812; x_wconf 92' lang='lat' dir='ltr'><strong>in</strong></span> <span class='ocrx_word' id='word_1_42' title='bbox 1267 759 1515 814; x_wconf 85' lang='lat' dir='ltr'><strong>Ecclesia</strong></span> <span class='ocrx_word' id='word_1_43' title='bbox 1571 757 1775 830; x_wconf 79' lang='lat' dir='ltr'><strong>papula</strong></span> 
     </span>
    </p>
   </div>
   <div class='ocr_carea' id='block_1_7' title="bbox 170 845 1775 920">
    <p class='ocr_par' dir='ltr' id='par_1_7' title="bbox 170 845 1775 920">
     <span class='ocr_line' id='line_1_7' title="bbox 170 845 1775 920; baseline -0.001 -16"><span class='ocrx_word' id='word_1_44' title='bbox 170 854 436 920; x_wconf 85' lang='lat' dir='ltr'><strong>prasente</strong></span> <span class='ocrx_word' id='word_1_45' title='bbox 467 848 748 902; x_wconf 89' lang='lat' dir='ltr'><strong>recitetur.</strong></span> <span class='ocrx_word' id='word_1_46' title='bbox 783 845 992 914; x_wconf 85' lang='lat' dir='ltr'><strong>Quibus</strong></span> <span class='ocrx_word' id='word_1_47' title='bbox 1014 855 1226 903; x_wconf 84' lang='lat' dir='ltr'><strong>constat</strong></span> <span class='ocrx_word' id='word_1_48' title='bbox 1257 863 1352 902; x_wconf 90' lang='lat' dir='ltr'><strong>eos</strong></span> <span class='ocrx_word' id='word_1_49' title='bbox 1381 847 1475 920; x_wconf 90' lang='lat' dir='ltr'><strong>qui</strong></span> <span class='ocrx_word' id='word_1_50' title='bbox 1503 847 1574 902; x_wconf 88' lang='lat' dir='ltr'><strong>ab</strong></span> <span class='ocrx_word' id='word_1_51' title='bbox 1595 849 1775 902; x_wconf 88' lang='lat' dir='ltr'><strong>eccle-</strong></span> 
     </span>
    </p>
   </div>
   <div class='ocr_carea' id='block_1_8' title="bbox 171 935 1777 1007">
    <p class='ocr_par' dir='ltr' id='par_1_8' title="bbox 171 935 1777 1007">
     <span class='ocr_line' id='line_1_8' title="bbox 171 935 1777 1007; baseline 0 -17"><span class='ocrx_word' id='word_1_52' title='bbox 171 936 386 992; x_wconf 88' lang='lat' dir='ltr'><strong>siastica</strong></span> <span class='ocrx_word' id='word_1_53' title='bbox 415 935 707 990; x_wconf 86' lang='lat' dir='ltr'><strong>traditione</strong></span> <span class='ocrx_word' id='word_1_54' title='bbox 755 935 974 992; x_wconf 89' lang='lat' dir='ltr'><strong>deviant</strong></span> <span class='ocrx_word' id='word_1_55' title='bbox 1017 951 1117 1006; x_wconf 90' lang='lat' dir='ltr'><strong>per</strong></span> <span class='ocrx_word' id='word_1_56' title='bbox 1157 944 1546 1007; x_wconf 90' lang='lat' dir='ltr'><strong>contemptum,</strong></span> <span class='ocrx_word' id='word_1_57' title='bbox 1597 936 1777 992; x_wconf 85' lang='lat' dir='ltr'><strong>taliter</strong></span> 
     </span>
    </p>
   </div>
   <div class='ocr_carea' id='block_1_9' title="bbox 171 1024 1768 1097">
    <p class='ocr_par' dir='ltr' id='par_1_9' title="bbox 171 1024 1768 1097">
     <span class='ocr_line' id='line_1_9' title="bbox 171 1024 1768 1097; baseline 0.001 -17"><span class='ocrx_word' id='word_1_58' title='bbox 171 1025 332 1096; x_wconf 87' lang='lat' dir='ltr'><strong>recipi</strong></span> <span class='ocrx_word' id='word_1_59' title='bbox 386 1025 596 1080; x_wconf 86' lang='lat' dir='ltr'><strong>debere</strong></span> <span class='ocrx_word' id='word_1_60' title='bbox 632 1024 946 1097; x_wconf 88' lang='lat' dir='ltr'><strong>:quoniam,</strong></span> <span class='ocrx_word' id='word_1_61' title='bbox 979 1031 1036 1079; x_wconf 91' lang='lat' dir='ltr'><strong>ut</strong></span> <span class='ocrx_word' id='word_1_62' title='bbox 1063 1025 1280 1079; x_wconf 85' lang='lat' dir='ltr'><strong>Hilarus</strong></span> <span class='ocrx_word' id='word_1_63' title='bbox 1312 1025 1444 1080; x_wconf 89' lang='lat' dir='ltr'><strong>dicit</strong></span> <span class='ocrx_word' id='word_1_64' title='bbox 1469 1026 1657 1097; x_wconf 80' lang='lat' dir='ltr'><strong>(epist.</strong></span> <span class='ocrx_word' id='word_1_65' title='bbox 1691 1024 1768 1096; x_wconf 78' lang='lat'><strong>2),</strong></span> 
     </span>
    </p>
   </div>
   <div class='ocr_carea' id='block_1_10' title="bbox 171 1113 1778 1185">
    <p class='ocr_par' dir='ltr' id='par_1_10' title="bbox 171 1113 1778 1185">
     <span class='ocr_line' id='line_1_10' title="bbox 171 1113 1778 1185; baseline -0.001 -16"><span class='ocrx_word' id='word_1_66' title='bbox 171 1130 276 1170; x_wconf 90' lang='lat' dir='ltr'><strong>non</strong></span> <span class='ocrx_word' id='word_1_67' title='bbox 335 1113 525 1168; x_wconf 87' lang='lat' dir='ltr'><strong>minus</strong></span> <span class='ocrx_word' id='word_1_68' title='bbox 583 1114 642 1167; x_wconf 91' lang='lat' dir='ltr'><strong>in</strong></span> <span class='ocrx_word' id='word_1_69' title='bbox 687 1122 995 1169; x_wconf 88' lang='lat' dir='ltr'><strong>sanctarum</strong></span> <span class='ocrx_word' id='word_1_70' title='bbox 1055 1113 1400 1169; x_wconf 90' lang='lat' dir='ltr'><strong>traditionum</strong></span> <span class='ocrx_word' id='word_1_71' title='bbox 1444 1114 1778 1185; x_wconf 90' lang='lat' dir='ltr'><strong>peliuquitur</strong></span> 
     </span>
    </p>
   </div>
   <div class='ocr_carea' id='block_1_11' title="bbox 171 1201 1766 1274">
    <p class='ocr_par' dir='ltr' id='par_1_11' title="bbox 171 1201 1766 1274">
     <span class='ocr_line' id='line_1_11' title="bbox 171 1201 1766 1274; baseline -0.001 -16"><span class='ocrx_word' id='word_1_72' title='bbox 171 1202 500 1268; x_wconf 80' lang='lat' dir='ltr'><strong>sanctiones,</strong></span> <span class='ocrx_word' id='word_1_73' title='bbox 535 1217 702 1274; x_wconf 90' lang='lat' dir='ltr'><strong>quam</strong></span> <span class='ocrx_word' id='word_1_74' title='bbox 729 1201 787 1256; x_wconf 91' lang='lat' dir='ltr'><strong>in</strong></span> <span class='ocrx_word' id='word_1_75' title='bbox 815 1201 1067 1272; x_wconf 88' lang='lat' dir='ltr'><strong>injuriam</strong></span> <span class='ocrx_word' id='word_1_76' title='bbox 1095 1202 1267 1273; x_wconf 90' lang='lat' dir='ltr'><strong>ipsius</strong></span> <span class='ocrx_word' id='word_1_77' title='bbox 1293 1202 1512 1258; x_wconf 90' lang='lat' dir='ltr'><strong>Domini</strong></span> <span class='ocrx_word' id='word_1_78' title='bbox 1544 1202 1766 1273; x_wconf 89' lang='lat' dir='ltr'><strong>prosili-</strong></span> 
     </span>
    </p>
   </div>
   <div class='ocr_carea' id='block_1_12' title="bbox 175 1290 1776 1363">
    <p class='ocr_par' dir='ltr' id='par_1_12' title="bbox 175 1290 1776 1363">
     <span class='ocr_line' id='line_1_12' title="bbox 175 1290 1776 1363; baseline -0.001 -17"><span class='ocrx_word' id='word_1_79' title='bbox 175 1301 274 1347; x_wconf 90' lang='lat' dir='ltr'><strong>tur.</strong></span> <span class='ocrx_word' id='word_1_80' title='bbox 309 1292 396 1346; x_wconf 91' lang='lat' dir='ltr'><strong>De</strong></span> <span class='ocrx_word' id='word_1_81' title='bbox 425 1291 646 1363; x_wconf 89' lang='lat' dir='ltr'><strong>quibus,</strong></span> <span class='ocrx_word' id='word_1_82' title='bbox 683 1291 728 1346; x_wconf 89' lang='lat' dir='ltr'><strong>si</strong></span> <span class='ocrx_word' id='word_1_83' title='bbox 775 1306 808 1345; x_wconf 88' lang='lat' dir='ltr'><strong>a</strong></span> <span class='ocrx_word' id='word_1_84' title='bbox 852 1307 950 1346; x_wconf 86' lang='lat' dir='ltr'><strong>sua</strong></span> <span class='ocrx_word' id='word_1_85' title='bbox 1001 1290 1344 1362; x_wconf 83' lang='lat' dir='ltr'><strong>professione</strong></span> <span class='ocrx_word' id='word_1_86' title='bbox 1391 1293 1481 1347; x_wconf 89' lang='lat' dir='ltr'><strong>vel</strong></span> <span class='ocrx_word' id='word_1_87' title='bbox 1528 1291 1776 1348; x_wconf 90' lang='lat' dir='ltr'><strong>subscri-</strong></span> 
     </span>
    </p>
   </div>
   <div class='ocr_carea' id='block_1_13' title="bbox 169 1375 1777 1454">
    <p class='ocr_par' dir='ltr' id='par_1_13' title="bbox 169 1375 1777 1454">
     <span class='ocr_line' id='line_1_13' title="bbox 169 1375 1777 1454; baseline 0 -19"><span class='ocrx_word' id='word_1_88' title='bbox 169 1381 350 1452; x_wconf 89' lang='lat' dir='ltr'><strong>ptione</strong></span> <span class='ocrx_word' id='word_1_89' title='bbox 381 1379 831 1448; x_wconf 85' lang='lat' dir='ltr'><strong>exorbitaverint,</strong></span> <span class='ocrx_word' id='word_1_90' title='bbox 864 1375 1296 1454; x_wconf 78' lang='lat' dir='ltr'><strong>Carthaginense</strong></span> <span class='ocrx_word' id='word_1_91' title='bbox 1327 1380 1455 1435; x_wconf 86' lang='lat' dir='ltr'><strong>dicit</strong></span> <span class='ocrx_word' id='word_1_92' title='bbox 1485 1380 1777 1436; x_wconf 90' lang='lat' dir='ltr'><strong>concilium</strong></span> 
     </span>
    </p>
   </div>
   <div class='ocr_carea' id='block_1_14' title="bbox 171 1469 1772 1541">
    <p class='ocr_par' dir='ltr' id='par_1_14' title="bbox 171 1469 1772 1541">
     <span class='ocr_line' id='line_1_14' title="bbox 171 1469 1772 1541; baseline -0.001 -15"><span class='ocrx_word' id='word_1_93' title='bbox 171 1471 508 1540; x_wconf 72' lang='lat' dir='ltr'><strong>(concilium</strong></span> <span class='ocrx_word' id='word_1_94' title='bbox 540 1470 734 1526; x_wconf 83' lang='lat' dir='ltr'><strong>Carth.</strong></span> <span class='ocrx_word' id='word_1_95' title='bbox 772 1483 830 1536; x_wconf 83' lang='lat' dir='ltr'><strong>tt,</strong></span> <span class='ocrx_word' id='word_1_96' title='bbox 883 1485 1010 1524; x_wconf 81' lang='lat' dir='ltr'><strong>can.</strong></span> <span class='ocrx_word' id='word_1_97' title='bbox 1065 1469 1173 1539; x_wconf 88' lang='grc'><strong>13).</strong></span> <span class='ocrx_word' id='word_1_98' title='bbox 1211 1469 1267 1524; x_wconf 89' lang='lat' dir='ltr'><strong>Si</strong></span> <span class='ocrx_word' id='word_1_99' title='bbox 1322 1469 1464 1541; x_wconf 89' lang='lat' dir='ltr'><strong>quis,</strong></span> <span class='ocrx_word' id='word_1_100' title='bbox 1497 1469 1772 1540; x_wconf 88' lang='lat' dir='ltr'><strong>inquiens,</strong></span> 
     </span>
    </p>
   </div>
   <div class='ocr_carea' id='block_1_15' title="bbox 173 1555 1780 1628">
    <p class='ocr_par' dir='ltr' id='par_1_15' title="bbox 173 1555 1780 1628">
     <span class='ocr_line' id='line_1_15' title="bbox 173 1555 1780 1628; baseline -0.001 -14"><span class='ocrx_word' id='word_1_101' title='bbox 173 1566 359 1614; x_wconf 88' lang='lat' dir='ltr'><strong>contra</strong></span> <span class='ocrx_word' id='word_1_102' title='bbox 391 1573 552 1613; x_wconf 88' lang='lat' dir='ltr'><strong>suam</strong></span> <span class='ocrx_word' id='word_1_103' title='bbox 596 1555 992 1628; x_wconf 81' lang='lat' dir='ltr'><strong>professionem</strong></span> <span class='ocrx_word' id='word_1_104' title='bbox 1037 1557 1125 1612; x_wconf 93' lang='lat' dir='ltr'><strong>vel</strong></span> <span class='ocrx_word' id='word_1_105' title='bbox 1172 1557 1631 1628; x_wconf 88' lang='lat' dir='ltr'><strong>subscriptionem</strong></span> <span class='ocrx_word' id='word_1_106' title='bbox 1678 1574 1780 1613; x_wconf 91' lang='lat' dir='ltr'><strong>ve-</strong></span> 
     </span>
    </p>
   </div>
   <div class='ocr_carea' id='block_1_16' title="bbox 175 1646 1783 1719">
    <p class='ocr_par' dir='ltr' id='par_1_16' title="bbox 175 1646 1783 1719">
     <span class='ocr_line' id='line_1_16' title="bbox 175 1646 1783 1719; baseline -0.001 -17"><span class='ocrx_word' id='word_1_107' title='bbox 175 1647 314 1702; x_wconf 86' lang='lat' dir='ltr'><strong>nerit</strong></span> <span class='ocrx_word' id='word_1_108' title='bbox 343 1647 402 1701; x_wconf 88' lang='lat' dir='ltr'><strong>in</strong></span> <span class='ocrx_word' id='word_1_109' title='bbox 423 1647 629 1719; x_wconf 87' lang='lat' dir='ltr'><strong>aliquo,</strong></span> <span class='ocrx_word' id='word_1_110' title='bbox 663 1646 781 1717; x_wconf 92' lang='lat' dir='ltr'><strong>ipse</strong></span> <span class='ocrx_word' id='word_1_111' title='bbox 810 1663 870 1702; x_wconf 89' lang='lat' dir='ltr'><strong>se</strong></span> <span class='ocrx_word' id='word_1_112' title='bbox 898 1647 1105 1702; x_wconf 86' lang='lat' dir='ltr'><strong>honore</strong></span> <span class='ocrx_word' id='word_1_113' title='bbox 1146 1647 1403 1718; x_wconf 90' lang='lat' dir='ltr'><strong>privabit.</strong></span> <span class='ocrx_word' id='word_1_114' title='bbox 1456 1648 1522 1702; x_wconf 90' lang='lat' dir='ltr'><strong>Et</strong></span> <span class='ocrx_word' id='word_1_115' title='bbox 1562 1655 1783 1704; x_wconf 90' lang='lat' dir='ltr'><strong>sanctus</strong></span> 
     </span>
    </p>
   </div>
   <div class='ocr_carea' id='block_1_17' title="bbox 1869 490 3470 552">
    <p class='ocr_par' dir='ltr' id='par_1_17' title="bbox 1869 490 3470 552">
     <span class='ocr_line' id='line_1_17' title="bbox 1869 490 3470 552; baseline 0.003 -5"><span class='ocrx_word' id='word_1_116' title='bbox 1869 490 1997 548; x_wconf 88' lang='lat' dir='ltr'><strong>illuc</strong></span> <span class='ocrx_word' id='word_1_117' title='bbox 2033 507 2100 548; x_wconf 83' lang='lat' dir='ltr'><strong>ex</strong></span> <span class='ocrx_word' id='word_1_118' title='bbox 2157 493 2412 550; x_wconf 88' lang='lat' dir='ltr'><strong>mandato</strong></span> <span class='ocrx_word' id='word_1_119' title='bbox 2474 499 2658 550; x_wconf 86' lang='lat' dir='ltr'><strong>vestro</strong></span> <span class='ocrx_word' id='word_1_120' title='bbox 2689 494 3138 551; x_wconf 85' lang='lat' dir='ltr'><strong>convenientibus</strong></span> <span class='ocrx_word' id='word_1_121' title='bbox 3183 510 3470 552; x_wconf 87' lang='lat' dir='ltr'><strong>occurrere</strong></span> 
     </span>
    </p>
   </div>
   <div class='ocr_carea' id='block_1_18' title="bbox 1871 579 3473 654">
    <p class='ocr_par' dir='ltr' id='par_1_18' title="bbox 1871 579 3473 654">
     <span class='ocr_line' id='line_1_18' title="bbox 1871 579 3473 654; baseline 0.004 -20"><span class='ocrx_word' id='word_1_122' title='bbox 1871 579 2141 652; x_wconf 87' lang='lat' dir='ltr'><strong>festinavi,</strong></span> <span class='ocrx_word' id='word_1_123' title='bbox 2168 598 2274 654; x_wconf 90' lang='lat' dir='ltr'><strong>quo</strong></span> <span class='ocrx_word' id='word_1_124' title='bbox 2304 584 2464 638; x_wconf 89' lang='lat' dir='ltr'><strong>etiam</strong></span> <span class='ocrx_word' id='word_1_125' title='bbox 2493 583 2752 640; x_wconf 91' lang='lat' dir='ltr'><strong>dilectum</strong></span> <span class='ocrx_word' id='word_1_126' title='bbox 2781 583 3008 640; x_wconf 80' lang='lat' dir='ltr'><strong>fratrem</strong></span> <span class='ocrx_word' id='word_1_127' title='bbox 3054 592 3299 640; x_wconf 88' lang='lat' dir='ltr'><strong>nostrum</strong></span> <span class='ocrx_word' id='word_1_128' title='bbox 3346 585 3473 640; x_wconf 87' lang='lat' dir='ltr'><strong>Vul-</strong></span> 
     </span>
    </p>
   </div>
   <div class='ocr_carea' id='block_1_19' title="bbox 1873 667 3468 730">
    <p class='ocr_par' dir='ltr' id='par_1_19' title="bbox 1873 667 3468 730">
     <span class='ocr_line' id='line_1_19' title="bbox 1873 667 3468 730; baseline 0.003 -7"><span class='ocrx_word' id='word_1_129' title='bbox 1873 667 2060 724; x_wconf 88' lang='lat' dir='ltr'><strong>fadum</strong></span> <span class='ocrx_word' id='word_1_130' title='bbox 2089 670 2278 727; x_wconf 90' lang='lat' dir='ltr'><strong>venire</strong></span> <span class='ocrx_word' id='word_1_131' title='bbox 2309 673 2640 728; x_wconf 92' lang='lat' dir='ltr'><strong>commonui.</strong></span> <span class='ocrx_word' id='word_1_132' title='bbox 2672 673 2785 728; x_wconf 92' lang='lat' dir='ltr'><strong>Eos</strong></span> <span class='ocrx_word' id='word_1_133' title='bbox 2815 673 2983 728; x_wconf 91' lang='lat' dir='ltr'><strong>etiam</strong></span> <span class='ocrx_word' id='word_1_134' title='bbox 3010 672 3206 728; x_wconf 86' lang='lat' dir='ltr'><strong>fratres</strong></span> <span class='ocrx_word' id='word_1_135' title='bbox 3249 682 3468 730; x_wconf 90' lang='lat' dir='ltr'><strong>nostros</strong></span> 
     </span>
    </p>
   </div>
   <div class='ocr_carea' id='block_1_20' title="bbox 1873 758 3468 834">
    <p class='ocr_par' dir='ltr' id='par_1_20' title="bbox 1873 758 3468 834">
     <span class='ocr_line' id='line_1_20' title="bbox 1873 758 3468 834; baseline 0.003 -22"><span class='ocrx_word' id='word_1_136' title='bbox 1873 758 1941 814; x_wconf 92' lang='lat' dir='ltr'><strong>de</strong></span> <span class='ocrx_word' id='word_1_137' title='bbox 1973 759 2143 830; x_wconf 89' lang='lat' dir='ltr'><strong>ipsius</strong></span> <span class='ocrx_word' id='word_1_138' title='bbox 2173 761 2430 834; x_wconf 81' lang='lat' dir='ltr'><strong>collegio,</strong></span> <span class='ocrx_word' id='word_1_139' title='bbox 2455 762 2548 834; x_wconf 91' lang='lat' dir='ltr'><strong>qui</strong></span> <span class='ocrx_word' id='word_1_140' title='bbox 2578 761 2680 817; x_wconf 89' lang='lat' dir='ltr'><strong>sub</strong></span> <span class='ocrx_word' id='word_1_141' title='bbox 2707 769 2893 818; x_wconf 90' lang='lat' dir='ltr'><strong>nostra</strong></span> <span class='ocrx_word' id='word_1_142' title='bbox 2921 778 3050 819; x_wconf 88' lang='lat' dir='ltr'><strong>cura</strong></span> <span class='ocrx_word' id='word_1_143' title='bbox 3077 763 3302 832; x_wconf 88' lang='lat' dir='ltr'><strong>degunt,</strong></span> <span class='ocrx_word' id='word_1_144' title='bbox 3345 779 3468 817; x_wconf 90' lang='lat' dir='ltr'><strong>me-</strong></span> 
     </span>
    </p>
   </div>
   <div class='ocr_carea' id='block_1_21' title="bbox 1875 849 3466 923">
    <p class='ocr_par' dir='ltr' id='par_1_21' title="bbox 1875 849 3466 923">
     <span class='ocr_line' id='line_1_21' title="bbox 1875 849 3466 923; baseline 0.003 -21"><span class='ocrx_word' id='word_1_145' title='bbox 1875 862 1999 902; x_wconf 91' lang='lat' dir='ltr'><strong>cum</strong></span> <span class='ocrx_word' id='word_1_146' title='bbox 2029 849 2252 904; x_wconf 82' lang='lat' dir='ltr'><strong>adduxi.</strong></span> <span class='ocrx_word' id='word_1_147' title='bbox 2293 849 2446 918; x_wconf 88' lang='lat' dir='ltr'><strong>Quos</strong></span> <span class='ocrx_word' id='word_1_148' title='bbox 2475 849 2612 905; x_wconf 89' lang='lat' dir='ltr'><strong>sicut</strong></span> <span class='ocrx_word' id='word_1_149' title='bbox 2639 850 2773 906; x_wconf 90' lang='lat' dir='ltr'><strong>mihi</strong></span> <span class='ocrx_word' id='word_1_150' title='bbox 2808 851 3048 907; x_wconf 88' lang='lat' dir='ltr'><strong>scribere</strong></span> <span class='ocrx_word' id='word_1_151' title='bbox 3077 850 3288 923; x_wconf 87' lang='lat' dir='ltr'><strong>dignati</strong></span> <span class='ocrx_word' id='word_1_152' title='bbox 3315 851 3466 917; x_wconf 88' lang='lat' dir='ltr'><strong>estis,</strong></span> 
     </span>
    </p>
   </div>
   <div class='ocr_carea' id='block_1_22' title="bbox 1867 937 3468 1010">
    <p class='ocr_par' dir='ltr' id='par_1_22' title="bbox 1867 937 3468 1010">
     <span class='ocr_line' id='line_1_22' title="bbox 1867 937 3468 1010; baseline 0.002 -20"><span class='ocrx_word' id='word_1_153' title='bbox 1867 937 2075 1006; x_wconf 89' lang='lat' dir='ltr'><strong>justum</strong></span> <span class='ocrx_word' id='word_1_154' title='bbox 2100 937 2230 1009; x_wconf 91' lang='lat' dir='ltr'><strong>quid</strong></span> <span class='ocrx_word' id='word_1_155' title='bbox 2258 938 2347 994; x_wconf 90' lang='lat' dir='ltr'><strong>vel</strong></span> <span class='ocrx_word' id='word_1_156' title='bbox 2383 939 2532 1010; x_wconf 91' lang='lat' dir='ltr'><strong>pium</strong></span> <span class='ocrx_word' id='word_1_157' title='bbox 2562 939 2822 1008; x_wconf 88' lang='lat' dir='ltr'><strong>sentiens,</strong></span> <span class='ocrx_word' id='word_1_158' title='bbox 2855 939 2974 994; x_wconf 89' lang='lat' dir='ltr'><strong>sine</strong></span> <span class='ocrx_word' id='word_1_159' title='bbox 3000 939 3384 995; x_wconf 85' lang='lat' dir='ltr'><strong>retractatione</strong></span> <span class='ocrx_word' id='word_1_160' title='bbox 3413 939 3468 994; x_wconf 91' lang='lat' dir='ltr'><strong>in</strong></span> 
     </span>
    </p>
   </div>
   <div class='ocr_carea' id='block_1_23' title="bbox 1876 1025 3471 1100">
    <p class='ocr_par' dir='ltr' id='par_1_23' title="bbox 1876 1025 3471 1100">
     <span class='ocr_line' id='line_1_23' title="bbox 1876 1025 3471 1100; baseline 0.002 -21"><span class='ocrx_word' id='word_1_161' title='bbox 1876 1025 1989 1080; x_wconf 89' lang='lat' dir='ltr'><strong>suis</strong></span> <span class='ocrx_word' id='word_1_162' title='bbox 2018 1026 2302 1082; x_wconf 87' lang='lat' dir='ltr'><strong>ordinibus</strong></span> <span class='ocrx_word' id='word_1_163' title='bbox 2349 1043 2622 1084; x_wconf 92' lang='lat' dir='ltr'><strong>consensu</strong></span> <span class='ocrx_word' id='word_1_164' title='bbox 2667 1043 2734 1084; x_wconf 91' lang='lat' dir='ltr'><strong>ac</strong></span> <span class='ocrx_word' id='word_1_165' title='bbox 2769 1029 2974 1098; x_wconf 89' lang='lat' dir='ltr'><strong>judicio</strong></span> <span class='ocrx_word' id='word_1_166' title='bbox 3016 1028 3471 1100; x_wconf 91' lang='lat' dir='ltr'><strong>coepiscoporum</strong></span> 
     </span>
    </p>
   </div>
   <div class='ocr_carea' id='block_1_24' title="bbox 1875 1114 3472 1187">
    <p class='ocr_par' dir='ltr' id='par_1_24' title="bbox 1875 1114 3472 1187">
     <span class='ocr_line' id='line_1_24' title="bbox 1875 1114 3472 1187; baseline 0.001 -17"><span class='ocrx_word' id='word_1_167' title='bbox 1875 1114 2200 1170; x_wconf 83' lang='lat' dir='ltr'><strong>Rhemensis</strong></span> <span class='ocrx_word' id='word_1_168' title='bbox 2225 1116 2522 1187; x_wconf 89' lang='lat' dir='ltr'><strong>provincia</strong></span> <span class='ocrx_word' id='word_1_169' title='bbox 2549 1117 2840 1172; x_wconf 88' lang='lat' dir='ltr'><strong>restituere</strong></span> <span class='ocrx_word' id='word_1_170' title='bbox 2872 1126 3230 1183; x_wconf 90' lang='lat' dir='ltr'><strong>maturarem,</strong></span> <span class='ocrx_word' id='word_1_171' title='bbox 3274 1118 3319 1172; x_wconf 93' lang='lat' dir='ltr'><strong>si</strong></span> <span class='ocrx_word' id='word_1_172' title='bbox 3348 1117 3472 1172; x_wconf 90' lang='lat' dir='ltr'><strong>illos</strong></span> 
     </span>
    </p>
   </div>
   <div class='ocr_carea' id='block_1_25' title="bbox 1875 1203 3473 1276">
    <p class='ocr_par' dir='ltr' id='par_1_25' title="bbox 1875 1203 3473 1276">
     <span class='ocr_line' id='line_1_25' title="bbox 1875 1203 3473 1276; baseline 0.001 -18"><span class='ocrx_word' id='word_1_173' title='bbox 1875 1203 1946 1258; x_wconf 94' lang='lat' dir='ltr'><strong>ab</strong></span> <span class='ocrx_word' id='word_1_174' title='bbox 1989 1203 2198 1258; x_wconf 90' lang='lat' dir='ltr'><strong>eisdem</strong></span> <span class='ocrx_word' id='word_1_175' title='bbox 2257 1205 2524 1275; x_wconf 75' lang='lat' dir='ltr'><strong>gradibus</strong></span> <span class='ocrx_word' id='word_1_176' title='bbox 2585 1222 2708 1262; x_wconf 92' lang='lat' dir='ltr'><strong>cum</strong></span> <span class='ocrx_word' id='word_1_177' title='bbox 2766 1221 2956 1261; x_wconf 89' lang='lat' dir='ltr'><strong>eorum</strong></span> <span class='ocrx_word' id='word_1_178' title='bbox 3015 1214 3224 1260; x_wconf 90' lang='lat' dir='ltr'><strong>tantum</strong></span> <span class='ocrx_word' id='word_1_179' title='bbox 3265 1205 3473 1276; x_wconf 88' lang='lat' dir='ltr'><strong>judicio</strong></span> 
     </span>
    </p>
   </div>
   <div class='ocr_carea' id='block_1_26' title="bbox 1876 1291 3472 1368">
    <p class='ocr_par' dir='ltr' id='par_1_26' title="bbox 1876 1291 3472 1368">
     <span class='ocr_line' id='line_1_26' title="bbox 1876 1291 3472 1368; baseline 0.001 -21"><span class='ocrx_word' id='word_1_180' title='bbox 1876 1291 2220 1361; x_wconf 89' lang='lat' dir='ltr'><strong>dejecissem.</strong></span> <span class='ocrx_word' id='word_1_181' title='bbox 2258 1294 2365 1349; x_wconf 90' lang='lat' dir='ltr'><strong>Sed</strong></span> <span class='ocrx_word' id='word_1_182' title='bbox 2397 1295 2651 1366; x_wconf 89' lang='lat' dir='ltr'><strong>quoniam</strong></span> <span class='ocrx_word' id='word_1_183' title='bbox 2681 1295 2875 1368; x_wconf 88' lang='lat' dir='ltr'><strong>synodi</strong></span> <span class='ocrx_word' id='word_1_184' title='bbox 2904 1296 3290 1366; x_wconf 89' lang='lat' dir='ltr'><strong>episcoporum</strong></span> <span class='ocrx_word' id='word_1_185' title='bbox 3308 1295 3472 1367; x_wconf 89' lang='lat' dir='ltr'><strong>quiu-</strong></span> 
     </span>
    </p>
   </div>
   <div class='ocr_carea' id='block_1_27' title="bbox 1879 1381 3478 1456">
    <p class='ocr_par' dir='ltr' id='par_1_27' title="bbox 1879 1381 3478 1456">
     <span class='ocr_line' id='line_1_27' title="bbox 1879 1381 3478 1456; baseline 0.003 -22"><span class='ocrx_word' id='word_1_186' title='bbox 1879 1396 1982 1452; x_wconf 87' lang='lat' dir='ltr'><strong>que</strong></span> <span class='ocrx_word' id='word_1_187' title='bbox 2012 1381 2434 1452; x_wconf 89' lang='lat' dir='ltr'><strong>provinciarum,</strong></span> <span class='ocrx_word' id='word_1_188' title='bbox 2481 1399 2710 1456; x_wconf 91' lang='lat' dir='ltr'><strong>quorum</strong></span> <span class='ocrx_word' id='word_1_189' title='bbox 2754 1400 2880 1439; x_wconf 91' lang='lat' dir='ltr'><strong>meo</strong></span> <span class='ocrx_word' id='word_1_190' title='bbox 2923 1399 3195 1440; x_wconf 89' lang='lat' dir='ltr'><strong>consensu</strong></span> <span class='ocrx_word' id='word_1_191' title='bbox 3237 1383 3478 1454; x_wconf 86' lang='lat' dir='ltr'><strong>expetie—</strong></span> 
     </span>
    </p>
   </div>
   <div class='ocr_carea' id='block_1_28' title="bbox 1879 1470 3475 1542">
    <p class='ocr_par' dir='ltr' id='par_1_28' title="bbox 1879 1470 3475 1542">
     <span class='ocr_line' id='line_1_28' title="bbox 1879 1470 3475 1542; baseline 0.003 -20"><span class='ocrx_word' id='word_1_192' title='bbox 1879 1478 2006 1524; x_wconf 90' lang='lat' dir='ltr'><strong>runt</strong></span> <span class='ocrx_word' id='word_1_193' title='bbox 2042 1470 2327 1539; x_wconf 90' lang='lat' dir='ltr'><strong>judicium,</strong></span> <span class='ocrx_word' id='word_1_194' title='bbox 2387 1470 2704 1528; x_wconf 81' lang='lat' dir='ltr'><strong>difiinitione</strong></span> <span class='ocrx_word' id='word_1_195' title='bbox 2764 1472 2914 1529; x_wconf 89' lang='lat' dir='ltr'><strong>fuere</strong></span> <span class='ocrx_word' id='word_1_196' title='bbox 2953 1473 3149 1542; x_wconf 91' lang='lat' dir='ltr'><strong>dejecti</strong></span> <span class='ocrx_word' id='word_1_197' title='bbox 3181 1490 3194 1525; x_wconf 88' lang='lat'>:</span> <span class='ocrx_word' id='word_1_198' title='bbox 3241 1479 3296 1527; x_wconf 88' lang='lat' dir='ltr'><strong>et</strong></span> <span class='ocrx_word' id='word_1_199' title='bbox 3335 1472 3475 1526; x_wconf 83' lang='lat' dir='ltr'><strong>sicut</strong></span> 
     </span>
    </p>
   </div>
   <div class='ocr_carea' id='block_1_29' title="bbox 1879 1558 3474 1631">
    <p class='ocr_par' dir='ltr' id='par_1_29' title="bbox 1879 1558 3474 1631">
     <span class='ocr_line' id='line_1_29' title="bbox 1879 1558 3474 1631; baseline 0.001 -19"><span class='ocrx_word' id='word_1_200' title='bbox 1879 1558 2071 1613; x_wconf 91' lang='lat' dir='ltr'><strong>melius</strong></span> <span class='ocrx_word' id='word_1_201' title='bbox 2101 1559 2361 1630; x_wconf 88' lang='lat' dir='ltr'><strong>sapientia</strong></span> <span class='ocrx_word' id='word_1_202' title='bbox 2401 1571 2586 1618; x_wconf 87' lang='lat' dir='ltr'><strong>vestra</strong></span> <span class='ocrx_word' id='word_1_203' title='bbox 2626 1562 2795 1628; x_wconf 87' lang='lat' dir='ltr'><strong>novit,</strong></span> <span class='ocrx_word' id='word_1_204' title='bbox 2841 1561 2982 1617; x_wconf 87' lang='lat' dir='ltr'><strong>sacri</strong></span> <span class='ocrx_word' id='word_1_205' title='bbox 3025 1576 3263 1616; x_wconf 89' lang='lat' dir='ltr'><strong>canones</strong></span> <span class='ocrx_word' id='word_1_206' title='bbox 3301 1575 3474 1631; x_wconf 89' lang='lat' dir='ltr'><strong>usque</strong></span> 
     </span>
    </p>
   </div>
   <div class='ocr_carea' id='block_1_30' title="bbox 1880 1647 3474 1713">
    <p class='ocr_par' dir='ltr' id='par_1_30' title="bbox 1880 1647 3474 1713">
     <span class='ocr_line' id='line_1_30' title="bbox 1880 1647 3474 1713; baseline 0.001 -12"><span class='ocrx_word' id='word_1_207' title='bbox 1880 1647 1948 1702; x_wconf 90' lang='lat' dir='ltr'><strong>ad</strong></span> <span class='ocrx_word' id='word_1_208' title='bbox 1981 1647 2215 1704; x_wconf 90' lang='lat' dir='ltr'><strong>similem</strong></span> <span class='ocrx_word' id='word_1_209' title='bbox 2245 1651 2820 1708; x_wconf 87' lang='lat' dir='ltr'><strong>excommunicationis</strong></span> <span class='ocrx_word' id='word_1_210' title='bbox 2833 1650 3126 1706; x_wconf 89' lang='lat' dir='ltr'><strong>vindictam</strong></span> <span class='ocrx_word' id='word_1_211' title='bbox 3157 1649 3474 1713; x_wconf 90' lang='lat' dir='ltr'><strong>decernunt,</strong></span> 
     </span>
    </p>
   </div>
   <div class='ocr_carea' id='block_1_31' title="bbox 180 1735 3476 1820">
    <p class='ocr_par' dir='ltr' id='par_1_31' title="bbox 180 1735 3476 1820">
     <span class='ocr_line' id='line_1_31' title="bbox 180 1735 3476 1820; baseline -0.001 -28"><span class='ocrx_word' id='word_1_212' title='bbox 180 1735 484 1808; x_wconf 73' lang='lat' dir='ltr'><strong>Gregorius</strong></span> <span class='ocrx_word' id='word_1_213' title='bbox 518 1736 588 1790; x_wconf 90' lang='lat' dir='ltr'><strong>ad</strong></span> <span class='ocrx_word' id='word_1_214' title='bbox 621 1735 914 1790; x_wconf 84' lang='lat' dir='ltr'><strong>Maximum</strong></span> <span class='ocrx_word' id='word_1_215' title='bbox 953 1735 1273 1807; x_wconf 90' lang='lat' dir='ltr'><strong>episcopum</strong></span> <span class='ocrx_word' id='word_1_216' title='bbox 1322 1735 1691 1790; x_wconf 90' lang='lat' dir='ltr'><strong>Salonitanum</strong></span> <span class='ocrx_word' id='word_1_217' title='bbox 1719 1736 1786 1790; x_wconf 91' lang='lat' dir='ltr'><strong>de</strong></span> <span class='ocrx_word' id='word_1_218' title='bbox 1811 1744 1939 1820; x_wconf 84' lang='lat' dir='ltr'><strong>But</strong></span> <span class='ocrx_word' id='word_1_219' title='bbox 1974 1736 2044 1790; x_wconf 89' lang='lat' dir='ltr'><strong>ab</strong></span> <span class='ocrx_word' id='word_1_220' title='bbox 2065 1736 2188 1792; x_wconf 91' lang='lat' dir='ltr'><strong>aliis</strong></span> <span class='ocrx_word' id='word_1_221' title='bbox 2219 1739 2416 1808; x_wconf 88' lang='lat' dir='ltr'><strong>dejecti</strong></span> <span class='ocrx_word' id='word_1_222' title='bbox 2444 1741 2513 1796; x_wconf 88' lang='lat' dir='ltr'><strong>ab</strong></span> <span class='ocrx_word' id='word_1_223' title='bbox 2543 1740 2662 1795; x_wconf 89' lang='lat' dir='ltr'><strong>aliis</strong></span> <span class='ocrx_word' id='word_1_224' title='bbox 2707 1755 2816 1794; x_wconf 91' lang='lat' dir='ltr'><strong>non</strong></span> <span class='ocrx_word' id='word_1_225' title='bbox 2859 1739 3214 1809; x_wconf 89' lang='lat' dir='ltr'><strong>recipiantur,</strong></span> <span class='ocrx_word' id='word_1_226' title='bbox 3254 1737 3476 1792; x_wconf 89' lang='lat' dir='ltr'><strong>minime</strong></span> 
     </span>
    </p>
   </div>
   <div class='ocr_carea' id='block_1_32' title="bbox 171 1825 1780 1898">
    <p class='ocr_par' dir='ltr' id='par_1_32' title="bbox 171 1825 1780 1898">
     <span class='ocr_line' id='line_1_32' title="bbox 171 1825 1780 1898; baseline -0.001 -17"><span class='ocrx_word' id='word_1_227' title='bbox 171 1826 392 1881; x_wconf 73' lang='lat' dir='ltr'><strong>Andr-ea</strong></span> <span class='ocrx_word' id='word_1_228' title='bbox 420 1825 658 1881; x_wconf 88' lang='lat' dir='ltr'><strong>diacono</strong></span> <span class='ocrx_word' id='word_1_229' title='bbox 690 1825 819 1880; x_wconf 87' lang='lat' dir='ltr'><strong>dicit</strong></span> <span class='ocrx_word' id='word_1_230' title='bbox 853 1827 1040 1898; x_wconf 80' lang='lat' dir='ltr'><strong>(epist.</strong></span> <span class='ocrx_word' id='word_1_231' title='bbox 1068 1828 1190 1890; x_wconf 75' lang='grc'><strong>125,</strong></span> <span class='ocrx_word' id='word_1_232' title='bbox 1231 1827 1324 1882; x_wconf 79' lang='lat' dir='ltr'><strong>lib.</strong></span> <span class='ocrx_word' id='word_1_233' title='bbox 1359 1827 1480 1895; x_wconf 86' lang='lat' dir='ltr'><strong>vn),</strong></span> <span class='ocrx_word' id='word_1_234' title='bbox 1516 1825 1645 1897; x_wconf 87' lang='lat' dir='ltr'><strong>quia</strong></span> <span class='ocrx_word' id='word_1_235' title='bbox 1674 1825 1780 1880; x_wconf 86' lang='lat' dir='ltr'><strong>ﬂa-</strong></span> 
     </span>
    </p>
   </div>
   <div class='ocr_carea' id='block_1_33' title="bbox 174 1913 1782 1988">
    <p class='ocr_par' dir='ltr' id='par_1_33' title="bbox 174 1913 1782 1988">
     <span class='ocr_line' id='line_1_33' title="bbox 174 1913 1782 1988; baseline 0 -19"><span class='ocrx_word' id='word_1_236' title='bbox 174 1913 328 1988; x_wconf 80' lang='lat' dir='ltr'><strong>gitari</strong></span> <span class='ocrx_word' id='word_1_237' title='bbox 343 1913 618 1982; x_wconf 88' lang='lat' dir='ltr'><strong>judicium</strong></span> <span class='ocrx_word' id='word_1_238' title='bbox 642 1929 753 1968; x_wconf 88' lang='lat' dir='ltr'><strong>non</strong></span> <span class='ocrx_word' id='word_1_239' title='bbox 773 1914 936 1970; x_wconf 89' lang='lat' dir='ltr'><strong>debet</strong></span> <span class='ocrx_word' id='word_1_240' title='bbox 965 1914 1034 1968; x_wconf 91' lang='lat' dir='ltr'><strong>de</strong></span> <span class='ocrx_word' id='word_1_241' title='bbox 1065 1929 1232 1969; x_wconf 88' lang='lat' dir='ltr'><strong>causa</strong></span> <span class='ocrx_word' id='word_1_242' title='bbox 1261 1930 1425 1986; x_wconf 89' lang='lat' dir='ltr'><strong>quam</strong></span> <span class='ocrx_word' id='word_1_243' title='bbox 1470 1914 1589 1985; x_wconf 91' lang='lat' dir='ltr'><strong>ipse</strong></span> <span class='ocrx_word' id='word_1_244' title='bbox 1629 1915 1782 1983; x_wconf 83' lang='lat' dir='ltr'><strong>judi-</strong></span> 
     </span>
    </p>
   </div>
   <div class='ocr_carea' id='block_1_34' title="bbox 173 2001 1782 2074">
    <p class='ocr_par' dir='ltr' id='par_1_34' title="bbox 173 2001 1782 2074">
     <span class='ocr_line' id='line_1_34' title="bbox 173 2001 1782 2074; baseline -0.001 -15"><span class='ocrx_word' id='word_1_245' title='bbox 173 2003 328 2059; x_wconf 83' lang='lat' dir='ltr'><strong>cavit.</strong></span> <span class='ocrx_word' id='word_1_246' title='bbox 364 2001 478 2058; x_wconf 89' lang='lat' dir='ltr'><strong>Sed</strong></span> <span class='ocrx_word' id='word_1_247' title='bbox 507 2002 633 2074; x_wconf 90' lang='lat' dir='ltr'><strong>quia</strong></span> <span class='ocrx_word' id='word_1_248' title='bbox 665 2009 978 2074; x_wconf 91' lang='lat' dir='ltr'><strong>contempta</strong></span> <span class='ocrx_word' id='word_1_249' title='bbox 1006 2001 1182 2057; x_wconf 86' lang='lat' dir='ltr'><strong>fuerat</strong></span> <span class='ocrx_word' id='word_1_250' title='bbox 1229 2003 1472 2060; x_wconf 88' lang='lat' dir='ltr'><strong>indebita</strong></span> <span class='ocrx_word' id='word_1_251' title='bbox 1508 2019 1782 2074; x_wconf 83' lang='lat' dir='ltr'><strong>prasum-</strong></span> 
     </span>
    </p>
   </div>
   <div class='ocr_carea' id='block_1_35' title="bbox 165 2090 1782 2163">
    <p class='ocr_par' dir='ltr' id='par_1_35' title="bbox 165 2090 1782 2163">
     <span class='ocr_line' id='line_1_35' title="bbox 165 2090 1782 2163; baseline 0 -17"><span class='ocrx_word' id='word_1_252' title='bbox 165 2092 367 2162; x_wconf 88' lang='lat' dir='ltr'><strong>ptione,</strong></span> <span class='ocrx_word' id='word_1_253' title='bbox 402 2106 515 2146; x_wconf 92' lang='lat' dir='ltr'><strong>non</strong></span> <span class='ocrx_word' id='word_1_254' title='bbox 544 2091 722 2146; x_wconf 89' lang='lat' dir='ltr'><strong>solum</strong></span> <span class='ocrx_word' id='word_1_255' title='bbox 753 2090 1002 2146; x_wconf 79' lang='lat' dir='ltr'><strong>diﬂinitio</strong></span> <span class='ocrx_word' id='word_1_256' title='bbox 1052 2108 1153 2162; x_wconf 86' lang='lat' dir='ltr'><strong>syn</strong></span> <span class='ocrx_word' id='word_1_257' title='bbox 1167 2091 1347 2146; x_wconf 89' lang='lat' dir='ltr'><strong>odalis</strong></span> <span class='ocrx_word' id='word_1_258' title='bbox 1379 2091 1782 2163; x_wconf 90' lang='lat' dir='ltr'><strong>episcoporum,</strong></span> 
     </span>
    </p>
   </div>
   <div class='ocr_carea' id='block_1_36' title="bbox 172 2179 1786 2252">
    <p class='ocr_par' dir='ltr' id='par_1_36' title="bbox 172 2179 1786 2252">
     <span class='ocr_line' id='line_1_36' title="bbox 172 2179 1786 2252; baseline 0 -16"><span class='ocrx_word' id='word_1_259' title='bbox 172 2182 268 2236; x_wconf 86' lang='lat' dir='ltr'><strong>sed</strong></span> <span class='ocrx_word' id='word_1_260' title='bbox 293 2189 350 2236; x_wconf 88' lang='lat' dir='ltr'><strong>et</strong></span> <span class='ocrx_word' id='word_1_261' title='bbox 382 2179 701 2252; x_wconf 86' lang='lat' dir='ltr'><strong>apostolica</strong></span> <span class='ocrx_word' id='word_1_262' title='bbox 746 2180 892 2236; x_wconf 89' lang='lat' dir='ltr'><strong>sedis</strong></span> <span class='ocrx_word' id='word_1_263' title='bbox 937 2180 1122 2244; x_wconf 87' lang='lat' dir='ltr'><strong>domui</strong></span> <span class='ocrx_word' id='word_1_264' title='bbox 1169 2181 1443 2236; x_wconf 88' lang='lat' dir='ltr'><strong>Benedicti</strong></span> <span class='ocrx_word' id='word_1_265' title='bbox 1484 2197 1639 2252; x_wconf 84' lang='lat' dir='ltr'><strong>papa</strong></span> <span class='ocrx_word' id='word_1_266' title='bbox 1689 2196 1786 2236; x_wconf 89' lang='lat' dir='ltr'><strong>au-</strong></span> 
     </span>
    </p>
   </div>
   <div class='ocr_carea' id='block_1_37' title="bbox 166 2269 1787 2340">
    <p class='ocr_par' dir='ltr' id='par_1_37' title="bbox 166 2269 1787 2340">
     <span class='ocr_line' id='line_1_37' title="bbox 166 2269 1787 2340; baseline 0 -16"><span class='ocrx_word' id='word_1_267' title='bbox 166 2269 410 2336; x_wconf 89' lang='lat' dir='ltr'><strong>ctoritas,</strong></span> <span class='ocrx_word' id='word_1_268' title='bbox 463 2269 864 2340; x_wconf 89' lang='lat' dir='ltr'><strong>opportunitate</strong></span> <span class='ocrx_word' id='word_1_269' title='bbox 927 2269 1178 2335; x_wconf 88' lang='lat' dir='ltr'><strong>inventa,</strong></span> <span class='ocrx_word' id='word_1_270' title='bbox 1249 2286 1350 2340; x_wconf 92' lang='lat' dir='ltr'><strong>per</strong></span> <span class='ocrx_word' id='word_1_271' title='bbox 1415 2269 1787 2324; x_wconf 88' lang='lat' dir='ltr'><strong>venerabilem</strong></span> 
     </span>
    </p>
   </div>
   <div class='ocr_carea' id='block_1_38' title="bbox 167 2357 1788 2428">
    <p class='ocr_par' dir='ltr' id='par_1_38' title="bbox 167 2357 1788 2428">
     <span class='ocr_line' id='line_1_38' title="bbox 167 2357 1788 2428; baseline -0.001 -14"><span class='ocrx_word' id='word_1_272' title='bbox 167 2359 397 2415; x_wconf 80' lang='lat' dir='ltr'><strong>fratrem</strong></span> <span class='ocrx_word' id='word_1_273' title='bbox 444 2367 500 2413; x_wconf 89' lang='lat' dir='ltr'><strong>et</strong></span> <span class='ocrx_word' id='word_1_274' title='bbox 546 2357 937 2428; x_wconf 87' lang='lat' dir='ltr'><strong>coepiscopum</strong></span> <span class='ocrx_word' id='word_1_275' title='bbox 985 2367 1235 2413; x_wconf 91' lang='lat' dir='ltr'><strong>nostrum</strong></span> <span class='ocrx_word' id='word_1_276' title='bbox 1278 2359 1567 2413; x_wconf 88' lang='lat' dir='ltr'><strong>Hodonem</strong></span> <span class='ocrx_word' id='word_1_277' title='bbox 1603 2375 1788 2414; x_wconf 83' lang='lat' dir='ltr'><strong>exem-</strong></span> 
     </span>
    </p>
   </div>
   <div class='ocr_carea' id='block_1_39' title="bbox 172 2445 1786 2520">
    <p class='ocr_par' dir='ltr' id='par_1_39' title="bbox 172 2445 1786 2520">
     <span class='ocr_line' id='line_1_39' title="bbox 172 2445 1786 2520; baseline 0 -18"><span class='ocrx_word' id='word_1_278' title='bbox 172 2447 288 2519; x_wconf 82' lang='lat' dir='ltr'><strong>plar</strong></span> <span class='ocrx_word' id='word_1_279' title='bbox 315 2446 602 2520; x_wconf 79' lang='lat' dir='ltr'><strong>privilegii</strong></span> <span class='ocrx_word' id='word_1_280' title='bbox 640 2447 828 2502; x_wconf 88' lang='lat' dir='ltr'><strong>domui</strong></span> <span class='ocrx_word' id='word_1_281' title='bbox 879 2447 1157 2502; x_wconf 90' lang='lat' dir='ltr'><strong>Benedicti</strong></span> <span class='ocrx_word' id='word_1_282' title='bbox 1197 2447 1299 2501; x_wconf 90' lang='lat' dir='ltr'><strong>sub</strong></span> <span class='ocrx_word' id='word_1_283' title='bbox 1342 2445 1471 2502; x_wconf 84' lang='lat' dir='ltr'><strong>ﬁdei</strong></span> <span class='ocrx_word' id='word_1_284' title='bbox 1520 2447 1786 2518; x_wconf 87' lang='lat' dir='ltr'><strong>astipula-</strong></span> 
     </span>
    </p>
   </div>
   <div class='ocr_carea' id='block_1_40' title="bbox 173 2535 1786 2606">
    <p class='ocr_par' dir='ltr' id='par_1_40' title="bbox 173 2535 1786 2606">
     <span class='ocr_line' id='line_1_40' title="bbox 173 2535 1786 2606; baseline 0 -16"><span class='ocrx_word' id='word_1_285' title='bbox 173 2537 318 2593; x_wconf 89' lang='lat' dir='ltr'><strong>tione</strong></span> <span class='ocrx_word' id='word_1_286' title='bbox 351 2536 606 2606; x_wconf 85' lang='lat' dir='ltr'><strong>dirigens</strong></span> <span class='ocrx_word' id='word_1_287' title='bbox 634 2535 822 2591; x_wconf 91' lang='lat' dir='ltr'><strong>domui</strong></span> <span class='ocrx_word' id='word_1_288' title='bbox 850 2535 1066 2590; x_wconf 90' lang='lat' dir='ltr'><strong>Nicolai</strong></span> <span class='ocrx_word' id='word_1_289' title='bbox 1096 2550 1254 2606; x_wconf 87' lang='lat' dir='ltr'><strong>papa</strong></span> <span class='ocrx_word' id='word_1_290' title='bbox 1283 2535 1603 2600; x_wconf 82' lang='lat' dir='ltr'><strong>auctoritati,</strong></span> <span class='ocrx_word' id='word_1_291' title='bbox 1631 2536 1699 2590; x_wconf 89' lang='lat' dir='ltr'><strong>ab</strong></span> <span class='ocrx_word' id='word_1_292' title='bbox 1721 2551 1786 2590; x_wconf 93' lang='lat' dir='ltr'><strong>eo</strong></span> 
     </span>
    </p>
   </div>
   <div class='ocr_carea' id='block_1_41' title="bbox 174 2623 1783 2696">
    <p class='ocr_par' dir='ltr' id='par_1_41' title="bbox 174 2623 1783 2696">
     <span class='ocr_line' id='line_1_41' title="bbox 174 2623 1783 2696; baseline -0.002 -15"><span class='ocrx_word' id='word_1_293' title='bbox 174 2625 316 2696; x_wconf 85' lang='lat' dir='ltr'><strong>quod</strong></span> <span class='ocrx_word' id='word_1_294' title='bbox 347 2641 485 2680; x_wconf 90' lang='lat' dir='ltr'><strong>suus</strong></span> <span class='ocrx_word' id='word_1_295' title='bbox 501 2625 768 2680; x_wconf 89' lang='lat' dir='ltr'><strong>decessor</strong></span> <span class='ocrx_word' id='word_1_296' title='bbox 797 2623 1111 2679; x_wconf 89' lang='lat' dir='ltr'><strong>firmaverat</strong></span> <span class='ocrx_word' id='word_1_297' title='bbox 1147 2623 1492 2679; x_wconf 91' lang='lat' dir='ltr'><strong>corroborari</strong></span> <span class='ocrx_word' id='word_1_298' title='bbox 1521 2625 1783 2695; x_wconf 87' lang='lat' dir='ltr'><strong>peposci:</strong></span> 
     </span>
    </p>
   </div>
   <div class='ocr_carea' id='block_1_42' title="bbox 178 2713 1786 2786">
    <p class='ocr_par' dir='ltr' id='par_1_42' title="bbox 178 2713 1786 2786">
     <span class='ocr_line' id='line_1_42' title="bbox 178 2713 1786 2786; baseline -0.001 -18"><span class='ocrx_word' id='word_1_299' title='bbox 178 2730 282 2769; x_wconf 94' lang='lat' dir='ltr'><strong>non</strong></span> <span class='ocrx_word' id='word_1_300' title='bbox 311 2715 387 2770; x_wconf 84' lang='lat' dir='ltr'><strong>ad</strong></span> <span class='ocrx_word' id='word_1_301' title='bbox 417 2713 696 2783; x_wconf 89' lang='lat' dir='ltr'><strong>injuriam,</strong></span> <span class='ocrx_word' id='word_1_302' title='bbox 728 2713 874 2786; x_wconf 91' lang='lat' dir='ltr'><strong>quod</strong></span> <span class='ocrx_word' id='word_1_303' title='bbox 901 2713 1059 2776; x_wconf 90' lang='lat' dir='ltr'><strong>absit,</strong></span> <span class='ocrx_word' id='word_1_304' title='bbox 1092 2713 1240 2768; x_wconf 90' lang='lat' dir='ltr'><strong>sedis</strong></span> <span class='ocrx_word' id='word_1_305' title='bbox 1269 2713 1604 2784; x_wconf 87' lang='lat' dir='ltr'><strong>apostolica,</strong></span> <span class='ocrx_word' id='word_1_306' title='bbox 1630 2713 1786 2784; x_wconf 88' lang='lat' dir='ltr'><strong>quasi</strong></span> 
     </span>
    </p>
   </div>
   <div class='ocr_carea' id='block_1_43' title="bbox 179 2801 1787 2874">
    <p class='ocr_par' dir='ltr' id='par_1_43' title="bbox 179 2801 1787 2874">
     <span class='ocr_line' id='line_1_43' title="bbox 179 2801 1787 2874; baseline -0.001 -16"><span class='ocrx_word' id='word_1_307' title='bbox 179 2804 294 2872; x_wconf 86' lang='lat' dir='ltr'><strong>ejus</strong></span> <span class='ocrx_word' id='word_1_308' title='bbox 320 2803 508 2858; x_wconf 83' lang='lat' dir='ltr'><strong>adhuc</strong></span> <span class='ocrx_word' id='word_1_309' title='bbox 537 2802 597 2857; x_wconf 93' lang='lat' dir='ltr'><strong>in</strong></span> <span class='ocrx_word' id='word_1_310' title='bbox 624 2801 939 2874; x_wconf 83' lang='lat' dir='ltr'><strong>ambiguum</strong></span> <span class='ocrx_word' id='word_1_311' title='bbox 975 2801 1244 2856; x_wconf 86' lang='lat' dir='ltr'><strong>sententia</strong></span> <span class='ocrx_word' id='word_1_312' title='bbox 1281 2802 1601 2871; x_wconf 86' lang='lat' dir='ltr'><strong>duceretur,</strong></span> <span class='ocrx_word' id='word_1_313' title='bbox 1633 2810 1687 2856; x_wconf 89' lang='lat' dir='ltr'><strong>et</strong></span> <span class='ocrx_word' id='word_1_314' title='bbox 1714 2802 1787 2856; x_wconf 92' lang='lat' dir='ltr'><strong>ob</strong></span> 
     </span>
    </p>
   </div>
   <div class='ocr_carea' id='block_1_44' title="bbox 182 2889 1789 2962">
    <p class='ocr_par' dir='ltr' id='par_1_44' title="bbox 182 2889 1789 2962">
     <span class='ocr_line' id='line_1_44' title="bbox 182 2889 1789 2962; baseline -0.001 -16"><span class='ocrx_word' id='word_1_315' title='bbox 182 2891 236 2947; x_wconf 88' lang='lat' dir='ltr'><strong>id</strong></span> <span class='ocrx_word' id='word_1_316' title='bbox 261 2907 374 2947; x_wconf 88' lang='lat' dir='ltr'><strong>non</strong></span> <span class='ocrx_word' id='word_1_317' title='bbox 407 2889 725 2946; x_wconf 78' lang='lat' dir='ltr'><strong>suﬁicerent</strong></span> <span class='ocrx_word' id='word_1_318' title='bbox 755 2907 877 2962; x_wconf 82' lang='lat' dir='ltr'><strong>qua</strong></span> <span class='ocrx_word' id='word_1_319' title='bbox 905 2889 974 2944; x_wconf 89' lang='lat' dir='ltr'><strong>ab</strong></span> <span class='ocrx_word' id='word_1_320' title='bbox 1007 2904 1074 2944; x_wconf 88' lang='lat' dir='ltr'><strong>ea</strong></span> <span class='ocrx_word' id='word_1_321' title='bbox 1103 2890 1272 2944; x_wconf 90' lang='lat' dir='ltr'><strong>semel</strong></span> <span class='ocrx_word' id='word_1_322' title='bbox 1293 2890 1482 2946; x_wconf 91' lang='lat' dir='ltr'><strong>domni</strong></span> <span class='ocrx_word' id='word_1_323' title='bbox 1510 2889 1789 2946; x_wconf 88' lang='lat' dir='ltr'><strong>Benedicti</strong></span> 
     </span>
    </p>
   </div>
   <div class='ocr_carea' id='block_1_45' title="bbox 185 2979 1788 3052">
    <p class='ocr_par' dir='ltr' id='par_1_45' title="bbox 185 2979 1788 3052">
     <span class='ocr_line' id='line_1_45' title="bbox 185 2979 1788 3052; baseline -0.001 -17"><span class='ocrx_word' id='word_1_324' title='bbox 185 2997 335 3052; x_wconf 83' lang='lat' dir='ltr'><strong>papa</strong></span> <span class='ocrx_word' id='word_1_325' title='bbox 367 2979 722 3046; x_wconf 85' lang='lat' dir='ltr'><strong>auctoritate,</strong></span> <span class='ocrx_word' id='word_1_326' title='bbox 751 2987 812 3033; x_wconf 91' lang='lat' dir='ltr'><strong>ut</strong></span> <span class='ocrx_word' id='word_1_327' title='bbox 857 2979 984 3034; x_wconf 91' lang='lat' dir='ltr'><strong>inde</strong></span> <span class='ocrx_word' id='word_1_328' title='bbox 1032 2979 1261 3050; x_wconf 86' lang='lat' dir='ltr'><strong>quastio</strong></span> <span class='ocrx_word' id='word_1_329' title='bbox 1298 2979 1460 3032; x_wconf 92' lang='lat' dir='ltr'><strong>nullis</strong></span> <span class='ocrx_word' id='word_1_330' title='bbox 1497 2979 1788 3050; x_wconf 87' lang='lat' dir='ltr'><strong>aliquando</strong></span> 
     </span>
    </p>
   </div>
   <div class='ocr_carea' id='block_1_46' title="bbox 185 3067 1787 3140">
    <p class='ocr_par' dir='ltr' id='par_1_46' title="bbox 185 3067 1787 3140">
     <span class='ocr_line' id='line_1_46' title="bbox 185 3067 1787 3140; baseline 0.001 -17"><span class='ocrx_word' id='word_1_331' title='bbox 185 3069 520 3140; x_wconf 86' lang='lat' dir='ltr'><strong>temporibus</strong></span> <span class='ocrx_word' id='word_1_332' title='bbox 543 3068 767 3135; x_wconf 89' lang='lat' dir='ltr'><strong>oriatur,</strong></span> <span class='ocrx_word' id='word_1_333' title='bbox 801 3075 855 3123; x_wconf 91' lang='lat' dir='ltr'><strong>et</strong></span> <span class='ocrx_word' id='word_1_334' title='bbox 884 3067 1191 3138; x_wconf 86' lang='lat' dir='ltr'><strong>aspirantes</strong></span> <span class='ocrx_word' id='word_1_335' title='bbox 1240 3068 1476 3122; x_wconf 87' lang='lat' dir='ltr'><strong>indebite</strong></span> <span class='ocrx_word' id='word_1_336' title='bbox 1519 3068 1787 3124; x_wconf 87' lang='lat' dir='ltr'><strong>anhelitus</strong></span> 
     </span>
    </p>
   </div>
   <div class='ocr_carea' id='block_1_47' title="bbox 185 3156 1784 3230">
    <p class='ocr_par' dir='ltr' id='par_1_47' title="bbox 185 3156 1784 3230">
     <span class='ocr_line' id='line_1_47' title="bbox 185 3156 1784 3230; baseline -0.003 -14"><span class='ocrx_word' id='word_1_337' title='bbox 185 3157 487 3230; x_wconf 87' lang='lat' dir='ltr'><strong>compressi</strong></span> <span class='ocrx_word' id='word_1_338' title='bbox 514 3157 760 3212; x_wconf 88' lang='lat' dir='ltr'><strong>funditus</strong></span> <span class='ocrx_word' id='word_1_339' title='bbox 787 3165 1053 3228; x_wconf 89' lang='lat' dir='ltr'><strong>perpetuo</strong></span> <span class='ocrx_word' id='word_1_340' title='bbox 1090 3164 1364 3222; x_wconf 89' lang='lat' dir='ltr'><strong>maneant,</strong></span> <span class='ocrx_word' id='word_1_341' title='bbox 1403 3156 1617 3211; x_wconf 87' lang='lat' dir='ltr'><strong>fuerant</strong></span> <span class='ocrx_word' id='word_1_342' title='bbox 1645 3173 1784 3212; x_wconf 92' lang='lat' dir='ltr'><strong>con-</strong></span> 
     </span>
    </p>
   </div>
   <div class='ocr_carea' id='block_1_48' title="bbox 189 3246 1785 3318">
    <p class='ocr_par' dir='ltr' id='par_1_48' title="bbox 189 3246 1785 3318">
     <span class='ocr_line' id='line_1_48' title="bbox 189 3246 1785 3318; baseline -0.002 -15"><span class='ocrx_word' id='word_1_343' title='bbox 189 3247 398 3303; x_wconf 86' lang='lat' dir='ltr'><strong>ﬁrmata</strong></span> <span class='ocrx_word' id='word_1_344' title='bbox 428 3265 442 3300; x_wconf 91' lang='lat'><strong>:</strong></span> <span class='ocrx_word' id='word_1_345' title='bbox 478 3247 576 3301; x_wconf 90' lang='lat' dir='ltr'><strong>sed</strong></span> <span class='ocrx_word' id='word_1_346' title='bbox 609 3246 867 3318; x_wconf 89' lang='lat' dir='ltr'><strong>quoniam</strong></span> <span class='ocrx_word' id='word_1_347' title='bbox 897 3246 1114 3301; x_wconf 89' lang='lat' dir='ltr'><strong>incauta</strong></span> <span class='ocrx_word' id='word_1_348' title='bbox 1129 3246 1481 3316; x_wconf 89' lang='lat' dir='ltr'><strong>prasumptio</strong></span> <span class='ocrx_word' id='word_1_349' title='bbox 1502 3254 1556 3299; x_wconf 87' lang='lat' dir='ltr'><strong>ut</strong></span> <span class='ocrx_word' id='word_1_350' title='bbox 1577 3247 1785 3300; x_wconf 90' lang='lat' dir='ltr'><strong>consti-</strong></span> 
     </span>
    </p>
   </div>
   <div class='ocr_carea' id='block_1_49' title="bbox 187 3335 1784 3409">
    <p class='ocr_par' dir='ltr' id='par_1_49' title="bbox 187 3335 1784 3409">
     <span class='ocr_line' id='line_1_49' title="bbox 187 3335 1784 3409; baseline -0.001 -17"><span class='ocrx_word' id='word_1_351' title='bbox 187 3338 314 3392; x_wconf 86' lang='lat' dir='ltr'><strong>tutio</strong></span> <span class='ocrx_word' id='word_1_352' title='bbox 358 3335 742 3409; x_wconf 82' lang='lat' dir='ltr'><strong>geminaretur</strong></span> <span class='ocrx_word' id='word_1_353' title='bbox 803 3335 1004 3408; x_wconf 83' lang='lat' dir='ltr'><strong>exegit,</strong></span> <span class='ocrx_word' id='word_1_354' title='bbox 1073 3341 1343 3406; x_wconf 87' lang='lat' dir='ltr'><strong>quatenus</strong></span> <span class='ocrx_word' id='word_1_355' title='bbox 1399 3335 1445 3388; x_wconf 92' lang='lat' dir='ltr'><strong>si</strong></span> <span class='ocrx_word' id='word_1_356' title='bbox 1494 3335 1784 3391; x_wconf 89' lang='lat' dir='ltr'><strong>obstinatio</strong></span> 
     </span>
    </p>
   </div>
   <div class='ocr_carea' id='block_1_50' title="bbox 186 3423 1787 3498">
    <p class='ocr_par' dir='ltr' id='par_1_50' title="bbox 186 3423 1787 3498">
     <span class='ocr_line' id='line_1_50' title="bbox 186 3423 1787 3498; baseline -0.002 -17"><span class='ocrx_word' id='word_1_357' title='bbox 186 3441 510 3498; x_wconf 87' lang='lat' dir='ltr'><strong>permanere</strong></span> <span class='ocrx_word' id='word_1_358' title='bbox 540 3423 829 3494; x_wconf 79' lang='lat' dir='ltr'><strong>deligeret,</strong></span> <span class='ocrx_word' id='word_1_359' title='bbox 863 3441 923 3480; x_wconf 89' lang='lat' dir='ltr'><strong>se</strong></span> <span class='ocrx_word' id='word_1_360' title='bbox 951 3432 1075 3495; x_wconf 88' lang='lat' dir='ltr'><strong>post</strong></span> <span class='ocrx_word' id='word_1_361' title='bbox 1106 3431 1183 3478; x_wconf 90' lang='lat' dir='ltr'><strong>tot</strong></span> <span class='ocrx_word' id='word_1_362' title='bbox 1214 3423 1608 3494; x_wconf 90' lang='lat' dir='ltr'><strong>prohibitiones</strong></span> <span class='ocrx_word' id='word_1_363' title='bbox 1655 3423 1787 3478; x_wconf 73' lang='lat' dir='ltr'><strong>uitii-</strong></span> 
     </span>
    </p>
   </div>
   <div class='ocr_carea' id='block_1_51' title="bbox 185 3515 1784 3586">
    <p class='ocr_par' dir='ltr' id='par_1_51' title="bbox 185 3515 1784 3586">
     <span class='ocr_line' id='line_1_51' title="bbox 185 3515 1784 3586; baseline 0 -16"><span class='ocrx_word' id='word_1_364' title='bbox 185 3516 290 3570; x_wconf 87' lang='lat' dir='ltr'><strong>nita</strong></span> <span class='ocrx_word' id='word_1_365' title='bbox 319 3515 548 3586; x_wconf 88' lang='lat' dir='ltr'><strong>impune</strong></span> <span class='ocrx_word' id='word_1_366' title='bbox 596 3530 708 3569; x_wconf 92' lang='lat' dir='ltr'><strong>non</strong></span> <span class='ocrx_word' id='word_1_367' title='bbox 757 3529 921 3584; x_wconf 89' lang='lat' dir='ltr'><strong>posse</strong></span> <span class='ocrx_word' id='word_1_368' title='bbox 965 3521 1176 3568; x_wconf 89' lang='lat' dir='ltr'><strong>tentare</strong></span> <span class='ocrx_word' id='word_1_369' title='bbox 1221 3521 1602 3586; x_wconf 84' lang='lat' dir='ltr'><strong>cognosceret.</strong></span> <span class='ocrx_word' id='word_1_370' title='bbox 1656 3515 1784 3570; x_wconf 86' lang='lat' dir='ltr'><strong>Hac</strong></span> 
     </span>
    </p>
   </div>
   <div class='ocr_carea' id='block_1_52' title="bbox 183 3602 1784 3675">
    <p class='ocr_par' dir='ltr' id='par_1_52' title="bbox 183 3602 1784 3675">
     <span class='ocr_line' id='line_1_52' title="bbox 183 3602 1784 3675; baseline -0.002 -16"><span class='ocrx_word' id='word_1_371' title='bbox 183 3620 284 3661; x_wconf 91' lang='lat' dir='ltr'><strong>non</strong></span> <span class='ocrx_word' id='word_1_372' title='bbox 307 3621 414 3675; x_wconf 90' lang='lat' dir='ltr'><strong>per</strong></span> <span class='ocrx_word' id='word_1_373' title='bbox 443 3602 708 3658; x_wconf 86' lang='lat' dir='ltr'><strong>malitiam</strong></span> <span class='ocrx_word' id='word_1_374' title='bbox 737 3603 902 3669; x_wconf 88' lang='lat' dir='ltr'><strong>dicta,</strong></span> <span class='ocrx_word' id='word_1_375' title='bbox 955 3603 1053 3658; x_wconf 92' lang='lat' dir='ltr'><strong>sed</strong></span> <span class='ocrx_word' id='word_1_376' title='bbox 1094 3618 1163 3657; x_wconf 91' lang='lat' dir='ltr'><strong>ne</strong></span> <span class='ocrx_word' id='word_1_377' title='bbox 1211 3610 1269 3656; x_wconf 90' lang='lat' dir='ltr'><strong>ut</strong></span> <span class='ocrx_word' id='word_1_378' title='bbox 1318 3610 1640 3673; x_wconf 85' lang='lat' dir='ltr'><strong>putarentur</strong></span> <span class='ocrx_word' id='word_1_379' title='bbox 1681 3619 1784 3674; x_wconf 90' lang='lat' dir='ltr'><strong>per</strong></span> 
     </span>
    </p>
   </div>
   <div class='ocr_carea' id='block_1_53' title="bbox 182 3691 1785 3757">
    <p class='ocr_par' dir='ltr' id='par_1_53' title="bbox 182 3691 1785 3757">
     <span class='ocr_line' id='line_1_53' title="bbox 182 3691 1785 3757; baseline -0.002 -8"><span class='ocrx_word' id='word_1_380' title='bbox 182 3693 443 3750; x_wconf 77' lang='lat' dir='ltr'><strong>vafritiem</strong></span> <span class='ocrx_word' id='word_1_381' title='bbox 487 3692 670 3757; x_wconf 88' lang='lat' dir='ltr'><strong>tacita,</strong></span> <span class='ocrx_word' id='word_1_382' title='bbox 722 3691 790 3746; x_wconf 89' lang='lat' dir='ltr'><strong>ad</strong></span> <span class='ocrx_word' id='word_1_383' title='bbox 836 3699 1074 3746; x_wconf 88' lang='lat' dir='ltr'><strong>vestram</strong></span> <span class='ocrx_word' id='word_1_384' title='bbox 1123 3691 1364 3746; x_wconf 86' lang='lat' dir='ltr'><strong>notitiam</strong></span> <span class='ocrx_word' id='word_1_385' title='bbox 1412 3692 1785 3746; x_wconf 89' lang='lat' dir='ltr'><strong>necessarium</strong></span> 
     </span>
    </p>
   </div>
   <div class='ocr_carea' id='block_1_54' title="bbox 182 3780 1780 3854">
    <p class='ocr_par' dir='ltr' id='par_1_54' title="bbox 182 3780 1780 3854">
     <span class='ocr_line' id='line_1_54' title="bbox 182 3780 1780 3854; baseline -0.001 -17"><span class='ocrx_word' id='word_1_386' title='bbox 182 3782 302 3837; x_wconf 83' lang='lat' dir='ltr'><strong>duxi</strong></span> <span class='ocrx_word' id='word_1_387' title='bbox 330 3781 660 3854; x_wconf 89' lang='lat' dir='ltr'><strong>perducere,</strong></span> <span class='ocrx_word' id='word_1_388' title='bbox 695 3780 787 3852; x_wconf 88' lang='lat' dir='ltr'><strong>qui</strong></span> <span class='ocrx_word' id='word_1_389' title='bbox 815 3781 1073 3836; x_wconf 88' lang='lat' dir='ltr'><strong>canonice</strong></span> <span class='ocrx_word' id='word_1_390' title='bbox 1121 3789 1316 3835; x_wconf 90' lang='lat' dir='ltr'><strong>cuncta</strong></span> <span class='ocrx_word' id='word_1_391' title='bbox 1360 3797 1462 3850; x_wconf 87' lang='lat' dir='ltr'><strong>per</strong></span> <span class='ocrx_word' id='word_1_392' title='bbox 1509 3781 1780 3850; x_wconf 89' lang='lat' dir='ltr'><strong>ordinem,</strong></span> 
     </span>
    </p>
   </div>
   <div class='ocr_carea' id='block_1_55' title="bbox 184 3868 1786 3944">
    <p class='ocr_par' dir='ltr' id='par_1_55' title="bbox 184 3868 1786 3944">
     <span class='ocr_line' id='line_1_55' title="bbox 184 3868 1786 3944; baseline -0.001 -18"><span class='ocrx_word' id='word_1_393' title='bbox 184 3888 302 3944; x_wconf 89' lang='lat' dir='ltr'><strong>qua</strong></span> <span class='ocrx_word' id='word_1_394' title='bbox 329 3871 386 3926; x_wconf 87' lang='lat' dir='ltr'><strong>in</strong></span> <span class='ocrx_word' id='word_1_395' title='bbox 418 3869 653 3942; x_wconf 84' lang='lat' dir='ltr'><strong>prafato</strong></span> <span class='ocrx_word' id='word_1_396' title='bbox 681 3868 847 3924; x_wconf 85' lang='lat' dir='ltr'><strong>fratre</strong></span> <span class='ocrx_word' id='word_1_397' title='bbox 876 3878 1064 3924; x_wconf 90' lang='lat' dir='ltr'><strong>nostro</strong></span> <span class='ocrx_word' id='word_1_398' title='bbox 1093 3869 1324 3923; x_wconf 81' lang='lat' dir='ltr'><strong>Vulfado</strong></span> <span class='ocrx_word' id='word_1_399' title='bbox 1346 3877 1396 3924; x_wconf 86' lang='lat' dir='ltr'><strong>et</strong></span> <span class='ocrx_word' id='word_1_400' title='bbox 1414 3869 1644 3942; x_wconf 85' lang='lat' dir='ltr'><strong>collegis</strong></span> <span class='ocrx_word' id='word_1_401' title='bbox 1667 3871 1786 3939; x_wconf 88' lang='lat' dir='ltr'><strong>ejus</strong></span> 
     </span>
    </p>
   </div>
   <div class='ocr_carea' id='block_1_56' title="bbox 187 3958 1787 4034">
    <p class='ocr_par' dir='ltr' id='par_1_56' title="bbox 187 3958 1787 4034">
     <span class='ocr_line' id='line_1_56' title="bbox 187 3958 1787 4034; baseline -0.002 -18"><span class='ocrx_word' id='word_1_402' title='bbox 187 3969 336 4034; x_wconf 82' lang='lat' dir='ltr'><strong>gesta</strong></span> <span class='ocrx_word' id='word_1_403' title='bbox 367 3967 518 4024; x_wconf 91' lang='lat' dir='ltr'><strong>sunt,</strong></span> <span class='ocrx_word' id='word_1_404' title='bbox 568 3959 868 4015; x_wconf 90' lang='lat' dir='ltr'><strong>secundum</strong></span> <span class='ocrx_word' id='word_1_405' title='bbox 915 3958 1334 4028; x_wconf 88' lang='lat' dir='ltr'><strong>praceptionem</strong></span> <span class='ocrx_word' id='word_1_406' title='bbox 1384 3958 1569 4013; x_wconf 90' lang='lat' dir='ltr'><strong>domui</strong></span> <span class='ocrx_word' id='word_1_407' title='bbox 1613 3959 1787 4014; x_wconf 90' lang='lat' dir='ltr'><strong>nostri</strong></span> 
     </span>
    </p>
   </div>
   <div class='ocr_carea' id='block_1_57' title="bbox 186 4047 1786 4122">
    <p class='ocr_par' dir='ltr' id='par_1_57' title="bbox 186 4047 1786 4122">
     <span class='ocr_line' id='line_1_57' title="bbox 186 4047 1786 4122; baseline -0.003 -18"><span class='ocrx_word' id='word_1_408' title='bbox 186 4066 354 4122; x_wconf 82' lang='lat' dir='ltr'><strong>papa,</strong></span> <span class='ocrx_word' id='word_1_409' title='bbox 389 4047 708 4104; x_wconf 84' lang='lat' dir='ltr'><strong>examinare</strong></span> <span class='ocrx_word' id='word_1_410' title='bbox 729 4055 780 4103; x_wconf 91' lang='lat' dir='ltr'><strong>et</strong></span> <span class='ocrx_word' id='word_1_411' title='bbox 810 4047 1057 4101; x_wconf 87' lang='lat' dir='ltr'><strong>subtilius</strong></span> <span class='ocrx_word' id='word_1_412' title='bbox 1089 4047 1434 4119; x_wconf 86' lang='lat' dir='ltr'><strong>investigare,</strong></span> <span class='ocrx_word' id='word_1_413' title='bbox 1481 4055 1532 4101; x_wconf 92' lang='lat' dir='ltr'><strong>et</strong></span> <span class='ocrx_word' id='word_1_414' title='bbox 1563 4047 1610 4101; x_wconf 90' lang='lat' dir='ltr'><strong>si</strong></span> <span class='ocrx_word' id='word_1_415' title='bbox 1659 4047 1786 4118; x_wconf 90' lang='lat' dir='ltr'><strong>quid</strong></span> 
     </span>
    </p>
   </div>
   <div class='ocr_carea' id='block_1_58' title="bbox 184 4135 1786 4210">
    <p class='ocr_par' dir='ltr' id='par_1_58' title="bbox 184 4135 1786 4210">
     <span class='ocr_line' id='line_1_58' title="bbox 184 4135 1786 4210; baseline -0.001 -16"><span class='ocrx_word' id='word_1_416' title='bbox 184 4139 386 4208; x_wconf 83' lang='lat' dir='ltr'><strong>justum</strong></span> <span class='ocrx_word' id='word_1_417' title='bbox 416 4138 680 4210; x_wconf 88' lang='lat' dir='ltr'><strong>piumque</strong></span> <span class='ocrx_word' id='word_1_418' title='bbox 707 4153 929 4192; x_wconf 88' lang='lat' dir='ltr'><strong>sensum</strong></span> <span class='ocrx_word' id='word_1_419' title='bbox 959 4135 1136 4202; x_wconf 90' lang='lat' dir='ltr'><strong>fuerit,</strong></span> <span class='ocrx_word' id='word_1_420' title='bbox 1177 4136 1246 4191; x_wconf 89' lang='lat' dir='ltr'><strong>de</strong></span> <span class='ocrx_word' id='word_1_421' title='bbox 1275 4136 1490 4191; x_wconf 89' lang='lat' dir='ltr'><strong>illorum</strong></span> <span class='ocrx_word' id='word_1_422' title='bbox 1525 4135 1786 4192; x_wconf 89' lang='lat' dir='ltr'><strong>reforma-</strong></span> 
     </span>
    </p>
   </div>
   <div class='ocr_carea' id='block_1_59' title="bbox 191 4224 1784 4298">
    <p class='ocr_par' dir='ltr' id='par_1_59' title="bbox 191 4224 1784 4298">
     <span class='ocr_line' id='line_1_59' title="bbox 191 4224 1784 4298; baseline -0.001 -16"><span class='ocrx_word' id='word_1_423' title='bbox 191 4227 333 4284; x_wconf 84' lang='lat' dir='ltr'><strong>tione</strong></span> <span class='ocrx_word' id='word_1_424' title='bbox 362 4227 581 4282; x_wconf 90' lang='lat' dir='ltr'><strong>debetis</strong></span> <span class='ocrx_word' id='word_1_425' title='bbox 601 4224 886 4298; x_wconf 84' lang='lat' dir='ltr'><strong>perticere,</strong></span> <span class='ocrx_word' id='word_1_426' title='bbox 919 4241 988 4279; x_wconf 91' lang='lat' dir='ltr'><strong>ne</strong></span> <span class='ocrx_word' id='word_1_427' title='bbox 1019 4225 1148 4296; x_wconf 88' lang='lat' dir='ltr'><strong>quid</strong></span> <span class='ocrx_word' id='word_1_428' title='bbox 1172 4224 1312 4279; x_wconf 85' lang='lat' dir='ltr'><strong>forte</strong></span> <span class='ocrx_word' id='word_1_429' title='bbox 1355 4226 1784 4295; x_wconf 77' lang='lat' dir='ltr'><strong>praetermissum</strong></span> 
     </span>
    </p>
   </div>
   <div class='ocr_carea' id='block_1_60' title="bbox 191 4313 1785 4387">
    <p class='ocr_par' dir='ltr' id='par_1_60' title="bbox 191 4313 1785 4387">
     <span class='ocr_line' id='line_1_60' title="bbox 191 4313 1785 4387; baseline -0.003 -15"><span class='ocrx_word' id='word_1_430' title='bbox 191 4317 453 4384; x_wconf 81' lang='lat' dir='ltr'><strong>videatur,</strong></span> <span class='ocrx_word' id='word_1_431' title='bbox 489 4315 637 4387; x_wconf 90' lang='lat' dir='ltr'><strong>quod</strong></span> <span class='ocrx_word' id='word_1_432' title='bbox 669 4314 824 4370; x_wconf 90' lang='lat' dir='ltr'><strong>vobis</strong></span> <span class='ocrx_word' id='word_1_433' title='bbox 855 4313 1017 4382; x_wconf 91' lang='lat' dir='ltr'><strong>scire,</strong></span> <span class='ocrx_word' id='word_1_434' title='bbox 1051 4323 1104 4367; x_wconf 89' lang='lat' dir='ltr'><strong>et</strong></span> <span class='ocrx_word' id='word_1_435' title='bbox 1138 4314 1282 4368; x_wconf 92' lang='lat' dir='ltr'><strong>unde</strong></span> <span class='ocrx_word' id='word_1_436' title='bbox 1313 4328 1346 4368; x_wconf 90' lang='lat' dir='ltr'><strong>a</strong></span> <span class='ocrx_word' id='word_1_437' title='bbox 1389 4313 1543 4368; x_wconf 88' lang='lat' dir='ltr'><strong>vobis</strong></span> <span class='ocrx_word' id='word_1_438' title='bbox 1585 4330 1785 4370; x_wconf 81' lang='lat' dir='ltr'><strong>conve-</strong></span> 
     </span>
    </p>
   </div>
   <div class='ocr_carea' id='block_1_61' title="bbox 193 4403 573 4461">
    <p class='ocr_par' dir='ltr' id='par_1_61' title="bbox 193 4403 573 4461">
     <span class='ocr_line' id='line_1_61' title="bbox 193 4403 573 4461; baseline -0.008 0"><span class='ocrx_word' id='word_1_439' title='bbox 193 4405 302 4461; x_wconf 86' lang='lat' dir='ltr'><strong>niat</strong></span> <span class='ocrx_word' id='word_1_440' title='bbox 327 4403 573 4460; x_wconf 80' lang='lat' dir='ltr'><strong>diﬂiniri.</strong></span> 
     </span>
    </p>
   </div>
   <div class='ocr_carea' id='block_1_62' title="bbox 739 4491 1230 4548">
    <p class='ocr_par' dir='ltr' id='par_1_62' title="bbox 739 4491 1230 4548">
     <span class='ocr_line' id='line_1_62' title="bbox 739 4491 1230 4548; baseline -0.004 0"><span class='ocrx_word' id='word_1_441' title='bbox 739 4491 1079 4548; x_wconf 88' lang='lat' dir='ltr'><strong>EPISTOLA</strong></span> <span class='ocrx_word' id='word_1_442' title='bbox 1116 4493 1230 4546; x_wconf 82' lang='lat' dir='ltr'><strong>VII.</strong></span> 
     </span>
    </p>
   </div>
   <div class='ocr_carea' id='block_1_63' title="bbox 680 4595 1290 4638">
    <p class='ocr_par' dir='ltr' id='par_1_63' title="bbox 680 4595 1290 4638">
     <span class='ocr_line' id='line_1_63' title="bbox 680 4595 1290 4638; baseline 0.005 -3"><span class='ocrx_word' id='word_1_443' title='bbox 680 4596 754 4636; x_wconf 79' lang='lat' dir='ltr'><strong>AD</strong></span> <span class='ocrx_word' id='word_1_444' title='bbox 783 4595 1065 4636; x_wconf 71' lang='lat' dir='ltr'><strong>NICOLAUM</strong></span> <span class='ocrx_word' id='word_1_445' title='bbox 1086 4595 1290 4638; x_wconf 76' lang='grc' dir='ltr'><strong>ΡΛΡΑΜ.</strong></span> 
     </span>
    </p>
   </div>
   <div class='ocr_carea' id='block_1_64' title="bbox 191 4670 1786 4795">
    <p class='ocr_par' dir='ltr' id='par_1_64' title="bbox 191 4670 1786 4795">
     <span class='ocr_line' id='line_1_64' title="bbox 191 4670 1786 4795; baseline -0.003 -65"><span class='ocrx_word' id='word_1_446' title='bbox 191 4675 297 4729; x_wconf 82' lang='lat' dir='ltr'><strong>Per</strong></span> <span class='ocrx_word' id='word_1_447' title='bbox 307 4674 601 4745; x_wconf 81' lang='lat' dir='ltr'><strong>Egilonem</strong></span> <span class='ocrx_word' id='word_1_448' title='bbox 613 4673 789 4726; x_wconf 78' lang='lat' dir='ltr'><strong>missa</strong></span> <span class='ocrx_word' id='word_1_449' title='bbox 819 4687 950 4726; x_wconf 83' lang='lat' dir='ltr'><strong>cum</strong></span> <span class='ocrx_word' id='word_1_450' title='bbox 970 4673 1116 4795; x_wconf 54' lang='grc' dir='ltr'><strong>ιιιέῗὲ</strong></span> <span class='ocrx_word' id='word_1_451' title='bbox 1133 4670 1328 4741; x_wconf 80' lang='lat' dir='ltr'><strong>synodi</strong></span> <span class='ocrx_word' id='word_1_452' title='bbox 1365 4671 1786 4727; x_wconf 77' lang='lat' dir='ltr'><strong>Suessionensz’s</strong></span> 
     </span>
     <span class='ocr_line' id='line_1_65' title="bbox 841 4759 1136 4795; baseline 0 0"><span class='ocrx_word' id='word_1_453' title='bbox 841 4759 992 4795; x_wconf 80' lang='lat' dir='ltr'><strong>anno</strong></span> <span class='ocrx_word' id='word_1_454' title='bbox 1123 4783 1136 4795; x_wconf 91' lang='lat'><strong>.</strong></span> 
     </span>
    </p>
   </div>
   <div class='ocr_carea' id='block_1_65' title="bbox 841 4759 1136 4798">
    <p class='ocr_par' dir='ltr' id='par_1_65' title="bbox 841 4759 1136 4798">
     <span class='ocr_line' id='line_1_66' title="bbox 841 4759 1136 4798; baseline -0.007 0"><span class='ocrx_word' id='word_1_455' title='bbox 841 4759 992 4798; x_wconf 81' lang='lat' dir='ltr'><strong>anno</strong></span> <span class='ocrx_word' id='word_1_456' title='bbox 1015 4759 1136 4796; x_wconf 76' lang='grc' dir='ltr'><strong>δοῦ.</strong></span> 
     </span>
    </p>
   </div>
   <div class='ocr_carea' id='block_1_66' title="bbox 727 4829 1258 4903">
    <p class='ocr_par' dir='ltr' id='par_1_66' title="bbox 727 4829 1258 4903">
     <span class='ocr_line' id='line_1_67' title="bbox 727 4829 1258 4903; baseline -0.006 -17"><span class='ocrx_word' id='word_1_457' title='bbox 727 4831 914 4903; x_wconf 86' lang='lat' dir='ltr'><strong>(Apud</strong></span> <span class='ocrx_word' id='word_1_458' title='bbox 956 4829 1258 4899; x_wconf 88' lang='lat' dir='ltr'><strong>eumdem.)</strong></span> 
     </span>
    </p>
   </div>
   <div class='ocr_carea' id='block_1_67' title="bbox 259 4935 1786 4996">
    <p class='ocr_par' dir='ltr' id='par_1_67' title="bbox 259 4935 1786 4996">
     <span class='ocr_line' id='line_1_68' title="bbox 259 4935 1786 4996; baseline -0.003 0"><span class='ocrx_word' id='word_1_459' title='bbox 259 4940 494 4996; x_wconf 90' lang='lat' dir='ltr'><strong>Domino</strong></span> <span class='ocrx_word' id='word_1_460' title='bbox 521 4937 868 4995; x_wconf 87' lang='lat' dir='ltr'><strong>sanctissimo</strong></span> <span class='ocrx_word' id='word_1_461' title='bbox 889 4945 942 4992; x_wconf 86' lang='lat' dir='ltr'><strong>et</strong></span> <span class='ocrx_word' id='word_1_462' title='bbox 970 4936 1412 4992; x_wconf 89' lang='lat' dir='ltr'><strong>reverentissimo</strong></span> <span class='ocrx_word' id='word_1_463' title='bbox 1434 4935 1649 4992; x_wconf 89' lang='lat' dir='ltr'><strong>Patrum</strong></span> <span class='ocrx_word' id='word_1_464' title='bbox 1681 4937 1786 4992; x_wconf 88' lang='lat' dir='ltr'><strong>Pa-</strong></span> 
     </span>
    </p>
   </div>
   <div class='ocr_carea' id='block_1_68' title="bbox 191 5025 1789 5098">
    <p class='ocr_par' dir='ltr' id='par_1_68' title="bbox 191 5025 1789 5098">
     <span class='ocr_line' id='line_1_69' title="bbox 191 5025 1789 5098; baseline -0.003 -14"><span class='ocrx_word' id='word_1_465' title='bbox 191 5029 260 5084; x_wconf 89' lang='lat' dir='ltr'><strong>tri</strong></span> <span class='ocrx_word' id='word_1_466' title='bbox 278 5029 548 5094; x_wconf 72' lang='lat' dir='ltr'><strong>NICOLAO,</strong></span> <span class='ocrx_word' id='word_1_467' title='bbox 581 5026 772 5098; x_wconf 82' lang='lat' dir='ltr'><strong>prima</strong></span> <span class='ocrx_word' id='word_1_468' title='bbox 801 5041 866 5082; x_wconf 86' lang='lat' dir='ltr'><strong>ac</strong></span> <span class='ocrx_word' id='word_1_469' title='bbox 917 5041 1142 5081; x_wconf 90' lang='lat' dir='ltr'><strong>summa</strong></span> <span class='ocrx_word' id='word_1_470' title='bbox 1186 5026 1332 5081; x_wconf 91' lang='lat' dir='ltr'><strong>sedis</strong></span> <span class='ocrx_word' id='word_1_471' title='bbox 1379 5025 1690 5096; x_wconf 84' lang='lat' dir='ltr'><strong>apostolica</strong></span> <span class='ocrx_word' id='word_1_472' title='bbox 1735 5033 1789 5080; x_wconf 91' lang='lat' dir='ltr'><strong>et</strong></span> 
     </span>
    </p>
   </div>
   <div class='ocr_carea' id='block_1_69' title="bbox 187 5114 1788 5186">
    <p class='ocr_par' dir='ltr' id='par_1_69' title="bbox 187 5114 1788 5186">
     <span class='ocr_line' id='line_1_70' title="bbox 187 5114 1788 5186; baseline -0.002 -14"><span class='ocrx_word' id='word_1_473' title='bbox 187 5117 504 5173; x_wconf 86' lang='lat' dir='ltr'><strong>universalis</strong></span> <span class='ocrx_word' id='word_1_474' title='bbox 533 5115 798 5172; x_wconf 89' lang='lat' dir='ltr'><strong>Ecclesia</strong></span> <span class='ocrx_word' id='word_1_475' title='bbox 837 5130 1014 5186; x_wconf 90' lang='lat' dir='ltr'><strong>papa,</strong></span> <span class='ocrx_word' id='word_1_476' title='bbox 1060 5115 1408 5184; x_wconf 74' lang='lat' dir='ltr'><strong>Hmamaus,</strong></span> <span class='ocrx_word' id='word_1_477' title='bbox 1459 5114 1788 5170; x_wconf 84' lang='lat' dir='ltr'><strong>Rhemorum</strong></span> 
     </span>
    </p>
   </div>
   <div class='ocr_carea' id='block_1_70' title="bbox 189 5202 1786 5278">
    <p class='ocr_par' dir='ltr' id='par_1_70' title="bbox 189 5202 1786 5278">
     <span class='ocr_line' id='line_1_71' title="bbox 189 5202 1786 5278; baseline -0.001 -18"><span class='ocrx_word' id='word_1_478' title='bbox 189 5208 496 5278; x_wconf 79' lang='lat' dir='ltr'><strong>episcopus,</strong></span> <span class='ocrx_word' id='word_1_479' title='bbox 529 5213 585 5259; x_wconf 91' lang='lat' dir='ltr'><strong>et</strong></span> <span class='ocrx_word' id='word_1_480' title='bbox 613 5213 812 5261; x_wconf 84' lang='lat' dir='ltr'><strong>vestra</strong></span> <span class='ocrx_word' id='word_1_481' title='bbox 839 5203 1200 5260; x_wconf 85' lang='lat' dir='ltr'><strong>sanctissima</strong></span> <span class='ocrx_word' id='word_1_482' title='bbox 1240 5202 1578 5274; x_wconf 89' lang='lat' dir='ltr'><strong>paternitatis</strong></span> <span class='ocrx_word' id='word_1_483' title='bbox 1621 5203 1786 5258; x_wconf 90' lang='lat' dir='ltr'><strong>devo-</strong></span> 
     </span>
    </p>
   </div>
   <div class='ocr_carea' id='block_1_71' title="bbox 192 5293 716 5351">
    <p class='ocr_par' dir='ltr' id='par_1_71' title="bbox 192 5293 716 5351">
     <span class='ocr_line' id='line_1_72' title="bbox 192 5293 716 5351; baseline -0.004 -1"><span class='ocrx_word' id='word_1_484' title='bbox 192 5295 430 5351; x_wconf 86' lang='lat' dir='ltr'><strong>tissimus</strong></span> <span class='ocrx_word' id='word_1_485' title='bbox 462 5293 716 5350; x_wconf 86' lang='lat' dir='ltr'><strong>famulus.</strong></span> 
     </span>
    </p>
   </div>
   <div class='ocr_carea' id='block_1_72' title="bbox 257 5378 1787 5456">
    <p class='ocr_par' dir='ltr' id='par_1_72' title="bbox 257 5378 1787 5456">
     <span class='ocr_line' id='line_1_73' title="bbox 257 5378 1787 5456; baseline -0.003 -15"><span class='ocrx_word' id='word_1_486' title='bbox 257 5385 485 5441; x_wconf 91' lang='lat' dir='ltr'><strong>Decimo</strong></span> <span class='ocrx_word' id='word_1_487' title='bbox 533 5383 722 5456; x_wconf 89' lang='lat' dir='ltr'><strong>quinto</strong></span> <span class='ocrx_word' id='word_1_488' title='bbox 764 5379 992 5437; x_wconf 85' lang='lat' dir='ltr'><strong>Kalend.</strong></span> <span class='ocrx_word' id='word_1_489' title='bbox 1052 5378 1408 5452; x_wconf 86' lang='lat' dir='ltr'><strong>Septembris,</strong></span> <span class='ocrx_word' id='word_1_490' title='bbox 1474 5379 1787 5437; x_wconf 90' lang='lat' dir='ltr'><strong>indictionis</strong></span> 
     </span>
    </p>
   </div>
   <div class='ocr_carea' id='block_1_73' title="bbox 190 5469 1785 5542">
    <p class='ocr_par' dir='ltr' id='par_1_73' title="bbox 190 5469 1785 5542">
     <span class='ocr_line' id='line_1_74' title="bbox 190 5469 1785 5542; baseline -0.002 -14"><span class='ocrx_word' id='word_1_491' title='bbox 190 5487 310 5539; x_wconf 77' lang='lat' dir='ltr'><strong>11v,</strong></span> <span class='ocrx_word' id='word_1_492' title='bbox 339 5473 644 5528; x_wconf 88' lang='lat' dir='ltr'><strong>secundum</strong></span> <span class='ocrx_word' id='word_1_493' title='bbox 671 5479 910 5527; x_wconf 85' lang='lat' dir='ltr'><strong>vestram</strong></span> <span class='ocrx_word' id='word_1_494' title='bbox 948 5470 1304 5542; x_wconf 87' lang='lat' dir='ltr'><strong>apostolicam</strong></span> <span class='ocrx_word' id='word_1_495' title='bbox 1345 5469 1668 5538; x_wconf 88' lang='lat' dir='ltr'><strong>jussionem,</strong></span> <span class='ocrx_word' id='word_1_496' title='bbox 1715 5471 1785 5525; x_wconf 91' lang='lat' dir='ltr'><strong>ad</strong></span> 
     </span>
    </p>
   </div>
   <div class='ocr_carea' id='block_1_74' title="bbox 188 5558 1786 5631">
    <p class='ocr_par' dir='ltr' id='par_1_74' title="bbox 188 5558 1786 5631">
     <span class='ocr_line' id='line_1_75' title="bbox 188 5558 1786 5631; baseline -0.003 -14"><span class='ocrx_word' id='word_1_497' title='bbox 188 5561 514 5619; x_wconf 76' lang='lat' dir='ltr'><strong>Suessot&#39;um</strong></span> <span class='ocrx_word' id='word_1_498' title='bbox 543 5558 836 5631; x_wconf 70' lang='lat' dir='ltr'><strong>civitatem;</strong></span> <span class='ocrx_word' id='word_1_499' title='bbox 889 5572 1015 5616; x_wconf 91' lang='lat' dir='ltr'><strong>cum</strong></span> <span class='ocrx_word' id='word_1_500' title='bbox 1042 5559 1296 5614; x_wconf 87' lang='lat' dir='ltr'><strong>fratribus</strong></span> <span class='ocrx_word' id='word_1_501' title='bbox 1343 5570 1405 5613; x_wconf 83' lang='lat' dir='ltr'><strong>ac</strong></span> <span class='ocrx_word' id='word_1_502' title='bbox 1445 5559 1786 5630; x_wconf 88' lang='lat' dir='ltr'><strong>coepiscopis</strong></span> 
     </span>
    </p>
   </div>
   <div class='ocr_carea' id='block_1_75' title="bbox 1817 3118 1866 3181">
    <p class='ocr_par' dir='ltr' id='par_1_75' title="bbox 1817 3118 1866 3181">
     <span class='ocr_line' id='line_1_76' title="bbox 1817 3118 1866 3181; baseline 0 0"><span class='ocrx_word' id='word_1_503' title='bbox 1817 3118 1866 3181; x_wconf 89' lang='lat' dir='ltr'>C</span> 
     </span>
    </p>
   </div>
   <div class='ocr_carea' id='block_1_76' title="bbox 1883 1825 3477 1899">
    <p class='ocr_par' dir='ltr' id='par_1_76' title="bbox 1883 1825 3477 1899">
     <span class='ocr_line' id='line_1_77' title="bbox 1883 1825 3477 1899; baseline 0.001 -20"><span class='ocrx_word' id='word_1_504' title='bbox 1883 1833 2060 1880; x_wconf 88' lang='lat' dir='ltr'><strong>autem</strong></span> <span class='ocrx_word' id='word_1_505' title='bbox 2081 1827 2450 1899; x_wconf 89' lang='lat' dir='ltr'><strong>restituantur,</strong></span> <span class='ocrx_word' id='word_1_506' title='bbox 2483 1830 2580 1885; x_wconf 89' lang='lat' dir='ltr'><strong>sed</strong></span> <span class='ocrx_word' id='word_1_507' title='bbox 2625 1837 2716 1884; x_wconf 88' lang='lat' dir='ltr'><strong>aut</strong></span> <span class='ocrx_word' id='word_1_508' title='bbox 2759 1828 3076 1885; x_wconf 90' lang='lat' dir='ltr'><strong>eorumdem</strong></span> <span class='ocrx_word' id='word_1_509' title='bbox 3119 1835 3209 1881; x_wconf 88' lang='lat' dir='ltr'><strong>aut</strong></span> <span class='ocrx_word' id='word_1_510' title='bbox 3252 1825 3477 1895; x_wconf 90' lang='lat' dir='ltr'><strong>majoris</strong></span> 
     </span>
    </p>
   </div>
   <div class='ocr_carea' id='block_1_77' title="bbox 1885 1913 3480 1988">
    <p class='ocr_par' dir='ltr' id='par_1_77' title="bbox 1885 1913 3480 1988">
     <span class='ocr_line' id='line_1_78' title="bbox 1885 1913 3480 1988; baseline -0.001 -18"><span class='ocrx_word' id='word_1_511' title='bbox 1885 1913 2099 1970; x_wconf 89' lang='lat' dir='ltr'><strong>concilii</strong></span> <span class='ocrx_word' id='word_1_512' title='bbox 2130 1915 2512 1988; x_wconf 89' lang='lat' dir='ltr'><strong>episc0porum</strong></span> <span class='ocrx_word' id='word_1_513' title='bbox 2543 1917 2890 1973; x_wconf 81' lang='lat' dir='ltr'><strong>dil’ﬁnitiones</strong></span> <span class='ocrx_word' id='word_1_514' title='bbox 2919 1932 2982 1972; x_wconf 89' lang='lat' dir='ltr'><strong>ac</strong></span> <span class='ocrx_word' id='word_1_515' title='bbox 3016 1915 3224 1985; x_wconf 89' lang='lat' dir='ltr'><strong>judicia</strong></span> <span class='ocrx_word' id='word_1_516' title='bbox 3253 1922 3480 1986; x_wconf 88' lang='lat' dir='ltr'><strong>prasto-</strong></span> 
     </span>
    </p>
   </div>
   <div class='ocr_carea' id='block_1_78' title="bbox 1882 2001 3479 2078">
    <p class='ocr_par' dir='ltr' id='par_1_78' title="bbox 1882 2001 3479 2078">
     <span class='ocr_line' id='line_1_79' title="bbox 1882 2001 3479 2078; baseline 0.001 -22"><span class='ocrx_word' id='word_1_517' title='bbox 1882 2001 2082 2072; x_wconf 90' lang='lat' dir='ltr'><strong>lentur,</strong></span> <span class='ocrx_word' id='word_1_518' title='bbox 2116 2004 2349 2060; x_wconf 89' lang='lat' dir='ltr'><strong>aliorum</strong></span> <span class='ocrx_word' id='word_1_519' title='bbox 2372 2023 2508 2078; x_wconf 91' lang='lat' dir='ltr'><strong>opus</strong></span> <span class='ocrx_word' id='word_1_520' title='bbox 2537 2008 2592 2062; x_wconf 92' lang='lat' dir='ltr'><strong>in</strong></span> <span class='ocrx_word' id='word_1_521' title='bbox 2617 2007 2836 2062; x_wconf 90' lang='lat' dir='ltr'><strong>illorum</strong></span> <span class='ocrx_word' id='word_1_522' title='bbox 2875 2003 3212 2061; x_wconf 90' lang='lat' dir='ltr'><strong>restitutione</strong></span> <span class='ocrx_word' id='word_1_523' title='bbox 3241 2003 3479 2058; x_wconf 88' lang='lat' dir='ltr'><strong>nullate-</strong></span> 
     </span>
    </p>
   </div>
   <div class='ocr_carea' id='block_1_79' title="bbox 1885 2090 3478 2168">
    <p class='ocr_par' dir='ltr' id='par_1_79' title="bbox 1885 2090 3478 2168">
     <span class='ocr_line' id='line_1_80' title="bbox 1885 2090 3478 2168; baseline 0 -23"><span class='ocrx_word' id='word_1_524' title='bbox 1885 2107 1989 2146; x_wconf 91' lang='lat' dir='ltr'><strong>nus</strong></span> <span class='ocrx_word' id='word_1_525' title='bbox 2011 2108 2276 2164; x_wconf 88' lang='lat' dir='ltr'><strong>usurpare</strong></span> <span class='ocrx_word' id='word_1_526' title='bbox 2303 2094 2627 2166; x_wconf 78' lang='lat' dir='ltr'><strong>praesumpsi</strong></span> <span class='ocrx_word' id='word_1_527' title='bbox 2657 2111 2792 2168; x_wconf 90' lang='lat' dir='ltr'><strong>quos</strong></span> <span class='ocrx_word' id='word_1_528' title='bbox 2823 2109 2946 2150; x_wconf 91' lang='lat' dir='ltr'><strong>meo</strong></span> <span class='ocrx_word' id='word_1_529' title='bbox 2987 2092 3210 2148; x_wconf 89' lang='lat' dir='ltr'><strong>arbitrio</strong></span> <span class='ocrx_word' id='word_1_530' title='bbox 3239 2093 3310 2147; x_wconf 91' lang='lat' dir='ltr'><strong>ab</strong></span> <span class='ocrx_word' id='word_1_531' title='bbox 3357 2090 3478 2146; x_wconf 78' lang='lat' dir='ltr'><strong>otii-</strong></span> 
     </span>
    </p>
   </div>
   <div class='ocr_carea' id='block_1_80' title="bbox 1887 2179 3480 2256">
    <p class='ocr_par' dir='ltr' id='par_1_80' title="bbox 1887 2179 3480 2256">
     <span class='ocr_line' id='line_1_81' title="bbox 1887 2179 3480 2256; baseline -0.001 -21"><span class='ocrx_word' id='word_1_532' title='bbox 1887 2179 1971 2236; x_wconf 92' lang='lat' dir='ltr'><strong>cio</strong></span> <span class='ocrx_word' id='word_1_533' title='bbox 2000 2196 2110 2236; x_wconf 91' lang='lat' dir='ltr'><strong>non</strong></span> <span class='ocrx_word' id='word_1_534' title='bbox 2139 2184 2418 2254; x_wconf 90' lang='lat' dir='ltr'><strong>suspendi,</strong></span> <span class='ocrx_word' id='word_1_535' title='bbox 2451 2194 2505 2240; x_wconf 92' lang='lat' dir='ltr'><strong>et</strong></span> <span class='ocrx_word' id='word_1_536' title='bbox 2533 2185 2589 2240; x_wconf 93' lang='lat' dir='ltr'><strong>in</strong></span> <span class='ocrx_word' id='word_1_537' title='bbox 2616 2184 2840 2256; x_wconf 88' lang='lat' dir='ltr'><strong>prafata</strong></span> <span class='ocrx_word' id='word_1_538' title='bbox 2868 2183 3078 2255; x_wconf 89' lang='lat' dir='ltr'><strong>synodo</strong></span> <span class='ocrx_word' id='word_1_539' title='bbox 3099 2182 3480 2252; x_wconf 88' lang='lat' dir='ltr'><strong>episcoporum</strong></span> 
     </span>
    </p>
   </div>
   <div class='ocr_carea' id='block_1_81' title="bbox 1887 2267 3483 2344">
    <p class='ocr_par' dir='ltr' id='par_1_81' title="bbox 1887 2267 3483 2344">
     <span class='ocr_line' id='line_1_82' title="bbox 1887 2267 3483 2344; baseline 0 -20"><span class='ocrx_word' id='word_1_540' title='bbox 1887 2269 2127 2342; x_wconf 91' lang='lat' dir='ltr'><strong>quinque</strong></span> <span class='ocrx_word' id='word_1_541' title='bbox 2157 2272 2578 2344; x_wconf 83' lang='lat' dir='ltr'><strong>provinciarum,</strong></span> <span class='ocrx_word' id='word_1_542' title='bbox 2612 2290 2722 2329; x_wconf 91' lang='lat' dir='ltr'><strong>non</strong></span> <span class='ocrx_word' id='word_1_543' title='bbox 2742 2280 2948 2328; x_wconf 90' lang='lat' dir='ltr'><strong>tantum</strong></span> <span class='ocrx_word' id='word_1_544' title='bbox 2977 2287 3083 2326; x_wconf 90' lang='lat' dir='ltr'><strong>non</strong></span> <span class='ocrx_word' id='word_1_545' title='bbox 3129 2269 3366 2340; x_wconf 87' lang='lat' dir='ltr'><strong>judicavi</strong></span> <span class='ocrx_word' id='word_1_546' title='bbox 3397 2267 3483 2324; x_wconf 89' lang='lat' dir='ltr'><strong>vel</strong></span> 
     </span>
    </p>
   </div>
   <div class='ocr_carea' id='block_1_82' title="bbox 1887 2358 3480 2432">
    <p class='ocr_par' dir='ltr' id='par_1_82' title="bbox 1887 2358 3480 2432">
     <span class='ocr_line' id='line_1_83' title="bbox 1887 2358 3480 2432; baseline 0 -20"><span class='ocrx_word' id='word_1_547' title='bbox 1887 2359 2080 2428; x_wconf 90' lang='lat' dir='ltr'><strong>dejeci,</strong></span> <span class='ocrx_word' id='word_1_548' title='bbox 2108 2375 2299 2415; x_wconf 91' lang='lat' dir='ltr'><strong>verum</strong></span> <span class='ocrx_word' id='word_1_549' title='bbox 2329 2378 2433 2418; x_wconf 90' lang='lat' dir='ltr'><strong>nec</strong></span> <span class='ocrx_word' id='word_1_550' title='bbox 2461 2378 2584 2418; x_wconf 91' lang='lat' dir='ltr'><strong>cum</strong></span> <span class='ocrx_word' id='word_1_551' title='bbox 2605 2362 2878 2432; x_wconf 89' lang='lat' dir='ltr'><strong>judicibus</strong></span> <span class='ocrx_word' id='word_1_552' title='bbox 2921 2377 3111 2416; x_wconf 89' lang='lat' dir='ltr'><strong>eorum</strong></span> <span class='ocrx_word' id='word_1_553' title='bbox 3159 2358 3480 2430; x_wconf 89' lang='lat' dir='ltr'><strong>subscripsi,</strong></span> 
     </span>
    </p>
   </div>
   <div class='ocr_carea' id='block_1_83' title="bbox 1889 2447 3480 2518">
    <p class='ocr_par' dir='ltr' id='par_1_83' title="bbox 1889 2447 3480 2518">
     <span class='ocr_line' id='line_1_84' title="bbox 1889 2447 3480 2518; baseline -0.001 -16"><span class='ocrx_word' id='word_1_554' title='bbox 1889 2448 2016 2518; x_wconf 89' lang='lat' dir='ltr'><strong>quia</strong></span> <span class='ocrx_word' id='word_1_555' title='bbox 2040 2448 2174 2502; x_wconf 89' lang='lat' dir='ltr'><strong>mihi</strong></span> <span class='ocrx_word' id='word_1_556' title='bbox 2204 2451 2510 2507; x_wconf 90' lang='lat' dir='ltr'><strong>commissa</strong></span> <span class='ocrx_word' id='word_1_557' title='bbox 2536 2451 2798 2507; x_wconf 90' lang='lat' dir='ltr'><strong>Ecclesia</strong></span> <span class='ocrx_word' id='word_1_558' title='bbox 2827 2449 2926 2505; x_wconf 83' lang='lat' dir='ltr'><strong>filii</strong></span> <span class='ocrx_word' id='word_1_559' title='bbox 2961 2447 3218 2504; x_wconf 88' lang='lat' dir='ltr'><strong>ﬁnitimos</strong></span> <span class='ocrx_word' id='word_1_560' title='bbox 3273 2447 3480 2516; x_wconf 83' lang='lat' dir='ltr'><strong>episco-</strong></span> 
     </span>
    </p>
   </div>
   <div class='ocr_carea' id='block_1_84' title="bbox 1885 2530 3478 2606">
    <p class='ocr_par' dir='ltr' id='par_1_84' title="bbox 1885 2530 3478 2606">
     <span class='ocr_line' id='line_1_85' title="bbox 1885 2530 3478 2606; baseline -0.002 -19"><span class='ocrx_word' id='word_1_561' title='bbox 1885 2547 1987 2603; x_wconf 91' lang='lat' dir='ltr'><strong>pos</strong></span> <span class='ocrx_word' id='word_1_562' title='bbox 2011 2533 2160 2602; x_wconf 87' lang='lat' dir='ltr'><strong>juxta</strong></span> <span class='ocrx_word' id='word_1_563' title='bbox 2191 2549 2427 2590; x_wconf 89' lang='lat' dir='ltr'><strong>canones</strong></span> <span class='ocrx_word' id='word_1_564' title='bbox 2460 2535 2814 2591; x_wconf 89' lang='lat' dir='ltr'><strong>Sardicenses</strong></span> <span class='ocrx_word' id='word_1_565' title='bbox 2839 2549 2942 2606; x_wconf 92' lang='lat' dir='ltr'><strong>pro</strong></span> <span class='ocrx_word' id='word_1_566' title='bbox 2978 2548 3147 2588; x_wconf 87' lang='lat' dir='ltr'><strong>causa</strong></span> <span class='ocrx_word' id='word_1_567' title='bbox 3177 2547 3274 2586; x_wconf 90' lang='lat' dir='ltr'><strong>sua</strong></span> <span class='ocrx_word' id='word_1_568' title='bbox 3303 2530 3478 2586; x_wconf 88' lang='lat' dir='ltr'><strong>inter-</strong></span> 
     </span>
    </p>
   </div>
   <div class='ocr_carea' id='block_1_85' title="bbox 1886 2617 3480 2696">
    <p class='ocr_par' dir='ltr' id='par_1_85' title="bbox 1886 2617 3480 2696">
     <span class='ocr_line' id='line_1_86' title="bbox 1886 2617 3480 2696; baseline -0.001 -20"><span class='ocrx_word' id='word_1_569' title='bbox 1886 2621 2175 2693; x_wconf 89' lang='lat' dir='ltr'><strong>pellarunt,</strong></span> <span class='ocrx_word' id='word_1_570' title='bbox 2209 2629 2264 2677; x_wconf 92' lang='lat' dir='ltr'><strong>et</strong></span> <span class='ocrx_word' id='word_1_571' title='bbox 2306 2623 2500 2680; x_wconf 83' lang='lat' dir='ltr'><strong>Africa</strong></span> <span class='ocrx_word' id='word_1_572' title='bbox 2544 2623 2839 2696; x_wconf 86' lang='lat' dir='ltr'><strong>provincia</strong></span> <span class='ocrx_word' id='word_1_573' title='bbox 2879 2637 3120 2678; x_wconf 88' lang='lat' dir='ltr'><strong>canones</strong></span> <span class='ocrx_word' id='word_1_574' title='bbox 3169 2617 3480 2690; x_wconf 90' lang='lat' dir='ltr'><strong>hujusmodi</strong></span> 
     </span>
    </p>
   </div>
   <div class='ocr_carea' id='block_1_86' title="bbox 1891 2708 3478 2783">
    <p class='ocr_par' dir='ltr' id='par_1_86' title="bbox 1891 2708 3478 2783">
     <span class='ocr_line' id='line_1_87' title="bbox 1891 2708 3478 2783; baseline -0.002 -17"><span class='ocrx_word' id='word_1_575' title='bbox 1891 2709 2100 2766; x_wconf 90' lang='lat' dir='ltr'><strong>vicinos</strong></span> <span class='ocrx_word' id='word_1_576' title='bbox 2131 2711 2417 2783; x_wconf 90' lang='lat' dir='ltr'><strong>episcopos</strong></span> <span class='ocrx_word' id='word_1_577' title='bbox 2457 2713 2664 2779; x_wconf 88' lang='lat' dir='ltr'><strong>audire,</strong></span> <span class='ocrx_word' id='word_1_578' title='bbox 2697 2719 2750 2768; x_wconf 90' lang='lat' dir='ltr'><strong>et</strong></span> <span class='ocrx_word' id='word_1_579' title='bbox 2778 2712 2916 2767; x_wconf 87' lang='lat' dir='ltr'><strong>inter</strong></span> <span class='ocrx_word' id='word_1_580' title='bbox 2959 2727 3055 2766; x_wconf 90' lang='lat' dir='ltr'><strong>eos</strong></span> <span class='ocrx_word' id='word_1_581' title='bbox 3097 2727 3162 2766; x_wconf 89' lang='lat' dir='ltr'><strong>ac</strong></span> <span class='ocrx_word' id='word_1_582' title='bbox 3197 2708 3478 2781; x_wconf 89' lang='lat' dir='ltr'><strong>proprium</strong></span> 
     </span>
    </p>
   </div>
   <div class='ocr_carea' id='block_1_87' title="bbox 1887 2796 3476 2872">
    <p class='ocr_par' dir='ltr' id='par_1_87' title="bbox 1887 2796 3476 2872">
     <span class='ocr_line' id='line_1_88' title="bbox 1887 2796 3476 2872; baseline -0.002 -17"><span class='ocrx_word' id='word_1_583' title='bbox 1887 2801 2203 2871; x_wconf 83' lang='lat' dir='ltr'><strong>episcOpum</strong></span> <span class='ocrx_word' id='word_1_584' title='bbox 2233 2804 2506 2864; x_wconf 86' lang='lat' dir='ltr'><strong>adhibitos</strong></span> <span class='ocrx_word' id='word_1_585' title='bbox 2537 2803 2608 2858; x_wconf 89' lang='lat' dir='ltr'><strong>ab</strong></span> <span class='ocrx_word' id='word_1_586' title='bbox 2639 2801 2719 2857; x_wconf 91' lang='lat' dir='ltr'><strong>eis</strong></span> <span class='ocrx_word' id='word_1_587' title='bbox 2747 2801 3037 2872; x_wconf 90' lang='lat' dir='ltr'><strong>episcopos</strong></span> <span class='ocrx_word' id='word_1_588' title='bbox 3060 2800 3252 2869; x_wconf 90' lang='lat' dir='ltr'><strong>jnbent</strong></span> <span class='ocrx_word' id='word_1_589' title='bbox 3285 2796 3476 2869; x_wconf 91' lang='lat' dir='ltr'><strong>queri-</strong></span> 
     </span>
    </p>
   </div>
   <div class='ocr_carea' id='block_1_88' title="bbox 1887 2889 3479 2958">
    <p class='ocr_par' dir='ltr' id='par_1_88' title="bbox 1887 2889 3479 2958">
     <span class='ocr_line' id='line_1_89' title="bbox 1887 2889 3479 2958; baseline -0.003 -13"><span class='ocrx_word' id='word_1_590' title='bbox 1887 2893 2126 2948; x_wconf 87' lang='lat' dir='ltr'><strong>moniam</strong></span> <span class='ocrx_word' id='word_1_591' title='bbox 2157 2895 2414 2950; x_wconf 85' lang='lat' dir='ltr'><strong>difﬁnire.</strong></span> <span class='ocrx_word' id='word_1_592' title='bbox 2449 2892 2604 2948; x_wconf 91' lang='lat' dir='ltr'><strong>Unde</strong></span> <span class='ocrx_word' id='word_1_593' title='bbox 2633 2889 2909 2946; x_wconf 89' lang='lat' dir='ltr'><strong>humiliter</strong></span> <span class='ocrx_word' id='word_1_594' title='bbox 2936 2890 3186 2955; x_wconf 88' lang='lat' dir='ltr'><strong>obsecro,</strong></span> <span class='ocrx_word' id='word_1_595' title='bbox 3235 2903 3306 2942; x_wconf 90' lang='lat' dir='ltr'><strong>ne</strong></span> <span class='ocrx_word' id='word_1_596' title='bbox 3379 2902 3479 2958; x_wconf 91' lang='lat' dir='ltr'><strong>pro</strong></span> 
     </span>
    </p>
   </div>
   <div class='ocr_carea' id='block_1_89' title="bbox 1887 2975 3480 3052">
    <p class='ocr_par' dir='ltr' id='par_1_89' title="bbox 1887 2975 3480 3052">
     <span class='ocr_line' id='line_1_90' title="bbox 1887 2975 3480 3052; baseline -0.003 -18"><span class='ocrx_word' id='word_1_597' title='bbox 1887 2980 2254 3039; x_wconf 88' lang='lat' dir='ltr'><strong>inobedientia</strong></span> <span class='ocrx_word' id='word_1_598' title='bbox 2283 2983 2415 3038; x_wconf 90' lang='lat' dir='ltr'><strong>mihi</strong></span> <span class='ocrx_word' id='word_1_599' title='bbox 2435 2981 2711 3052; x_wconf 90' lang='lat' dir='ltr'><strong>reputetis,</strong></span> <span class='ocrx_word' id='word_1_600' title='bbox 2744 2979 3000 3052; x_wconf 89' lang='lat' dir='ltr'><strong>quoniam</strong></span> <span class='ocrx_word' id='word_1_601' title='bbox 3029 2994 3126 3034; x_wconf 90' lang='lat' dir='ltr'><strong>eos</strong></span> <span class='ocrx_word' id='word_1_602' title='bbox 3155 2993 3264 3032; x_wconf 91' lang='lat' dir='ltr'><strong>non</strong></span> <span class='ocrx_word' id='word_1_603' title='bbox 3295 2975 3480 3031; x_wconf 89' lang='lat' dir='ltr'><strong>statim</strong></span> 
     </span>
    </p>
   </div>
   <div class='ocr_carea' id='block_1_90' title="bbox 1889 3064 3482 3144">
    <p class='ocr_par' dir='ltr' id='par_1_90' title="bbox 1889 3064 3482 3144">
     <span class='ocr_line' id='line_1_91' title="bbox 1889 3064 3482 3144; baseline -0.003 -21"><span class='ocrx_word' id='word_1_604' title='bbox 1889 3071 2114 3139; x_wconf 87' lang='lat' dir='ltr'><strong>restitui,</strong></span> <span class='ocrx_word' id='word_1_605' title='bbox 2149 3073 2242 3144; x_wconf 90' lang='lat' dir='ltr'><strong>qui</strong></span> <span class='ocrx_word' id='word_1_606' title='bbox 2271 3074 2341 3127; x_wconf 89' lang='lat' dir='ltr'><strong>ad</strong></span> <span class='ocrx_word' id='word_1_607' title='bbox 2371 3071 2658 3144; x_wconf 72' lang='lat' dir='ltr'><strong>synodum,</strong></span> <span class='ocrx_word' id='word_1_608' title='bbox 2693 3067 3199 3140; x_wconf 88' lang='lat' dir='ltr'><strong>sicutpracepistis,</strong></span> <span class='ocrx_word' id='word_1_609' title='bbox 3232 3067 3335 3120; x_wconf 90' lang='lat' dir='ltr'><strong>hoc</strong></span> <span class='ocrx_word' id='word_1_610' title='bbox 3363 3064 3482 3120; x_wconf 91' lang='lat' dir='ltr'><strong>solo</strong></span> 
     </span>
    </p>
   </div>
   <div class='ocr_carea' id='block_1_91' title="bbox 1887 3153 3480 3232">
    <p class='ocr_par' dir='ltr' id='par_1_91' title="bbox 1887 3153 3480 3232">
     <span class='ocr_line' id='line_1_92' title="bbox 1887 3153 3480 3232; baseline -0.004 -18"><span class='ocrx_word' id='word_1_611' title='bbox 1887 3176 2010 3215; x_wconf 92' lang='lat' dir='ltr'><strong>meo</strong></span> <span class='ocrx_word' id='word_1_612' title='bbox 2039 3177 2174 3215; x_wconf 90' lang='lat' dir='ltr'><strong>ausu</strong></span> <span class='ocrx_word' id='word_1_613' title='bbox 2205 3177 2370 3232; x_wconf 84' lang='lat' dir='ltr'><strong>agere</strong></span> <span class='ocrx_word' id='word_1_614' title='bbox 2401 3159 2610 3226; x_wconf 88' lang='lat' dir='ltr'><strong>viritus,</strong></span> <span class='ocrx_word' id='word_1_615' title='bbox 2657 3157 2978 3212; x_wconf 89' lang='lat' dir='ltr'><strong>obedienter</strong></span> <span class='ocrx_word' id='word_1_616' title='bbox 3022 3155 3252 3220; x_wconf 89' lang='lat' dir='ltr'><strong>occurri,</strong></span> <span class='ocrx_word' id='word_1_617' title='bbox 3300 3161 3354 3208; x_wconf 88' lang='lat' dir='ltr'><strong>et</strong></span> <span class='ocrx_word' id='word_1_618' title='bbox 3395 3153 3480 3207; x_wconf 88' lang='lat' dir='ltr'><strong>his</strong></span> 
     </span>
    </p>
   </div>
   <div class='ocr_carea' id='block_1_92' title="bbox 1887 3237 3480 3316">
    <p class='ocr_par' dir='ltr' id='par_1_92' title="bbox 1887 3237 3480 3316">
     <span class='ocr_line' id='line_1_93' title="bbox 1887 3237 3480 3316; baseline -0.003 -18"><span class='ocrx_word' id='word_1_619' title='bbox 1887 3260 2009 3316; x_wconf 87' lang='lat' dir='ltr'><strong>qua</strong></span> <span class='ocrx_word' id='word_1_620' title='bbox 2037 3244 2232 3300; x_wconf 87' lang='lat' dir='ltr'><strong>fratres</strong></span> <span class='ocrx_word' id='word_1_621' title='bbox 2262 3254 2316 3300; x_wconf 91' lang='lat' dir='ltr'><strong>et</strong></span> <span class='ocrx_word' id='word_1_622' title='bbox 2343 3242 2655 3315; x_wconf 91' lang='lat' dir='ltr'><strong>coepiscopi</strong></span> <span class='ocrx_word' id='word_1_623' title='bbox 2675 3241 2868 3306; x_wconf 91' lang='lat' dir='ltr'><strong>nostri,</strong></span> <span class='ocrx_word' id='word_1_624' title='bbox 2901 3248 3096 3296; x_wconf 90' lang='lat' dir='ltr'><strong>vestra</strong></span> <span class='ocrx_word' id='word_1_625' title='bbox 3121 3237 3480 3295; x_wconf 80' lang='lat' dir='ltr'><strong>sanctissima</strong></span> 
     </span>
    </p>
   </div>
   <div class='ocr_carea' id='block_1_93' title="bbox 1883 3327 3476 3404">
    <p class='ocr_par' dir='ltr' id='par_1_93' title="bbox 1883 3327 3476 3404">
     <span class='ocr_line' id='line_1_94' title="bbox 1883 3327 3476 3404; baseline -0.004 -17"><span class='ocrx_word' id='word_1_626' title='bbox 1883 3333 2226 3404; x_wconf 89' lang='lat' dir='ltr'><strong>paternitatis</strong></span> <span class='ocrx_word' id='word_1_627' title='bbox 2256 3333 2591 3390; x_wconf 89' lang='lat' dir='ltr'><strong>devotissimi</strong></span> <span class='ocrx_word' id='word_1_628' title='bbox 2619 3331 2732 3396; x_wconf 84' lang='lat' dir='ltr'><strong>lilii,</strong></span> <span class='ocrx_word' id='word_1_629' title='bbox 2766 3337 2947 3386; x_wconf 89' lang='lat' dir='ltr'><strong>vestra</strong></span> <span class='ocrx_word' id='word_1_630' title='bbox 2985 3329 3105 3384; x_wconf 87' lang='lat' dir='ltr'><strong>fulti</strong></span> <span class='ocrx_word' id='word_1_631' title='bbox 3146 3327 3476 3394; x_wconf 88' lang='lat' dir='ltr'><strong>auctoritate,</strong></span> 
     </span>
    </p>
   </div>
   <div class='ocr_carea' id='block_1_94' title="bbox 1885 3416 3479 3489">
    <p class='ocr_par' dir='ltr' id='par_1_94' title="bbox 1885 3416 3479 3489">
     <span class='ocr_line' id='line_1_95' title="bbox 1885 3416 3479 3489; baseline -0.005 -11"><span class='ocrx_word' id='word_1_632' title='bbox 1885 3423 1956 3478; x_wconf 89' lang='lat' dir='ltr'><strong>de</strong></span> <span class='ocrx_word' id='word_1_633' title='bbox 1981 3423 2196 3478; x_wconf 91' lang='lat' dir='ltr'><strong>illorum</strong></span> <span class='ocrx_word' id='word_1_634' title='bbox 2226 3423 2563 3478; x_wconf 89' lang='lat' dir='ltr'><strong>restitutione</strong></span> <span class='ocrx_word' id='word_1_635' title='bbox 2594 3421 2973 3486; x_wconf 85' lang='lat' dir='ltr'><strong>decreverunt,</strong></span> <span class='ocrx_word' id='word_1_636' title='bbox 3006 3417 3306 3474; x_wconf 91' lang='lat' dir='ltr'><strong>secundum</strong></span> <span class='ocrx_word' id='word_1_637' title='bbox 3335 3416 3479 3489; x_wconf 91' lang='lat' dir='ltr'><strong>quod</strong></span> 
     </span>
    </p>
   </div>
   <div class='ocr_carea' id='block_1_95' title="bbox 1885 3505 3478 3584">
    <p class='ocr_par' dir='ltr' id='par_1_95' title="bbox 1885 3505 3478 3584">
     <span class='ocr_line' id='line_1_96' title="bbox 1885 3505 3478 3584; baseline -0.004 -18"><span class='ocrx_word' id='word_1_638' title='bbox 1885 3513 2112 3584; x_wconf 88' lang='lat' dir='ltr'><strong>mystica</strong></span> <span class='ocrx_word' id='word_1_639' title='bbox 2142 3513 2368 3569; x_wconf 83' lang='lat' dir='ltr'><strong>Micana</strong></span> <span class='ocrx_word' id='word_1_640' title='bbox 2393 3512 2655 3584; x_wconf 77' lang='lat' dir='ltr'><strong>synodus,</strong></span> <span class='ocrx_word' id='word_1_641' title='bbox 2689 3509 2937 3566; x_wconf 88' lang='lat' dir='ltr'><strong>scribens</strong></span> <span class='ocrx_word' id='word_1_642' title='bbox 2966 3509 3033 3562; x_wconf 89' lang='lat' dir='ltr'><strong>ad</strong></span> <span class='ocrx_word' id='word_1_643' title='bbox 3059 3505 3341 3562; x_wconf 74' lang='lat' dir='ltr'><strong>diacesim</strong></span> <span class='ocrx_word' id='word_1_644' title='bbox 3373 3506 3478 3560; x_wconf 92' lang='lat' dir='ltr'><strong>Ec-</strong></span> 
     </span>
    </p>
   </div>
   <div class='ocr_carea' id='block_1_96' title="bbox 1885 3595 3481 3667">
    <p class='ocr_par' dir='ltr' id='par_1_96' title="bbox 1885 3595 3481 3667">
     <span class='ocr_line' id='line_1_97' title="bbox 1885 3595 3481 3667; baseline -0.004 -11"><span class='ocrx_word' id='word_1_645' title='bbox 1885 3601 2068 3658; x_wconf 83' lang='lat' dir='ltr'><strong>clesia</strong></span> <span class='ocrx_word' id='word_1_646' title='bbox 2097 3602 2494 3667; x_wconf 77' lang='lat' dir='ltr'><strong>Alexandrina,</strong></span> <span class='ocrx_word' id='word_1_647' title='bbox 2531 3601 2598 3654; x_wconf 92' lang='lat' dir='ltr'><strong>de</strong></span> <span class='ocrx_word' id='word_1_648' title='bbox 2627 3597 2893 3654; x_wconf 86' lang='lat' dir='ltr'><strong>ordinatis</strong></span> <span class='ocrx_word' id='word_1_649' title='bbox 2919 3614 2950 3652; x_wconf 93' lang='lat' dir='ltr'><strong>a</strong></span> <span class='ocrx_word' id='word_1_650' title='bbox 2981 3597 3198 3652; x_wconf 87' lang='lat' dir='ltr'><strong>Meletio</strong></span> <span class='ocrx_word' id='word_1_651' title='bbox 3222 3595 3481 3650; x_wconf 90' lang='lat' dir='ltr'><strong>damnato</strong></span> 
     </span>
    </p>
   </div>
   <div class='ocr_carea' id='block_1_97' title="bbox 1885 3683 3482 3762">
    <p class='ocr_par' dir='ltr' id='par_1_97' title="bbox 1885 3683 3482 3762">
     <span class='ocr_line' id='line_1_98' title="bbox 1885 3683 3482 3762; baseline -0.005 -16"><span class='ocrx_word' id='word_1_652' title='bbox 1885 3691 2145 3762; x_wconf 88' lang='lat' dir='ltr'><strong>episcopo</strong></span> <span class='ocrx_word' id='word_1_653' title='bbox 2173 3691 2424 3746; x_wconf 89' lang='lat' dir='ltr'><strong>clementi</strong></span> <span class='ocrx_word' id='word_1_654' title='bbox 2453 3689 2681 3746; x_wconf 91' lang='lat' dir='ltr'><strong>consilio</strong></span> <span class='ocrx_word' id='word_1_655' title='bbox 2711 3688 2911 3756; x_wconf 87' lang='lat' dir='ltr'><strong>statuit,</strong></span> <span class='ocrx_word' id='word_1_656' title='bbox 2945 3685 3199 3742; x_wconf 86' lang='lat' dir='ltr'><strong>videlicet</strong></span> <span class='ocrx_word' id='word_1_657' title='bbox 3216 3693 3273 3740; x_wconf 88' lang='lat' dir='ltr'><strong>ut</strong></span> <span class='ocrx_word' id='word_1_658' title='bbox 3291 3683 3482 3755; x_wconf 80' lang='lat' dir='ltr'><strong>mysti-</strong></span> 
     </span>
    </p>
   </div>
   <div class='ocr_carea' id='block_1_98' title="bbox 1885 3773 3480 3836">
    <p class='ocr_par' dir='ltr' id='par_1_98' title="bbox 1885 3773 3480 3836">
     <span class='ocr_line' id='line_1_99' title="bbox 1885 3773 3480 3836; baseline -0.005 -1"><span class='ocrx_word' id='word_1_659' title='bbox 1885 3796 1951 3835; x_wconf 89' lang='lat' dir='ltr'><strong>ca</strong></span> <span class='ocrx_word' id='word_1_660' title='bbox 1977 3780 2317 3836; x_wconf 89' lang='lat' dir='ltr'><strong>ordinatione</strong></span> <span class='ocrx_word' id='word_1_661' title='bbox 2339 3779 2534 3834; x_wconf 84' lang='lat' dir='ltr'><strong>firmati</strong></span> <span class='ocrx_word' id='word_1_662' title='bbox 2566 3779 2829 3834; x_wconf 86' lang='lat' dir='ltr'><strong>haberent</strong></span> <span class='ocrx_word' id='word_1_663' title='bbox 2854 3778 3118 3832; x_wconf 90' lang='lat' dir='ltr'><strong>honorem</strong></span> <span class='ocrx_word' id='word_1_664' title='bbox 3148 3782 3200 3829; x_wconf 87' lang='lat' dir='ltr'><strong>et</strong></span> <span class='ocrx_word' id='word_1_665' title='bbox 3228 3773 3480 3828; x_wconf 86' lang='lat' dir='ltr'><strong>ministe-</strong></span> 
     </span>
    </p>
   </div>
   <div class='ocr_carea' id='block_1_99' title="bbox 1886 3864 3480 3940">
    <p class='ocr_par' dir='ltr' id='par_1_99' title="bbox 1886 3864 3480 3940">
     <span class='ocr_line' id='line_1_100' title="bbox 1886 3864 3480 3940; baseline -0.005 -16"><span class='ocrx_word' id='word_1_666' title='bbox 1886 3869 2046 3936; x_wconf 92' lang='lat' dir='ltr'><strong>rium,</strong></span> <span class='ocrx_word' id='word_1_667' title='bbox 2083 3878 2135 3924; x_wconf 87' lang='lat' dir='ltr'><strong>et</strong></span> <span class='ocrx_word' id='word_1_668' title='bbox 2165 3870 2561 3940; x_wconf 89' lang='lat' dir='ltr'><strong>proveheretur</strong></span> <span class='ocrx_word' id='word_1_669' title='bbox 2593 3867 2821 3940; x_wconf 89' lang='lat' dir='ltr'><strong>quilibet</strong></span> <span class='ocrx_word' id='word_1_670' title='bbox 2863 3881 3050 3920; x_wconf 90' lang='lat' dir='ltr'><strong>eorum</strong></span> <span class='ocrx_word' id='word_1_671' title='bbox 3105 3864 3162 3918; x_wconf 92' lang='lat' dir='ltr'><strong>in</strong></span> <span class='ocrx_word' id='word_1_672' title='bbox 3217 3865 3480 3918; x_wconf 86' lang='lat' dir='ltr'><strong>honorem</strong></span> 
     </span>
    </p>
   </div>
   <div class='ocr_carea' id='block_1_100' title="bbox 1886 3953 3476 4029">
    <p class='ocr_par' dir='ltr' id='par_1_100' title="bbox 1886 3953 3476 4029">
     <span class='ocr_line' id='line_1_101' title="bbox 1886 3953 3476 4029; baseline -0.006 -15"><span class='ocrx_word' id='word_1_673' title='bbox 1886 3958 2130 4029; x_wconf 86' lang='lat' dir='ltr'><strong>episcopi</strong></span> <span class='ocrx_word' id='word_1_674' title='bbox 2159 3959 2214 4012; x_wconf 93' lang='lat' dir='ltr'><strong>in</strong></span> <span class='ocrx_word' id='word_1_675' title='bbox 2243 3958 2489 4014; x_wconf 83' lang='lat' dir='ltr'><strong>Ecclesia</strong></span> <span class='ocrx_word' id='word_1_676' title='bbox 2517 3956 2777 4021; x_wconf 84' lang='lat' dir='ltr'><strong>defuncti,</strong></span> <span class='ocrx_word' id='word_1_677' title='bbox 2813 3955 2859 4009; x_wconf 91' lang='lat' dir='ltr'><strong>si</strong></span> <span class='ocrx_word' id='word_1_678' title='bbox 2888 3955 3036 4009; x_wconf 88' lang='lat' dir='ltr'><strong>visus</strong></span> <span class='ocrx_word' id='word_1_679' title='bbox 3067 3953 3207 4008; x_wconf 90' lang='lat' dir='ltr'><strong>foret</strong></span> <span class='ocrx_word' id='word_1_680' title='bbox 3255 3953 3476 4025; x_wconf 85' lang='lat' dir='ltr'><strong>dignus,</strong></span> 
     </span>
    </p>
   </div>
   <div class='ocr_carea' id='block_1_101' title="bbox 1886 4040 3480 4118">
    <p class='ocr_par' dir='ltr' id='par_1_101' title="bbox 1886 4040 3480 4118">
     <span class='ocr_line' id='line_1_102' title="bbox 1886 4040 3480 4118; baseline -0.005 -16"><span class='ocrx_word' id='word_1_681' title='bbox 1886 4054 1936 4102; x_wconf 86' lang='lat' dir='ltr'><strong>et</strong></span> <span class='ocrx_word' id='word_1_682' title='bbox 1969 4063 2091 4102; x_wconf 90' lang='lat' dir='ltr'><strong>eum</strong></span> <span class='ocrx_word' id='word_1_683' title='bbox 2119 4047 2354 4118; x_wconf 85' lang='lat' dir='ltr'><strong>pepulus</strong></span> <span class='ocrx_word' id='word_1_684' title='bbox 2385 4045 2660 4118; x_wconf 82' lang='lat' dir='ltr'><strong>elegisset,</strong></span> <span class='ocrx_word' id='word_1_685' title='bbox 2684 4061 2804 4100; x_wconf 90' lang='lat' dir='ltr'><strong>cum</strong></span> <span class='ocrx_word' id='word_1_686' title='bbox 2834 4059 3105 4099; x_wconf 89' lang='lat' dir='ltr'><strong>consensu</strong></span> <span class='ocrx_word' id='word_1_687' title='bbox 3127 4040 3480 4096; x_wconf 78' lang='lat' dir='ltr'><strong>Alexandrini</strong></span> 
     </span>
    </p>
   </div>
   <div class='ocr_carea' id='block_1_102' title="bbox 1885 4130 3478 4207">
    <p class='ocr_par' dir='ltr' id='par_1_102' title="bbox 1885 4130 3478 4207">
     <span class='ocr_line' id='line_1_103' title="bbox 1885 4130 3478 4207; baseline -0.004 -17"><span class='ocrx_word' id='word_1_688' title='bbox 1885 4136 2146 4207; x_wconf 88' lang='lat' dir='ltr'><strong>episcopi,</strong></span> <span class='ocrx_word' id='word_1_689' title='bbox 2183 4136 2282 4190; x_wconf 86' lang='lat' dir='ltr'><strong>sub</strong></span> <span class='ocrx_word' id='word_1_690' title='bbox 2313 4135 2462 4203; x_wconf 87' lang='lat' dir='ltr'><strong>cujus</strong></span> <span class='ocrx_word' id='word_1_691' title='bbox 2493 4149 2624 4190; x_wconf 89' lang='lat' dir='ltr'><strong>cura</strong></span> <span class='ocrx_word' id='word_1_692' title='bbox 2651 4132 2906 4188; x_wconf 63' lang='lat' dir='ltr'><strong>dicacesis</strong></span> <span class='ocrx_word' id='word_1_693' title='bbox 2936 4132 3028 4186; x_wconf 89' lang='lat' dir='ltr'><strong>illa</strong></span> <span class='ocrx_word' id='word_1_694' title='bbox 3058 4130 3313 4202; x_wconf 83' lang='lat' dir='ltr'><strong>degebat,</strong></span> <span class='ocrx_word' id='word_1_695' title='bbox 3346 4145 3478 4184; x_wconf 85' lang='lat' dir='ltr'><strong>con-</strong></span> 
     </span>
    </p>
   </div>
   <div class='ocr_carea' id='block_1_103' title="bbox 1886 4218 3478 4296">
    <p class='ocr_par' dir='ltr' id='par_1_103' title="bbox 1886 4218 3478 4296">
     <span class='ocr_line' id='line_1_104' title="bbox 1886 4218 3478 4296; baseline -0.005 -16"><span class='ocrx_word' id='word_1_696' title='bbox 1886 4225 2211 4280; x_wconf 89' lang='lat' dir='ltr'><strong>decernente</strong></span> <span class='ocrx_word' id='word_1_697' title='bbox 2259 4223 2659 4296; x_wconf 86' lang='lat' dir='ltr'><strong>quodammodo</strong></span> <span class='ocrx_word' id='word_1_698' title='bbox 2705 4221 2902 4274; x_wconf 90' lang='lat' dir='ltr'><strong>similia</strong></span> <span class='ocrx_word' id='word_1_699' title='bbox 2944 4219 3200 4274; x_wconf 81' lang='lat' dir='ltr'><strong>Africano</strong></span> <span class='ocrx_word' id='word_1_700' title='bbox 3247 4218 3478 4272; x_wconf 92' lang='lat' dir='ltr'><strong>concilio</strong></span> 
     </span>
    </p>
   </div>
   <div class='ocr_carea' id='block_1_104' title="bbox 1885 4305 3478 4384">
    <p class='ocr_par' dir='ltr' id='par_1_104' title="bbox 1885 4305 3478 4384">
     <span class='ocr_line' id='line_1_105' title="bbox 1885 4305 3478 4384; baseline -0.006 -16"><span class='ocrx_word' id='word_1_701' title='bbox 1885 4315 1954 4368; x_wconf 91' lang='lat' dir='ltr'><strong>de</strong></span> <span class='ocrx_word' id='word_1_702' title='bbox 1984 4312 2299 4378; x_wconf 89' lang='lat' dir='ltr'><strong>Donatistis,</strong></span> <span class='ocrx_word' id='word_1_703' title='bbox 2335 4329 2456 4384; x_wconf 88' lang='lat' dir='ltr'><strong>qua</strong></span> <span class='ocrx_word' id='word_1_704' title='bbox 2485 4327 2595 4366; x_wconf 91' lang='lat' dir='ltr'><strong>non</strong></span> <span class='ocrx_word' id='word_1_705' title='bbox 2625 4309 2785 4365; x_wconf 88' lang='lat' dir='ltr'><strong>vobis</strong></span> <span class='ocrx_word' id='word_1_706' title='bbox 2813 4316 2872 4363; x_wconf 90' lang='lat' dir='ltr'><strong>ut</strong></span> <span class='ocrx_word' id='word_1_707' title='bbox 2891 4305 3172 4380; x_wconf 81' lang='lat' dir='ltr'><strong>incognita</strong></span> <span class='ocrx_word' id='word_1_708' title='bbox 3211 4306 3478 4377; x_wconf 86' lang='lat' dir='ltr'><strong>ingerun-</strong></span> 
     </span>
    </p>
   </div>
   <div class='ocr_carea' id='block_1_105' title="bbox 1885 4399 3478 4469">
    <p class='ocr_par' dir='ltr' id='par_1_105' title="bbox 1885 4399 3478 4469">
     <span class='ocr_line' id='line_1_106' title="bbox 1885 4399 3478 4469; baseline -0.005 -12"><span class='ocrx_word' id='word_1_709' title='bbox 1885 4410 1994 4469; x_wconf 89' lang='lat' dir='ltr'><strong>tur,</strong></span> <span class='ocrx_word' id='word_1_710' title='bbox 2022 4403 2120 4457; x_wconf 92' lang='lat' dir='ltr'><strong>sed</strong></span> <span class='ocrx_word' id='word_1_711' title='bbox 2149 4411 2206 4456; x_wconf 92' lang='lat' dir='ltr'><strong>ut</strong></span> <span class='ocrx_word' id='word_1_712' title='bbox 2251 4401 2531 4458; x_wconf 90' lang='lat' dir='ltr'><strong>notissima</strong></span> <span class='ocrx_word' id='word_1_713' title='bbox 2575 4399 2934 4466; x_wconf 89' lang='lat' dir='ltr'><strong>inculcantur,</strong></span> <span class='ocrx_word' id='word_1_714' title='bbox 2983 4412 3259 4452; x_wconf 88' lang='lat' dir='ltr'><strong>sacrorum</strong></span> <span class='ocrx_word' id='word_1_715' title='bbox 3307 4411 3478 4452; x_wconf 89' lang='lat' dir='ltr'><strong>cano-</strong></span> 
     </span>
    </p>
   </div>
   <div class='ocr_carea' id='block_1_106' title="bbox 1798 4480 3482 4563">
    <p class='ocr_par' dir='ltr' id='par_1_106' title="bbox 1798 4480 3482 4563">
     <span class='ocr_line' id='line_1_107' title="bbox 1798 4480 3482 4563; baseline -0.004 -20"><span class='ocrx_word' id='word_1_716' title='bbox 1798 4480 1858 4543; x_wconf 92' lang='lat' dir='ltr'><strong>D</strong></span> <span class='ocrx_word' id='word_1_717' title='bbox 1887 4507 2014 4546; x_wconf 90' lang='lat' dir='ltr'><strong>num</strong></span> <span class='ocrx_word' id='word_1_718' title='bbox 2045 4500 2096 4546; x_wconf 89' lang='lat' dir='ltr'><strong>et</strong></span> <span class='ocrx_word' id='word_1_719' title='bbox 2127 4491 2274 4547; x_wconf 90' lang='lat' dir='ltr'><strong>sedis</strong></span> <span class='ocrx_word' id='word_1_720' title='bbox 2303 4489 2616 4563; x_wconf 88' lang='lat' dir='ltr'><strong>apostolica</strong></span> <span class='ocrx_word' id='word_1_721' title='bbox 2645 4487 2990 4544; x_wconf 86' lang='lat' dir='ltr'><strong>manentibus</strong></span> <span class='ocrx_word' id='word_1_722' title='bbox 3037 4485 3342 4543; x_wconf 87' lang='lat' dir='ltr'><strong>constitutis</strong></span> <span class='ocrx_word' id='word_1_723' title='bbox 3385 4499 3482 4555; x_wconf 91' lang='lat' dir='ltr'><strong>pa-</strong></span> 
     </span>
    </p>
   </div>
   <div class='ocr_carea' id='block_1_107' title="bbox 1888 4574 3479 4650">
    <p class='ocr_par' dir='ltr' id='par_1_107' title="bbox 1888 4574 3479 4650">
     <span class='ocr_line' id='line_1_108' title="bbox 1888 4574 3479 4650; baseline -0.005 -15"><span class='ocrx_word' id='word_1_724' title='bbox 1888 4581 2156 4636; x_wconf 90' lang='lat' dir='ltr'><strong>ratissime</strong></span> <span class='ocrx_word' id='word_1_725' title='bbox 2203 4597 2466 4650; x_wconf 91' lang='lat' dir='ltr'><strong>annuere,</strong></span> <span class='ocrx_word' id='word_1_726' title='bbox 2514 4589 2567 4634; x_wconf 92' lang='lat' dir='ltr'><strong>et</strong></span> <span class='ocrx_word' id='word_1_727' title='bbox 2633 4579 2894 4634; x_wconf 91' lang='lat' dir='ltr'><strong>sollicitus</strong></span> <span class='ocrx_word' id='word_1_728' title='bbox 2941 4593 3157 4632; x_wconf 88' lang='lat' dir='ltr'><strong>servare</strong></span> <span class='ocrx_word' id='word_1_729' title='bbox 3220 4574 3479 4628; x_wconf 85' lang='lat' dir='ltr'><strong>unitatem</strong></span> 
     </span>
    </p>
   </div>
   <div class='ocr_carea' id='block_1_108' title="bbox 1888 4661 3478 4742">
    <p class='ocr_par' dir='ltr' id='par_1_108' title="bbox 1888 4661 3478 4742">
     <span class='ocr_line' id='line_1_109' title="bbox 1888 4661 3478 4742; baseline -0.004 -18"><span class='ocrx_word' id='word_1_730' title='bbox 1888 4670 2105 4742; x_wconf 90' lang='lat' dir='ltr'><strong>spiritus</strong></span> <span class='ocrx_word' id='word_1_731' title='bbox 2134 4671 2190 4726; x_wconf 90' lang='lat' dir='ltr'><strong>in</strong></span> <span class='ocrx_word' id='word_1_732' title='bbox 2229 4671 2446 4726; x_wconf 91' lang='lat' dir='ltr'><strong>vinculo</strong></span> <span class='ocrx_word' id='word_1_733' title='bbox 2491 4669 2666 4740; x_wconf 88' lang='lat' dir='ltr'><strong>pacis,</strong></span> <span class='ocrx_word' id='word_1_734' title='bbox 2712 4669 3083 4736; x_wconf 88' lang='lat' dir='ltr'><strong>obtemperare</strong></span> <span class='ocrx_word' id='word_1_735' title='bbox 3127 4661 3316 4718; x_wconf 88' lang='lat' dir='ltr'><strong>curavi</strong></span> <span class='ocrx_word' id='word_1_736' title='bbox 3350 4679 3363 4716; x_wconf 93' lang='lat'><strong>:</strong></span> <span class='ocrx_word' id='word_1_737' title='bbox 3395 4678 3478 4718; x_wconf 87' lang='lat' dir='ltr'><strong>re-</strong></span> 
     </span>
    </p>
   </div>
   <div class='ocr_carea' id='block_1_109' title="bbox 1889 4751 3478 4832">
    <p class='ocr_par' dir='ltr' id='par_1_109' title="bbox 1889 4751 3478 4832">
     <span class='ocr_line' id='line_1_110' title="bbox 1889 4751 3478 4832; baseline -0.004 -19"><span class='ocrx_word' id='word_1_738' title='bbox 1889 4767 2104 4816; x_wconf 87' lang='lat' dir='ltr'><strong>servato</strong></span> <span class='ocrx_word' id='word_1_739' title='bbox 2133 4777 2233 4832; x_wconf 91' lang='lat' dir='ltr'><strong>per</strong></span> <span class='ocrx_word' id='word_1_740' title='bbox 2262 4760 2444 4815; x_wconf 89' lang='lat' dir='ltr'><strong>omnia</strong></span> <span class='ocrx_word' id='word_1_741' title='bbox 2475 4757 2755 4814; x_wconf 88' lang='lat' dir='ltr'><strong>sententia</strong></span> <span class='ocrx_word' id='word_1_742' title='bbox 2771 4771 2832 4811; x_wconf 90' lang='lat' dir='ltr'><strong>ac</strong></span> <span class='ocrx_word' id='word_1_743' title='bbox 2857 4755 2994 4823; x_wconf 91' lang='lat' dir='ltr'><strong>juris</strong></span> <span class='ocrx_word' id='word_1_744' title='bbox 3010 4751 3297 4825; x_wconf 83' lang='lat' dir='ltr'><strong>privilegio</strong></span> <span class='ocrx_word' id='word_1_745' title='bbox 3327 4753 3478 4824; x_wconf 88' lang='lat' dir='ltr'><strong>ejus-</strong></span> 
     </span>
    </p>
   </div>
   <div class='ocr_carea' id='block_1_110' title="bbox 1887 4841 3483 4920">
    <p class='ocr_par' dir='ltr' id='par_1_110' title="bbox 1887 4841 3483 4920">
     <span class='ocr_line' id='line_1_111' title="bbox 1887 4841 3483 4920; baseline -0.004 -16"><span class='ocrx_word' id='word_1_746' title='bbox 1887 4849 2013 4904; x_wconf 86' lang='lat' dir='ltr'><strong>dem</strong></span> <span class='ocrx_word' id='word_1_747' title='bbox 2042 4849 2359 4920; x_wconf 86' lang='lat' dir='ltr'><strong>apostolica</strong></span> <span class='ocrx_word' id='word_1_748' title='bbox 2390 4849 2557 4916; x_wconf 89' lang='lat' dir='ltr'><strong>sedis,</strong></span> <span class='ocrx_word' id='word_1_749' title='bbox 2591 4855 2643 4902; x_wconf 89' lang='lat' dir='ltr'><strong>et</strong></span> <span class='ocrx_word' id='word_1_750' title='bbox 2669 4846 2815 4901; x_wconf 87' lang='lat' dir='ltr'><strong>salva</strong></span> <span class='ocrx_word' id='word_1_751' title='bbox 2843 4841 3169 4898; x_wconf 83' lang='lat' dir='ltr'><strong>diffinitione</strong></span> <span class='ocrx_word' id='word_1_752' title='bbox 3197 4858 3259 4898; x_wconf 90' lang='lat' dir='ltr'><strong>ac</strong></span> <span class='ocrx_word' id='word_1_753' title='bbox 3289 4841 3483 4898; x_wconf 85' lang='lat' dir='ltr'><strong>conﬁr-</strong></span> 
     </span>
    </p>
   </div>
   <div class='ocr_carea' id='block_1_111' title="bbox 1887 4931 3480 5010">
    <p class='ocr_par' dir='ltr' id='par_1_111' title="bbox 1887 4931 3480 5010">
     <span class='ocr_line' id='line_1_112' title="bbox 1887 4931 3480 5010; baseline -0.003 -18"><span class='ocrx_word' id='word_1_754' title='bbox 1887 4939 2124 4994; x_wconf 90' lang='lat' dir='ltr'><strong>matione</strong></span> <span class='ocrx_word' id='word_1_755' title='bbox 2156 4946 2482 5010; x_wconf 82' lang='lat' dir='ltr'><strong>exspectata</strong></span> <span class='ocrx_word' id='word_1_756' title='bbox 2510 4944 2702 4992; x_wconf 84' lang='lat' dir='ltr'><strong>vestra</strong></span> <span class='ocrx_word' id='word_1_757' title='bbox 2721 4931 3085 5000; x_wconf 87' lang='lat' dir='ltr'><strong>discretionis,</strong></span> <span class='ocrx_word' id='word_1_758' title='bbox 3116 4939 3276 5004; x_wconf 88' lang='lat' dir='ltr'><strong>atque</strong></span> <span class='ocrx_word' id='word_1_759' title='bbox 3295 4939 3480 4987; x_wconf 81' lang='lat' dir='ltr'><strong>aucto-</strong></span> 
     </span>
    </p>
   </div>
   <div class='ocr_carea' id='block_1_112' title="bbox 1886 5021 3476 5100">
    <p class='ocr_par' dir='ltr' id='par_1_112' title="bbox 1886 5021 3476 5100">
     <span class='ocr_line' id='line_1_113' title="bbox 1886 5021 3476 5100; baseline -0.004 -18"><span class='ocrx_word' id='word_1_760' title='bbox 1886 5027 2081 5083; x_wconf 90' lang='lat' dir='ltr'><strong>ritatis.</strong></span> <span class='ocrx_word' id='word_1_761' title='bbox 2147 5029 2216 5083; x_wconf 90' lang='lat' dir='ltr'><strong>Et</strong></span> <span class='ocrx_word' id='word_1_762' title='bbox 2273 5029 2397 5100; x_wconf 88' lang='lat' dir='ltr'><strong>quia</strong></span> <span class='ocrx_word' id='word_1_763' title='bbox 2455 5025 2696 5096; x_wconf 83' lang='lat' dir='ltr'><strong>Synodo,</strong></span> <span class='ocrx_word' id='word_1_764' title='bbox 2744 5034 2844 5094; x_wconf 87' lang='lat' dir='ltr'><strong>per</strong></span> <span class='ocrx_word' id='word_1_765' title='bbox 2907 5022 3052 5078; x_wconf 87' lang='lat' dir='ltr'><strong>hunc</strong></span> <span class='ocrx_word' id='word_1_766' title='bbox 3107 5021 3476 5078; x_wconf 90' lang='lat' dir='ltr'><strong>venerabilem</strong></span> 
     </span>
    </p>
   </div>
   <div class='ocr_carea' id='block_1_113' title="bbox 1887 5109 3474 5188">
    <p class='ocr_par' dir='ltr' id='par_1_113' title="bbox 1887 5109 3474 5188">
     <span class='ocr_line' id='line_1_114' title="bbox 1887 5109 3474 5188; baseline -0.005 -16"><span class='ocrx_word' id='word_1_767' title='bbox 1887 5116 2356 5188; x_wconf 81' lang='lat' dir='ltr'><strong>archiepiscOpum</strong></span> <span class='ocrx_word' id='word_1_768' title='bbox 2387 5113 2693 5185; x_wconf 86' lang='lat' dir='ltr'><strong>Egilonem,</strong></span> <span class='ocrx_word' id='word_1_769' title='bbox 2735 5111 2828 5184; x_wconf 88' lang='lat' dir='ltr'><strong>qui</strong></span> <span class='ocrx_word' id='word_1_770' title='bbox 2872 5110 3108 5166; x_wconf 89' lang='lat' dir='ltr'><strong>interfuit</strong></span> <span class='ocrx_word' id='word_1_771' title='bbox 3153 5109 3474 5176; x_wconf 88' lang='lat' dir='ltr'><strong>actionibus,</strong></span> 
     </span>
    </p>
   </div>
   <div class='ocr_carea' id='block_1_114' title="bbox 1887 5199 3477 5278">
    <p class='ocr_par' dir='ltr' id='par_1_114' title="bbox 1887 5199 3477 5278">
     <span class='ocr_line' id='line_1_115' title="bbox 1887 5199 3477 5278; baseline -0.004 -17"><span class='ocrx_word' id='word_1_772' title='bbox 1887 5205 2154 5278; x_wconf 85' lang='lat' dir='ltr'><strong>dirigente</strong></span> <span class='ocrx_word' id='word_1_773' title='bbox 2204 5204 2490 5276; x_wconf 89' lang='lat' dir='ltr'><strong>epistolam</strong></span> <span class='ocrx_word' id='word_1_774' title='bbox 2535 5199 2778 5256; x_wconf 88' lang='lat' dir='ltr'><strong>omnium</strong></span> <span class='ocrx_word' id='word_1_775' title='bbox 2827 5209 3094 5266; x_wconf 89' lang='lat' dir='ltr'><strong>nostrum,</strong></span> <span class='ocrx_word' id='word_1_776' title='bbox 3147 5199 3239 5272; x_wconf 89' lang='lat' dir='ltr'><strong>qui</strong></span> <span class='ocrx_word' id='word_1_777' title='bbox 3282 5199 3477 5254; x_wconf 87' lang='lat' dir='ltr'><strong>adesse</strong></span> 
     </span>
    </p>
   </div>
   <div class='ocr_carea' id='block_1_115' title="bbox 1885 5287 3480 5368">
    <p class='ocr_par' dir='ltr' id='par_1_115' title="bbox 1885 5287 3480 5368">
     <span class='ocr_line' id='line_1_116' title="bbox 1885 5287 3480 5368; baseline -0.006 -17"><span class='ocrx_word' id='word_1_778' title='bbox 1885 5296 2174 5368; x_wconf 90' lang='lat' dir='ltr'><strong>potuimus,</strong></span> <span class='ocrx_word' id='word_1_779' title='bbox 2210 5310 2330 5348; x_wconf 91' lang='lat' dir='ltr'><strong>cum</strong></span> <span class='ocrx_word' id='word_1_780' title='bbox 2361 5293 2479 5362; x_wconf 91' lang='lat' dir='ltr'><strong>ipso</strong></span> <span class='ocrx_word' id='word_1_781' title='bbox 2508 5305 2643 5347; x_wconf 90' lang='lat' dir='ltr'><strong>voce</strong></span> <span class='ocrx_word' id='word_1_782' title='bbox 2671 5291 3002 5364; x_wconf 89' lang='lat' dir='ltr'><strong>loquentem,</strong></span> <span class='ocrx_word' id='word_1_783' title='bbox 3037 5288 3294 5361; x_wconf 88' lang='lat' dir='ltr'><strong>quoniam</strong></span> <span class='ocrx_word' id='word_1_784' title='bbox 3323 5288 3369 5342; x_wconf 92' lang='lat' dir='ltr'><strong>si</strong></span> <span class='ocrx_word' id='word_1_785' title='bbox 3399 5287 3480 5342; x_wconf 90' lang='lat' dir='ltr'><strong>eis</strong></span> 
     </span>
    </p>
   </div>
   <div class='ocr_carea' id='block_1_116' title="bbox 1886 5378 3472 5453">
    <p class='ocr_par' dir='ltr' id='par_1_116' title="bbox 1886 5378 3472 5453">
     <span class='ocr_line' id='line_1_117' title="bbox 1886 5378 3472 5453; baseline -0.006 -13"><span class='ocrx_word' id='word_1_786' title='bbox 1886 5401 2104 5440; x_wconf 90' lang='lat' dir='ltr'><strong>manum</strong></span> <span class='ocrx_word' id='word_1_787' title='bbox 2148 5381 2447 5453; x_wconf 80' lang='lat' dir='ltr'><strong>porrigitis,</strong></span> <span class='ocrx_word' id='word_1_788' title='bbox 2518 5381 2802 5436; x_wconf 90' lang='lat' dir='ltr'><strong>vobiscum</strong></span> <span class='ocrx_word' id='word_1_789' title='bbox 2861 5379 3064 5451; x_wconf 88' lang='lat' dir='ltr'><strong>pariter</strong></span> <span class='ocrx_word' id='word_1_790' title='bbox 3111 5378 3472 5450; x_wconf 86' lang='lat' dir='ltr'><strong>porrigemus,</strong></span> 
     </span>
    </p>
   </div>
   <div class='ocr_carea' id='block_1_117' title="bbox 1884 5467 3475 5544">
    <p class='ocr_par' dir='ltr' id='par_1_117' title="bbox 1884 5467 3475 5544">
     <span class='ocr_line' id='line_1_118' title="bbox 1884 5467 3475 5544; baseline -0.006 -16"><span class='ocrx_word' id='word_1_791' title='bbox 1884 5471 2114 5528; x_wconf 83' lang='lat' dir='ltr'><strong>Vulfado</strong></span> <span class='ocrx_word' id='word_1_792' title='bbox 2158 5478 2212 5524; x_wconf 88' lang='lat' dir='ltr'><strong>et</strong></span> <span class='ocrx_word' id='word_1_793' title='bbox 2254 5471 2370 5539; x_wconf 90' lang='lat' dir='ltr'><strong>ejus</strong></span> <span class='ocrx_word' id='word_1_794' title='bbox 2416 5469 2644 5544; x_wconf 84' lang='lat' dir='ltr'><strong>collegis</strong></span> <span class='ocrx_word' id='word_1_795' title='bbox 2685 5485 2788 5541; x_wconf 89' lang='lat' dir='ltr'><strong>pro</strong></span> <span class='ocrx_word' id='word_1_796' title='bbox 2823 5468 3216 5540; x_wconf 88' lang='lat' dir='ltr'><strong>disceptatione</strong></span> <span class='ocrx_word' id='word_1_797' title='bbox 3259 5467 3475 5523; x_wconf 90' lang='lat' dir='ltr'><strong>diversa</strong></span> 
     </span>
    </p>
   </div>
   <div class='ocr_carea' id='block_1_118' title="bbox 1877 5548 3476 5630">
    <p class='ocr_par' dir='ltr' id='par_1_118' title="bbox 1877 5548 3476 5630">
     <span class='ocr_line' id='line_1_119' title="bbox 1877 5548 3476 5630; baseline -0.006 -14"><span class='ocrx_word' id='word_1_798' title='bbox 1877 5557 2252 5630; x_wconf 86' lang='lat' dir='ltr'><strong>judicantium,</strong></span> <span class='ocrx_word' id='word_1_799' title='bbox 2293 5559 2349 5615; x_wconf 84' lang='lat' dir='ltr'><strong>in</strong></span> <span class='ocrx_word' id='word_1_800' title='bbox 2391 5548 2587 5617; x_wconf 76' lang='lat' dir='ltr'><strong>eadem</strong></span> <span class='ocrx_word' id='word_1_801' title='bbox 2630 5559 2840 5630; x_wconf 87' lang='lat' dir='ltr'><strong>synodo</strong></span> <span class='ocrx_word' id='word_1_802' title='bbox 2883 5557 3132 5614; x_wconf 90' lang='lat' dir='ltr'><strong>omnibus</strong></span> <span class='ocrx_word' id='word_1_803' title='bbox 3168 5567 3476 5612; x_wconf 89' lang='lat' dir='ltr'><strong>consonan-</strong></span> 
     </span>
    </p>
   </div>
  </div>
