4026 6348
517 293 584 344 63
1481 281 1823 340 HINCMARI
1851 270 2252 335 RHEMENSIS
2282 266 2829 327 ARCHIEPISCOPI.
3738 263 3804 316 64

520 424 600 470 ter
638 415 874 486 idipsum
933 413 1306 478 sentientibus,
1364 411 1552 468 sedem
1597 407 1953 481 apostolicam
1995 417 2106 459 non
2137 400 2191 461 A
2215 395 2546 454 salubritatis
2572 395 2835 450 rationem
2864 393 3022 486 vobis
3042 391 3318 486 mandare
3334 406 3445 446 non
3500 389 3678 446 valeo.
3732 390 3805 445 Et

514 502 610 558 fuit
637 503 1008 559 necessarium
1028 501 1326 573 appellare.
1358 500 1566 555 Idcirco
1612 495 1925 568 hujusmodi
1950 493 2106 566 lega-

517 599 650 659 tum,
683 591 774 662 qui
805 607 986 646 meam
1033 590 1188 649 vobis
1225 596 1620 661 repraesentans
1653 599 1964 658 personam,
2007 597 2108 638 cu-

513 681 817 752 juscunque
877 680 1094 735 diversa
1149 679 1428 735 sentientis
1489 673 1927 750 allegationibus,
1988 686 2108 742 quae

519 769 682 824 modo
727 769 889 824 nullae
931 776 1072 834 sunt,
1114 769 1490 839 responderet,
1539 774 1592 821 et
1635 771 1870 821 vestram
1914 759 2109 816 exinde

519 857 896 913 diﬁinitionem
925 856 1169 924 referret,
1201 857 1360 913 omisi
1389 855 1650 928 dirigere,
1681 853 1810 925 quia
1831 866 1951 923 quae
1980 865 2108 905 ver-

519 946 605 1001 bis
635 953 688 1001 et
718 945 936 1017 scriptis
959 945 1090 1000 mihi
1134 962 1234 1016 per
1263 946 1428 1000 istum
1457 943 1775 1017 religiosum
1831 937 2108 1008 archiepi-

521 1049 748 1106 scopum
777 1033 972 1090 exinde
1002 1035 1282 1106 sequenda
1311 1042 1475 1105 atque
1505 1031 1739 1088 tenenda
1756 1025 2109 1084 mandaveri-

517 1123 608 1192 tis,
641 1139 739 1194 pro
769 1123 907 1178 scire
938 1131 991 1177 et
1019 1139 1183 1194 posse
1213 1123 1434 1178 obedire
1457 1130 1509 1176 et
1535 1134 1863 1177 conservare
1880 1115 2105 1180 curabo,

521 1211 660 1268 sicut
688 1212 947 1268 hactenus
976 1228 1058 1278 ea,
1093 1229 1214 1283 quze
1243 1211 1369 1266 inde
1400 1211 1606 1266 fuerant
1637 1214 1836 1263 statuta
1872 1214 1925 1260 et
1972 1219 2109 1260 con-

521 1299 751 1366 firmata,
793 1301 1032 1356 servavi.
1088 1301 1204 1357 Nec
1250 1317 1416 1357 causa
1459 1295 1844 1354 inobedientize
1880 1293 2109 1348 missum

519 1403 656 1443 mere
687 1389 1012 1444 subditionis
1035 1404 1157 1445 cum
1199 1389 1304 1444 hoc
1345 1387 1656 1444 venerando
1697 1382 2110 1455 archiepiscopo

518 1475 700 1532 dimisi
726 1477 1092 1532 transmittere
1122 1495 1135 1530 :
1166 1477 1264 1532 sed
1294 1477 1417 1549 quia
1447 1477 1524 1532 sic
1568 1473 1806 1530 intellexi
1834 1473 1889 1526 in
1917 1471 2112 1526 litteris

520 1572 713 1620 vestra:
741 1566 1070 1621 auctoritatis
1099 1565 1387 1635 contineri,
1413 1573 1542 1621 tunc
1581 1564 1778 1628 solum,
1825 1568 1883 1616 ut
1923 1558 2110 1616 verbis

518 1669 709 1710 earum
739 1662 878 1721 utar,
911 1654 957 1709 si
1005 1654 1450 1727 disceptantibus,
1481 1653 1570 1709 vel
1597 1651 1846 1708 fortassis
1875 1649 1982 1706 alia
2022 1655 2110 1704 at-

2210 487 2328 543 alia
2356 501 2554 541 manu.
2587 485 2735 540 Deus
2765 483 3110 554 omnipotens
3151 481 3491 536 sanctitatem
3536 485 3799 547 vestram,

2208 576 2276 631 ad
2307 574 2604 630 doctrinam
2634 581 2688 628 et
2715 571 3112 628 correctionem
3142 577 3343 625 sanctae
3373 585 3485 624 suae
3515 567 3800 636 Ecclesiae,

2208 665 2264 718 in
2291 679 2392 719 suo
2433 670 2558 733 apto
2595 661 2816 718 servitio
2855 677 2956 732 per
3001 673 3266 715 annorum
3309 657 3480 712 multa
3527 655 3806 712 curricula

2209 767 2540 808 conservare
2569 751 2842 824 dignetur,
2891 748 3108 805 domine
3155 745 3494 802 sanctissime
3541 753 3594 800 et
3640 760 3802 800 reve-

2207 840 2514 896 rentissime
2543 840 2760 894 Patrum
2791 839 2952 894 Pater
2977 837 3033 892 in
3064 836 3316 892 Domino.
3364 835 3499 891 Data
3537 833 3804 890 Kalendis

2211 928 2512 1000 Septemb.,
2548 927 2735 984 indict.
2772 943 2887 982 xw.

2739 1031 3080 1088 EPISTULA
3127 1031 3268 1086 VIII.

2329 1139 2401 1178 AD
2439 1139 2726 1179 EGILONEM
2762 1135 3242 1196 ARCHIEPISCOPUM
3281 1132 3677 1174 SBNONENSEU.

2209 1215 2441 1270 Romam
2465 1215 2698 1268 euntem
2725 1211 2968 1266 instruit
2995 1210 3061 1264 de
3090 1210 3163 1264 iis
3189 1225 3310 1281 quae
3336 1209 3400 1262 in
3421 1207 3625 1281 synodo
3643 1211 3808 1281 gesta

2279 1284 2499 1340 suntin
2527 1299 2700 1338 causa
2727 1281 2972 1352 Vulfadi,
2998 1284 3055 1336 et
3073 1278 3540 1352 quemadmodum
3569 1278 3632 1333 in
3649 1278 3806 1335 Urbe

2278 1370 2468 1426 gerere
2499 1369 2558 1408 se
2587 1354 2800 1409 debeat.

2743 1457 2926 1531 (Apud
2973 1456 3273 1527 eumdem.)

2280 1568 2630 1633 Hmcmnus,
2655 1565 2876 1622 nomine
2915 1580 3026 1620 non
3070 1563 3262 1619 merito
3306 1563 3637 1618 Rhemorum
3683 1563 3810 1634 epi-

2212 1671 2432 1726 scopus,
2465 1671 2532 1710 ac
2559 1653 2736 1726 plebis
2762 1653 2864 1709 Dei
2894 1652 3148 1722 famulus,
3183 1651 3530 1732 sanctissimo
3558 1659 3612 1706 et
3640 1667 3808 1707 reve-

519 1759 625 1816 que
651 1741 754 1796 alia
783 1743 1204 1799 decernentibus
1250 1743 1428 1810 nobis,
1461 1741 1672 1814 praefati
1699 1739 1894 1810 dejecti
1922 1737 2110 1793 sedem

2218 1743 2526 1800 rentissime
2544 1744 2783 1798 EGILON!
2813 1741 3246 1813 archiepiscopo,
3279 1748 3332 1796 et
3378 1739 3701 1796 charissimo
3743 1754 3818 1796 ac

517 1831 915 1902 appellaverint
943 1831 1319 1903 apostolicam,
1354 1839 1407 1886 et
1435 1831 1548 1900 ejus
1579 1828 1803 1902 speciali
1823 1843 1882 1882 se
1904 1825 2110 1897 judicio

519 1920 765 1975 damnari
785 1920 872 1975 vel
901 1919 1113 1975 absolvi
1140 1919 1408 1990 petierint,
1462 1919 1510 1972 si
1552 1934 1676 1990 ego,
1721 1917 1807 1972 vel
1840 1916 1886 1970 si
1929 1914 2114 1970 Vulfa—

516 2008 639 2076 dus,
675 2017 766 2063 aut
795 2007 928 2064 socii
959 2008 1095 2078 ejus,
1119 2008 1183 2062 ad
1224 2023 1323 2064 vos
1354 2007 1543 2063 venire
1573 2023 1670 2078 per
1693 2021 1796 2060 nos
1825 2019 1934 2060 non
1983 2018 2110 2074 pos-

519 2111 724 2162 semus,
754 2095 989 2152 vicarios
1017 2104 1232 2152 nostros
1262 2097 1328 2150 ad
1375 2097 1478 2150 hoc
1521 2095 1800 2167 negotium
1837 2091 2109 2148 ventilan-

518 2183 649 2238 dum
677 2191 729 2240 et
757 2183 1074 2252 finiendum,
1109 2201 1234 2240 mox
1277 2193 1400 2256 post
1441 2189 1874 2240 consummatum
1922 2180 2111 2236 conci-

519 2273 652 2327 lium
681 2289 760 2326 xv
773 2273 1004 2329 Kalend.
1030 2273 1366 2346 Septembris
1380 2272 1666 2345 praesentis
1686 2287 1784 2326 xw
1801 2269 2112 2325 indictionis

521 2361 841 2417 auctoritate
871 2371 1055 2417 vestra
1087 2362 1392 2432 collectum,
1425 2370 1644 2417 nostras
1689 2366 2111 2432 praesentaturos

521 2450 678 2505 vobis
705 2466 989 2522 personas,
1025 2451 1228 2506 nullam
1255 2452 1472 2522 penitus
1517 2451 1922 2507 excusationem
1963 2463 2109 2518 [)I‘EB-

518 2539 825 2608 tendentes,
857 2540 1078 2612 utrique
1105 2540 1176 2596 ad
1201 2541 1387 2595 sedem
1417 2539 1560 2594 beati
1591 2539 1730 2594 Petri
1750 2540 2106 2596 mitteremus.

517 2629 672 2684 Unde
704 2628 970 2699 supplico,
1002 2637 1060 2683 ut
1089 2645 1304 2684 merear
1329 2628 1532 2699 scripto
1559 2628 1684 2683 hinc
1722 2637 1962 2684 vestram
2002 2629 2110 2685 dif-

521 2715 814 2772 tinitionem
834 2717 1099 2787 recipere,
1133 2733 1295 2788 quam
1323 2725 1548 2788 paratus
1589 2733 1729 2782 sum,
1772 2726 1830 2772 ut
1878 2727 2106 2789 oportet,

525 2803 774 2860 obnixius
800 2806 1116 2861 observare.
1148 2805 1438 2860 Gestorum
1469 2813 1650 2860 autem
1679 2805 1877 2860 seriem
1907 2807 1975 2862 de
1996 2824 2111 2864 om-

521 2891 681 2948 nibus
739 2909 860 2964 quae
915 2893 972 2948 in
1024 2893 1255 2950 concilio
1319 2893 1506 2959 relata,
1565 2893 1892 2961 examinata,
1951 2903 2112 2966 atque

517 2989 732 3052 reperta
753 2991 895 3050 sunt,
930 2998 1052 3054 quas
1079 2983 1217 3038 sicut
1245 2981 1555 3038 veneranda
1575 2982 1796 3038 decreta
1853 2991 2108 3050 statuunt,

513 3069 830 3125 discretioni
860 3079 1056 3128 vestrae
1085 3071 1249 3144 dirigi
1281 3071 1638 3142 praicepistis,
1681 3078 1737 3125 ut
1784 3088 1904 3142 quae
1961 3072 2110 3126 salu-

515 3159 636 3214 bria
664 3159 992 3215 videbuntur
1008 3161 1432 3216 corroborentur
1459 3178 1472 3214 :
1497 3159 1541 3214 si
1566 3159 1699 3216 forte
1723 3159 1903 3232 aliqua
1925 3177 2114 3232 super-

517 3255 642 3303 sunt
673 3249 916 3319 epistolm
963 3249 1248 3320 synodali,
1278 3266 1398 3321 quae
1427 3249 1660 3306 debeant
1685 3249 1986 3320 explanari,
2033 3250 2121 3306 hic

514 3338 859 3392 venerandus
889 3353 954 3393 ac
982 3338 1290 3409 religiosus
1317 3339 1620 3394 sanctitatis
1649 3346 1845 3394 vestrae
1877 3339 2118 3394 devotis-

514 3424 685 3479 simus
714 3423 876 3491 filius,
910 3433 963 3480 et
991 3425 1268 3481 unanimis
1309 3425 1480 3480 frater
1523 3442 1588 3481 ac
1629 3428 1993 3483 consacerdos
2023 3445 2120 3482 no-

515 3519 628 3568 ster
657 3513 818 3586 Egilo
849 3514 1318 3586 archiepiscopus,
1349 3515 1509 3586 plena
1549 3513 1809 3586 fidelique
1858 3515 2120 3572 relatione

510 3603 822 3675 apostolicae
851 3604 1162 3660 auctoritati
1205 3613 1400 3660 vestrae
1443 3604 1653 3674 poterit
1694 3605 2018 3675 patefacere,
2069 3613 2123 3660 et

514 3691 653 3746 sicut
698 3707 764 3747 ea
809 3692 928 3747 visu
973 3701 1027 3748 et
1079 3693 1268 3748 auditu
1317 3693 1588 3764 comperit
1633 3709 1696 3749 ac
1739 3693 2122 3765 episcOpaliter

511 3781 736 3836 contulit
762 3781 1029 3837 intimare.
1065 3782 1173 3838 Sed
1202 3791 1256 3838 et
1303 3783 1372 3837 de
1437 3782 1676 3852 prtefatis
1722 3781 1978 3837 fratribus
2024 3798 2121 3838 n0-

513 3869 662 3935 stris,
695 3871 1025 3925 Bhemorum
1055 3871 1318 3926 Ecclesiae
1351 3869 1496 3937 filiis,
1533 3872 1602 3924 ab
1623 3872 1816 3926 Ebone
1845 3881 1970 3942 post
2017 3871 2118 3927 de-

510 3957 836 4030 positionem
867 3974 1023 4013 suam
1058 3959 1342 4029 ordinatis,
1400 3961 1492 4030 qui
1541 3960 1682 4015 inter
1721 3960 2015 4016 canonicos
2065 3971 2117 4017 et

509 4049 829 4114 monachos,
859 4048 1097 4103 urbanos
1127 4056 1180 4102 et
1218 4048 1613 4118 parochianos,
1665 4065 1771 4102 una
1813 4064 1938 4105 cum
1984 4049 2119 4106 Vul-

515 4135 640 4191 fado
667 4137 812 4208 apud
840 4152 940 4192 nos
973 4153 1082 4192 non
1111 4145 1235 4192 sunt
1289 4137 1522 4209 amplius
1578 4153 1742 4211 quam
1789 4155 2005 4207 novem,
2051 4139 2119 4194 de

513 4225 710 4298 quibus
741 4225 1084 4281 sanctissima
1114 4235 1298 4282 vestra
1347 4227 1660 4298 patet-nitas
1709 4227 1842 4281 mihi
1882 4227 2115 4298 scripsit,

515 4323 574 4369 ut
603 4331 726 4370 cum
755 4315 1072 4383 dejectionis
1117 4333 1230 4370 suae
1277 4331 1496 4372 causam
1547 4317 1734 4371 venire
1779 4316 1848 4370 ad
1891 4332 2118 4371 examen

515 4404 837 4473 optaverint,
890 4405 1096 4459 nullum
1143 4421 1206 4458 ex
1275 4405 1358 4458 his
1407 4404 1633 4476 quilibet
1690 4404 2117 4475 indignationem

517 4508 694 4547 meam
743 4491 1025 4560 sustineat,
1075 4492 1282 4547 nullum
1327 4494 1398 4548 ad
1442 4502 1618 4564 coepta
1661 4494 1974 4564 peragenda
2015 4510 2112 4564 per
2138 4480 2191 4539 D

517 4581 930 4654 suggestionem
956 4573 1134 4636 meam
1161 4581 1396 4652 patiatur
1423 4582 1848 4648 incommodum,
1883 4582 2114 4653 qualiter

517 4685 606 4726 me
632 4679 794 4726 antea
832 4679 886 4726 et
913 4679 1106 4741 postea
1136 4686 1266 4742 erga
1297 4685 1394 4724 eos
1415 4671 1596 4743 egisse
1618 4670 1674 4724 in
1689 4670 1899 4740 synodo
1916 4669 2113 4726 fratres

517 4767 571 4814 et
599 4759 910 4830 coepiscopi
940 4759 1109 4815 nostri
1137 4775 1246 4814 una
1264 4775 1387 4816 cum
1409 4775 1474 4814 eo
1492 4759 1814 4830 repererint,
1849 4757 2116 4814 sufﬁcien-

521 4855 602 4902 ter
643 4847 942 4918 dignationi
990 4856 1184 4904 vestrae
1230 4848 1490 4919 praevalet
1536 4863 1816 4903 enarrare.
1869 4846 2114 4916 Quorum

521 4935 795 4990 salubrem
827 4951 892 4991 ac
923 4937 1256 5009 singularem
1277 4944 1480 4991 statum
1512 4944 1565 4991 et
1586 4936 1770 5008 cupivi
1788 4945 1840 4991 et
1857 4937 2037 5008 cupio,
2063 4946 2116 4992 et

521 5023 748 5098 quaesivi
779 5032 830 5079 et
859 5041 1060 5096 quaero,
1095 5033 1149 5079 et
1177 5041 1406 5097 quorum
1436 5025 1724 5093 dejectioni
1756 5025 2027 5088 condolui,
2065 5034 2116 5080 et

522 5113 684 5168 statui
713 5127 902 5170 eorum
933 5114 1281 5185 congaudeo.
1322 5116 1402 5168 De
1430 5114 1701 5186 Tetberga
1720 5114 1880 5169 etiam
1902 5115 2110 5186 regina,

518 5203 663 5258 unde
695 5201 1009 5257 sublimitati
1039 5210 1236 5257 vestra:
1257 5203 1326 5258 ab
1356 5202 1654 5258 humilitate
1700 5219 1822 5258 mea
1864 5203 2113 5258 mandari

521 5291 762 5365 rogastis
784 5333 798 5357 ,
858 5290 982 5362 quia
1036 5291 1346 5346 Lotharium
1386 5291 1470 5347 vel
1524 5291 1701 5362 ipsam
1763 5291 2112 5364 Tetbergam,

522 5389 807 5453 postquam
833 5379 1096 5435 Arsenius
1127 5381 1472 5436 venerandus
1504 5381 1794 5452 episcopus
1824 5389 1878 5437 et
1916 5390 2118 5437 sancta:

523 5469 785 5526 Ecclesia
815 5471 1074 5525 Romana
1103 5469 1502 5540 apocrisiarius,
1531 5469 1600 5525 ab
1629 5470 1896 5526 Attiniaco
1923 5469 2118 5541 palatio

525 5559 711 5614 domni
743 5559 916 5614 Caroli
946 5558 1092 5631 regis
1121 5558 1348 5630 gloriosi
1377 5558 1633 5630 perrexit,
1667 5575 1778 5615 non
1807 5559 1936 5628 vidi,
1958 5567 2120 5614 certas

2134 3117 2182 3180 Ο

2212 1831 2456 1888 unanimi
2488 1840 2648 1904 atque
2679 1829 2942 1886 fidissimo
2989 1829 3140 1897 mihi,
3191 1829 3482 1900 plurimam
3525 1828 3584 1884 in
3620 1827 3814 1886 Salva-

2210 1930 2328 1977 tore
2367 1921 2618 1977 salutem.

2283 2009 2499 2079 Quanta
2532 2008 2729 2065 ﬁducia
2773 2017 2952 2066 vestra
2994 2015 3118 2064 utar
3172 2007 3466 2074 dilectione
3508 2023 3575 2063 ex
3631 2015 3816 2062 vestra

2209 2107 2390 2155 mente
2419 2115 2652 2170 pensare
2683 2098 2928 2170 potestis.
2961 2097 3087 2153 Non
3130 2096 3274 2152 enim
3321 2095 3480 2153 aliter
3523 2097 3580 2151 in
3625 2103 3816 2152 mente

2210 2203 2331 2244 mea
2359 2203 2458 2243 vos
2478 2195 2660 2254 teneo,
2692 2203 2859 2258 quam
2887 2202 2976 2242 me
3002 2185 3230 2240 alterum
3281 2184 3522 2256 exceptis
3564 2185 3816 2256 peccatis

2210 2276 2366 2332 meis.
2400 2275 2751 2346 Quapropter
2781 2275 2920 2331 sicut
2949 2275 3006 2329 in
3035 2274 3192 2329 vobis
3221 2281 3275 2328 et
3302 2273 3371 2328 de
3391 2273 3546 2329 vobis
3564 2271 3805 2342 conﬁdo,

2213 2373 2264 2420 et
2292 2364 2431 2420 sicut
2461 2363 2617 2420 vobis
2645 2371 2700 2419 et
2727 2379 2823 2434 pro
2855 2363 3010 2420 vobis
3057 2363 3114 2417 in
3153 2361 3406 2417 omnibus
3449 2378 3572 2416 esse
3625 2362 3812 2432 cupio,

2211 2454 2287 2508 ita
2317 2469 2448 2525 erga
2473 2469 2561 2508 me
2622 2453 2676 2507 in
2719 2452 2974 2508 omnibus
3022 2451 3165 2506 sitis.
3219 2451 3486 2506 Caeterum
3528 2450 3816 2522 exemplar

2213 2543 2456 2614 epistolae
2485 2541 2668 2597 domni
2699 2540 2984 2612 apostolici
3016 2541 3086 2595 ad
3105 2541 3366 2595 domuum
3382 2539 3817 2610 Carolum,quod

2211 2647 2322 2685 non
2348 2631 2667 2697 mandastis,
2725 2630 2824 2685 sed
2862 2637 2914 2684 et
2959 2629 3235 2700 exemplar
3283 2628 3528 2698 epistolae
3544 2628 3676 2682 mihi
3726 2628 3815 2682 di-

2211 2729 2394 2788 rectae,
2429 2719 2567 2774 sicut
2593 2719 2727 2774 mihi
2757 2718 3073 2783 mandastis,
3108 2717 3383 2774 dilectioni
3408 2724 3606 2774 vestrae
3623 2723 3818 2772 trans-

2211 2808 2383 2862 mitto.
2431 2808 2732 2879 Exemplar
2778 2815 2954 2862 autem
2993 2806 3258 2878 epistolae,
3308 2823 3429 2878 quas
3469 2805 3819 2862 uniformiter

2211 2912 2312 2967 per
2341 2895 2782 2966 archiepiscOpos
2813 2895 2966 2950 istius
2998 2895 3154 2966 regni
3180 2895 3383 2950 directa
3415 2903 3516 2962 est,
3568 2909 3666 2950 vos
3714 2897 3819 2950 ha-

2211 2984 2372 3053 betis,
2405 2983 2520 3039 sine
2551 3000 2656 3055 qua
2685 2984 2766 3038 ire
2811 2999 2922 3038 non
2964 2983 3192 3038 debetis.
3243 2983 3394 3038 Mitto
3443 2983 3606 3039 etiam
3653 2983 3819 3039 vobis

2213 3073 2445 3144 capitula
2491 3072 2546 3126 in
2593 3071 2789 3144 quibus
2833 3087 3047 3126 summa
3092 3071 3395 3126 continetur
3441 3072 3510 3126 de
3559 3071 3820 3128 omnibus

2221 3161 2484 3232 epistolis,
2516 3177 2648 3233 quas
2676 3176 2778 3232 pro
2809 3160 2913 3214 ista
2942 3175 3105 3216 causa
3122 3159 3279 3214 nobis
3299 3159 3552 3214 omnibus
3579 3161 3820 3238 domnus

2221 3249 2552 3321 apostolicus
2580 3249 2744 3303 misit.
2777 3250 2845 3303 Et
2875 3263 3101 3304 necesse
3131 3247 3286 3303 vobis
3315 3247 3417 3302 erit
3443 3255 3502 3302 ut
3544 3248 3666 3318 ipsa
3713 3265 3820 3306 ca-

2225 3338 2388 3409 pitula
2425 3339 2564 3394 bene
2611 3337 2830 3410 cognita
2866 3336 3136 3403 habeatis,
3185 3344 3239 3392 et
3277 3335 3538 3390 memoria
3585 3337 3823 3392 teneatis

2223 3445 2344 3500 quas
2374 3427 2605 3498 sparsim
2633 3427 2691 3482 in
2718 3426 2852 3497 ipsis
2882 3425 3123 3498 epistolis
3164 3425 3530 3492 continentur,
3563 3432 3622 3480 ut
3653 3425 3698 3479 si
3737 3425 3822 3480 illi

2223 3531 2360 3588 quos
2387 3515 2538 3571 scitis
2581 3531 2732 3570 more
2761 3531 2860 3570 suo
2890 3531 2986 3570 sua
3016 3515 3160 3569 dicta
3204 3513 3482 3568 involvere
3519 3513 3811 3583 voluerint,

2221 3603 2464 3658 habeatis
2495 3604 2774 3659 veritatem
2816 3619 2977 3674 quam
3024 3603 3130 3656 illis
3173 3601 3508 3672 respondere
3568 3603 3811 3674 possitis.

2222 3694 2302 3748 De
2331 3691 2548 3763 scriptis
2576 3691 2810 3764 denique
2836 3673 2959 3762 quae
2987 3673 3206 3761 porrexi
3234 3690 3290 3744 in
3339 3673 3662 3762 synodo,ﬁde
3695 3692 3818 3763 qui-

2221 3782 2322 3836 bus
2351 3781 2654 3836 mandastis
2682 3789 2739 3834 ut
2762 3779 3131 3835 discernerem
3161 3778 3207 3832 si
3227 3779 3382 3834 vobis
3400 3779 3469 3834 ad
3489 3780 3816 3850 portandum

2219 3870 2532 3926 necessaria
2563 3869 2758 3934 forent,
2791 3885 2898 3924 non
2920 3869 3050 3922 mihi
3078 3867 3254 3923 visum
3275 3876 3357 3923 est
3387 3885 3486 3924 vos
3513 3867 3681 3924 ullam
3711 3869 3814 3925 ha-

2223 3960 2352 4014 bere
2372 3957 2753 4014 necessitatem
2789 3975 2801 4011 :
2827 3958 2924 4012 sed
2953 3956 3164 4012 videtur
3191 3957 3342 4027 mihi,
3375 3957 3502 4029 quia
3517 3956 3565 4011 si
3593 3965 3818 4014 ostensa

2219 4047 2416 4103 fuerint
2445 4047 2742 4118 apostolico
2769 4055 2858 4101 aut
2887 4046 3162 4115 Romanis,
3197 4055 3256 4100 ut
3300 4045 3540 4118 aliquam
3595 4047 3816 4102 dubita-

2218 4137 2421 4192 tionem
2479 4136 2690 4208 possint
2747 4135 2948 4191 aﬂerre
3011 4136 3212 4190 domno
3273 4135 3593 4206 apostolico,
3653 4137 3814 4208 quasi

2217 4225 2590 4282 contentiones
2621 4225 2760 4280 inter
2788 4241 2888 4280 nos
2904 4223 3098 4280 fuerint
3118 4225 3172 4279 in
3194 4224 3530 4279 restitutione
3567 4213 3809 4290 Vulfadi,

2219 4324 2272 4372 et
2300 4331 2407 4370 una
2445 4331 2567 4371 cum
2592 4322 2774 4370 vestro
2802 4313 3078 4369 missatico
3109 4321 3363 4383 suspecta
3395 4313 3587 4384 synodi
3618 4322 3670 4368 et
3686 4330 3813 4370 mea

2218 4404 2446 4476 epistola
2477 4403 2588 4468 fiat,
2621 4403 2748 4458 inde
2777 4403 2998 4474 aliquod
3037 4401 3482 4474 impedimentum
3530 4409 3582 4457 et
3627 4402 3814 4458 dilatio

2213 4495 2284 4548 ad
2313 4510 2380 4548 ea
2408 4510 2530 4565 quae
2555 4493 2738 4548 senior
2759 4499 2944 4547 noster
2974 4491 3080 4547 cito
3129 4491 3376 4546 obtinere
3414 4489 3528 4548 vult
3574 4491 3644 4546 de
3692 4491 3814 4562 ipso

2214 4581 2464 4637 Vulfado.
2498 4583 2566 4635 Et
2594 4589 2724 4652 puto
2753 4597 2864 4636 non
2905 4580 3218 4652 displicebit
3257 4580 3602 4651 quibusdam,
3638 4579 3683 4632 si
3706 4580 3814 4634 ali-

2213 4685 2322 4743 qua
2339 4669 2556 4726 occasio
2577 4670 2934 4736 interciderit,
2968 4670 3110 4725 unde
3143 4670 3209 4724 ad
3239 4669 3362 4723 illos
3394 4668 3464 4722 sit
3487 4667 3540 4722 ei
3581 4683 3812 4724 necesse

2213 4775 2516 4824 recurrere,
2549 4766 2603 4814 et
2632 4759 2771 4814 sicut
2800 4759 2932 4813 mihi
2955 4761 3072 4828 jam
3101 4759 3416 4813 mandatum
3461 4764 3564 4823 est,
3621 4757 3813 4815 inere-

2213 4849 2314 4905 scit
2339 4847 2638 4920 apostolico
2668 4857 2720 4903 et
2751 4847 3009 4903 Romanis
3039 4856 3186 4902 tanta
3220 4847 3434 4919 legere.
3485 4847 3548 4901 In
3605 4847 3814 4918 scripto

2214 4937 2413 5010 quippe
2434 4937 2580 5008 quod
2607 4937 2843 5007 primum
2876 4936 3024 5001 dedi,
3071 4936 3206 4990 nihil
3243 4935 3389 4989 aliud
3432 4935 3665 4990 habetur
3709 4937 3818 4992 nisi

2215 5029 2344 5099 quia
2372 5043 2478 5098 ego
2537 5042 2646 5081 non
2694 5025 2953 5096 suspendi
3001 5026 3224 5080 eosdem
3261 5023 3454 5078 fratres
3497 5025 3566 5078 ab
3609 5023 3812 5094 ofﬁcio,

2213 5133 2390 5189 neque
2413 5114 2672 5185 judicavi,
2707 5131 2884 5186 neque
2914 5131 2948 5170 a
2977 5113 3237 5188 gradibus
3290 5112 3675 5170 ecclesiasticis
3719 5130 3816 5170 eos

2216 5206 2410 5276 dejeei,
2446 5221 2621 5277 neque
2651 5221 2774 5259 cum
2799 5204 3068 5274 judicibus
3109 5218 3298 5258 eorum
3343 5202 3662 5274 subscripsi,
3716 5205 3816 5258 sed

2216 5295 2460 5367 synodus
2525 5294 2906 5365 episcoporum
2965 5293 3200 5364 quinque
3273 5292 3696 5362 provinciarum,
3758 5301 3812 5347 et

2217 5384 2364 5455 quod
2393 5398 2493 5438 vos
2521 5382 2844 5454 regulariter
2865 5381 2990 5435 inde
3020 5380 3356 5446 inveniretis,
3391 5397 3497 5453 ego
3517 5380 3634 5436 sine
3680 5395 3814 5434 cun-

2217 5471 2453 5528 ctatione
2491 5487 2750 5544 sequerer
2804 5470 3101 5526 secundum
3159 5478 3403 5526 tenorem
3455 5469 3813 5540 cpistolarum

2217 5561 2422 5616 domini
2450 5561 2730 5633 apostolici
2763 5577 2777 5613 :
2808 5558 2952 5614 unde
2973 5565 3024 5614 et
3054 5559 3293 5630 synodus
3323 5566 3377 5614 et
3407 5574 3511 5630 ego
3539 5557 3806 5616 rationem
