4026 6294
158 221 222 274 C5

1563 211 1936 269 EPISTOLAE.

3401 221 3468 271 66

162 342 446 400 reddimus
503 341 562 396 in
631 340 875 412 epistohs
915 338 1119 396 nostris
1175 339 1377 395 domno
1426 338 1730 411 apostolico
1750 380 1764 405 ,
1790 337 1847 398 A
1877 339 2017 395 sedit
2045 338 2586 406 Rodulfus,manibus
2607 354 2795 395 eorum
2817 340 3158 412 subscripta;
3184 341 3241 396 in
3270 357 3378 414 qua
3399 342 3470 397 ab

160 447 330 504 quare
389 447 494 486 eos
523 445 634 502 ego
677 445 789 486 non
817 427 1047 485 restitui.
1098 428 1340 485 Alterum
1371 435 1555 484 autem
1628 427 1770 482 scri-

1870 427 2004 499 ipsis
2033 429 2127 500 qui
2153 427 2534 494 interfuerunt,
2559 435 2610 484 et
2642 428 2712 482 ab
2744 428 2922 484 Aiulfo
2959 429 3052 501 qui
3085 445 3223 486 unus
3253 429 3353 485 fuit
3395 430 3464 486 de

161 529 309 592 ptum
325 519 458 575 ideo
479 518 632 585 dedi,
651 517 779 591 quia
794 517 932 574 sicut
957 517 1106 572 scitis
1127 532 1236 572 non
1256 516 1480 588 putabat
1497 531 1586 571 me
1633 515 1770 570 Vul—
1863 516 2139 592 judicibus
2163 517 2373 572 Ebonis
2399 517 2708 586 audierunt,
2741 517 3150 588 comprobatum
3179 517 3278 574 fuit
3321 535 3467 574 eum-

161 609 319 664 fadus
347 609 426 663 ad
471 607 630 662 illum
659 605 1102 664 condescendere
1132 605 1306 672 velle;
1340 613 1394 660 et
1421 605 1547 660 licet
1577 619 1688 659 non
1715 603 1770 658 in

159 713 277 753 mea
324 697 651 768 praesentia,
711 703 895 751 tamen
946 695 1231 750 audiebam
1284 709 1382 765 per
1435 693 1574 749 alios
1620 693 1771 748 illum

158 786 342 842 dicere
371 786 675 853 interdum,
707 785 952 840 Ebonem
984 799 1094 839 non
1131 782 1301 838 fuisse
1329 781 1656 855 regulariter
1682 781 1773 836 de-

157 876 418 946 positum,
489 874 769 930 interdum
825 881 1006 928 autem
1060 871 1390 945 regulariter
1437 871 1767 926 restitutum.

157 965 219 1019 Et
248 965 382 1020 ideo
410 962 790 1019 demonstravi
834 961 1087 1017 eumdem
1142 961 1392 1016 Ebonem
1448 959 1772 1034 regulariter

157 1053 493 1124 depositum,
527 1060 582 1109 et
609 1067 722 1108 non
776 1051 1104 1121 regulariter
1154 1049 1464 1104 restitutum
1497 1067 1510 1102 :
1545 1048 1637 1121 qui
1669 1047 1768 1102 da-

158 1150 373 1198 mnatus
405 1157 557 1196 anno
587 1139 986 1197 Incarnationis
1006 1138 1306 1195 Dominicae
1335 1142 1458 1208 835,
1493 1154 1549 1192 ιν
1583 1138 1769 1193 Nonas

158 1231 396 1296 Martias,
456 1238 512 1284 et
549 1245 652 1302 per
709 1229 900 1285 decem
931 1234 986 1283 et
1031 1235 1241 1299 septem
1269 1243 1440 1283 annos
1487 1234 1679 1298 postea
1713 1226 1768 1279 in

163 1336 323 1376 carne
355 1319 574 1384 vivens,
600 1333 753 1373 suam
785 1317 972 1374 sedem
1001 1315 1328 1388 regulariter
1348 1315 1403 1371 in
1434 1316 1642 1387 synodo
1657 1330 1766 1370 non

161 1409 392 1480 repetiit,
425 1423 610 1478 neque
641 1406 892 1472 obtinuit,
923 1422 1028 1462 nec
1057 1405 1222 1461 etiam
1253 1419 1409 1460 suam
1439 1403 1764 1460 canonicam

158 1496 580 1563 restitutionem,
613 1503 705 1550 aut
733 1511 764 1550 a
793 1495 926 1550 sede
973 1493 1314 1566 apostolicat,
1365 1500 1458 1548 aut
1487 1508 1520 1547 a
1555 1491 1766 1563 synodo

157 1585 484 1658 regulariter
513 1584 735 1653 factam,
797 1583 1097 1640 secundum
1153 1597 1390 1638 canones
1445 1590 1499 1636 et
1543 1581 1764 1636 decreta

158 1674 303 1730 sedis
331 1675 600 1730 Romanae
641 1673 736 1727 ulli
770 1672 980 1744 synodo
1027 1671 1084 1726 in
1137 1671 1245 1726 vita
1275 1687 1373 1724 sua
1419 1669 1683 1758 ostendit,
1709 1675 1762 1724 et
1789 1697 1843 1758 B

157 1779 376 1818 omnem
395 1761 762 1835 quaestionem
781 1761 850 1816 de
871 1761 963 1817 illo
992 1761 1295 1816 secundum
1312 1758 1468 1832 leges
1489 1757 1759 1814 ecclesia-

157 1851 319 1907 sticas
350 1860 408 1906 et
439 1852 712 1906 humanas
735 1850 851 1919 jam
871 1848 1170 1906 tricennale
1201 1856 1256 1903 et
1285 1863 1352 1902 eo
1373 1846 1606 1917 amplius
1627 1854 1760 1900 tem-

1869 606 1996 661 dem
2025 606 2272 661 Ebonem
2309 605 2636 678 regulariter
2677 605 2846 660 fuisse
2873 606 3198 676 depositum.
3259 607 3466 664 Deinde

1869 701 2092 750 ostensa
2120 702 2242 750 sunt
2286 694 2571 767 privilegia
2614 694 2803 750 domni
2857 695 3133 750 Benedicti
3188 704 3242 750 et
3304 697 3466 752 domo

1868 783 2098 848 Nicolai,
2141 783 2233 856 qui
2263 784 2377 838 suis
2405 783 2892 855 subscriptionibus
2923 791 2977 838 et
3006 783 3212 840 Ebonis
3241 785 3464 856 deposi-

1870 873 2072 929 tionem
2103 880 2158 928 et
2187 872 2415 928 istorum
2445 872 2806 942 dejectionem
2823 871 3304 930 conﬁrmaverunt.
3329 871 3464 943 Quae

1871 961 1917 1016 si
1974 961 2157 1017 omnia
2211 962 2368 1017 vobis
2422 962 2648 1035 longum
2706 961 2864 1018 fuerit
2911 979 3198 1029 enarrare,
3225 963 3466 1018 breviter

1869 1050 2114 1120 poteritis
2144 1050 2346 1117 dicere,
2379 1067 2501 1122 qua)
2531 1051 2670 1105 bene
2699 1050 2860 1106 firma
2887 1059 3075 1107 tenere
3104 1052 3312 1107 debetis
3343 1051 3468 1124 quia

1871 1139 2020 1196 scitis
2041 1139 2229 1211 quales
2260 1147 2384 1194 sunt
2413 1139 2634 1211 quidam
2659 1159 2673 1207 ;
2707 1147 2760 1195 et
2788 1149 2914 1212 peto
2944 1148 3002 1196 ut
3031 1155 3140 1196 non
3183 1133 3469 1212 displiceat

1869 1229 2024 1284 vobis
2057 1228 2204 1299 quod
2233 1229 2359 1283 talia
2405 1228 2561 1283 vobis
2586 1229 2786 1284 mando
2815 1228 2967 1282 ﬁrma
3022 1237 3209 1284 tenere
3237 1230 3462 1298 debere,

1868 1317 2022 1388 quasi
2051 1333 2138 1371 me
2169 1323 2352 1388 putem
2381 1316 2538 1372 vobis
2581 1317 2982 1388 sapientiorem,
3015 1317 3144 1389 quia
3174 1301 3242 1374 ex
3286 1319 3466 1374 chari-

1869 1412 1978 1460 tate
2007 1406 2110 1460 hoc
2141 1405 2282 1470 dico,
2317 1413 2369 1459 et
2401 1405 2529 1460 talia
2556 1405 2688 1459 mihi
2717 1421 2751 1460 a
2779 1406 2934 1461 vobis
2963 1406 3212 1461 mandari
3245 1407 3460 1476 vellem,

1869 1495 1913 1549 si
1941 1495 2046 1550 tale
2066 1495 2404 1550 missaticum
2436 1495 2696 1549 haberem
2726 1495 2866 1551 sicut
2895 1511 2994 1550 vos
3022 1496 3258 1551 habetis.
3279 1496 3460 1551 Verba

1867 1592 2049 1638 autem
2105 1600 2225 1654 quae
2273 1599 2372 1638 vos
2431 1582 2589 1638 ﬁrma
2646 1583 2849 1638 habere
2906 1583 3136 1650 debetis,
3195 1591 3247 1638 et
3302 1585 3462 1639 etiam
3508 1642 3531 1658 ς

1868 1673 2051 1739 vestri,
2120 1672 2164 1726 si
2208 1671 2404 1744 aliquis
2432 1671 2557 1726 inde
2617 1671 2780 1726 fuerit
2843 1679 3098 1739 tentatus,
3157 1673 3262 1728 ista
3297 1681 3458 1727 sunt:

1863 1759 2004 1830 Quia
2035 1761 2336 1817 secundum
2364 1769 2612 1816 tenorem
2631 1761 2983 1831 epistolarum
3020 1762 3206 1816 domni
3237 1770 3460 1833 aposto-

1860 1849 1970 1916 lici,
2005 1849 2142 1906 sicut
2170 1851 2232 1904 in
2261 1849 2340 1905 eis
2373 1849 2633 1920 scriptum
2663 1849 2912 1920 habetur,
2947 1858 3138 1905 cuncta
3167 1867 3268 1922 per
3307 1851 3458 1906 ordi-

156 1958 253 2012 pus
281 1940 550 1997 excludit.
572 1939 842 2008 Quoniam
871 1947 930 1993 ut
958 1939 1067 1994 Leo
1095 1939 1165 1992 ad
1193 1937 1539 1994 Theodorum
1569 1934 1764 1990 scribit
1859 1955 1986 1994 nem
2016 1956 2138 2010 quae
2165 1939 2223 1993 in
2251 1939 2368 1993 istis
2398 1939 2658 1993 fratribus
2677 1945 2836 2012 gesta
2865 1947 2990 1994 sunt
3037 1940 3297 1996 canonice
3334 1957 3460 1996 exa-

157 2031 343 2102 (epist.
378 2033 474 2095 59,
509 2029 613 2084 sub
634 2028 918 2098 medium),
952 2027 1099 2099 quod
1141 2042 1371 2082 manens
1427 2026 1483 2080 in
1529 2039 1760 2095 corpore

153 2135 258 2174 non
286 2117 528 2190 recepit,
561 2117 824 2189 consequi
853 2125 1045 2172 exutus
1102 2131 1266 2172 carne
1292 2131 1402 2171 non
1429 2113 1646 2186 poterit.
1677 2113 1759 2167 De

158 2209 310 2276 cujus
373 2205 723 2278 depositione
795 2206 1091 2262 admodum
1119 2203 1277 2275 plura
1305 2204 1481 2258 habeo
1511 2218 1674 2273 quam
1702 2201 1761 2256 in

155 2296 368 2366 synodo
399 2295 573 2350 modo
603 2295 958 2362 ostenderim,
989 2293 1126 2350 sicut
1153 2301 1204 2348 et
1234 2293 1290 2347 in
1318 2292 1438 2363 ipso
1468 2291 1673 2362 scripto
1703 2289 1759 2344 in

156 2385 366 2456 synodo
387 2392 476 2440 est
503 2382 790 2449 relectum,
813 2383 905 2437 ubi
921 2398 1010 2438 me
1027 2381 1292 2438 canonice
1313 2380 1545 2436 electum
1576 2387 1629 2434 et
1659 2394 1756 2434 ca-

154 2471 348 2529 nonice
379 2471 696 2528 ordinatum
738 2471 1058 2527 monstravi.
1094 2471 1155 2524 In
1183 2469 1378 2542 quibus
1418 2469 1556 2524 sicut
1607 2467 1758 2524 scitis

156 2571 203 2616 et
230 2579 329 2618 rex
352 2569 411 2617 et
443 2576 639 2617 omnes
668 2559 1158 2629 concordaverunt,
1179 2558 1416 2614 scientes
1444 2573 1533 2612 me
1562 2573 1672 2612 non
1701 2556 1757 2610 in

155 2650 352 2706 duritia
381 2649 530 2706 velle
573 2657 765 2706 contra
791 2647 1086 2704 Vulfadum
1114 2648 1426 2720 persistere,
1471 2645 1562 2718 qui
1591 2645 1756 2700 inter-

154 2740 278 2794 dum
309 2739 478 2794 etiam
507 2738 724 2794 dicebat
755 2738 903 2810 quod
929 2753 1084 2793 meus
1129 2752 1239 2792 non
1296 2743 1442 2792 esset
1497 2733 1752 2802 clericus,

153 2828 474 2901 angustians
533 2827 672 2882 sicut
701 2827 849 2882 scitis
879 2835 937 2881 ut
965 2826 1327 2898 qualicunque
1357 2824 1520 2879 modo
1553 2824 1756 2896 gradus

154 2915 583 2986 posscthabere.
628 2915 762 2985 Quae
791 2915 956 2970 etiam
987 2914 1188 2985 scripta
1205 2913 1362 2968 vobis
1397 2928 1509 2968 non
1539 2913 1608 2966 ad
1659 2929 1754 2967 os—

155 3005 492 3062 tendendum
524 3003 624 3060 sed
661 3005 729 3059 ad
757 3003 1068 3059 habendum
1099 3003 1394 3065 mitterem,
1438 3001 1484 3055 si
1513 3001 1756 3056 notarius

149 3103 331 3150 noster
359 3091 620 3150 inﬁrmus
646 3093 737 3148 illa
767 3090 1536 3164 transcribere}oncurrisset.

211 3184 418 3240 Postea
432 3189 619 3238 autem
654 3189 877 3238 ostensa
933 3189 1016 3236 est
1065 3181 1325 3252 synodus,
1379 3179 1465 3235 cui
1492 3194 1596 3250 ego
1643 3193 1752 3233 non

155 3271 487 3344 sudscripsi;
519 3272 576 3326 in
599 3288 708 3343 qua
731 3271 800 3326 ab
837 3270 991 3342 ipsis,
1023 3269 1117 3341 qui
1170 3268 1378 3325 Ebonis
1420 3267 1752 3323 damnationi

154 3361 535 3431 interfuerunt,
559 3368 615 3416 et
642 3359 826 3416 verbis
855 3368 909 3414 et
955 3357 1174 3430 scriptis
1201 3366 1364 3429 atque
1412 3356 1751 3412 auctoritati-

153 3451 268 3520 bus,
307 3465 500 3507 coram
529 3465 665 3522 rege
695 3448 1106 3519 comprobatum
1135 3446 1253 3518 fuit,
1289 3445 1522 3518 qualiter
1541 3445 1662 3500 Ebo
1719 3459 1752 3498 a

152 3555 225 3606 se,
249 3539 407 3609 juxta
456 3539 680 3594 decreta
709 3537 928 3606 Zosimi,
989 3535 1208 3605 Leonis,
1241 3534 1466 3590 Joannis
1497 3541 1550 3590 et
1589 3533 1750 3589 Grae-

1785 3057 1836 3119 C

152 3628 304 3700 gorii,
337 3643 446 3699 per
472 3626 721 3682 libellum
760 3624 1120 3698 professionis
1156 3639 1322 3679 manu
1361 3639 1457 3678 sua
1501 3621 1749 3678 subscri-
1783 3617 1790 3624 ’

153 3724 322 3787 ptum,
337 3723 394 3772 et
424 3731 459 3771 a
489 3714 850 3788 quadraginta
889 3713 1060 3769 tribus
1093 3711 1390 3784 episcopis,
1452 3711 1748 3767 secundum

149 3822 295 3861 suam
321 3803 729 3877 professionem
769 3811 824 3859 et
879 3801 1354 3874 subscriptionem,
1415 3799 1746 3873 regulariter

152 3893 434 3966 depositus
462 3891 584 3957 fuit,
617 3900 671 3948 et
698 3891 1030 3965 regulariter
1065 3890 1348 3946 restitutus
1375 3905 1484 3944 non
1519 3887 1617 3943 fuit
1650 3903 1662 3944 :
1697 3895 1750 3942 et

154 3983 220 4037 ob
247 3983 323 4050 id,
355 3981 664 4038 secundum
691 3980 910 4038 decreta
938 3979 1262 4046 Innocentii,
1297 3977 1390 4050 qui
1401 3976 1647 4034 scribens
1679 3975 1748 4031 ad

153 4071 475 4126 Martianum
495 4069 826 4126 Naxitanum
854 4067 1170 4140 episcopum
1201 4067 1384 4139 (epist.
1435 4066 1550 4136 28),
1589 4063 1752 4134 jussit

155 4175 244 4214 eos
298 4159 476 4230 recipi
533 4157 647 4214 suis
691 4157 973 4214 ordinibus
1002 4171 1141 4228 quos
1193 4157 1440 4211 Bonosus
1472 4161 1598 4209 ante
1645 4153 1750 4230 da-_

155 4249 488 4305 mnationem
516 4261 672 4302 suam
703 4245 988 4302 ordinavit.
1021 4245 1218 4300 Postea
1248 4243 1495 4298 scribens
1543 4241 1611 4296 ad
1639 4241 1750 4296 Ru-

153 4335 259 4391 fum
287 4345 342 4392 et
394 4335 698 4393 Eusebium
726 4351 791 4390 ac
818 4341 1044 4390 caeteros
1085 4331 1420 4389 Macedonia
1463 4331 1750 4402 episcOpos

1859 2027 2151 2094 minantes,
2205 2027 2488 2084 invenistis
2547 2028 2794 2082 Ebonem
2843 2027 2988 2096 juste
3037 2035 3088 2084 et
3142 2029 3463 2102 regulariter

1858 2117 2171 2188 depositum
2202 2124 2254 2172 et
2285 2133 2396 2172 non
2449 2116 2776 2188 regulariter
2832 2117 3157 2184 restitutum,
3217 2125 3272 2174 et
3324 2118 3459 2174 istos

1859 2204 2054 2261 fratres
2080 2222 2190 2260 non
2217 2221 2251 2260 a
2286 2221 2374 2260 me
2403 2205 2501 2260 sed
2531 2222 2561 2259 a
2583 2206 2792 2277 synodo
2821 2204 3202 2278 episcoporum
3222 2207 3459 2280 quinque

1855 2295 2259 2365 provinciarum
2283 2294 2553 2364 judicatos
2597 2295 2898 2350 secundum
2953 2311 3140 2352 sacros
3197 2312 3454 2368 canones,

1857 2392 1910 2438 et
1935 2383 2159 2440 decreta
2185 2383 2506 2449 Innocentii,
2555 2383 2773 2449 Zosimi,
2831 2391 2884 2439 et
2927 2385 3141 2450 Leonis,
3199 2385 3338 2442 sicut
3401 2387 3456 2440 in

1857 2472 2104 2543 synodali
2133 2472 2360 2543 epistola
2389 2472 2709 2528 continetur.
2735 2474 2802 2526 Et
2831 2473 2959 2544 quia
2987 2473 3040 2528 in
3072 2473 3258 2529 domui
3317 2489 3454 2545 apo-

1857 2560 2032 2616 stolici
2061 2561 2304 2630 epistolis
2333 2561 2636 2616 continetur
2662 2568 2719 2614 ut
2775 2577 2895 2632 quae
2924 2568 3124 2616 statuta
3159 2570 3284 2616 sunt
3343 2578 3452 2618 non

1855 2649 2017 2704 ducat
2053 2649 2424 2716 dissolvenda,
2468 2648 2572 2702 nisi
2629 2648 2798 2704 sacris
2845 2648 3060 2721 legibus
3115 2649 3454 2706 inveniantur

1854 2738 2124 2803 adversa;
2159 2746 2212 2792 et
2241 2737 2298 2792 in
2323 2737 2805 2808 eisdem.epistolis
2833 2737 3158 2810 intelligens
3209 2739 3452 2810 synodus

1855 2825 2026 2898 ipsius
2087 2825 2477 2898 benignitatem
2513 2841 2644 2898 erga
2683 2827 2784 2881 hos
2832 2826 3048 2896 fratres,
3097 2827 3316 2883 inventa
3372 2837 3455 2882 est

1855 2914 1955 2968 ista
1983 2915 2278 2970 auctoritas
2303 2915 2509 2971 Nicaani
2541 2914 2758 2971 concilii
2787 2916 2856 2970 de
2885 2916 3148 2971 ordinatis
3177 2932 3208 2970 a
3236 2917 3450 2972 Meletio

1854 3005 2126 3075 quondam
2157 3005 2411 3059 damnato
2446 3005 2722 3075 episcopo,
2752 3019 2915 3075 quam
2956 3005 3196 3076 episcopi
3245 3005 3302 3060 in
3357 3023 3452 3077 sy-

1853 3093 2038 3146 nodali
2068 3093 2298 3164 cpistola
2346 3093 2423 3146 illi
2454 3093 2780 3148 unanimiter
2817 3093 3096 3158 mandant,
3129 3101 3188 3148 ut
3229 3093 3447 3164 priscis,

1852 3181 1990 3237 sicut
2016 3181 2145 3236 dicit
2177 3181 2450 3246 Gelasius,
2483 3198 2584 3252 pro
2615 3181 2696 3234 sui
2736 3181 3042 3236 reverentia
3100 3183 3446 3238 manentibus

1853 3269 2180 3336 constitutis,
2201 3277 2254 3324 et
2275 3269 2438 3326 salvis
2466 3269 2783 3340 apostolica
2800 3269 2946 3324 sedis
2967 3269 3290 3343 privilegiis,
3324 3286 3448 3326 cum

1853 3375 2044 3413 eorum
2074 3359 2237 3414 etiam
2266 3358 2606 3414 salvamento
2637 3357 2728 3430 qui
2759 3359 2968 3430 synodo
2989 3358 3444 3430 subscripserunt,

1852 3445 1908 3501 in
1924 3464 2029 3518 qua
2056 3446 2256 3502 fratres
2283 3447 2352 3501 de
2388 3447 2584 3518 quibus
2629 3447 2810 3519 agitur
2867 3445 3020 3502 fuere
3069 3447 3284 3516 dejecti,
3344 3465 3447 3519 per

1849 3535 2244 3608 indulgentiam
2275 3543 2328 3590 et
2357 3536 2734 3591 auctoritatem
2765 3535 2935 3606 ipsius
2965 3535 3019 3590 in
3059 3535 3172 3590 suis
3241 3536 3446 3591 ordini-

1849 3624 1952 3678 bus
1982 3624 2148 3694 recipi
2181 3631 2234 3678 et
2263 3624 2489 3694 provehi
2519 3622 2729 3694 possint
2757 3624 2966 3696 absque
2995 3625 3446 3681 contradictione-

1849 3711 2096 3784 migratis
2119 3712 2234 3780 jam
2275 3711 2527 3767 omnibus
2584 3712 2676 3784 qui
2731 3713 2785 3767 in
2843 3712 3050 3768 Ebonis
3105 3713 3444 3784 depositione

1850 3799 2073 3855 fuerunt
2101 3801 2392 3872 episcOpis,
2427 3809 2656 3872 excepto
2685 3801 2803 3856 solo
2834 3801 3101 3857 Rothado.
3135 3803 3338 3858 Verum
3392 3811 3446 3858 et

1848 3889 1926 3944 illi
1983 3889 2246 3960 episc0pi,
2306 3889 2395 3960 qui
2453 3890 2633 3944 eidem
2692 3889 2869 3945 Eboni
2897 3898 3021 3961 post
3049 3891 3444 3961 depositionem

1849 3992 2006 4032 suam
2025 3977 2346 4034 dicebantur
2401 3977 2852 4044 communicasse,
2905 3979 3020 4047 jam
3052 3979 3144 4032 -ad
3173 3980 3440 4048 divinum,

1843 4066 2107 4135 judicium
2158 4067 2552 4138 migraverunt,
2613 4075 2664 4121 et
2692 4066 2811 4120 aliis
2839 4066 2896 4120 in
2927 4082 3116 4122 eorum
3142 4068 3278 4124 locis
3307 4069 3443 4124 sub-

1850 4156 2064 4222 stitutis,
2098 4171 2164 4210 ac
2192 4171 2290 4226 per
2318 4171 2434 4221 eos,
2467 4163 2525 4209 ut
2582 4155 2658 4210 ita
2687 4156 2951 4220 dicamus,
2994 4156 3292 4212 innumeris
3344 4173 3442 4212 or-

1848 4244 2066 4309 dinatis,
2125 4260 2156 4296 a
2214 4243 2362 4297 nullo
2419 4243 2646 4297 istorum
2688 4243 2922 4298 fratrum
2947 4243 3213 4298 restitutio
3243 4253 3438 4299 contra

1849 4331 2068 4387 dicitur.
2108 4333 2316 4386 Tamen
2345 4331 2391 4385 si
2416 4347 2511 4385 vos
2531 4347 2639 4386 non
2665 4340 2940 4404 gravaret,
2966 4331 3196 4388 multum
3243 4332 3441 4388 vellem

157 4425 335 4498 (epist.
369 4427 487 4496 27),
519 4440 621 4481 eos
651 4439 790 4497 quos
818 4431 943 4496 post
971 4421 1376 4478 damnationem
1431 4435 1581 4474 suam
1603 4419 1749 4473 idem
1775 4412 1830 4472 D
1853 4429 1908 4475 ut
1928 4436 2144 4476 omnem
2197 4420 2594 4492 plenitudinem
2625 4421 3056 4494 suprascriptam
3109 4421 3179 4477 de
3234 4421 3441 4477 Ebonis

154 4513 396 4570 Bonosus
423 4513 714 4580 ordinavit,
743 4527 1087 4584 nequaquam
1143 4509 1314 4581 recipi
1357 4508 1413 4562 in
1469 4507 1749 4563 ordinibus

153 4601 536 4658 ecclesiasticis
565 4600 836 4673 permisit.
867 4601 936 4656 Et
963 4599 1262 4656 secundum
1291 4599 1516 4654 decreta
1545 4595 1748 4652 Zosimi

153 4691 218 4746 ad
268 4691 558 4748 Aurelium
607 4697 661 4746 et
713 4691 784 4746 ad
828 4688 1116 4745 universos
1143 4687 1434 4760 episcopos
1463 4702 1564 4757 per
1602 4684 1747 4740 Afri-

155 4795 269 4835 cam
300 4789 353 4836 et
379 4788 613 4838 caeteras
633 4777 945 4850 provincias
991 4776 1314 4834 constitutos
1360 4777 1550 4848 (epist.
1585 4775 1659 4844 6),
1695 4781 1748 4830 et

153 4869 219 4923 ad
247 4869 655 4925 Massiliensem
680 4866 1006 4934 Ecclesiam,
1041 4875 1094 4922 et
1123 4866 1193 4921 ad
1221 4864 1526 4920 Patroclum
1559 4863 1748 4919 Arela-

155 4964 359 5014 tensem
377 4958 722 5030 episcopum,
754 4956 824 5011 de
859 4955 946 5010 his
991 4971 1130 5027 quos
1171 4961 1298 5026 post
1344 4952 1747 5008 damnationem

156 5061 305 5102 suam
335 5045 604 5104 Proculus
633 5043 919 5110 ordinavit,
945 5043 1038 5116 qui
1083 5060 1144 5098 se
1171 5041 1356 5098 libello
1385 5041 1748 5114 professionis

153 5151 261 5190 suae
319 5135 593 5207 suscripto
637 5133 694 5188 in
751 5133 960 5206 synodo
1017 5131 1314 5203 deposuit;
1365 5139 1419 5186 et
1447 5130 1747 5186 secundum

153 5224 368 5280 decreta
397 5223 601 5280 Leonis
631 5230 684 5278 et
713 5237 992 5278 sacrorum
1048 5237 1340 5288 canonum,
1403 5219 1494 5292 qui
1528 5235 1746 5276 excom-

153 5313 424 5369 municato
481 5311 958 5368 communicarunt
986 5309 1042 5364 in
1081 5309 1387 5380 dejectione
1425 5323 1745 5380 permanere

153 5400 265 5456 istis
297 5401 494 5457 fratres
518 5401 748 5471 judicati
775 5399 1011 5456 fuerunt.
1046 5398 1282 5454 Ostensa
1333 5405 1416 5453 est
1435 5397 1597 5452 etiam
1645 5414 1744 5468 sy-

151 5490 328 5546 nodus
357 5491 740 5562 episcoporum
766 5488 1062 5562 provinciae
1091 5487 1462 5554 Bituricensis,
1493 5486 1580 5542 cui
1599 5502 1742 5558 prae-

1849 4509 2208 4581 depositione,
2271 4519 2323 4565 et
2377 4510 2448 4566 de
2501 4511 2731 4566 istorum
2780 4511 3178 4581 adjudicatione
3239 4513 3440 4568 domno

1847 4598 2148 4670 apostolico
2205 4597 2525 4655 referretis:
2559 4601 2706 4672 quod
2736 4600 3014 4672 sapientiae
3043 4608 3240 4655 vestra:
3284 4615 3441 4655 com-

1848 4688 2000 4744 mitto
2030 4687 2278 4755 arbitrio,
2311 4687 2398 4744 cui
2428 4689 2621 4744 melius
2651 4679 2837 4755 credo,
2869 4703 3034 4760 quam
3073 4687 3116 4741 si
3145 4688 3266 4758 ipsa
3304 4687 3441 4744 scri-

1848 4784 1938 4847 pta
1994 4777 2436 4832 transmitterem.
2488 4779 2584 4832 Est
2637 4779 2814 4842 etiam,
2867 4775 3121 4846 quoniam
3185 4776 3233 4832 si
3261 4777 3442 4850 aliqua

1849 4865 2050 4937 scripta
2077 4881 2176 4936 per
2203 4881 2302 4922 vos
2329 4866 2620 4932 mitterem,
2653 4874 2706 4921 et
2733 4880 2830 4921 vos
2859 4864 2948 4918 illa
2975 4867 3316 4935 portassetis,
3335 4867 3441 4922 nisi

1846 4961 2052 5009 tantum
2099 4954 2385 5025 epistolam
2441 4953 2780 5027 synodalem,
2841 4960 2896 5007 et
2937 4969 3118 5010 meam
3156 4955 3442 5028 epistolam

1847 5043 2271 5100 concordantem
2299 5044 2477 5100 eidem
2505 5041 2766 5112 epistolae,
2799 5041 2948 5098 scitis
2979 5044 3170 5116 quales
3200 5061 3388 5100 sumus
3421 5063 3435 5100 :

1846 5141 2032 5203 posset
2080 5130 2194 5188 fieri
2250 5141 2307 5186 ut
2359 5132 2664 5202 aliquorum
2703 5139 2916 5187 mentes
2957 5132 3084 5188 inde
3115 5141 3306 5188 contra
3335 5149 3436 5192 nos

1846 5220 2161 5278 scandalum
2183 5228 2489 5286 sumerent;
2522 5219 2667 5290 quod
2689 5221 2923 5278 etmodo
2953 5221 3008 5275 in
3037 5223 3246 5292 synodo
3276 5239 3440 5294 quan-

1845 5318 1958 5366 tum
1987 5311 2135 5382 potui
2160 5307 2412 5373 devitavi,
2465 5307 2557 5362 ubi
2579 5307 2719 5365 sicut
2749 5311 3163 5381 comprobatum
3192 5319 3274 5367 est
3302 5312 3438 5368 istos

1847 5399 2043 5456 fratres
2073 5414 2180 5452 non
2227 5396 2483 5466 judicavi,
2536 5414 2638 5455 nec
2668 5399 2843 5454 cidem
2875 5399 3084 5470 synodo
3113 5400 3431 5472 subscripsi.

1849 5491 1910 5544 Et
1941 5495 2094 5542 erant
2124 5485 2467 5543 auctoritates
2497 5488 2791 5556 canonica),
2827 5497 2879 5544 et
2905 5487 3250 5548 decretorum
3290 5490 3436 5546 sedis
