4026 6294
569 232 639 288 6'!
939 239 954 249 ‘
1541 226 1882 284 HINCMARI
1910 220 2312 282 RHEMENSIS
2341 216 2895 306 ARCHIEPISCOPI.
3793 215 3864 271 68

567 360 826 415 Romanae
857 354 1192 427 pontiﬁcum,
1213 353 1410 426 quibus
1430 351 1537 424 ipsi
1564 351 1808 422 episcopi
1827 351 1927 405 hos
1966 348 2163 404 fratres
2183 347 2238 406 Α
2267 369 2456 433 postea
2487 361 2729 431 tractavi,
2763 361 2902 417 sicut
2928 375 3116 416 coram
3135 359 3270 430 ipsis
3295 358 3352 414 in
3382 359 3593 432 synodo
3621 375 3878 430 compro—

564 448 964 518 judicaverunt,
1023 453 1074 498 et
1123 443 1216 515 qui
1273 441 1452 498 eidem
1497 441 1706 512 synodo
1737 439 2162 510 suscripserunt,

569 553 656 592 me
685 543 896 591 tacente
937 550 1163 604 necesse
1207 532 1474 586 habebant
1502 531 1607 586 hoc
1639 537 1870 584 statuere
1902 528 2046 599 quod
2078 527 2164 595 ju-

567 625 884 681 dicaverunt
911 631 964 678 et
997 622 1456 692 subscripserunt,
1492 627 1583 673 aut
1623 625 1815 674 contra
1859 614 2163 688 professio-

567 731 692 770 nem
723 712 1245 783 etsubscriptionem
1275 726 1426 764 suam
1448 716 1658 772 euntes,
1693 705 1994 762 secundum
2029 705 2162 759 Car-

569 805 893 876 thaginense
951 801 1248 856 concilium
1305 815 1364 854 se
1386 799 1592 852 honore
1624 795 1932 866 privarant:
1966 801 2019 848 et
2045 793 2164 863 pri-

570 893 769 966 vilegia
813 891 978 946 sedis.
1033 889 1362 960 Apostolicm
1383 888 1616 942 duorum
1643 881 1958 956 pontiﬁcum
1985 881 2166 953 qualia

569 991 692 1038 sunt
718 989 771 1036 et
801 997 921 1053 quae
968 978 1424 1035 conﬁrmaverunt
1454 975 1602 1046 quod
1632 973 1740 1045 ipsi
1797 970 2043 1042 episcOpi
2075 971 2165 1040 ju-

567 1073 901 1136 dicaverunt,
924 1069 1030 1140 ipsi
1059 1067 1270 1123 vidistis
1297 1074 1350 1122 et
1379 1063 1635 1120 audistis.
1669 1063 1874 1118 Tamen
1902 1076 1972 1115 ne
2003 1075 2166 1116 scan-

570 1161 754 1216 dalum
811 1159 982 1227 ﬁeret,
1018 1165 1234 1213 secutus
1295 1155 1602 1226 exemplum
1633 1150 1850 1206 Domini
1891 1149 1986 1220 qui
2035 1149 2168 1204 dixit

569 1251 637 1305 ad
689 1251 954 1305 Petrum:
1005 1247 1119 1302 Nos
1145 1262 1372 1302 censum
1417 1259 1528 1299 non
1586 1241 1868 1306 debemus,
1923 1237 2020 1292 sed
2097 1254 2167 1307 ne

571 1339 1007 1396 scandalizemus
1029 1352 1146 1400 eos,
1179 1334 1434 1390 videlicet
1466 1332 1558 1404 qui
1593 1345 1819 1387 censum
1854 1325 2166 1397 exigebant,

571 1429 642 1486 da
670 1432 940 1484 stateram
957 1427 1023 1481 de
1044 1441 1136 1481 ore
1162 1425 1334 1496 piscis
1345 1438 1446 1496 pro
1484 1438 1574 1477 me
1595 1427 1651 1477 et
1677 1439 1780 1494 pro
1836 1425 1890 1476 te
1943 1419 2164 1489 (Matth.

571 1534 708 1583 xvn,
758 1519 871 1586 26),
928 1515 1092 1570 vitato
1113 1512 1371 1568 seandalo
1415 1519 1467 1567 et
1495 1511 1806 1582 prazjudicio
1863 1509 2010 1566 sedis
2029 1523 2168 1578 apo-

573 1607 797 1672 stolica,
831 1613 888 1660 ut
918 1620 1028 1659 non
1056 1619 1178 1672 nos,
1212 1601 1309 1657 sed
1337 1601 1510 1672 ipsius
1528 1601 1821 1657 auctoritas
1853 1601 1898 1655 si
1914 1596 2165 1663 voluerit,

573 1697 746 1752 solvat
804 1702 856 1750 et
903 1693 1146 1747 imrrutet
1169 1707 1325 1746 suam
1355 1691 1680 1745 sententiam
1710 1706 1870 1762 quam
1899 1687 2090 1760 ligavit
2117 1692 2170 1740 et

571 1783 942 1849 conﬁrmavit,
975 1781 1303 1836 servandam
1361 1779 1472 1834 vidi
1525 1779 1784 1834 unitatem
1833 1779 2050 1852 spiritus
2115 1783 2171 1838 in

571 1873 790 1932 vinculo
847 1873 1019 1944 pacis,
1063 1869 1312 1924 similiter
1341 1877 1393 1924 et
1422 1869 1476 1922 in
1507 1870 1613 1924 hoc
1669 1869 1806 1924 sicut
1863 1880 1915 1926 et
1963 1873 2056 1942 ibi,
2115 1881 2173 1927 ut

573 1963 780 2018 nullum
801 1977 904 2033 ego
938 1959 1202 2031 scriptum
1231 1957 1437 2012 mittam
1457 2001 1470 2024 ,
1504 1975 1608 2015 nec
1627 1974 1725 2014 vos
1755 1959 1900 2014 aliud
1917 1963 2168 2031 portatis,

571 2053 676 2108 nisi
707 2051 851 2124 quod
872 2065 994 2106 cum
1014 2065 1145 2122 rege
1177 2055 1230 2103 et
1257 2063 1381 2104 cum
1410 2046 1683 2120 episc0pis
1697 2048 1855 2104 nobis
1895 2051 2166 2106 convenit.

564 2143 772 2198 Eamus
803 2138 1120 2210 simpliciter
1157 2136 1285 2209 quia
1319 2136 1455 2192 sicut
1517 2137 1791 2207 Scriptura
1847 2139 1976 2193 dicit
2009 2157 2022 2193 ε
2069 2141 2173 2208 Qui

575 2231 831 2288 ambulat
861 2228 1222 2300 simpliciter,
1243 2225 1499 2282 ambulat
1530 2226 1878 2295 conﬁdenter
1899 2227 2082 2299 (Prov.
2107 2246 2168 2295 Χ,

575 2320 651 2391 9).
673 2319 781 2375 Sed
811 2317 857 2373 si
888 2318 1068 2373 locum
1087 2315 1352 2379 videritis,
1384 2315 1546 2370 domo
1606 2315 1907 2385 apostolico
1955 2317 2172 2386 aperire

575 2409 806 2474 debetis,
843 2406 1101 2478 quoniam
1117 2404 1268 2459 multi
1291 2403 1399 2472 jam
1429 2403 1646 2469 dicunt,
1681 2404 1726 2458 si
1755 2403 1846 2458 illa
1878 2403 2030 2460 ﬁrma
2062 2421 2172 2461 non

575 2497 792 2552 fuerunt
839 2511 958 2567 quae
1007 2502 1136 2548 tunc
1174 2492 1302 2546 inde
1341 2490 1664 2547 conﬁrmata
1711 2501 1855 2560 sunt,
1915 2510 2016 2549 nec
2072 2494 2173 2549 ista

576 2603 696 2659 quae
727 2585 888 2640 modo
917 2582 1051 2638 ﬁunt
1070 2581 1224 2637 ﬁrma
1245 2589 1419 2636 erunt.
1454 2581 1519 2636 Et
1541 2581 1675 2634 nihil
1713 2589 1796 2636 est
1815 2582 1929 2653 jam
1959 2581 2174 2638 ﬁrmum

573 2675 719 2747 quod
749 2673 990 2745 episc0pi
1017 2680 1071 2727 et
1101 2670 1397 2742 apostolica
1433 2671 1593 2726 sedes
1614 2670 1914 2726 decernunt
1949 2690 1962 2738 ;
1997 2689 2173 2744 neque

577 2765 646 2819 de
675 2763 876 2818 nostris
909 2761 1150 2831 judiciis,
1181 2775 1284 2814 nec
1313 2759 1573 2814 etiam'de
1619 2760 2172 2816 excommunicatione

577 2854 766 2904 curant
791 2865 806 2914 ;
839 2861 941 2900 nec
963 2842 1272 2915 presbyteri
1297 2859 1326 2896 a
1354 2841 1511 2896 nobis
1534 2841 1814 2915 degradati
1860 2859 1962 2914 pro
1984 2852 2172 2900 nostro

572 2935 776 3006 judicio
809 2951 964 2989 suum
994 2930 1355 2988 ministerium
1409 2931 1698 2995 dimittent,
1743 2932 1869 3004 quia
1899 2931 2032 2986 nihil
2091 2941 2173 2987 est

575 3025 794 3080 ﬁrmum
831 3023 978 3096 quod
1009 3021 1222 3095 agimus
1293 3020 1391 3074 sed
1454 3019 1596 3076 sicut
1630 3020 1743 3076 vult
1799 3037 1915 3088 rex,
1954 3028 2006 3075 et
2037 3021 2176 3076 sicut

2203 3069 2250 3132 Ο

2267 450 2409 517 bavi,
2442 467 2510 505 ne
2545 451 2706 506 talem
2755 467 2843 505 me
2872 450 3118 515 mstimet,
3161 449 3300 504 sicut
3330 465 3417 504 me
3447 447 3629 504 aemuli
3659 449 3766 504 mei
3795 447 3878 504 illi

2269 539 2590 613 depingunt.
2641 541 2709 594 Et
2735 539 2932 594 habete
2985 537 3317 610 exemplaria
3345 538 3414 593 de
3445 537 3677 608 epistola
3707 553 3876 608 syno-

2267 628 2396 698 dali,
2430 637 2483 684 et
2513 629 2580 682 de
2611 643 2732 682 mea
2769 627 3002 699 epistola
3038 646 3052 682 :
3083 635 3141 682 ut
3170 627 3216 681 si
3244 627 3408 698 aliqui
3453 625 3580 682 inde
3613 627 3875 698 quiddam

2267 717 2538 772 voluerint
2565 717 2767 782 dicere,
2801 725 3093 788 postquam
3120 716 3243 771 illas
3263 715 3562 788 apostolico
3584 715 3870 781 dederitis,

2268 805 2514 860 habeatis
2565 821 2755 860 earum
2799 805 3144 876 exemplaria,
3205 813 3256 860 et
3297 803 3542 860 habeatis
3587 819 3683 860 eas
3729 805 3876 860 bene

2269 895 2535 965 cognitas.
2590 893 2847 950 Similiter
2890 894 3136 965 satagite,
3175 901 3232 947 ut
3259 893 3378 948 illas
3427 892 3702 964 epistolas,
3735 909 3877 965 quas

2269 983 2502 1037 domnus
2549 982 2878 1054 apostolicus
2935 983 3004 1038 de
3058 982 3162 1036 ista
3193 997 3357 1038 causa
3399 981 3585 1039 facere
3637 982 3875 1052 jubebit,

2268 1071 2465 1142 legatis
2494 1079 2784 1144 antequam
2833 1071 2939 1127 huc
2988 1063 3286 1138 mittantur,
3318 1086 3388 1126 ne
3415 1071 3652 1142 aliquem
3690 1071 3880 1127 dolum

2268 1159 2324 1214 in
2343 1160 2423 1215 eis
2444 1161 2761 1232 scriptores,
2795 1159 2936 1216 sicut
2963 1159 3214 1215 dicuntur
3241 1159 3442 1228 facere,
3460 1160 3671 1232 possint
3689 1160 3876 1232 impo-

2268 1265 2416 1304 nere.
2451 1250 2520 1304 Et
2539 1265 2648 1304 non
2677 1249 3074 1305 obliviscamini
3103 1256 3161 1303 ut
3189 1248 3399 1305 faciatis
3429 1257 3636 1304 certum
3663 1257 3877 1320 aposto-

2269 1336 2452 1404 licum,
2514 1337 2644 1410 quia
2690 1337 2785 1392 illa
2840 1337 3072 1409 epistola
3125 1337 3304 1410 quarti
3360 1337 3556 1393 Leonis
3603 1355 3758 1409 papae
3805 1339 3876 1394 de

2267 1427 2497 1482 istorum
2545 1425 2774 1482 fratrum
2824 1425 3230 1494 reclamatione,
3292 1443 3458 1499 quam
3504 1434 3770 1483 memorat
3821 1427 3881 1482 in

2271 1515 2382 1570 suis
2414 1515 2678 1586 epistolis,
2730 1515 2849 1570 istis
2888 1515 3178 1586 Cisalpinis
3223 1515 3542 1588 regionibus
3571 1531 3679 1572 non
3708 1516 3879 1572 inno-

2272 1603 2386 1672 tuit,
2420 1603 2522 1658 nisi
2553 1621 2650 1675 per
2679 1621 2803 1659 suas
2834 1621 3009 1675 nuper
3037 1604 3236 1659 missas
3278 1603 3567 1676 epistolas;
3603 1613 3656 1661 et
3682 1614 3879 1678 rogate

2200 1708 2253 1768 Β
2277 1692 2516 1765 aliquem
2563 1693 2632 1748 de
2663 1693 2860 1748 vestris
2907 1709 3276 1748 memorosum
3324 1695 3621 1760 hominem,
3655 1694 3746 1767 qui
3777 1711 3881 1750 vos

2274 1797 2418 1852 saepe
2473 1782 2786 1846 admoneat,
2847 1782 3104 1854 quoniam
3159 1782 3410 1853 occupati
3458 1783 3627 1850 eritis,
3677 1792 3734 1838 ut
3763 1800 3881 1840 non

2271 1869 2669 1926 obliviscamini
2707 1870 2996 1942 impetrare
3044 1878 3198 1943 gesta
3245 1870 3582 1942 pontiﬁcum,
3620 1872 3688 1926 ab
3720 1871 3882 1929 initio

2272 1967 2552 2030 gestorum
2584 1959 2764 2033 Sergii
2783 1975 2960 2030 papas,
2981 1960 3039 2014 in
3059 1960 3256 2032 quibus
3277 1959 3550 2016 invenitur
3567 1961 3684 2016 Eho
3705 1959 3882 2034 fuisse

2273 2049 2578 2114 damnatus,
2627 2065 2801 2120 usque
2831 2050 2901 2104 ad
2929 2057 3256 2120 praesentem
3305 2064 3507 2104 annum
3544 2049 3698 2104 istius
3725 2065 3884 2120 pras-

2273 2137 2498 2207 sulatus,
2533 2137 2655 2208 quia
2712 2154 2812 2192 nos
2839 2137 2896 2192 in
2923 2137 3042 2192 istis
3074 2137 3391 2209 regionibus
3440 2138 3568 2193 satis
3597 2139 3701 2194 hoc
3728 2137 3886 2192 indi-

2273 2242 2486 2297 gemus.
2536 2227 2679 2282 Nam
2709 2226 2940 2282 aliorum
2984 2226 3303 2298 pontiﬁcum
3347 2235 3524 2302 gesta,
3561 2227 3608 2282 si
3637 2243 3736 2282 vos
3763 2243 3886 2283 non

2271 2314 2505 2380 habetis,
2538 2331 2636 2385 per
2663 2331 2751 2371 me
2781 2325 2873 2370 aut
2901 2332 3003 2388 per
3033 2316 3339 2372 Fulcricum
3369 2317 3573 2372 habere
3608 2317 3862 2388 poteritis

2272 2404 2352 2458 De
2409 2403 2661 2460 omnibus
2717 2404 2836 2460 istis
2890 2421 3011 2477 quas
3065 2404 3343 2461 dilectioni
3400 2413 3594 2462 vestrae
3649 2405 3882 2470 mando,

2273 2492 2505 2564 qualiter
2564 2493 2720 2548 vobis
2775 2493 3046 2564 placeant,
3110 2500 3199 2548 aut
3247 2492 3474 2564 qualiter
3529 2493 3882 2565 displiceant,

2274 2589 2533 2653 quantum
2581 2582 2736 2636 vobis
2783 2581 3048 2652 placuerit
3097 2587 3150 2635 et
3189 2581 3422 2646 licuerit,
3471 2589 3524 2636 et
3573 2598 3694 2654 quae
3723 2582 3887 2638 mitto

2273 2670 2504 2741 qualiter
2531 2671 2602 2724 ad
2632 2686 2728 2725 vos
2760 2669 2911 2725 salva
2956 2668 3326 2741 pervenerint,
3379 2685 3480 2740 per
3526 2668 3689 2724 istum
3738 2671 3888 2726 mis-

2275 2775 2395 2812 sum
2425 2766 2674 2814 nostrum
2704 2758 2834 2813 mihi
2866 2759 3060 2814 litteris
3090 2759 3421 2813 remandate.
3447 2759 3508 2813 In
3527 2759 3888 2817 conclusione

2274 2855 2458 2902 autem
2487 2847 2644 2902 vobis
2692 2847 2892 2910 scribo,
2947 2847 3093 2919 quod
3135 2856 3352 2903 sanctus
3384 2848 3574 2903 Petrus
3601 2849 3890 2919 apostolus

2273 2935 2578 3006 Apollinari
2607 2935 2758 3000 dixit,
2793 2936 3010 3007 quando
3041 2952 3164 2991 eum
3212 2936 3530 2993 Ravennam
3575 2937 3890 3008 praedicare

2278 3023 2595 3093 transmisit,
2657 3023 2920 3079 Dominus
2974 3041 3128 3080 meus
3183 3025 3340 3080 Jesus
3406 3025 3654 3081 Christus
3707 3025 3894 3081 mittat

577 3130 679 3170 nos
711 3121 804 3169 aut
832 3113 1017 3168 odium
1036 3119 1236 3176 movet,
1269 3116 1361 3164 aut
1378 3110 1573 3182 gratia,
1617 3118 1707 3164 aut
1737 3109 2024 3180 cupiditas,
2083 3119 2174 3164 aut
2203 3109 2528 3184 “angelum
2571 3129 2728 3167 suum
2775 3130 2958 3169 coram
2996 3122 3068 3180 te,
3120 3114 3213 3185 qui
3260 3115 3530 3171 custodiat
3582 3115 3696 3172 vias
3754 3110 3887 3172 tuas

577 3202 854 3271 timiditas,
887 3203 961 3256 ita
989 3209 1042 3257 et
1098 3207 1283 3256 nostra
1341 3207 1395 3254 et
1459 3198 1742 3270 apotolicae
1771 3199 1918 3254 sedis
1971 3198 2174 3254 vadunt

572 3292 796 3362 judicia.
826 3292 894 3345 Et
923 3289 1204 3346 recordari
1248 3288 1458 3342 debetis
1491 3287 1810 3358 apostolico,
1843 3286 2075 3358 qualiter
2103 3287 2173 3342 de

578 3397 673 3436 sua
694 3377 1252 3435 excommunicatione
1305 3384 1358 3430 et
1385 3376 1617 3447 pr0priaa
1663 3391 1856 3430 manus
1887 3374 2174 3430 conﬁrma-

576 3470 726 3526 tione
741 3468 866 3525 fecit
899 3466 1252 3523 Guntbarius.
1282 3464 1401 3533 Qua
1429 3465 1498 3520 de
1553 3481 1612 3518 re
1659 3463 2062 3535 providendum
2093 3471 2178 3518 est

578 3559 634 3615 in
665 3558 866 3614 talibus
891 3600 904 3628 ,
955 3557 1078 3629 quia
1102 3556 1212 3626 jam
1243 3554 1493 3610 homines
1523 3553 1644 3626 plus
1672 3552 1946 3624 proclives
1989 3560 2042 3607 et
2071 3568 2175 3608 vo-

578 3649 798 3704 luntarii
829 3655 952 3702 sunt
981 3646 1050 3702 ad
1077 3646 1298 3718 impune
1334 3645 1692 3716 peccandum,
1721 3658 1884 3716 quam
1915 3641 1984 3696 ad
2014 3657 2178 3714 regu-

580 3738 751 3794 larem
799 3736 1141 3808 disciplinam
1201 3733 1606 3805 suscipiendam
1645 3740 1698 3788 et
1747 3731 2172 3788 observandam.

577 3827 643 3882 Et
669 3826 714 3882 si
741 3827 973 3882 domnus
1021 3823 1353 3896 apostolicus
1409 3839 1440 3877 a
1491 3821 1646 3878 vobis
1705 3820 1980 3893 quaesierit
2025 3819 2176 3890 ipsas

579 3916 946 3978 auctoritates,
981 3913 1212 3986 qualiter
1239 3912 1326 3966 isti
1358 3911 1648 3980 dejiciendi
1685 3909 1914 3980 judicati
1934 3908 2172 3976 fuerunt,

576 4005 802 4078 potestis
832 4005 879 4058 si
905 4003 1060 4059 vobis
1089 4002 1302 4056 videtur
1328 4001 1405 4055 illi
1437 4001 1791 4072 respondere,
1818 3999 1942 4072 quia
1978 3997 2174 4054 unani-

575 4095 731 4151 miter
759 4091 1002 4164 episcopi
1031 4107 1189 4146 suum
1220 4090 1456 4145 studium
1485 4089 1554 4145 ad
1609 4091 1712 4145 hoc
1771 4095 2170 4155 converterunt,

578 4191 636 4240 ut
691 4182 778 4238 isti
835 4181 1028 4236 fratres
1085 4179 1532 4235 restituerentur:
1591 4178 1735 4234 unde
1775 4177 1853 4232 illi
1916 4177 2176 4232 miserunt

2275 3210 2400 3257 ante
2430 3210 2502 3269 te,
2535 3209 2587 3257 et
2616 3214 2814 3257 annuat
2842 3219 2965 3275 quas
2992 3203 3369 3275 postulaveris.

2833 3326 3176 3384 EPISTOLA
3212 3315 3310 3384 Ix.

2464 3439 2537 3479 AD
2581 3441 2872 3481 EGILONEM
2906 3441 3140 3484 EUMDEH
3177 3440 3679 3486 ARCHIEPISCOPUH.

2275 3533 2352 3588 Do
2383 3531 2734 3588 Gothescalco
2756 3533 2985 3605 eiusque
3005 3533 3426 3603 assertionibus,
3453 3537 3508 3590 et
3527 3533 3593 3590 de
3614 3534 3887 3592 Pruden-

2535 3604 2611 3660 tio
2640 3604 2910 3676 episcopo}
2941 3607 3008 3661 ut
3035 3609 3296 3676 suggerat
3318 3605 3600 3678 pontiﬁci.

2859 3717 3020 3774 (Apud
3047 3717 3317 3772 eumdem.)

2346 3815 2680 3870 Charissimo
2709 3822 2762 3870 et
2789 3814 3054 3872 ﬁdissimo
3080 3817 3212 3872 mihi
3251 3816 3542 3888 plurimam
3572 3817 3629 3872 in
3657 3818 3885 3888 Christo

2277 3904 2528 3959 salutem.

2345 3994 2405 4047 In
2434 3993 2555 4047 aliis
2584 3993 2776 4048 litteris
2803 3993 2928 4050 ideo
2956 4001 3108 4050 tanta
3127 3994 3282 4050 vobis
3313 3994 3532 4068 scripsi,
3564 4003 3622 4052 ut
3652 3995 3890 4056 habere-

2276 4081 2344 4137 tis
2373 4081 2450 4136 rei
2477 4081 2728 4137 ordinem
2759 4091 2811 4138 et
2837 4083 3250 4154 plenitudinem,
3285 4100 3350 4140 ac
3379 4085 3662 4140 veritatem
3694 4086 3764 4142 de
3793 4088 3886 4144 his

2277 4187 2398 4244 qua:
2439 4169 2654 4226 fuerunt
2697 4179 2851 4244 gesta
2879 4171 2935 4226 in
2964 4173 3192 4243 synodo,
3225 4171 3354 4244 quia
3388 4173 3621 4228 domnus
3651 4182 3884 4246 aposto-

577 4272 952 4329 auctoritatem
1009 4285 1174 4342 quam
1239 4269 1573 4326 invenerunt.
1624 4268 1693 4322 Et
1747 4268 1870 4340 quia
1925 4282 2035 4322 non
2081 4264 2179 4320 fuit
2272 4259 2427 4328 licus,
2477 4259 2616 4315 sicut
2643 4259 2701 4314 in
2729 4260 2884 4315 vobis
2913 4260 3122 4316 directa
3171 4260 3366 4333 legetis
3395 4261 3644 4333 epistola,
3681 4272 3886 4322 cuncta

577 4378 767 4418 eorum
799 4359 1035 4414 studium
1087 4366 1144 4413 ut
1174 4359 1227 4413 in
1255 4357 1558 4427 dejectione
1593 4363 1998 4428 permanerent,
2056 4354 2176 4408 illas
2277 4365 2399 4420 qua
2425 4347 2503 4402 ibi
2544 4355 2702 4422 gesta
2730 4347 2949 4404 fuerunt
2977 4347 3141 4419 plena
3187 4347 3444 4422 ﬁdelique
3472 4350 3780 4406 narratione
3811 4351 3886 4406 ad

576 4450 922 4508 auctoritates
954 4463 1226 4503 sacrorum
1265 4463 1556 4517 canonum,
1610 4454 1662 4501 et
1693 4446 2036 4502 decretorum
2078 4445 2172 4498 ln-
2201 4431 2318 4493 Dse
2338 4435 2531 4492 referri
2556 4437 2836 4508 praecepit,
2873 4445 2926 4492 et
2957 4437 3174 4492 animus
3205 4445 3408 4506 vester,
3445 4438 3515 4492 ad
3545 4437 3650 4494 iter
3667 4438 3879 4495 subita-

575 4539 832 4606 nocentii,
865 4536 1082 4603 Zosimi,
1129 4535 1345 4601 Leonis,
1393 4552 1514 4607 quae
1545 4551 1712 4606 supra
1752 4535 1910 4590 dictae
1941 4540 2084 4599 sunt,
2117 4540 2170 4587 et
2283 4542 2447 4580 neum
2477 4533 2529 4580 et
2557 4525 2774 4581 difﬁcile
2803 4534 3116 4598 occupatus,
3135 4526 3418 4582 intendere
3439 4525 3575 4582 forte
3595 4527 3662 4581 ad
3683 4536 3889 4584 cuncta

575 4629 652 4684 illi
703 4635 830 4684 sunt
867 4625 1122 4700 cognitae,
1181 4625 1232 4680 ei
1287 4625 1653 4680 transmittere
1708 4623 2030 4679 omiserunt.
2091 4621 2170 4676 De
2269 4631 2379 4670 non
2409 4613 2602 4686 potuit,
2633 4615 2759 4672 licet
2791 4615 2917 4671 inde
2947 4616 3003 4670 in
3033 4615 3264 4686 epistola
3311 4615 3505 4687 synodi
3545 4614 3886 4673 sufﬁcienter

577 4733 804 4789 quorum
833 4715 1192 4784 restitutione,
1230 4713 1276 4768 si
1301 4713 1564 4770 Vulfadus
1593 4713 1648 4768 in
1679 4728 1846 4769 causa
1873 4727 1983 4766 non
2010 4709 2168 4778 foret,
2273 4703 2340 4759 sit
2359 4703 2614 4776 positum,
2635 4711 2688 4760 et
2708 4703 2869 4760 etiam
2899 4703 2967 4760 de
2997 4703 3119 4759 aliis
3149 4722 3271 4777 quae
3300 4705 3497 4770 scribo,
3530 4703 3663 4758 mihi
3688 4707 3884 4761 verbis

577 4805 710 4860 satis
743 4805 991 4862 Ecclesia
1035 4805 1292 4860 indurare
1339 4803 1622 4875 potuisset,
1659 4802 1752 4874 qui
1783 4801 1925 4857 inter
1952 4799 2174 4856 canoni-
2272 4793 2554 4850 vobiscum
2599 4793 2850 4850 conferre
2880 4809 2989 4850 non
3019 4793 3188 4860 licuit,
3224 4810 3346 4866 quae
3373 4802 3518 4865 peto,
3553 4793 3654 4850 sed
3685 4801 3739 4850 et
3771 4795 3884 4852 ista

577 4909 674 4950 cos
702 4903 754 4949 et
782 4895 1102 4958 monachos,
1144 4894 1388 4950 urbanos
1416 4899 1470 4948 et
1497 4891 1879 4963 parochianos,
1915 4905 2022 4944 una
2051 4905 2175 4945 cum
2274 4899 2395 4956 quae
2425 4891 2744 4954 sequuntur,
2775 4882 2902 4938 utin
2920 4881 3110 4937 talium
3130 4899 3322 4938 manus
3340 4899 3450 4938 non
3473 4882 3710 4953 veniant,
3733 4884 3886 4940 unde

577 4981 808 5039 Vulfado
847 4998 958 5038 non
1005 4991 1129 5036 sunt
1157 4981 1388 5053 amplius
1429 4997 1589 5053 quam
1634 4996 1850 5036 novem.
1901 4979 2022 5052 Ego
2053 4977 2176 5034 dico

578 5072 722 5144 quod
751 5071 882 5126 mihi
924 5071 1138 5127 videtur
1182 5071 1457 5126 charitatis
1504 5067 1738 5137 affectu;
1768 5075 1953 5124 vestra
2000 5076 2178 5124 autem

576 5160 880 5232 prudentia,
913 5167 966 5216 et
995 5158 1064 5214 ad
1102 5161 1220 5215 haec
1249 5168 1301 5214 et
1327 5159 1397 5216 ad
1443 5159 1600 5231 plura
1645 5157 1772 5228 alia,
1827 5159 1942 5212 Deo
1971 5156 2179 5229 gratias

578 5251 711 5306 satis
761 5249 1006 5305 suﬁiciet.
1059 5249 1189 5304 Peto
1237 5248 1402 5304 etiam
1432 5257 1490 5303 ut
1537 5249 1606 5303 ad
1635 5249 1740 5304 hoc
1765 5247 1910 5319 quod
1948 5247 2180 5302 domnus

579 5339 912 5410 apostolicus
941 5337 1069 5393 mihi
1103 5337 1317 5409 scripsit
1347 5338 1415 5393 de
1466 5337 1663 5392 duritia
1691 5336 2008 5405 Pharaonis,
2044 5336 2183 5392 sicut

577 5427 634 5482 in
680 5428 906 5500 epistola
949 5427 1080 5483 mihi
1125 5427 1293 5482 missa
1335 5427 1534 5502 legitis,
1585 5427 1636 5482 ei
1667 5444 1732 5484 ex
1761 5427 1952 5484 ordine
1983 5425 2182 5484 Condi-

578 5517 712 5573 catis
761 5534 924 5591 quam
983 5515 1218 5590 benigne
1278 5517 1501 5575 eosdem
1560 5516 1750 5574 fratres
1807 5525 1860 5572 et
1914 5524 2073 5572 antea
2131 5523 2184 5571 et

2275 4972 2590 5028 scandalum
2619 4971 2791 5043 possit
2818 4971 2970 5028 oriri.
3007 4973 3130 5028 Post
3156 4972 3278 5026 illas
3307 4980 3484 5026 autem
3514 4972 3750 5043 scriptas
3785 4972 3886 5028 lit-

2275 5071 2438 5128 teras,
2472 5060 2776 5116 nuntiatum
2806 5069 2887 5115 est
2913 5061 3066 5128 mihi,
3098 5061 3166 5115 de
3195 5059 3334 5115 cella
3379 5069 3586 5128 nostra,
3623 5077 3744 5134 quae
3774 5077 3881 5118 vo-

2277 5159 2432 5208 catur
2488 5149 2882 5216 Altumuillare,
2951 5149 3280 5205 monachum
3336 5159 3585 5204 nostrum
3657 5151 3883 5208 nomine

2279 5239 2637 5297 Gunthertum
2679 5239 2961 5312 aufugisse
2991 5255 3113 5295 cum
3152 5238 3324 5310 libris,
3359 5248 3411 5296 et
3437 5239 3798 5306 vestimentis,
3833 5248 3890 5298 et

2281 5329 2526 5399 caballis,
2557 5337 2611 5385 et
2636 5328 2754 5384 aliis
2785 5329 2946 5386 etiam
2985 5343 3106 5400 qua:
3149 5325 3316 5384 furari
3362 5330 3554 5401 potuit.
3593 5327 3698 5399 Qui
3731 5345 3882 5404 smpe

2279 5435 2378 5492 pro
2411 5418 2525 5483 suis
2551 5419 2900 5492 negligentiis
2947 5416 3274 5494 regulariter
3321 5427 3604 5492 correptus
3656 5413 3756 5474 fuit
3788 5409 3893 5476 :het

2283 5508 2407 5582 quia
2429 5524 2582 5581 saepe
2612 5497 2972 5567 Gothcscalco
3001 5495 3187 5564 furtim
3215 5523 3277 5566 se
3307 5508 3680 5578 coniunxerat,
3717 5515 3771 5564 et
3805 5507 3889 5566 lit-
