4026 6298
231 231 300 284 69
1563 227 1938 289 EPISTOLJE.

3488 238 3564 294 '10

234 360 386 410 teras
418 350 473 408 ei
483 351 734 422 dederat,
773 361 826 410 et
859 355 928 412 ab
975 371 1041 412 eo
1079 365 1388 432 acceperat,
1429 357 1730 414 secundum
1761 372 1852 412 re-
1873 355 1928 419 A
1958 354 2233 426 Baptismi,
2268 355 2464 428 inquit,
2489 365 2835 414 sacramento
2889 374 2985 414 eos
3039 359 3190 428 emit,
3237 376 3348 416 non
3387 368 3568 418 tamen

240 439 432 514 gulam
452 439 509 494 in
539 442 890 512 gravioribus
948 443 1125 514 culpis
1165 445 1366 501 missus
1410 444 1527 512 fuit,
1577 454 1630 500 et
1659 445 1857 502 dicitur

235 529 363 585 illus
393 545 667 600 perversa
717 532 959 588 doctrina
1005 533 1352 603 depravatus.
1411 536 1480 590 Et
1534 535 1669 590 sicut
1725 535 1858 589 mihi

239 619 452 674 dictum
481 628 588 684 est,
624 621 780 692 quasi
825 621 998 692 ipsius
1037 623 1383 680 Gothescalci
1413 624 1856 680 reclamationem

239 708 352 764 vult
383 708 640 779 perferre
671 711 738 764 ad
767 711 1028 766 domuum
1059 712 1438 783 apostolicum,
1488 714 1679 769 videns
1721 728 1857 786 qua-

239 798 364 852 liter
383 798 478 852 illa
509 799 804 854 adversum
820 817 926 864 me,
957 817 1079 873 quae
1100 802 1168 857 de
1197 802 1314 856 istis
1344 803 1590 872 partibus
1618 803 1687 858 ad
1707 803 1857 857 illum

241 886 492 950 veniunt,
525 903 687 942 suum
716 905 936 944 cursum
981 890 1272 960 accipiunt.
1318 893 1385 948 Et
1414 891 1659 957 audiens,
1709 892 1856 962 quod

237 975 477 1032 domnus
507 978 839 1048 apostolicus
867 979 1068 1034 domno
1099 979 1217 1050 regi
1247 979 1440 1036 Carolo
1485 981 1553 1036 de
1597 997 1686 1036 me
1716 981 1854 1037 scri-

235 1065 362 1136 psit,
397 1065 533 1137 quia
566 1082 789 1136 semper
805 1083 894 1124 me
917 1075 1106 1140 tegere
1127 1085 1234 1124 non
1257 1068 1421 1124 debet
1450 1085 1480 1123 a
1499 1069 1720 1138 talibus,
1753 1086 1855 1126 nec

237 1154 380 1209 valet
414 1163 516 1209 :ut
544 1155 892 1226 providerem
921 1173 991 1212 ne
1029 1173 1131 1228 pro
1186 1158 1271 1213 eis
1301 1157 1524 1214 tandem
1558 1159 1853 1230 aliquando

239 1241 522 1300 incurram
543 1261 667 1314 quae
681 1260 792 1300 non
823 1253 971 1315 opto,
1003 1254 1057 1300 et
1084 1245 1203 1317 ipse
1234 1245 1405 1302 frater
1424 1256 1475 1302 et
1505 1247 1600 1302 alii
1627 1247 1854 1302 licenter

240 1349 361 1404 quae
415 1332 606 1388 volunt
651 1341 745 1388 aut
797 1333 1116 1400 moliuntur,
1156 1343 1248 1390 aut
1293 1335 1516 1391 faciunt.
1563 1336 1706 1391 Nam
1747 1353 1853 1409 ego

241 1416 432 1472 nescio
459 1416 518 1470 in
555 1416 753 1488 quibus
798 1418 1030 1474 domnus
1076 1419 1406 1489 apostolicus
1454 1429 1564 1474 tam
1593 1436 1738 1491 saepe
1792 1437 1852 1477 se

242 1505 448 1560 texisse
473 1521 564 1560 me
595 1505 758 1561 dicat.
792 1505 848 1561 Si
875 1506 1023 1562 enim
1052 1507 1120 1563 de
1155 1508 1401 1564 Rothado
1418 1508 1566 1574 dicit,
1593 1525 1702 1564 non
1733 1509 1850 1564 sin-

240 1594 512 1667 gulariter
567 1611 690 1650 mea
747 1595 1060 1663 auctoritas,
1121 1597 1219 1652 sed
1275 1597 1655 1668 episcoporum
1693 1597 1852 1671 regni

242 1683 632 1740 domninostri
661 1684 864 1752 Caroli,
906 1685 977 1739 ad
1007 1701 1145 1757 quos
1164 1693 1352 1742 contra
1381 1703 1470 1742 me
1508 1687 1844 1758 provocavit,
1877 1714 1931 1776 B

237 1788 361 1827 eum
392 1772 615 1841 dejecit,
649 1771 784 1828 sicut
813 1773 1208 1844 subcriptiones
1237 1791 1426 1830 eorum
1455 1777 1846 1832 demonstrant.

240 1861 298 1918 Si
326 1862 398 1916 de
429 1861 550 1916 istis
575 1861 844 1918 ordinatis
872 1863 1022 1930 dicit,
1056 1863 1196 1920 sicut
1221 1865 1385 1921 modo
1443 1867 1856 1937 comprobatum

240 1949 454 2006 vidistis
483 1958 540 2006 et
566 1951 818 2019 audistis,
843 1968 949 2025 ego
981 1969 1076 2009 eos
1103 1969 1213 2009 non
1235 1954 1497 2023 judicavi,
1540 1971 1720 2027 neque
1751 1955 1854 2011 de-

230 2040 360 2109 jeci,
395 2056 574 2112 neque
594 2057 721 2096 cum
745 2041 1019 2110 judicibus
1063 2058 1248 2098 eorum
1305 2043 1623 2114 subscripsi.
1671 2044 1728 2099 Si
1785 2044 1856 2100 de

239 2128 604 2186 Gothescalco
635 2129 782 2195 dicit,
817 2131 888 2186 de
909 2147 1035 2202 quo,
1069 2132 1168 2186 sed
1209 2141 1264 2186 et
1301 2132 1369 2187 de
1403 2131 1644 2203 praefatis
1703 2134 1854 2188 ordi-

236 2217 398 2285 natis,
423 2219 496 2273 ab
528 2219 758 2274 Arsenio
781 2219 980 2290 scripto
1007 2219 1376 2294 interrogatus
1435 2221 1652 2292 scriptis
1681 2223 1853 2278 ratio-

239 2325 363 2364 nem
393 2308 636 2379 reddidi,
668 2309 922 2364 eumdem
948 2309 1368 2365 Gotliescalcum
1397 2327 1431 2366 a
1461 2313 1670 2366 duabus
1692 2330 1857 2384 syno-

242 2397 324 2453 dis
354 2397 696 2463 damnatum,
724 2397 1045 2467 jubentibus
1075 2399 1347 2470 episcopis
1376 2408 1663 2472 postquam
1703 2401 1853 2470 judi-

238 2495 393 2542 catus
423 2485 526 2540 fuit
557 2487 978 2542 custodiendum
995 2488 1203 2558 accepi,
1228 2506 1296 2543 ne
1320 2489 1458 2543 alios
1474 2505 1574 2544 sua
1593 2506 1854 2560 perversa

234 2575 489 2631 doctrina
517 2583 745 2630 noceret
772 2575 864 2647 qui
884 2576 987 2630 sibi
1018 2577 1284 2647 prodesse
1345 2577 1582 2634 nolebat.
1624 2580 1706 2634 De
1745 2595 1854 2650 quo

235 2663 398 2720 etiam
426 2663 628 2719 litteris
659 2664 859 2720 domno
881 2665 1184 2736 apostolico
1219 2667 1496 2738 suggessi,
1531 2667 1706 2739 qualis
1734 2666 1854 2736 ejus

240 2753 308 2808 sit
327 2753 605 2818 doctrina,
633 2761 686 2807 et
715 2761 893 2807 utrum
935 2753 1098 2809 vellet
1135 2761 1191 2808 ut
1235 2755 1285 2808 ei
1314 2754 1590 2810 licentiam
1627 2755 1696 2809 ab
1729 2771 1855 2810 eum

241 2841 405 2898 eundi
437 2842 649 2908 darem,
710 2857 782 2896 an
837 2842 996 2896 alteri
1033 2859 1158 2898 eum
1206 2859 1303 2913 per
1352 2861 1506 2898 suam
1549 2845 1854 2914 jussionem

241 2931 709 2997 commendarem,
743 2947 812 2986 ne
842 2931 960 2986 sine
980 2931 1298 2988 auctoritate
1341 2933 1569 2988 duarum
1617 2934 1854 3005 synodo-

239 3037 355 3074 rum
398 3017 774 3074 diï¬‚initionem
821 3018 1200 3076 dissolverem.
1263 3021 1321 3076 Si
1377 3021 1453 3075 illi
1519 3021 1701 3092 placet
1756 3039 1855 3093 per

241 3109 484 3179 seipsum
505 3108 710 3178 audire,
745 3109 985 3177 mandet,
1021 3117 1074 3164 et
1105 3125 1208 3180 ego
1236 3109 1391 3164 illum
1418 3110 1686 3165 dimittam
1709 3119 1766 3165 ut
1785 3111 1853 3166 ad

245 3214 369 3253 eum
390 3197 556 3252 vadat
587 3215 600 3250 :
631 3197 758 3269 quia
779 3197 826 3251 si
854 3213 951 3253 rex
970 3197 1122 3252 illum
1177 3214 1287 3254 non
1319 3198 1544 3266 miserit,
1587 3215 1692 3272 ego
1743 3215 1852 3254 non

243 3287 423 3342 habeo
453 3294 633 3341 tantos
653 3287 910 3364 custodes
941 3287 1033 3358 qui
1062 3304 1188 3342 eum
1243 3289 1532 3344 deducant.
1583 3287 1641 3343 Si
1689 3288 1854 3343 etiam

243 3375 320 3430 illi
347 3375 530 3446 placet
559 3383 619 3430 ut
644 3375 781 3430 alius
811 3392 936 3430 eum
965 3375 1206 3447 recipiat,
1246 3385 1298 3432 et
1343 3393 1500 3432 suam
1550 3377 1852 3432 doctrinam

244 3465 357 3520 sive
386 3465 650 3536 synodus,
684 3463 800 3520 sive
829 3465 1054 3537 quilibet
1100 3465 1389 3537 episcOpus
1443 3465 1646 3532 audiat,
1706 3475 1760 3522 et
1807 3467 1854 3521 si

245 3553 390 3609 bona
420 3561 503 3610 est
529 3561 804 3625 sequatur,
839 3553 886 3608 si
913 3569 1084 3625 prava
1112 3562 1214 3620 est,
1245 3555 1314 3609 ab
1345 3555 1425 3610 eis
1454 3555 1547 3628 qui
1596 3571 1721 3610 eum
1750 3571 1851 3611 au-

243 3643 444 3698 dierint
470 3641 766 3698 refellatur.
800 3644 868 3698 Et
895 3643 974 3698 illi
997 3642 1193 3716 quibus
1235 3645 1340 3700 hoc
1371 3645 1848 3711 commendaverit,

242 3731 440 3788 facient
469 3731 540 3788 de
569 3730 665 3786 illo
681 3731 828 3803 quod
857 3731 1028 3787 sacris
1057 3732 1261 3806 regulis
1279 3733 1513 3788 viderint
1535 3733 1848 3799 convenire,

242 3819 380 3877 sicut
409 3819 582 3876 illide
599 3836 668 3875 eo
689 3820 939 3878 fecerunt
969 3821 1061 3893 qui
1095 3837 1156 3877 se
1203 3838 1391 3878 sacras
1440 3823 1662 3895 regulas
1692 3823 1850 3878 intel-

245 3909 446 3966 lexisse
498 3917 802 3982 putarunt,
851 3910 988 3965 nihil
1043 3927 1164 3967 mea
1211 3911 1456 3966 interest.
1527 3912 1735 3967 Tamen
1806 3912 1852 3966 si

240 3999 438 4070 aliquis
468 4013 570 4055 vos
591 3998 1012 4071 interrogaverit
1033 4000 1102 4054 de
1123 4016 1222 4056 sua
1249 4001 1518 4071 doctrina,
1543 4001 1681 4056 hanc
1729 4017 1853 4056 esse

243 4087 322 4143 illi
349 4088 687 4158 respondere
727 4089 974 4159 potestis,
1024 4088 1162 4145 sicut
1218 4098 1271 4145 et
1323 4090 1492 4146 verba
1540 4098 1594 4144 et
1651 4089 1854 4160 scripta

245 4176 372 4233 illus
400 4175 797 4233 demonstrant.

320 4306 375 4357 1.
417 4301 560 4357 Dicit
590 4301 735 4356 enim
778 4301 1032 4357 deitatem
1073 4309 1272 4360 sanctaa
1330 4302 1610 4358 Trinitatis
1655 4302 1850 4357 trinam

249 4407 392 4463 esse,
455 4391 594 4447 sicut
651 4399 776 4446 sunt
822 4399 936 4447 tres
989 4400 1192 4448 sanctae
1244 4390 1521 4446 Trinitatis
1578 4408 1846 4464 personae.

244 4486 296 4538 2.
329 4480 471 4536 Dicit
495 4479 572 4534 ita
601 4480 877 4552 geminam
916 4497 1038 4536 esse
1069 4480 1167 4536 Dei
1206 4481 1756 4552 praedestinationem,
1791 4488 1848 4535 ut

248 4569 385 4624 sicut
407 4570 558 4623 Deus
591 4569 854 4639 quosdam
881 4569 949 4624 ad
978 4569 1142 4625 vitam
1174 4577 1452 4636 aetemam,
1485 4569 1556 4623 ita
1590 4570 1854 4641 quosdam

245 4657 718 4729 predestinaverit
748 4657 816 4712 ad
841 4666 1077 4713 mortem
1105 4667 1384 4714 aeternam.
1421 4663 1472 4714 3.
1521 4659 1661 4714 Dicit
1709 4659 1854 4730 quod

245 4762 351 4802 non
372 4746 488 4802 vult
509 4747 658 4801 Deus
687 4762 878 4802 omnes
913 4747 1162 4802 homines
1192 4747 1376 4803 salvos
1401 4746 1534 4813 ï¬eri,
1590 4747 1688 4802 sed
1727 4755 1855 4802 tan-

249 4844 358 4891 tum
391 4852 489 4891 eos
514 4835 608 4907 qui
639 4835 957 4892 salvantur:
991 4852 1184 4892 omnes
1212 4845 1389 4892 autem
1449 4835 1644 4892 salvari
1684 4853 1855 4908 quos-

249 4940 462 4998 cunque
490 4925 612 4996 ipse
643 4924 857 4980 salvare
913 4925 1162 4992 voluerit,
1197 4941 1264 4982 ac
1291 4941 1389 4997 per
1418 4927 1520 4980 hoc
1550 4925 1857 4997 quicunque

248 5038 357 5078 non
386 5021 688 5089 salvantur,
722 5022 938 5093 penitus
983 5039 1092 5077 non
1121 5040 1244 5078 esse
1292 5023 1582 5077 voluntatis
1628 5023 1770 5077 illius
1801 5030 1858 5077 ut

249 5120 548 5176 salvantur.
581 5121 635 5176 4.
654 5119 796 5176 Dicit
827 5121 974 5193 quod
1017 5136 1128 5176 non
1173 5137 1274 5192 pro
1324 5121 1487 5176 totius
1539 5121 1724 5176 mundi
1764 5138 1858 5176 re-

247 5217 582 5290 demptione,
618 5219 880 5274 Dominus
928 5226 982 5274 et
1013 5219 1250 5275 salvator
1279 5228 1466 5274 noster
1492 5221 1652 5275 Jesus
1705 5219 1859 5274 Chri-

249 5323 360 5372 stus
389 5317 461 5372 sit
488 5315 781 5374 cruxiï¬xus
809 5324 864 5374 et
910 5326 1176 5384 mortuus,
1221 5317 1319 5372 sed
1376 5325 1584 5372 tantum
1613 5333 1717 5388 pro
1774 5317 1860 5373 his

248 5416 339 5488 qui
365 5417 671 5474 salvantur.
706 5419 760 5474 á½….
811 5417 956 5482 Dicit
1004 5433 1290 5491 exponens
1347 5417 1678 5474 sententiam
1735 5434 1862 5491 apo-

253 5511 377 5570 stoli
403 5512 577 5584 Petri,
612 5530 742 5572 eum
779 5515 877 5587 qui
919 5517 1061 5573 omit
1098 5531 1188 5574 eos
1228 5515 1535 5573 Dominum
1559 5531 1748 5586 negem
1757 5519 1857 5582 tu,

1954 461 2056 516 pro
2087 445 2167 501 eis
2194 461 2415 502 crucem
2446 445 2630 514 subiit,
2655 462 2832 518 neque
2863 455 3094 503 mortem
3110 448 3353 520 pertulit,
3385 466 3564 522 neque

1957 535 2282 608 sanguinem
2310 534 2466 591 fudit.
2504 536 2660 592 Unde
2691 535 2852 590 latius
2887 535 3033 592 dicla
3080 537 3138 592 in
3184 538 3298 593 suis
3349 539 3569 610 scriptis

1955 624 2329 691 inveniuntur,
2363 642 2485 698 qua:
2509 625 2569 680 in
2600 626 2772 680 altera
2828 625 3094 681 schedula
3130 627 3285 682 vobis
3315 629 3488 698 mitto,
3513 636 3573 684 ut

1958 713 2004 767 si
2032 712 2195 769 fuerit
2224 713 2383 769 vobis
2411 715 2609 780 visum,
2643 715 2843 770 domno
2887 715 3188 786 apostolico
3241 733 3360 770 eam
3405 733 3569 772 mon-

1958 802 2139 858 stretis
2168 818 2202 857 a
2229 819 2317 858 me
2347 803 2504 858 vobis
2533 804 2817 868 directam,
2854 819 2962 858 non
2991 805 3060 858 ad
3081 804 3156 858 illi
3187 821 3251 858 ex
3274 821 3397 860 mea
3413 814 3566 876 parte

1955 892 2366 957 ostendendam,
2393 892 2490 946 sed
2520 892 2591 946 ad
2620 892 2775 946 vobis
2805 892 3130 947 habendam.
3165 893 3298 948 Sunt
3349 901 3404 948 et
3461 895 3566 949 alia

1957 997 2079 1051 quae
2109 979 2258 1049 dicit,
2284 997 2406 1052 quae
2435 981 2566 1035 mihi
2599 981 2854 1036 videntur
2871 997 2997 1036 esse
3018 981 3330 1052 perniciosa
3361 991 3415 1038 et
3443 982 3570 1038 fidei

1957 1069 2240 1125 catholicae
2277 1069 2573 1136 contraria,
2608 1086 2730 1142 qum
2753 1069 2799 1124 si
2821 1070 2891 1124 ad
2917 1071 3022 1127 hoc
3041 1071 3570 1143 veneritprobabunt

1957 1157 2231 1229 sapientes
2262 1167 2424 1231 atque
2462 1158 2736 1214 catholici.
2767 1158 2895 1213 Mihi
2941 1159 3008 1214 de
3059 1160 3222 1215 tantis
3268 1176 3334 1216 ac
3367 1161 3566 1216 talibus

1953 1247 2137 1302 taliter
2165 1247 2411 1318 impetito
2445 1246 2637 1302 sufï¬cit
2666 1248 2858 1304 sedere
2886 1247 2942 1302 in
2973 1249 3176 1322 angulo
3231 1249 3484 1316 domatis,
3519 1259 3573 1308 et

1954 1351 2064 1391 non
2118 1351 2408 1391 conserere
2467 1337 2873 1392 contentionum
2915 1353 3109 1391 manus
3137 1355 3263 1393 cum
3334 1338 3564 1394 muliere

1953 1423 2192 1496 litigiosa
2213 1425 2269 1479 in
2289 1425 2453 1480 domo
2484 1425 2759 1480 communi
2793 1443 2806 1478 :
2843 1433 2896 1480 et
2944 1424 3142 1481 suï¬‚icit
3203 1435 3262 1480 ut
3320 1426 3388 1480 sit
3431 1427 3563 1481 mihi

1953 1513 2130 1568 anima
2159 1530 2280 1568 mea
2307 1529 2408 1584 pro
2438 1513 2632 1584 spolio.
2665 1515 2802 1568 Nam
2833 1513 2980 1569 idem
3014 1514 3427 1582 Gothescalcus,
3471 1516 3559 1572 vel

1953 1601 2082 1673 quia
2107 1602 2224 1671 jam
2253 1610 2466 1672 tempus
2497 1611 2576 1657 est
2606 1610 2663 1656 ut
2692 1603 2875 1657 veniat
2925 1603 3070 1674 quod
3125 1603 3322 1658 Paulus
3368 1605 3567 1675 praedi-

1953 1686 2028 1740 xit
2084 1686 2366 1758 apostolus
2422 1687 2492 1742 de
2541 1686 2743 1741 ultimis
2799 1687 3154 1758 temporibus,
3218 1689 3305 1743 vel
3359 1688 3563 1744 invidia

1952 1775 2078 1839 mei,
2095 1775 2270 1846 .quasi
2296 1791 2382 1830 me
2407 1783 2596 1848 tangat
2623 1775 2770 1846 quod
2795 1775 2953 1844 jussu
2999 1775 3380 1847 episcoporum
3407 1777 3562 1832 illum

1951 1864 2218 1930 custodio,
2252 1865 2451 1920 dicitur
2470 1864 2671 1918 multos
2702 1864 2904 1919 habere
2923 1864 3188 1931 fautores,
3215 1865 3354 1922 sicut
3375 1867 3562 1922 habuit

1955 1953 2212 2009 domnum
2247 1953 2616 2018 Prudentium,
2653 1952 2793 2008 sicut
2840 1953 3042 2024 scripta
3074 1953 3243 2024 ipsius
3272 1962 3556 2021 testantur,

1957 2059 2078 2114 quae
2108 2057 2142 2097 a
2170 2041 2418 2113 pluribus
2448 2043 2540 2114 qui
2560 2041 2654 2096 illa
2675 2042 2874 2097 habent
2903 2050 3131 2112 possunt
3159 2042 3412 2114 proferri.
3456 2042 3562 2113 Qui

1954 2131 2133 2196 etiam,
2210 2131 2462 2187 videlicet
2519 2131 2753 2186 domnus
2810 2131 3137 2186 Prudentius
3173 2174 3188 2196 ,
3250 2132 3306 2186 in
3365 2132 3564 2188 Annali

1958 2229 2240 2292 gestorum
2286 2228 2602 2276 nostrorum
2658 2237 2873 2294 regum,
2932 2237 3054 2292 quae
3111 2221 3435 2292 composuit,
3495 2223 3565 2277 ad

1957 2308 2396 2365 conï¬rmandum
2429 2325 2584 2364 suam
2617 2309 2961 2375 sententiam,
2994 2309 3166 2382 gestis
3197 2311 3325 2365 anni
3371 2310 3566 2373 Domi-

1953 2398 2092 2454 uicae
2113 2398 2503 2454 Incarnationis
2533 2401 2635 2453 859
2668 2398 2860 2452 indidit
2891 2399 3100 2468 dicens,
3130 2399 3390 2455 Nicolaus
3421 2416 3566 2471 pon-

1953 2486 2086 2542 tifex
2116 2488 2392 2542 Romanus
2421 2488 2490 2542 de
2520 2487 2693 2559 gratia
2725 2487 2824 2541 Dei
2853 2495 2907 2541 et
2962 2487 3135 2542 libero
3190 2487 3432 2554 arbitrio,
3484 2488 3555 2544 de

1951 2583 2180 2632 veritate
2210 2575 2446 2648 geminas
2473 2575 2994 2646 prmdestinationis,
3056 2583 3110 2630 et
3165 2576 3233 2631 de
3293 2576 3564 2650 sanguine

1953 2665 2169 2733 Christi,
2199 2672 2257 2719 ut
2293 2681 2392 2735 pro
2419 2664 2770 2720 credentibus
2801 2663 3055 2719 omnibus
3086 2662 3238 2719 fusus
3269 2664 3366 2732 sit,
3416 2665 3559 2722 fide-

1952 2753 2077 2809 liter
2103 2752 2388 2809 confirmat
2417 2761 2470 2809 et
2497 2752 2776 2809 catholicae
2794 2752 3056 2809 decernit.
3093 2752 3253 2821 Quod
3283 2770 3381 2824 per
3396 2755 3562 2810 alium

1953 2858 2062 2898 non
2091 2842 2416 2910 audivimus,
2451 2859 2552 2897 nec
2600 2842 2728 2897 alibi
2785 2842 3038 2914 legimus.
3101 2843 3256 2898 Unde
3301 2843 3562 2915 quoniam

1952 2931 2069 3002 ipsa
2098 2941 2274 3004 gesta,
2309 2931 2509 3004 quibus
2537 2947 2639 2987 nec
2666 2931 2974 3002 conscripta
3005 2938 3148 2998 sunt,
3181 2931 3297 3000 jam
3327 2931 3382 2986 in
3425 2932 3555 3003 plu-

1956 3021 2222 3076 rimorum
2250 3037 2442 3075 manus
2471 3020 2826 3086 devenerunt,
2881 3036 3108 3075 necesse
3140 3029 3224 3076 est
3274 3029 3333 3076 ut
3381 3021 3560 3078 taliter

1955 3110 2026 3166 de
2053 3111 2158 3165 hoc
2188 3110 2389 3164 domno
2417 3108 2719 3179 apostolico
2751 3109 3086 3181 suggeratis,
3119 3125 3188 3163 ne
3235 3109 3558 3166 scandalum

1953 3198 2080 3253 inde
2110 3198 2164 3252 in
2195 3197 2440 3252 Ecclesia
2467 3197 2663 3262 veniat,
2699 3196 2854 3268 quasi
2884 3195 3003 3266 ipse
3039 3196 3186 3268 quod
3231 3196 3372 3250 absit
3427 3198 3556 3253 talia

1953 3287 2093 3342 sicut
2122 3286 2513 3342 Gothescalcus
2543 3285 2755 3340 sentiat.
2775 3286 2843 3340 Et
2863 3300 3060 3355 precor
3087 3293 3147 3340 ut
3175 3285 3244 3341 de
3261 3301 3385 3341 mea
3405 3293 3558 3357 parte

1952 3375 2087 3430 nihil
2143 3375 2193 3429 ei
2247 3375 2498 3440 dicatur,
2560 3373 2655 3446 qui
2707 3382 3042 3430 commotum
3099 3374 3319 3458 dicitur.
3353 3375 3556 3433 habere

1953 3481 2110 3521 suum
2131 3463 2371 3519 animum
2403 3480 2533 3536 erga
2561 3479 2668 3529 me,
2727 3463 2911 3518 multis
2948 3463 3017 3517 ad
3053 3478 3177 3520 eum
3235 3471 3421 3520 contra
3467 3480 3556 3521 me

1953 3553 2338 3624 scribentibus,
2361 3561 2414 3608 et
2437 3552 2569 3606 mihi
2599 3552 3010 3624 derogantibus,
3053 3569 3121 3608 ne
3152 3553 3472 3608 scandalum
3501 3553 3560 3609 in

1953 3659 2040 3698 me
2060 3643 2187 3698 inde
2215 3649 2522 3715 retorqueat
2558 3642 2701 3697 unde
2731 3641 2949 3712 culpam
2977 3657 3088 3696 non
3134 3641 3328 3698 habeo.
3374 3643 3561 3714 Ipsum

1953 3739 2132 3786 autem
2161 3732 2372 3786 Annale
2403 3730 2546 3803 quod
2578 3731 2700 3787 dico
2730 3747 2828 3786 rex
2856 3731 3039 3796 habet,
3072 3737 3126 3785 et
3163 3730 3282 3802 ipse
3326 3739 3410 3788 est
3463 3731 3556 3789 ille

1951 3819 2109 3885 liber,
2143 3836 2306 3892 quem
2336 3836 2523 3876 coram
2551 3819 2706 3875 vobis
2737 3819 2791 3874 in
2820 3819 3089 3886 Ecclesia,
3115 3819 3210 3874 ubi
3251 3835 3351 3876 vos
3395 3820 3554 3876 nobis

1951 3909 2372 3974 commendavit,
2394 3925 2579 3965 coram
2607 3907 2764 3964 vobis
2795 3909 2864 3963 ab
2893 3908 2987 3962 illo
3017 3907 3149 3963 mihi
3178 3909 3482 3980 praestitum
3505 3909 3556 3966 ei

1953 3999 2184 4054 reddidi.
2218 3998 2384 4054 Plura
2429 3997 2664 4070 denique
2721 3997 2876 4053 vobis
2927 3997 2997 4052 de
3044 3997 3165 4068 ipso
3197 3998 3558 4055 Gothescalco

1957 4087 2202 4143 scribere
2230 4096 2499 4158 poteram,
2535 4101 2700 4158 quam
2756 4085 3100 4156 perniciosus
3128 4087 3214 4152 sit,
3275 4094 3328 4142 et
3384 4088 3554 4143 multo

1955 4176 2130 4248 magis
2159 4176 2353 4230 noxius
2385 4175 2488 4229 erit
2518 4173 2720 4239 multis,
2755 4174 2801 4226 si
2831 4174 2900 4228 ab
2930 4175 3050 4244 ipsa
3095 4175 3344 4230 custodia
3397 4175 3560 4230 fuerit

1953 4263 2232 4318 absolutus
2264 4279 2278 4316 :
2309 4262 2437 4333 quia
2465 4277 2563 4332 pro
2584 4269 2732 4316 certo
2764 4259 2889 4314 talia
2933 4261 3064 4316 dicit
3111 4270 3165 4316 et
3222 4261 3348 4316 talia
3404 4261 3560 4330 facit,

1953 4352 2009 4408 in
2032 4351 2230 4424 quibus
2252 4351 2530 4409 evidenter
2550 4350 2899 4424 cognoscitur
2914 4357 3005 4404 aut
3021 4349 3390 4406 daemoniacus
3411 4367 3555 4418 esse,

1877 4437 1930 4496 D
1961 4449 2052 4497 aut
2081 4440 2399 4497 maniaticus
2431 4458 2444 4494 :
2476 4448 2531 4495 et
2565 4439 2714 4496 scitis
2739 4438 2997 4512 quoniam
3042 4439 3220 4495 mania
3276 4455 3398 4495 esse
3449 4457 3561 4496 non

1955 4531 2093 4586 solet
2120 4531 2327 4602 absque
2353 4531 2620 4586 daemone.
2652 4531 2720 4584 Et
2750 4529 2795 4584 si
2824 4529 3021 4600 aliquis
3051 4546 3150 4585 vos
3178 4529 3560 4601 interrogave-

1959 4621 2027 4676 rit
2056 4621 2125 4675 de
2157 4621 2328 4691 ipsius
2359 4619 2628 4684 custodia,
2672 4619 2837 4674 talem
2869 4635 2992 4673 esse
3023 4618 3288 4674 veraciter
3336 4617 3414 4671 illi
3462 4633 3558 4674 re-

1959 4709 2233 4781 Spondere
2255 4709 2482 4780 potestis
2509 4726 2522 4763 :
2555 4707 2829 4780 Quidquid
2859 4707 3053 4761 fratres
3083 4706 3138 4759 in
3167 4705 3289 4761 cibo
3331 4714 3386 4762 et
3428 4717 3559 4779 potu

1957 4799 2177 4869 habent,
2211 4799 2313 4855 hoc
2343 4798 2394 4854 ei
2424 4797 2665 4870 quotidie
2696 4797 2813 4852 sine
2843 4795 2950 4849 ulla
2979 4793 3316 4867 negligentia
3370 4796 3561 4854 minis-

1957 4896 2152 4955 tratur;
2186 4887 2508 4944 vestimenta
2546 4886 2624 4942 illi
2655 4887 2720 4940 ad
2762 4883 3133 4940 sufï¬cientiam
3154 4884 3477 4954 offeruntur,
3513 4887 3560 4943 si

1961 4979 2077 5034 vult
2105 4977 2196 5032 ille
2216 4977 2466 5050 accipere
2502 4994 2516 5031 :
2547 4976 2697 5046 ligna
2726 4974 2798 5029 ad
2818 4971 2998 5030 focum
3027 4973 3335 5032 faciendum
3355 4974 3434 5030 illi
3451 4976 3560 5031 suf-

1961 5066 2205 5126 ï¬cienter
2233 5067 2452 5123 dantur.
2485 5066 2545 5119 In
2569 5062 2852 5118 mansione
2879 5063 2935 5117 in
2967 5080 3074 5134 qua
3105 5065 3258 5137 degit
3311 5065 3556 5121 camina-

1962 5163 2078 5212 tum
2108 5157 2288 5222 habet,
2321 5165 2374 5211 et
2398 5151 2788 5208 necessarium.
2849 5153 3088 5209 Lavacra
3118 5153 3196 5207 illi
3227 5167 3337 5208 non
3383 5154 3556 5211 deae-

1961 5255 2159 5320 gantur
2191 5263 2204 5299 :
2239 5245 2335 5299 sed
2364 5249 2651 5313 postquam
2695 5241 2751 5296 in
2781 5243 3032 5298 eamdem
3076 5241 3417 5297 mansionem
3469 5241 3558 5297 in-

1961 5336 2142 5401 travit,
2174 5350 2284 5389 non
2313 5332 2487 5388 solum
2520 5347 2721 5403 corpus
2768 5331 2956 5388 lavare
2998 5331 3190 5399 noluit,
3236 5347 3430 5388 verum
3456 5347 3560 5389 nec

1961 5440 2177 5488 manus,
2201 5438 2306 5478 nec
2332 5420 2546 5479 faciem.
2578 5425 2754 5479 Antea
2782 5421 2946 5490 enim,
2995 5421 3138 5478 sicut
3173 5421 3248 5476 illi
3297 5428 3562 5478 testantur

1962 5514 2102 5571 inter
2129 5526 2268 5582 quos
2304 5518 2664 5570 conversatus
2692 5517 2828 5578 erat,
2878 5509 3221 5581 turpissimus
3275 5518 3329 5566 et
3380 5509 3559 5570 adhuc
