4026 6360
422 238 484 290 ’71
1311 237 1652 296 HINCMARI
1689 239 2088 298 RHEMENSIS
2126 242 2681 300 ARCHIEPISCOPI.

3655 251 3724 308 72

419 366 682 432 quantum
709 367 890 431 potest
918 359 974 414 in
993 377 1093 416 sua
1121 361 1453 433 turpitudine
1499 372 1702 420 manet.
1734 366 1802 420 Et
1829 365 2011 422 sciatis
2037 367 2095 427 A
2113 367 2390 439 seraphim
2423 385 2435 424 :
2462 371 2724 435 Sanctus,
2749 374 2999 437 sanctus,
3024 375 3256 428 sanctus
3271 374 3544 429 Dominus
3567 375 3718 431 Deus

417 449 543 520 quia
571 449 808 504 maxima
837 465 1044 506 nausea
1073 450 1130 504 in
1157 451 1263 506 ista
1281 453 1534 508 Ecclecia
1563 455 2013 521 commovebitur,

415 537 463 592 si
489 538 559 592 ad
588 538 860 609 synodum
892 539 1080 594 venire
1103 541 1293 608 jussus
1319 539 1501 608 fuerit,
1535 551 1630 598 aut
1658 544 1726 599 de
1769 543 1887 614 ipsa
1914 561 2014 601 cu—

417 626 594 682 stodia
619 626 903 682 absolutus
933 628 1218 684 exstiterit.
1252 629 1387 698 Quae
1415 645 1527 686 non
1575 647 1675 702 pro
1722 648 1812 688 me
1869 633 2012 702 dico,

412 710 541 782 quia
567 709 721 766 nulla
751 711 882 766 mihi
914 711 1043 768 inde
1071 721 1155 768 est
1185 729 1319 768 cura
1346 714 1452 770 nisi
1481 730 1584 786 pro
1611 715 1753 782 aliis,
1779 718 1879 772 sed
1917 733 2016 772 vos

413 798 715 870 probabitis
744 817 832 856 me
862 817 1051 858 verum
1079 803 1282 858 dicere.
1315 803 1473 860 Tales
1501 803 1646 859 enim
1676 813 1901 877 surgent
1920 805 2018 878 qui

412 889 590 944 adhuc
618 888 805 944 latent.

987 1007 1328 1064 EPISTOLA
1371 1009 1443 1063 Χ.

627 1163 700 1203 ΑΒ
730 1163 1016 1204 EGILONEM
1043 1164 1277 1205 EUMDEM
1315 1163 1811 1206 ARCHIEPISCOPUM.

417 1265 772 1321 Gothescalci
828 1265 1078 1338 ejusdem
1115 1265 1391 1338 doctrina:
1433 1265 1658 1322 uberior
1701 1265 2012 1338 expositio.

597 1351 766 1408 quam
797 1336 1142 1407 praecedenti
1166 1337 1406 1408 cpistola
1445 1336 1834 1408 promittebat.

963 1451 1146 1522 (Apud
1167 1451 1468 1521 eumdem.)

484 1567 830 1634 Hmcmnus,
863 1565 1081 1621 nomine
1111 1582 1220 1620 non
1247 1565 1445 1621 merito
1489 1565 1823 1621 Rhemorum
1881 1566 2021 1637 epis-

411 1671 598 1725 copus,
632 1671 695 1710 ac
724 1654 901 1725 plebis
930 1655 1029 1710 Dei
1049 1653 1303 1720 famulus,
1353 1655 1694 1711 sanctissimo
1751 1663 1806 1710 et
1862 1671 2020 1710 reve-

413 1744 725 1799 rentissimo
757 1745 995 1798 EGILONI
1025 1743 1459 1814 archiepiscopo.

481 1859 538 1915 Si
567 1859 767 1930 aliquis
795 1876 892 1914 vos
926 1858 1352 1931 interrogaverit
1380 1859 1450 1914 de
1489 1857 1838 1915 Gothescalci
1879 1859 2016 1915 doc-

412 1949 574 2013 trina,
608 1949 752 2003 unde
782 1948 939 2004 vobis
963 1948 1076 2017 jam
1110 1947 1363 2018 quaedam
1419 1947 1645 2018 scripsi,
1693 1947 1835 2003 hanc
1892 1963 2016 2004 esse

410 2037 771 2110 interroganti
800 2036 1139 2108 respondere
1167 2036 1414 2107 potestis,
1464 2036 1605 2092 sicut
1646 2043 1699 2091 et
1744 2035 1916 2092 verba
1962 2043 2016 2090 et

407 2127 612 2197 scripta
641 2126 786 2182 illius
816 2126 1212 2181 demonstrant.
1283 2129 1334 2179 1.
1368 2124 1514 2181 Dicit
1564 2124 1710 2180 enim
1757 2125 2015 2180 deitatem

409 2223 610 2272 sanctae
641 2214 918 2270 Trinitatis
948 2215 1148 2270 trinam
1179 2230 1321 2280 esse,
1355 2214 1495 2270 sicut
1539 2221 1666 2269 sunt
1721 2221 1832 2270 tres
1879 2229 2012 2270 san-

408 2312 508 2359 ctae
539 2303 820 2358 Trinitatis
847 2319 1115 2375 personae.
1149 2307 1201 2360 2.
1248 2302 1390 2358 Dicit
1446 2302 1518 2357 ita
1575 2301 1848 2375 geminam
1888 2318 2013 2358 esse

406 2392 507 2447 Dei
534 2391 1091 2464 praedestinationem,
1152 2399 1211 2445 ut
1262 2391 1401 2447 sicut
1426 2391 1576 2446 Deus
1629 2392 1895 2462 quosdam
1941 2391 2012 2446 ad

406 2481 574 2536 vitam
633 2489 916 2550 aeternam,
976 2481 1053 2535 ita
1107 2481 1376 2552 quosdam
1420 2479 1892 2550 praedestinaverit
1942 2479 2011 2534 ad

404 2577 632 2626 mortem
662 2578 942 2625 aeternam.
978 2572 1029 2623 3.
1063 2568 1206 2624 Dicit
1234 2568 1380 2640 quod
1410 2583 1520 2623 non
1548 2567 1662 2624 vult
1693 2569 1839 2624 Deus
1885 2585 2009 2624 om-

403 2675 503 2714 nes
540 2658 790 2714 homines
820 2658 1002 2714 salvos
1031 2656 1170 2724 ﬁeri,
1193 2657 1293 2712 sed
1312 2664 1519 2712 tantum
1548 2673 1644 2711 eos
1673 2657 1764 2728 qui
1787 2657 2007 2714 salvan-

406 2755 493 2802 tur
527 2766 540 2801 :
573 2763 765 2802 omnes
795 2753 976 2801 autem
1008 2745 1226 2811 salvari,
1246 2761 1619 2817 quoscumque
1649 2745 1768 2816 ipse
1799 2746 2008 2802 salvere

402 2835 650 2892 voluerit.
687 2839 767 2892 Ac
793 2850 892 2906 per
917 2836 1023 2890 hoc
1055 2834 1367 2906 quicunque
1397 2849 1508 2890 non
1563 2835 1859 2902 salvantur,
1903 2851 2005 2906 pe-

403 2925 548 2980 nitus
577 2939 688 2980 non
711 2940 836 2979 esse
863 2923 1158 2980 voluntatis
1185 2923 1329 2976 illius
1354 2930 1411 2977 ut
1445 2923 1742 2978 salventur.
1779 2924 2002 2991 Omnia,

2121 457 2360 513 Sabaoth
2390 457 2520 526 (Isa.
2543 473 2620 528 νι,
2641 458 2717 530 3).
2740 458 2811 512 Et
2833 458 3154 515 concinente
3174 461 3350 516 David
3373 470 3390 516 ξ
3411 463 3717 520 Benedicat

2119 561 2210 602 vos
2229 547 2548 612 Deus,Deus
2567 549 3077 616 noster;benedicat
3093 566 3194 605 nos
3212 551 3442 616 Deus,et
3453 555 3719 607 metuant

2118 651 2247 689 eum
2264 651 2456 691 omnes
2481 635 2624 704 ﬁnes
2656 641 2824 692 terrae
2846 637 3020 708 (Psal.
3052 654 3206 706 var,
3239 642 3315 709 8).
3339 639 3410 694 Et
3425 638 3716 697 conﬁtente

2118 723 2282 778 Paulo
2314 741 2327 778 :
2352 726 2440 780 Ex
2464 725 2604 797 ipso,
2624 729 2680 780 et
2697 742 2801 797 per
2816 728 3020 798 ipsum,
3047 731 3102 782 et
3117 729 3181 782 in
3200 729 3318 800 ipso
3348 731 3712 784 suntomnia.

2118 813 2229 884 Ipsi
2241 814 2624 884 gloria(Rom.
2657 829 2738 880 ιιι,
2772 815 2882 886 36).
2919 816 3052 870 Cum
3084 831 3208 872 sese
3237 817 3384 872 Deus
3409 833 3551 872 unus
3579 817 3722 874 dici-

2119 908 2225 967 tur,
2259 909 2311 956 et
2339 901 2396 955 in
2423 901 2661 971 nomine,
2693 918 2804 958 non
2829 903 2885 957 in
2913 904 3241 970 nominibus,
3304 906 3536 960 credens
3597 907 3718 978 qui-

2119 1006 2225 1061 que
2254 989 2516 1060 baptizari
2542 991 2872 1062 praecipitur,
2905 1000 2958 1046 et
2986 1009 3017 1046 a
3046 993 3322 1064 seraphim
3352 1001 3434 1049 ter
3471 995 3716 1050 Sanctus

2119 1086 2384 1144 cantatur,
2416 1087 2470 1134 et
2498 1095 2636 1133 unus
2665 1080 2930 1134 Dominus
2960 1081 3106 1135 Deus
3128 1081 3368 1137 Sabaoth
3397 1082 3706 1152 conﬁtetur,

2118 1175 2172 1222 et
2199 1183 2228 1221 a
2257 1167 2430 1222 David
2458 1175 2542 1223 ter
2569 1169 2718 1222 Deus
2749 1169 3076 1234 nominatur,
3111 1177 3164 1224 et
3191 1169 3359 1226 metui
3401 1187 3500 1241 per
3524 1187 3718 1226 omnes

2121 1256 2255 1311 fines
2283 1265 2444 1311 terrae
2473 1273 2616 1311 unus
2644 1266 2850 1326 oratur,
2885 1265 2938 1312 et
2964 1275 2995 1312 a
3033 1259 3199 1314 Paulo
3254 1267 3378 1330 post
3434 1259 3713 1315 Trinitatis

2119 1344 2519 1401 confessionem
2549 1361 2691 1400 unus
2719 1347 2865 1400 Deus
2885 1345 3240 1418 gloriﬁcatur,
3301 1348 3461 1404 trium
3514 1365 3714 1420 perso-

2119 1449 2313 1489 narum
2341 1441 2545 1490 sanctae
2563 1433 2847 1488 Trinitatis
2877 1451 2984 1490 una
3012 1436 3206 1501 deitas,
3255 1452 3378 1508 quae
3435 1436 3716 1493 Trinitatis

2119 1530 2201 1576 est
2229 1521 2428 1589 unitas,
2459 1523 2883 1578 demonstratur.
2917 1524 2996 1578 Ac
3025 1539 3127 1594 per
3161 1524 3265 1580 hoc
3285 1567 3299 1592 ,
3331 1532 3593 1596 quantum
3648 1541 3716 1580 ex

2119 1626 2178 1667 se
2197 1619 2300 1677 est,
2347 1611 2452 1665 ista
2505 1610 2970 1682 perniciosissima
3025 1612 3242 1683 haeresi,
3302 1613 3570 1670 idolatria;
3623 1613 3714 1668 vi-

2041 1725 2095 1785 B
2117 1699 2315 1755 delicet
2334 1707 2526 1766 matre,
2558 1715 2589 1753 a
2617 1699 2849 1770 mystica
2875 1697 3100 1756 Nicaana
3128 1701 3340 1772 synodo
3369 1702 3556 1775 gladio
3586 1718 3716 1759 ver-

2119 1789 2174 1843 bi
2202 1788 2301 1844 Dei
2321 1795 2626 1860 perempta,
2657 1796 2710 1843 et
2752 1788 2822 1842 ab
2858 1789 2964 1844 isto
2993 1805 3169 1860 nuper
3199 1789 3538 1859 resuscitata,
3572 1789 3713 1846 ﬁdes

2117 1877 2174 1932 in
2195 1893 2300 1949 qua
2329 1876 2588 1948 baptizati
2618 1893 2824 1945 sumus,
2888 1885 2943 1933 et
2997 1894 3101 1949 qua
3154 1879 3323 1934 corde
3352 1879 3595 1934 creditur
3643 1879 3713 1934 ad

2111 1967 2378 2036 justitiam
2411 2009 2426 2032 ,
2485 1973 2538 2021 et
2593 1982 2691 2022 ore
2745 1964 3031 2022 conﬁtetur
3077 1967 3146 2021 ad
3212 1967 3444 2024 salutem
3509 1967 3716 2024 everti-

2117 2060 2222 2109 tur.

2184 2146 2238 2199 2.
2274 2141 2456 2198 Liberi
2485 2141 2695 2197 arbitrii
2738 2156 2924 2213 opera,
2957 2141 3072 2197 sive
3101 2141 3246 2198 bona
3273 2141 3390 2198 sive
3421 2141 3582 2209 mala,
3617 2140 3709 2196 ni-

2113 2230 2191 2286 hil
2220 2231 2404 2287 valere
2433 2230 2504 2285 ad
2531 2230 2804 2297 meritum,
2840 2228 2937 2284 sed
2965 2228 3082 2286 sive
3125 2230 3196 2286 ad
3241 2230 3411 2287 vitam
3466 2229 3583 2286 sive
3639 2230 3712 2285 ad

2113 2327 2364 2383 mortem,
2399 2325 2590 2375 cuncta
2619 2319 2719 2374 Dei
2746 2317 3282 2390 praedestinationem
3296 2334 3484 2391 agere,
3515 2319 3587 2373 ab
3606 2317 3714 2374 ista

2112 2425 2279 2480 prava
2315 2408 2562 2464 doctrina
2587 2408 2920 2464 enucleatur.
2947 2411 2994 2464 A
3021 2424 3127 2480 qua
3154 2415 3208 2463 et
3227 2407 3480 2478 reprobis
3508 2406 3713 2463 tollitur

2110 2497 2365 2553 meritum
2424 2496 2804 2563 damnationis,
2855 2506 2908 2551 et
2942 2496 3104 2566 justis
3159 2495 3410 2550 meritum
3466 2495 3710 2550 aufertur

2111 2585 2316 2642 salutis.
2353 2588 2433 2642 Ac
2487 2602 2590 2656 per
2617 2585 2724 2642 hoc
2772 2600 2874 2640 nec
2929 2584 3006 2640 illi
3027 2585 3174 2654 juste
3221 2583 3562 2652 damnantur,
3615 2583 3712 2655 qui

2103 2675 2236 2745 justi
2264 2691 2387 2730 esse
2417 2691 2528 2730 non
2563 2681 2793 2746 possunt
2824 2691 2837 2727 :
2870 2689 2974 2730 nec
3017 2671 3107 2728 isti
3140 2673 3288 2742 juste
3343 2687 3706 2729 remuneran-

2107 2771 2216 2830 tur,
2245 2764 2371 2836 quia
2398 2764 2543 2819 aliud
2591 2779 2752 2835 quam
2777 2762 2910 2831 justi
2955 2778 3080 2818 esse
3135 2776 3244 2817 non
3290 2769 3537 2832 possunt.
3589 2762 3706 2816 Nec

2105 2852 2320 2922 injustis
2349 2867 2482 2924 ergo
2511 2851 2808 2924 quidquam
2835 2851 3062 2922 acquirit
3077 2850 3348 2919 meritum,
3383 2866 3484 2905 nec
3511 2849 3566 2904 in
3587 2849 3706 2906 ele-

2106 2941 2208 2996 ctis
2239 2940 2445 3011 aliquid
2472 2940 2642 3011 gratia
2685 2947 2946 3011 operatur
2977 2957 2991 2994 :
3024 2939 3123 2994 sed
3167 2939 3222 2994 in
3281 2946 3512 3011 utraque
3553 2948 3706 3010 parte

400 3014 573 3086 inquit
606 3012 907 3084 Scriptura,
941 3027 1284 3084 quwcunque
1304 3013 1481 3067 voluit
1497 3013 1768 3068 Dominus
1783 3013 1923 3083 fecit
1941 3013 2003 3066 in

2111 3038 2158 3084 et
2186 3028 2420 3101 perditio
2451 3035 2504 3084 et
2532 3028 2680 3083 salus
2722 3043 2831 3086 non
2862 3036 2944 3084 est
2992 3045 3058 3084 ex
3093 3027 3298 3098 judicio
3329 3027 3559 3100 prOpriae
3604 3043 3704 3084 ac-

401 3104 534 3159 caelo
555 3103 685 3158 etin
703 3106 876 3168 terra,
899 3104 964 3158 in
982 3103 1132 3156 mari
1155 3105 1212 3155 et
1230 3101 1292 3154 in
1313 3101 1572 3157 omnibus
1594 3101 1808 3173 abyssis
1820 3101 1998 3172 (Psal.
2035 3081 2085 3144 (ἶ
2103 3081 2284 3184 mgis,
2316 3118 2413 3175 sed
2433 3134 2497 3172 ex
2525 3116 2842 3189 prejudicio
2871 3081 3113 3174 Domini.
3133 3081 3448 3184 νοιιιηιξιίεξ
3505 3123 3706 3172 totum-

403 3207 642 3261 CXXX”:
675 3193 750 3260 6),
786 3198 914 3257 etc»;
947 3191 1012 3246 Ῑη
1033 3191 1327 3246 υοίῑιηιαίϐ
1349 3193 1468 3281 tua,
1501 3191 1757 3281 nomine.
1794 3194 2005 3281 θαησία
2103 3223 2209 3281 que
2236 3207 2338 3263 Dei
2366 3205 2583 3278 epiticio
2615 3205 2968 3277 reputabitur.
3027 3207 3150 3264 Non
3197 3205 3344 3260 enim
3381 3213 3560 3276 potest
3613 3205 3703 3260 di-

399 3285 537 3336 sunt
552 3280 759 3352 posita,
787 3283 843 3335 et
862 3297 979 3335 non
995 3283 1082 3334 est
1097 3281 1194 3350 qui
1205 3280 1383 3350 possit
1405 3282 1518 3334 tua:
1538 3279 1802 3334 resistere
1815 3279 2004 3336 volun-

399 3371 512 3425 tati
539 3369 764 3440 (Esther
793 3383 918 3435 xm,
950 3367 1026 3438 9).
1058 3369 1206 3438 Ergo
1236 3383 1346 3422 non
1401 3366 1515 3422 vult
1575 3383 1765 3422 omnes
1823 3367 2004 3424 salvos

393 3457 528 3525 ﬁeri,
564 3454 670 3512 sed'
689 3465 892 3512 tantum
940 3472 1035 3512 eos
1093 3455 1187 3527 qui
1245 3455 1544 3521 salvantur,
1609 3455 1733 3526 quia
1788 3455 1834 3509 si
1891 3455 2004 3512 vult

393 3546 540 3618 quod
569 3561 680 3603 non
710 3553 910 3617 potest,
939 3543 1285 3616 omnipotens
1315 3560 1424 3600 non
1455 3551 1556 3598 est.
1591 3545 1643 3598 4.
1677 3542 1822 3600 Dicit
1857 3543 2004 3614 quod

394 3650 506 3690 non
534 3651 637 3706 pro
673 3635 834 3690 totius
867 3633 1056 3688 mundi
1098 3633 1494 3704 redemptione,
1530 3632 1590 3687 id
1619 3639 1702 3688 est
1743 3648 1855 3688 non
1901 3648 2003 3703 pro

395 3722 639 3780 omnium
667 3723 950 3778 hominum
979 3721 1155 3780 salute
1199 3731 1253 3778 et
1293 3721 1694 3793 redemptione,
1737 3721 2002 3778 Dominus

395 3820 450 3867 et
467 3811 714 3868 Salvator
742 3820 928 3867 noster
953 3813 1113 3866 Iesus
1142 3811 1390 3866 Christus
1419 3810 1495 3865 sit
1539 3809 1850 3880 cruciﬁxus,
1902 3809 2002 3866 sed

393 3907 600 3956 tantum
627 3917 726 3973 pro
755 3901 840 3956 his
871 3900 963 3972 qui
996 3899 1294 3956 salvantur.
1327 3902 1386 3954 5.
1407 3899 1551 3956 Dicit
1571 3915 1852 3970 exponens
1883 3915 2004 3954 sen-

395 3989 622 4045 tentiam
649 3989 880 4062 apostoli
910 3989 1073 4055 Petri,
1108 4005 1239 4045 eum
1258 3989 1355 4062 qui
1385 3989 1526 4045 emit
1570 4004 1659 4046 eos
1698 3990 2001 4046 Dominum

393 4083 664 4151 negantes
695 4078 772 4149 (II
791 4081 944 4134 Petr.
979 4093 1038 4146 ιι,
1101 4079 1174 4149 1),
1225 4076 1508 4149 Baptismi,
1567 4076 1762 4149 inquit,
1815 4093 1998 4132 sacra-

394 4174 578 4223 mento
609 4183 706 4222 eos
732 4167 879 4237 emit,
912 4182 1022 4222 non
1051 4174 1232 4222 tamen
1260 4181 1360 4238 pro
1391 4166 1470 4221 eis
1525 4180 1748 4222 crucem
1805 4165 1994 4232 subiit,

397 4272 574 4328 neque
605 4255 929 4329 sanguinem
959 4256 1197 4328 pertulit,
1256 4272 1434 4327 neque
1466 4254 1785 4327 sanguinem
1839 4253 1994 4309 fudit.

397 4345 552 4403 Unde
580 4345 743 4402 latius
772 4346 914 4402 dicta
965 4345 1021 4400 in
1050 4345 1164 4400 suis
1220 4344 1439 4415 scriptis
1493 4342 1856 4412 inveniuntur.
1916 4344 1998 4397 Ex

2104 3312 2233 3353 cere
2262 3295 2578 3370 ﬁgmentum
2607 3295 2659 3352 ei
2685 3295 2779 3367 qui
2807 3312 2868 3352 se
2925 3293 3094 3351 ﬁnxit.
3151 3295 3335 3364 Quare
3381 3311 3470 3348 me
3528 3293 3706 3350 fecisti

2104 3385 2184 3441 sic
2204 3386 2233 3440 ?
2261 3385 2385 3442 Non
2412 3384 2578 3456 igitur
2606 3384 2802 3456 aliquis
2831 3383 3004 3440 libero
3033 3383 3259 3439 arbitrio
3302 3381 3703 3438 condemnabi-

2102 3482 2206 3541 tur,
2239 3491 2340 3530 nec
2369 3474 2659 3546 quisquam
2684 3490 2786 3545 pro
2845 3473 3022 3547 gratia
3074 3471 3480 3528 misericordias
3510 3473 3705 3528 Domi-

2102 3565 2158 3618 ni
2184 3564 2241 3618 in
2267 3571 2532 3620 aeternum
2560 3563 2815 3618 cantabit.
2850 3563 2906 3618 Si
2937 3562 3084 3616 enim
3105 3606 3120 3632 ,
3181 3561 3326 3632 quod
3373 3575 3552 3617 caicus
3601 3561 3705 3616 iste

2101 3653 2159 3708 in
2186 3652 2420 3709 meridie
2467 3651 2697 3724 palpans
2727 3666 2838 3706 non
2890 3649 3058 3718 videt,
3105 3649 3341 3705 liberum
3387 3665 3500 3706 non
3549 3657 3698 3706 esset

2102 3741 2405 3809 arbitrium,
2452 3740 2596 3796 unde
2642 3747 2787 3796 totus
2843 3739 2899 3793 in
2927 3753 3114 3794 massa
3166 3737 3489 3810 perditionis
3527 3739 3703 3794 Adam

2101 3831 2367 3903 perditus,
2400 3845 2525 3886 cum
2555 3828 2668 3885 suis
2715 3827 2879 3884 etiam
2935 3827 3132 3882 additis
3179 3827 3327 3897 juste
3367 3826 3706 3897 judicaretur

2102 3921 2336 3976 mundus
2362 3920 2390 3972 ‘2
2418 3919 2489 3974 Et
2518 3933 2755 3988 rursum,
2777 3917 2882 3972 nisi
2912 3917 3012 3972 Dei
3033 3916 3209 3990 gratia
3229 3924 3394 3984 esset,
3427 3917 3704 3988 quomodo

2102 4024 2169 4066 ex
2199 4008 2394 4065 eadem
2422 4023 2601 4062 massa
2657 4005 2976 4078 perditionis
3019 4005 3244 4074 electus,
3277 4005 3333 4061 id
3387 4012 3490 4072 est,
3524 4004 3703 4077 gratia

2101 4097 2276 4153 lectus
2305 4095 2607 4152 salvaretur
2621 4093 2899 4150 mundus?
2927 4094 3324 4161 Misericordia,
3357 4093 3529 4166 inquit
3544 4093 3701 4165 psal-

2101 4202 2244 4252 mus,
2278 4189 2335 4242 et
2365 4186 2574 4242 veritas
2601 4185 2964 4241 obviaverunt
2991 4185 3120 4250 sibi,
3133 4183 3370 4255 justitia
3396 4187 3452 4238 et
3467 4199 3586 4255 pax
3615 4199 3703 4240 os-

2102 4277 2310 4331 culata:
2336 4277 2476 4331 sunt
2503 4273 2660 4346 (Psal
2675 4287 2914 4339 Lxxxw,
2940 4273 3051 4344 11).
3071 4271 3448 4328 Misericordia
3477 4271 3702 4344 quidem

2100 4371 2201 4434 est,
2236 4379 2342 4435 qua
2390 4362 2668 4418 salvantur
2696 4361 2856 4418 electi
2887 4378 2902 4416 :
2936 4360 3143 4417 veritas
3191 4368 3373 4417 autem
3429 4366 3530 4424 est,
3591 4375 3704 4432 qua

394 4435 593 4506 quibus
621 4434 916 4490 mortiferis
948 4433 1199 4504 capitulis
1229 4441 1433 4504 quanta
1462 4431 1688 4490 exitiosa
1707 4431 1993 4502 prodeant,

2111 4453 2155 4508 in
2179 4431 2363 4508 massa
2388 4449 2710 4524 perditionis
2737 4450 3065 4506 deseruntur
3103 4449 3300 4505 relicti.
3331 4447 3548 4504 Iustitia
3577 4431 3710 4520 qui-

393 4524 692 4581 catholicus
759 4530 812 4579 et
874 4522 1145 4578 litteratus
1213 4521 1446 4594 quisque
1513 4519 1836 4592 conspicere
1901 4537 2000 4592 po-

400 4620 524 4669 test.

473 4730 523 4780 1.
557 4727 695 4783 Hinc
749 4727 895 4782 enim
951 4723 1337 4781 adinventione
1393 4723 1594 4779 diaboli
1645 4721 1876 4778 dicentis
1935 4721 2002 4777 ad

397 4815 574 4871 Adam
607 4829 620 4870 :
653 4816 826 4872 Eritis
855 4817 1010 4872 sicut
1023 4815 1104 4872 dii
1133 4814 1292 4885 (Gen.
1325 4828 1408 4880 ιιι,
1441 4812 1518 4884 5),
1550 4810 1833 4882 pluralitas
1863 4810 2001 4867 deo-

397 4920 522 4959 rum
549 4903 838 4972 inducitur,
874 4905 1128 4976 quoniam
1162 4902 1208 4957 si
1239 4902 1377 4957 trina
1405 4907 1489 4956 est
1518 4901 1727 4970 Deitas,
1759 4907 1872 4956 tres
1927 4898 2002 4954 dii

401 5000 577 5050 erunt.
613 4991 889 5050 Unitatem
945 4993 1144 5064 quippe
1201 4991 1258 5047 in
1313 4989 1593 5059 Trinitate,
1644 5005 1755 5046 non
1811 4989 2002 5046 eadem

396 5097 652 5154 persona,
687 5081 786 5137 sed
841 5080 1032 5136 eadem
1069 5080 1256 5151 implet
1315 5078 1572 5145 essentia,
1604 5077 1662 5133 id
1692 5085 1775 5134 est
1805 5077 1996 5149 deitas,

396 5187 517 5244 quae
545 5170 824 5227 Trinitatis
851 5177 934 5226 est
961 5169 1163 5224 unitas.
1203 5170 1272 5223 Et
1300 5169 1356 5222 in
1390 5169 1513 5241 lege
1545 5166 1778 5223 Domino
1806 5166 1998 5224 dicen-

397 5268 448 5315 te
475 5277 487 5313 :
521 5259 684 5327 Audi,
717 5261 913 5325 Israel,
937 5259 1210 5315 Dominus
1252 5259 1389 5314 Deus
1414 5261 1546 5313 tuus
1565 5259 1714 5314 Deus
1742 5273 1892 5313 unus
1913 5261 2023 5316 est.

399 5350 584 5417 (Deut.
621 5365 695 5419 vr,
727 5349 807 5419 4).
848 5349 915 5403 Et
945 5347 1000 5403 in
1022 5345 1324 5418 Evangelia
1355 5364 1368 5400 :
1412 5347 1494 5402 Ite
1523 5389 1538 5412 ,
1573 5346 1763 5403 docete
1806 5362 1998 5402 omnes

396 5441 608 5507 gentes,
639 5440 990 5511 baptizantes
1013 5453 1101 5493 eos
1120 5437 1182 5491 in
1202 5437 1432 5492 nomine
1458 5438 1665 5499 Patris,
1691 5439 1745 5492 et
1765 5437 1918 5506 Filii,
1943 5439 1998 5491 et

398 5526 644 5598 Spiritus
691 5527 882 5584 sancti
913 5566 926 5595 ,
976 5527 1165 5597 (Math.
1201 5541 1402 5594 xxvui,
1433 5525 1539 5595 19),
1575 5533 1628 5580 et
1657 5524 1996 5582 cantantibus

2103 4541 2229 4598 dem
2259 4548 2363 4609 est,
2393 4540 2516 4613 quia
2545 4555 2654 4596 non
2703 4546 3052 4595 assumuntur
3107 4537 3325 4610 reprobi
3357 4554 3372 4592 :
3403 4553 3508 4609 pax
3562 4553 3698 4593 vero

2101 4630 2188 4686 his
2216 4637 2318 4699 est,
2351 4647 2456 4702 qua
2495 4630 2566 4686 de
2621 4645 2730 4684 una
2783 4629 3088 4699 eademque
3141 4643 3328 4683 massa
3370 4625 3697 4698 perditionis

2101 4721 2279 4794 gratia
2316 4719 2451 4775 ﬁunt
2502 4718 2682 4790 probi.
2733 4718 2889 4774 Unde
2944 4716 3143 4773 Paulus
3203 4715 3333 4772 dicit
3365 4714 3697 4787 :Stipendia

2099 4811 2255 4866 enim
2280 4809 2501 4881 peccati
2530 4823 2702 4874 mors,
2735 4807 2926 4879 gratia
2974 4809 3173 4863 autem
3206 4806 3309 4861 Dei
3338 4805 3458 4860 vita
3480 4807 3700 4860 ceter-na

2101 4899 2280 4970 (Rom.
2311 4914 2390 4965 v1,
2423 4898 2535 4969 23).

2169 4991 2223 5042 3.
2265 4986 2374 5044 Sed
2393 4993 2445 5042 et
2471 4985 2613 5040 male
2639 4983 3048 5056 interpretando
3079 4982 3420 5056 Scripturam
3452 5000 3467 5038 :
3493 4982 3699 5040 Omnia

2100 5093 2441 5152 quaecunque
2470 5075 2652 5132 voluit
2673 5075 2946 5130 Dominus
2971 5076 3112 5146 fecit
3127 5075 3190 5129 in
3207 5073 3340 5130 σιειο
3362 5076 3420 5130 et
3438 5074 3504 5128 in
3521 5076 3697 5141 terra,

2097 5169 2162 5224 in
2204 5166 2356 5222 mari
2403 5169 2461 5221 et
2513 5165 2578 5219 in
2617 5163 2872 5220 omnibus
2929 5163 3138 5235 abyssis
3194 5161 3376 5233 (Psal.
3441 5177 3695 5229 cxxxrv,

2099 5257 2188 5328 6):
2221 5257 2286 5311 In
2315 5255 2606 5311 voluntate
2641 5257 2761 5319 tua,
2811 5253 3066 5318 Domine,
3115 5253 3325 5306 cuncta
3358 5254 3498 5306 sunt
3535 5251 3694 5322 posi-

2100 5349 2178 5412 ta,
2213 5349 2270 5401 et
2312 5360 2428 5400 non
2459 5347 2544 5399 est
2588 5345 2683 5416 qui
2727 5343 2910 5414 possit
2952 5345 3065 5396 tua»:
3111 5341 3377 5396 resistere
3409 5339 3699 5396 voluntati

2097 5434 2340 5506 (Esther.
2403 5447 2527 5498 xm,
2587 5433 2662 5502 9),
2717 5431 2934 5502 iniquus
2986 5430 3154 5494 Deus,
3225 5429 3317 5500 qui
3363 5427 3525 5484 infert
3554 5426 3697 5481 iram

2095 5524 2181 5580 his
2262 5522 2354 5595 qui
2410 5530 2602 5579 contra
2655 5517 3193 5592 prasdestinationem
3259 5526 3312 5573 et
3362 5516 3700 5573 voluntatem
