4026 6310
201 241 259 292 73
1667 243 1792 296 EPIl

1892 241 2042 297 )LA-I.
2393 261 2432 286 κ
2901 208 2906 213 ’
3432 253 3500 306 τι

196 361 312 431 ejus
339 361 554 417 salvari
585 377 697 418 non
726 371 978 434 possunt,
1011 373 1064 418 et
1105 364 1192 418 his
1233 365 1326 435 qui
1369 365 1569 430 alieno,
1617 364 1672 419 id
1717 373 1800 420 est
1819 365 1876 426 Α
1905 365 2020 419 bris
2051 375 2396 422 remanentes
2422 377 2672 438 pereunt,
2706 371 3042 438 pereuntium
3089 381 3172 426 est
3212 372 3488 430 meritum.

196 449 354 521 primi
381 449 636 522 parentis
665 459 892 521 peccato
923 452 1130 508 venditi
1175 461 1319 518 sunt,
1363 460 1418 508 et
1463 469 1562 524 pro
1609 454 1810 524 quibus
1913 456 2190 512 Universae
2221 457 2377 511 enim
2406 457 2510 511 via:
2535 457 2762 512 Domini
2778 459 3165 515 misericordia
3183 465 3242 516 et
3257 463 3488 519 veritas.

195 554 303 594 non
333 547 421 594 est
455 539 585 594 data
615 540 946 611 redemptio,
979 541 1052 594 ab
1081 541 1176 596 illo
1203 549 1575 596 asseveratur.
1627 543 1693 596 Et
1723 541 1810 596 vel
1909 543 1978 598 Ut
2006 543 2152 598 enim
2183 559 2308 598 reus
2328 544 2631 610 damnatur,
2655 544 2998 615 inculpabilis
3028 547 3128 601 Dei
3147 548 3353 617 justitia
3375 558 3494 618 est;

201 643 308 682 non
335 626 684 700 intelligens,
738 628 826 684 vel
874 629 1109 684 scienter
1153 629 1492 685 mendaciter
1531 631 1806 700 interpre-
1895 639 1962 708 _ut
1988 638 2172 685 autem
2201 647 2328 686 reus
2353 629 2696 700 justificetur,
2729 631 3019 688 ineﬂ‘abilis
3047 634 3146 689 Dei
3184 637 3361 708 gratia
3389 645 3491 692 est.

194 725 311 770 tans
342 732 414 771 ex
448 716 758 788 Scripturis
795 717 941 788 quod
989 717 1128 772 bene
1175 725 1229 772 et
1277 735 1404 773 vere
1450 719 1650 774 dictum
1700 727 1802 784 est,
1905 719 1974 772 Et
2005 719 2308 790 redemptio
2336 720 2554 774 humani
2569 720 2791 791 generis
2810 721 3063 776 omnibus
3079 723 3360 794 proposita
3389 733 3490 794 est,

197 804 326 859 dum
373 805 560 860 Deum
606 803 882 860 inﬁrmum
927 805 1113 862 dicere
1157 805 1318 875 vitat,
1364 806 1606 878 iniquum
1655 806 1801 872 facit,

194 892 532 965 dedignans,
569 909 704 949 usus
731 893 973 965 pessimo
999 902 1336 965 praeceptore
1367 895 1568 966 seipso,
1602 895 1671 950 ab
1697 895 1804 951 alio

192 981 407 1037 discere
437 981 679 1054 qualiter
709 982 907 1038 debeat
931 982 1256 1056 intelligere,
1305 983 1432 1056 quia
1482 993 1608 1038 sunt
1651 999 1804 1055 quae-

194 1070 320 1126 dam
365 1087 496 1142 quae
542 1070 746 1126 dicitur
793 1087 901 1126 non
945 1087 1109 1142 posse
1161 1072 1524 1143 omnipotens,
1575 1073 1802 1128 docente

199 1158 380 1224 Paulo,
426 1161 580 1214 Deus
608 1159 796 1228 ﬁdelis
828 1165 1147 1232 permanet,
1179 1163 1432 1232 seipsum
1461 1177 1665 1232 negare
1685 1178 1802 1217 non

201 1251 380 1319 potest
396 1247 477 1318 (II
499 1248 641 1302 Tim.
680 1263 740 1317 ιι,
773 1247 881 1317 13).
929 1246 1035 1316 Qui
1083 1249 1249 1304 etiam
1293 1248 1506 1316 mutari,
1557 1249 1796 1314 mentiri,

199 1333 328 1404 falli,
359 1350 624 1406 peccare,
659 1334 828 1390 miser
857 1334 994 1404 fieri,
1029 1336 1173 1392 vinci
1203 1353 1269 1392 ac
1298 1336 1440 1392 mori
1468 1353 1578 1392 non
1600 1345 1796 1408 potest.

201 1422 330 1492 Qum
357 1431 416 1479 et
445 1423 534 1478 his
567 1423 762 1478 similia
794 1423 840 1479 si
860 1431 1066 1495 posset,
1090 1425 1178 1480 vel
1207 1424 1255 1479 si
1285 1426 1401 1481 haec
1429 1425 1570 1481 velle
1591 1434 1796 1496 posset,

1907 808 2006 861 sed
2020 805 2271 862 ﬁdelibus
2281 809 2372 862 dat
2397 809 2646 863 salutem.
2668 810 2758 865 Sic
2776 811 2932 865 enim
2949 811 3158 866 dilexit
3176 813 3320 868 Deus
3337 830 3497 869 mun-

1905 895 2058 961 dum,
2075 900 2142 950 ut
2173 897 2382 952 Filium
2413 915 2581 952 suum
2605 900 2969 970 unigenitum
2995 900 3188 967 daret;
3225 904 3292 956 ut
3311 903 3496 958 omnis

1904 985 1998 1056 qui
2015 984 2194 1038 credit
2217 986 2279 1038 in
2298 1001 2428 1039 eum
2446 1003 2562 1040 non
2574 989 2793 1057 pereat,
2807 987 2902 1042 sed
2924 988 3123 1043 habeat
3144 990 3322 1044 vitam
3338 992 3494 1046 aeter-

1903 1088 2040 1126 nam
2062 1091 2080 1138 ;
2101 1074 2196 1144 qui
2207 1076 2398 1127 autem
2414 1090 2529 1129 non
2549 1074 2748 1138 credit,
2760 1077 2886 1146 jam
2893 1065 3188 1146 judicatus
3207 1080 3294 1132 est
3307 1077 3490 1146 (Joan.

1903 1160 2006 1228 ut).
2039 1158 2196 1227 Quod
2227 1168 2280 1214 et
2311 1160 2575 1216 Dominus
2605 1162 2842 1217 ostendit
2885 1163 3100 1234 quando
3148 1174 3493 1222 sacramenta

1901 1247 2173 1318 passionis
2222 1266 2334 1304 suae
2381 1249 2661 1320 discipulis
2704 1258 2757 1305 et
2805 1251 3066 1321 apostolis
3110 1253 3223 1308 suis
3269 1253 3492 1309 tradidit

1900 1335 2090 1392 dicens
2113 1355 2126 1390 :
2149 1339 2257 1393 Hoc
2287 1343 2373 1392 est
2401 1355 2602 1410 corpus
2618 1355 2830 1406 meum,
2854 1341 2997 1412 quod
3015 1358 3117 1413 pro
3139 1343 3283 1398 vobis
3305 1343 3492 1398 trade-

1903 1428 2000 1480 tur
2015 1426 2168 1495 (Luc.
2192 1441 2336 1491 xxii,
2354 1429 2420 1479 19
2425 1438 2463 1495 );
2489 1435 2542 1480 et
2565 1444 2579 1480 :
2603 1428 2702 1482 Hic
2719 1432 2804 1483 est
2825 1431 3056 1500 sanguis
3076 1447 3254 1496 meus,
3281 1433 3377 1504 qui
3394 1448 3494 1503 pro

199 1512 549 1582 omnipotens
578 1529 692 1568 non
721 1521 885 1568 esset.
920 1513 1076 1569 Unde
1104 1530 1246 1569 nunc
1285 1514 1513 1586 longum
1547 1522 1629 1570 est
1659 1514 1798 1570 scri-
1900 1513 2046 1568 vobis
2061 1517 2232 1585 etpro
2255 1515 2456 1569 multis
2473 1514 3010 1586 e/fundetur(ibid.).
3030 1517 3329 1590 Utrumque
3349 1519 3494 1574 enim

197 1600 345 1667 bere,
379 1608 436 1656 et
464 1601 512 1656 si
547 1601 637 1657 hic
664 1601 867 1656 nebulo
895 1601 950 1655 in
979 1601 1066 1656 his
1112 1618 1304 1656 sanum
1349 1619 1571 1658 sensum
1624 1603 1797 1658 babe-
1896 1600 1952 1654 in
1981 1601 2279 1672 Evangelio
2306 1601 2591 1656 invenitur.
2629 1603 2772 1658 Inter
2803 1619 2956 1674 quos,
2993 1604 3192 1676 quibus
3224 1606 3343 1662 haec
3375 1614 3489 1660 tra-

194 1697 292 1754 ret,
324 1689 382 1743 in
415 1690 521 1745 hac
551 1689 825 1745 sententia
851 1705 959 1745 non
987 1698 1218 1758 erraret,
1253 1690 1347 1762 qui
1375 1691 1504 1745 dum
1533 1691 1798 1762 dedigna-
1823 1714 1878 1774 Β
1899 1687 2053 1755 didit,
2087 1697 2201 1743 erat
2224 1698 2277 1743 et
2302 1689 2492 1751 Judas,
2525 1690 2889 1760 reproborum
2919 1699 3111 1747 tenens
3141 1701 3372 1764 partem,
3423 1693 3490 1748 si-

195 1785 276 1832 tur
304 1775 426 1832 ﬁeri
457 1777 764 1849 discipulus
791 1779 1053 1846 veritatis,
1102 1778 1149 1833 si
1191 1779 1241 1834 ei
1282 1779 1489 1845 liceret,
1539 1779 1797 1851 magister
1899 1784 1990 1832 cut
2017 1784 2072 1832 et
2099 1777 2282 1833 caeteri
2329 1777 2578 1849 discipuli
2621 1779 2914 1834 electorum
2957 1788 3172 1851 partem
3219 1781 3487 1838 ferebant.

197 1863 309 1921 fieri
339 1866 510 1921 vellet
540 1867 763 1922 erroris.
1899 1865 2050 1920 Idem
2079 1865 2280 1937 quippe
2308 1882 2418 1922 non
2447 1882 2544 1938 pro
2573 1867 2827 1922 omnibus
2859 1869 2956 1924 sed
2980 1886 3084 1942 pro
3112 1871 3315 1926 multis
3333 1870 3486 1939 dixit,

260 1984 311 2037 4.
334 1983 573 2038 Necnon
602 1991 655 2038 et
683 1983 942 2055 loquente
970 1984 1040 2038 de
1071 1983 1255 2054 seipso
1285 1983 1340 2037 in
1367 1999 1570 2057 magno
1599 1984 1794 2039 Petro:

197 2071 312 2127 Non
346 2070 552 2127 tardat
575 2073 850 2128 Dominus
878 2072 1172 2144 promissis
1200 2074 1337 2138 suis,
1375 2073 1472 2128 sed
1508 2073 1799 2145 patienter

195 2160 314 2230 agit
325 2163 568 2232 propter
589 2177 699 2226 vos,
719 2160 922 2217 nolens
941 2161 1158 2233 aliquos
1171 2161 1377 2232 perire,
1399 2161 1496 2216 sed
1515 2177 1706 2216 omnes
1726 2161 1798 2216 ad

194 2249 602 2320 paenitentiam
631 2249 842 2306 reverti
863 2249 940 2320 (II
964 2251 1118 2304 Petr.
1163 2265 1242 2316 ιιι,
1275 2247 1370 2318 9);
1418 2257 1471 2304 et
1515 2249 1570 2302 in
1613 2249 1796 2303 divino

195 2336 357 2391 Paulo
394 2353 408 2391 :
446 2337 655 2393 Omnes
695 2338 952 2394 homines
982 2339 1106 2394 vult
1129 2339 1310 2394 salvos
1339 2339 1486 2408 ﬁeri,
1521 2337 1618 2410 qui
1645 2338 1797 2392 dedit

193 2426 641 2498 redemptionem
665 2427 1034 2499 semetipsum
1047 2442 1149 2498 pro
1169 2426 1428 2482 omnibus
1445 2425 1496 2494 (Ι
1511 2427 1647 2490 Tim,
1665 2441 1722 2492 ιι,
1740 2427 1791 2489 4,

192 2518 244 2569 et
271 2514 360 2584 6);
395 2522 451 2570 et
484 2532 498 2568 :
539 2515 738 2570 Gratia
765 2515 867 2570 Dei
889 2531 994 2587 pro
1011 2515 1268 2572 omnibus
1287 2516 1538 2586 gustavit
1555 2518 1796 2570 mortem

193 2603 374 2670 (Hebr.
409 2617 474 2668 ιι,
501 2601 586 2674 9);
622 2610 676 2658 et
702 2621 715 2657 :
745 2603 806 2659 Si
825 2620 975 2658 unus
986 2619 1091 2676 pro
1121 2603 1380 2659 omnibus
1406 2606 1666 2659 mortuus
1689 2605 1789 2668 est,

193 2707 318 2762 ergo
334 2707 537 2747 omnes
557 2693 776 2747 mortui
795 2695 951 2757 sunt,
972 2695 1027 2746 et
1042 2709 1145 2764 pro
1162 2692 1418 2749 omnibus
1438 2695 1697 2747 mortuus
1710 2694 1797 2746 est

194 2779 453 2835 Christus
483 2779 564 2851 (ΙΙ
593 2780 714 2836 Cor.
749 2795 806 2845 v,
845 2779 968 2849 l4);
999 2787 1053 2834 et
1081 2780 1136 2834 in
1167 2781 1432 2850 propheta
1480 2795 1603 2835 cum
1632 2779 1793 2847 jura-

189 2875 372 2923 mento
404 2875 635 2939 propter
650 2867 964 2923 incredulos
997 2885 1012 2921 :
1053 2869 1177 2926 Vivo
1194 2885 1310 2940 ego,
1335 2867 1478 2923 dicit
1497 2868 1788 2934 Dominus,

192 2957 319 3012 nolo
348 2960 598 3012 mortem
611 2957 942 3030 peccatoris,
963 2957 1058 3012 sed
1077 2961 1145 3012 ut
1162 2959 1530 3013 convertatur
1545 2960 1600 3010 et
1617 2957 1788 3010 vivat.

194 3044 258 3098 Et
294 3043 353 3098 in
405 3044 558 3100 omni
603 3043 874 3100 catholica
919 3044 1188 3110 Ecclesia,
1235 3061 1356 3116 quae
1398 3059 1501 3116 pro
1540 3043 1864 3128 omnibusC

189 3132 502 3188 hominibus
547 3149 614 3188 ex
656 3132 946 3188 traditione
995 3132 1294 3204 apostolica
1337 3132 1414 3186 illi
1456 3131 1786 3203 supplicans,

193 3219 374 3293 legem
430 3219 561 3277 hinc
610 3220 872 3277 credendi
937 3221 1062 3294 lege
1117 3220 1276 3276 nobis
1339 3219 1524 3274 statuit
1581 3219 1791 3290 suppli-

195 3309 350 3364 candi
372 3352 387 3376 ,
453 3309 742 3365 veritatem
790 3309 1108 3365 mendacem
1153 3307 1506 3382 dogmatizat.
1553 3308 1621 3361 Et
1668 3322 1790 3362 cum

195 3397 440 3452 Christus
465 3397 537 3453 de
566 3397 788 3454 diabolo
818 3397 995 3454 dicat:
1030 3398 1272 3454 Mendax
1292 3401 1376 3453 est
1402 3397 1469 3452 ab
1505 3396 1695 3460 initio,
1737 3399 1793 3450 et

191 3489 355 3557 pater
382 3489 508 3558 ejus
536 3487 722 3557 (Joan.
756 3501 876 3553 νιιι,
915 3486 1028 3556 44),
1076 3485 1121 3540 si
1163 3485 1308 3541 idem
1357 3484 1598 3540 Christus
1637 3483 1792 3551 juxta

191 3572 344 3628 istius
373 3574 681 3630 doctrinam
710 3574 946 3630 mendax
975 3582 1073 3641 est,
1109 3573 1222 3629 suis
1247 3572 1384 3645 ipsis
1415 3572 1617 3637 verbis,
1643 3571 1790 3642 quod

191 3661 344 3717 nefas
376 3670 461 3718 est
489 3662 697 3733 dicere,
731 3662 921 3718 similis
949 3662 1018 3731 ei,
1068 3661 1124 3717 id
1167 3670 1250 3718 est
1278 3661 1511 3727 diabolo,
1559 3659 1790 3715 mendax

190 3766 310 3806 esse
341 3750 706 3808 convincitur.
740 3752 838 3807 Est
865 3759 1044 3806 autem
1075 3752 1224 3808 Deus
1253 3765 1442 3816 verax,
1475 3757 1528 3804 et
1558 3748 1790 3804 Gothes-

190 3839 372 3895 calcus
420 3840 656 3895 mendax
699 3857 714 3894 :
759 3839 881 3911 quia
922 3856 1063 3894 unus
1105 3839 1378 3911 idemque.
1431 3837 1524 3893 Sol
1565 3835 1789 3906 justitiaa

192 3927 462 3994 Christus,
484 3935 544 3983 ut
561 3937 846 4000 repararet
861 3927 1101 3984 omnium
1118 3928 1304 3994 vitam,
1324 3925 1533 3998 recepit
1549 3924 1789 3980 omnium

191 4031 432 4082 causam,
478 4015 610 4072 inde
652 4015 711 4071 in
759 4032 951 4072 omnes
996 4023 1252 4071 manante
1289 4014 1518 4085 justitia,
1569 4013 1664 4067 ubi
1706 4020 1788 4067 est

191 4104 366 4160 omnis
421 4105 666 4161 humana
719 4113 972 4176 suscepta
1024 4113 1238 4170 natura,
1289 4119 1398 4159 non
1447 4101 1610 4172 culpa
1629 4145 1642 4166 ,
1695 4101 1788 4172 qui

191 4193 442 4248 omnibus
471 4201 624 4250 ortus
654 4201 757 4260 est,
798 4193 1051 4250 omnibus
1096 4192 1260 4260 venit,
1307 4200 1362 4247 et
1407 4207 1508 4262 pro
1537 4189 1788 4245 omnibus

192 4297 386 4352 passus
415 4295 522 4348 est,
558 4291 612 4338 et
639 4297 830 4338 omnes
858 4282 970 4339 vult
999 4282 1180 4337 salvos
1211 4280 1329 4336 ﬁeri
1359 4279 1452 4352 qui
1478 4294 1576 4350 pro
1607 4277 1788 4334 omni-

193 4369 291 4424 bus
318 4387 522 4442 passus
549 4378 670 4438 est;
703 4372 802 4426 sed
828 4387 940 4426 non
969 4371 1040 4426 ab
1069 4369 1323 4426 omnibus
1347 4368 1578 4436 videtur,
1604 4375 1657 4422 ct
1676 4381 1787 4420 non

191 4473 381 4515 omnes
401 4459 700 4514 salvantur.
717 4462 841 4516 Lux
859 4459 1005 4515 enim
1029 4459 1179 4515 lucet
1197 4459 1262 4513 in
1287 4457 1550 4525 tenebris,
1565 4459 1625 4511 et
1639 4459 1791 4510 tene-

191 4546 298 4602 brae
317 4563 447 4604 eam
468 4564 588 4604 non
606 4547 1160 4620 comprehenderunt
1189 4566 1208 4602 :
1240 4545 1385 4617 quod
1414 4561 1523 4600 non
1553 4543 1789 4616 pertinet

190 4634 254 4690 ad
281 4636 501 4708 culpam
535 4635 694 4702 lucis,
748 4636 845 4692 sed
893 4637 965 4692 ad
1007 4635 1376 4691 tenebrarum.
1427 4633 1540 4688 Lux
1585 4632 1788 4704 quippe

193 4723 331 4778 venit
358 4724 713 4810 immundum
741 4723 931 4780 dicens
966 4742 980 4780 :
1013 4726 1124 4796 Ego
1141 4740 1268 4779 sum
1292 4723 1396 4778 lux
1410 4720 1623 4810 mundi
1644 4740 1662 4775 :
1693 4719 1790 4792 qui

192 4809 444 4886 sequitur
471 4829 564 4870 me
591 4830 710 4871 non
728 4814 958 4870 ambula
973 4815 1038 4870 in
1061 4812 1326 4881 tenebris,
1352 4811 1447 4868 sed
1469 4809 1688 4866 habebit
1709 4809 1790 4864 lu.

191 4925 316 4966 men
345 4912 480 4968 vita:
509 4913 700 4982 (Joan.
741 4927 862 4979 vm,
896 4910 1006 4983 12).
1040 4911 1148 4966 Sed
1191 4909 1495 4965 dilexerunt
1537 4905 1788 4962 homines

191 5008 444 5064 tenebras
489 5007 670 5081 magis
728 5022 894 5081 quam
939 5007 1138 5064 lucem.
1190 5009 1359 5063 Erant
1405 5005 1552 5061 enim
1598 5019 1784 5059 eorum

189 5104 327 5160 mala
356 5121 548 5177 opera.
581 5106 652 5160 Et
679 5105 807 5161 item
835 5103 1426 5178 comprehendentibus
1477 5101 1655 5158 lucem
1701 5109 1786 5155 te-

191 5202 391 5270 nebris,
425 5203 552 5275 ipsa
580 5203 672 5258 lux
701 5221 798 5275 per
837 5204 1158 5276 Apostolum
1204 5201 1335 5258 dicit
1366 5219 1380 5256 :
1413 5201 1628 5256 Fuistis
1669 5199 1779 5254 ali-

191 5303 406 5372 quando
429 5304 695 5371 tenebrte,
715 5320 872 5360 nunc
887 5307 1082 5361 autem
1100 5305 1204 5359 lux
1224 5305 1287 5358 in
1305 5301 1539 5356 Domino
1561 5299 1782 5370 (Ephes.

193 5411 241 5464 ν,
273 5401 348 5469 3).
383 5399 552 5468 Quod
578 5407 760 5456 autem
788 5401 1007 5472 quidam
1039 5407 1332 5474 sequentes
1363 5397 1544 5451 lucem
1565 5394 1783 5450 salvan-

189 5501 271 5577 tur
293 5497 560 5556 salvantis
590 5505 680 5579 est
701 5498 941 5566 donum;
989 5507 1042 5555 et
1085 5499 1230 5572 quod
1258 5495 1479 5570 quidam
1523 5493 1580 5548 in
1623 5499 1782 5548 tene-

469 5593 714 5649 Panon.
745 5593 989 5653 CXXVI.

1898 1954 2026 2024 quia
2054 1969 2164 2008 non
2193 1970 2384 2010 omnes
2413 1955 2668 2010 credituri
2700 1964 2874 2011 erant.
2905 1955 3116 2013 Eﬂ'usio
3165 1959 3311 2014 enim
3357 1975 3490 2014 san-

1897 2041 2078 2112 guinis
2109 2042 2324 2110 Christi,
2353 2043 2485 2111 justi
2516 2060 2618 2114 pro
2650 2043 2882 2112 injustis,
2927 2053 3035 2100 tam
3085 2046 3183 2101 fuit
3224 2047 3378 2102 dives
3423 2047 3492 2102 ad

1895 2130 2145 2200 pretium,
2179 2139 2236 2185 ut
2265 2131 2312 2185 si
2343 2131 2666 2187 universitas
2697 2133 3038 2203 captivorum
3079 2134 3135 2188 in
3181 2135 3492 2206 redempto-

1896 2235 2015 2274 rem
2045 2236 2201 2273 suum
2232 2219 2496 2290 crederet,
2527 2220 2735 2275 nullum
2779 2221 2980 2276 diaboli
3024 2222 3241 2278 vincula
3280 2224 3488 2280 retine—

1895 2315 2036 2362 rent.
2071 2306 2176 2376 Qui
2219 2316 2398 2363 autem
2439 2325 2548 2364 non
2595 2310 2844 2376 credunt,
2891 2310 2993 2381 ipsi
3043 2311 3146 2366 sibi
3193 2312 3490 2368 damnatio-

1895 2412 2021 2450 nem
2051 2396 2355 2466 acquirunt.
2407 2398 2546 2451 Nam
2591 2397 2729 2452 sicut
2779 2397 3102 2464 incarnatio,
3145 2400 3484 2470 praedicatio,

1894 2483 2174 2551 miracula,
2222 2484 2294 2538 ita
2337 2493 2389 2538 et
2430 2501 2578 2539 mors
2625 2485 2843 2555 Christi,
2889 2486 3039 2540 salus
3085 2494 3138 2541 et
3183 2489 3358 2543 bonor
3403 2497 3486 2542 est

1893 2571 2258 2640 credentibus,
2292 2589 2402 2626 non
2430 2572 2778 2628 credentibus
2817 2582 2994 2628 autem
3037 2574 3177 2645 lapis
3221 2575 3486 2631 offensio-

1893 2659 1978 2714 nis
2009 2669 2060 2714 et
2088 2669 2238 2730 petra
2271 2661 2530 2724 scandali,
2565 2661 2731 2716 veluti
2769 2661 2822 2716 in
2870 2662 3162 2732 Scripturis
3209 2663 3484 2719 multoties

1893 2756 1945 2802 et
1973 2749 2176 2819 passim
2206 2749 2298 2820 qui
2328 2750 2514 2822 legunt
2543 2749 2840 2816 inveniunt,
2875 2759 2928 2806 et
2955 2751 3011 2805 in
3039 2759 3230 2806 natura
3259 2761 3483 2808 creatu-

1893 2852 2077 2892 rarum
2105 2837 2452 2908 conspicitur,
2485 2854 2586 2908 per
2615 2854 2750 2908 quas
2780 2838 3069 2894 invisibilia
3101 2840 3201 2895 Dei
3221 2839 3484 2913 cognosci

1892 2941 1925 2980 a
1954 2925 2118 2980 Paulo
2169 2926 2422 2982 dicuntur
2471 2925 2648 2995 (Rom.
2699 2942 2736 2992 ι,
2782 2927 2893 2998 20).
2942 2928 3093 2982 Unus
3136 2943 3373 2999 namque
3421 2943 3486 2986 ac

1893 3012 2038 3068 idem
2067 3013 2149 3068 sol
2176 3013 2345 3068 lutum
2376 3013 2612 3086 stringit,
2645 3023 2698 3069 et
2727 3031 2909 3070 ceram
2938 3015 3127 3086 liquat,
3160 3023 3214 3070 et
3235 3017 3486 3072 conditor

1895 3117 1960 3157 ac
1989 3103 2325 3172 redemptor,
2359 3110 2519 3173 atque
2550 3102 2786 3158 salvator
2813 3110 3018 3168 noster,
3053 3119 3164 3158 non
3193 3103 3302 3159 alia
3331 3105 3484 3176 cogi-

1893 3191 2096 3245 tatione
2119 3191 2298 3258 justus
2329 3191 2568 3258 adiuvat,
2615 3199 2775 3262 atque
2807 3191 2914 3245 alia
2944 3191 3170 3260 injustos
3213 3193 3432 3246 damnat
3466 3207 3478 3247 :

1893 3279 1990 3332 sed
2018 3294 2122 3332 una
2152 3279 2455 3350 eademque
2484 3279 2536 3332 vi
2564 3286 2766 3334 natura:
2798 3278 3107 3351 singularis,
3139 3280 3242 3334 sibi
3264 3295 3482 3352 semper

1890 3365 2248 3432 indissimilis,
2282 3366 2570 3421 dissimilia
2598 3367 2837 3438 disponit
2865 3385 2971 3422 una
3005 3368 3483 3438 praedestinatione

1891 3471 2009 3520 sua,
2045 3471 2166 3526 quae
2196 3471 2412 3526 semper
2453 3455 2510 3509 in
2544 3455 2688 3511 bono
2735 3463 2836 3522 est,
2885 3464 2938 3512 et
2984 3455 3064 3512 sic
3111 3464 3195 3510 est
3238 3457 3477 3527 gemina,

1891 3542 2032 3598 sicut
2065 3559 2206 3597 unus
2253 3550 2471 3598 sanctus
2519 3543 2751 3614 Spiritus
2794 3552 2847 3598 et
2887 3544 2996 3599 duo
3039 3544 3285 3612 ejusdem
3327 3545 3476 3611 data,

1889 3647 2000 3686 una
2027 3631 2264 3686 charitas
2295 3639 2347 3686 et
2377 3631 2484 3686 duo
2513 3631 2684 3702 ipsius
2713 3640 3002 3703 praecepta.
3045 3633 3162 3689 Una
3209 3631 3310 3688 Dei
3336 3649 3483 3704 prae-

1891 3719 2200 3784 destinatio,
2228 3727 2320 3774 aut
2349 3719 2419 3774 ad
2449 3720 2651 3776 donum
2694 3719 2976 3791 pertinens
3019 3720 3229 3792 gratiae,
3280 3730 3370 3776 aut
3410 3721 3482 3777 ad

1890 3807 2302 3863 retributionem
2325 3807 2565 3877 justitiae.
2597 3809 2721 3864 Non
2748 3817 2805 3863 ut
2843 3809 2992 3864 Deus
3037 3809 3302 3880 reprobos
3347 3825 3480 3880 prte-

1889 3895 2194 3952 destinasse
2224 3896 2493 3966 credatur,
2541 3897 2688 3968 quod
2736 3897 2896 3962 absit,
2943 3897 3013 3952 ad
3056 3913 3292 3968 poenam,
3342 3898 3481 3954 sicut

1889 3984 2128 4039 creditur
2173 3985 2376 4040 electos
2414 3985 2833 4056 praedestinasse
2881 3985 2951 4040 ad
2998 3985 3254 4057 gloriam,
3301 3994 3356 4042 et
3401 3987 3482 4042 eis

1889 4072 2124 4144 gloriam
2152 4088 2496 4143 praeparasse
2527 4089 2824 4142 perennem
2850 4092 2864 4139 ;
2917 4073 3014 4128 sed
3053 4074 3170 4142 ejus
3200 4074 3480 4145 praedesti-

1889 4161 2125 4227 natione,
2159 4161 2324 4215 veluti
2353 4161 2403 4214 ei
2433 4160 2642 4215 canitur
2679 4175 2712 4214 a
2749 4161 3014 4230 propheta
3049 4179 3061 4214 :
3101 4163 3482 4218 Misericordia

1889 4252 1944 4303 et
1971 4250 2180 4304 veritas
2215 4249 2536 4318 prwcedent
2567 4247 2778 4318 faciem
2809 4251 2968 4302 tuam
2985 4248 3162 4318 (Psal.
3195 4263 3474 4313 Lxxxvm,

1892 4339 1910 4388 l
1925 4337 1998 4406 5),
2014 4351 2111 4406 per
2121 4335 2553 4390 misericordiam
2569 4334 2919 4391 conferantur
2934 4352 3056 4407 quae
3069 4335 3139 4390 ad
3150 4335 3353 4391 donum
3364 4351 3481 4407 per-

1807 4416 1860 4476 D
1889 4425 2064 4480 tinent
2087 4423 2295 4498 gratiae,
2327 4431 2380 4479 et
2408 4425 2476 4478 ad
2507 4425 2792 4480 veritatem
2832 4425 2964 4495 justi
3001 4424 3192 4496 judicii
3236 4423 3478 4481 referan-

1887 4522 1975 4569 tur
2001 4529 2123 4586 quae
2148 4513 2448 4569 redduntur
2487 4514 2846 4570 retributione
2886 4515 3126 4584 justitiae.
3173 4515 3350 4570 Bonus
3397 4521 3480 4568 est

1887 4603 2032 4658 enim
2062 4611 2114 4658 et
2137 4603 2315 4672 justus
2341 4601 2396 4656 in
2437 4603 2692 4658 omnibus
2739 4603 3022 4669 Dominus,
3069 4601 3322 4672 quoniam
3369 4601 3475 4656 bo-

1887 4708 2013 4746 num
2043 4699 2126 4746 est
2154 4708 2278 4747 cum
2306 4691 2546 4746 debitum
2579 4693 2842 4757 redditur,
2889 4699 2942 4746 et
2963 4693 3170 4760 justum
3198 4696 3298 4756 est,
3349 4705 3474 4746 cum

1885 4779 2186 4836 indebitum
2230 4780 2348 4835 sine
2405 4781 2721 4852 cujusquam
2767 4777 2957 4834 fraude
3003 4777 3235 4832 donatur
3257 4820 3272 4845 ,
3331 4779 3474 4836 sicut

1887 4869 2148 4940 scriptum
2163 4876 2246 4924 est
2271 4886 2284 4923 :
2311 4870 2413 4926 Cui
2435 4873 2556 4925 vult
2572 4871 2893 4929 miseretur,
2909 4869 2964 4920 et
2987 4881 3152 4938 quem
3167 4868 3292 4923 vult
3310 4869 3472 4925 indu-

1885 4961 1980 5013 rat
2000 4956 2178 5028 (Rom.
2206 4973 2288 5019 ιχ.
2323 4957 2432 5026 18).
2465 4953 2752 5012 Miseretur
2780 4952 3035 5008 nimirum
3082 4955 3250 5021 Deus,
3299 4957 3472 5030 gratis

1885 5045 2245 5116 impartiendo
2263 5043 2715 5106 misericordiam,
2741 5048 2793 5096 et
2809 5040 3106 5100 auferendo
3137 5045 3468 5116 nequitiam:

1886 5135 2120 5190 obdurat
2149 5142 2350 5200 autem,
2383 5147 2490 5186 non
2521 5129 2881 5200 impartiendo
2908 5133 3184 5199 malitiam,
3208 5133 3308 5188 sed
3323 5133 3471 5202 juste

1885 5240 1997 5280 non
2042 5221 2398 5294 impartiendo
2446 5218 2904 5288 misericordiam;
2957 5222 3095 5278 sicut
3137 5221 3332 5278 dicitur
3374 5222 3473 5277 ob-

1883 5313 2106 5368 durasse
2163 5327 2261 5366 cor
2314 5307 2648 5374 Pharaonis,
2709 5309 2763 5365 id
2807 5318 2892 5366 est
2935 5326 3038 5381 per
3084 5311 3316 5385 gratiam
3364 5325 3474 5367 non

1885 5400 2180 5465 emollisse,
2217 5405 2267 5452 et
2297 5394 2585 5452 tradidisse
2615 5399 2877 5471 quosdam
2921 5398 2979 5454 in
3007 5401 3296 5472 reprobum
3344 5416 3475 5456 sen-

1875 5513 2027 5566 sum,
2060 5495 2114 5548 id
2141 5500 2242 5561 est,
2275 5509 2341 5549 ex
2372 5493 2727 5554 retributione
2750 5496 2972 5566 justitise
2991 5515 3091 5570 per
3107 5498 3342 5571 gratiam
3363 5513 3474 5587 npn

3198 5602 3267 5652 3.
