4026 6318
532 248 602 300 vs
1525 243 1864 297 HIRCMARI
1901 237 2297 296 RHEMENSIS
2333 218 2884 298 ARCHIEPISCOPI.
3755 241 3828 296 τε

535 367 798 424 liberasse
829 383 862 420 a
890 365 1123 436 reprobo
1151 380 1336 420 sensu.
1360 365 1431 419 Et
1457 364 1627 419 multa
1656 364 1760 419 alia
1789 366 1896 420 hoc
1923 379 2127 435 genere
2158 361 2212 421 A
2234 377 2432 434 aspera
2465 367 2520 420 in
2551 366 2664 422 vias
2694 367 2883 437 planas
2913 364 3178 432 fecerunt,
3210 366 3370 422 facile
3417 377 3583 437 posse
3626 363 3836 421 revinci

539 455 824 512 locutionis
849 453 1013 519 dicta,
1047 455 1103 508 in
1133 452 1420 524 Scripturis
1447 453 1811 508 inveniuntur.

610 546 662 598 5.
695 545 765 599 Et
793 542 887 614 qui
915 541 1129 598 locutus
1156 550 1239 597 est
1271 558 1369 613 per
1406 543 1720 612 prophetas,
1770 541 1983 596 dicente
2033 539 2133 595 Dei

539 632 745 704 Spiritu
772 647 871 702 per
899 629 1178 702 apostolos
1204 638 1256 686 et
1287 630 1651 702 evangelistas
1676 648 1689 684 :
1719 632 1870 686 Unus
1893 633 1949 684 et
1964 631 2130 692 Deus,

538 738 658 777 una
673 721 832 790 ﬁdes,
847 736 1032 776 unum
1048 723 1200 775 estet
1220 721 1498 791 baptisma
1521 719 1742 792 (Ephes.
1756 733 1833 784 IV,
1858 721 1934 782 5);
1953 717 2008 770 in
2029 731 2136 788 quo

539 807 894 865 sanctificatio
925 807 1145 879 spiritus
1190 823 1287 878 per
1321 807 1693 878 aspersionem
1745 805 1803 860 fit
1851 805 2137 877 sanguinis

538 897 757 967 Christi,
806 911 915 969 quo
959 896 1225 966 redempti
1276 911 1461 951 sumus
1508 895 1576 950 de
1617 911 1753 950 vana
1785 901 1975 948 nostra
2005 909 2138 948 con-

537 987 844 1044 versatione
873 993 1113 1056 paternae
1145 984 1446 1038 traditionis
1484 984 1534 1052 (Ι
1559 987 1710 1038 Petr.
1756 983 1838 1052 ιι).
1898 981 2137 1052 Sanguis

543 1073 688 1131 enim
713 1074 957 1144 ejusdem
977 1075 1108 1130 Iesu
1128 1069 1348 1129 Christi
1365 1073 1498 1127 Filii
1518 1072 1617 1126 Dei
1647 1070 1925 1126 smundat
1954 1087 2054 1126 nos
2073 1069 2140 1124 ab

543 1165 701 1220 omni
722 1166 953 1236 peccato
983 1162 1036 1232 (Ι
1063 1163 1223 1217 Ioan.
1257 1175 1296 1230 ι,
1328 1161 1405 1231 7),
1439 1161 1534 1232 qui
1555 1161 1709 1215 venit
1728 1176 1829 1232 per
1848 1175 2052 1231 aquam
2084 1161 2141 1212 et

544 1253 884 1324 sanguinem
899 1253 1060 1307 Iesus
1081 1249 1354 1314 Christus,
1371 1265 1486 1304 non
1505 1249 1569 1302 in
1588 1265 1734 1320 aqua
1751 1249 1952 1312 solum,
1969 1246 2062 1301 sed
2079 1245 2142 1300 in

544 1357 689 1414 aqua
701 1343 758 1396 et
771 1341 1068 1412 sanguine.
1084 1340 1155 1392 Et
1173 1339 1418 1410 Spiritus
1433 1337 1624 1410 estqui
1639 1337 2002 1404 testiﬁcatur,
2017 1349 2145 1406 quo-

545 1429 707 1485 niam
729 1428 984 1485 Christus
996 1427 1302 1482 estveritas
1320 1445 1338 1480 :
1356 1427 1489 1498 quia
1507 1429 1617 1480 tres
1635 1425 1880 1496 suntqui
1898 1425 2144 1478 testimo-

547 1520 711 1574 nium
732 1518 891 1581 dant,
925 1516 1182 1588 spiritus,
1203 1530 1348 1586 aqua
1379 1519 1436 1568 et
1462 1513 1714 1584 sanguis,
1743 1516 1798 1567 et
1823 1516 1937 1566 tres
1961 1527 2142 1565 unum

554 1610 686 1663 sunt
711 1606 762 1677 (I
788 1606 948 1661 Ioan.
983 1617 1038 1668 v,
1073 1604 1148 1673 6).
1196 1602 1429 1673 Spiritus
1463 1603 1646 1672 utique
1679 1599 2141 1664 sanctificationis,

547 1701 600 1750 et
628 1693 854 1766 sanguis
884 1691 1296 1762 redemptionis,
1327 1699 1379 1746 et
1429 1705 1570 1762 aqua
1620 1689 1971 1759 baptismatis,
2015 1701 2138 1758 qua)

549 1783 654 1840 tria
681 1798 851 1837 unum
881 1789 1024 1847 sunt,
1062 1788 1115 1836 et
1141 1779 1422 1835 individua
1465 1787 1700 1844 manent,
1756 1777 2000 1848 nihilque
2047 1791 2145 1830 eo-

553 1887 674 1930 rum
703 1888 733 1926 a
761 1871 844 1926 sui
873 1867 1212 1926 connexione
1245 1867 1563 1938 sejungitur.
1617 1867 1686 1920 Et
1731 1867 1835 1921 hac
1881 1864 1988 1919 ﬁde
2016 1863 2149 1919 vivit

553 1968 606 2018 et
631 1958 849 2032 proficit
877 1957 1140 2015 catholica
1169 1956 1433 2021 Ecclesia,
1457 1955 1714 2009 mundata
1744 1955 1969 2008 lavacro
1993 1967 2148 2024 aquae

550 2049 609 2105 in
638 2049 828 2115 verbo,
880 2047 1136 2119 quoniam
1176 2061 1284 2100 non
1313 2052 1394 2100 est
1425 2059 1612 2108 unum,
1667 2051 1718 2097 et
1765 2042 1998 2096 salutare
2051 2040 2148 2094 ba-

553 2138 770 2210 ptisma,
803 2136 949 2208 quod
975 2135 1030 2190 in
1061 2134 1250 2189 eadem
1291 2131 1557 2188 catholica
1606 2130 1910 2186 celebratur
1950 2129 2148 2184 Eccle-

560 2227 660 2296 sia,
692 2225 781 2282 vel
811 2238 956 2296 aqua
987 2223 1102 2278 sine
1132 2222 1320 2287 verbo,
1341 2221 1429 2276 vel
1450 2222 1675 2276 verbum
1705 2219 1820 2273 sine
1842 2234 1979 2290 aqua
2003 2237 2018 2282 ;
2052 2217 2150 2273 sed

558 2331 681 2372 cum
711 2313 920 2370 accedit
947 2311 1176 2368 verbum
1201 2312 1271 2366 ad
1304 2311 1649 2375 elementum,
1696 2308 1924 2362 eﬂicitur
1968 2322 2149 2361 sacra-

559 2411 818 2468 mentum,
871 2401 1062 2472 spiritu
1113 2399 1204 2472 qui
1257 2399 1310 2452 in
1360 2398 1625 2469 principio
1672 2396 1944 2451 ferebatur
1993 2411 2154 2464 super

559 2508 728 2564 aquas
758 2487 1170 2553 sanctiﬁcatum,
1205 2488 1351 2559 quod
1380 2503 1488 2542 uno
1518 2486 1744 2540 militum
1785 2485 1978 2539 lancea
2015 2499 2152 2552 ape-

559 2581 734 2636 riente
761 2579 902 2635 latus
934 2577 1132 2633 Christi
1160 2575 1215 2630 in
1247 2592 1429 2645 cruce,
1463 2574 1721 2630 continuo
1751 2573 1914 2627 exivit
1947 2572 2015 2625 de
2059 2586 2152 2625 se-

561 2676 712 2725 creto
770 2667 968 2722 divinae
1021 2665 1368 2720 humanitatis
1424 2671 1472 2718 et
1531 2665 1781 2717 humanae
1829 2659 2150 2728 divinitatis,

565 2756 772 2814 scilicet
814 2753 1040 2828 sanguis
1089 2762 1143 2808 et
1183 2768 1346 2824 aqua,
1393 2753 1539 2806 unde
1585 2752 1799 2806 lavacro
1847 2750 2062 2821 rigatur
2103 2754 2158 2802 et

563 2845 768 2918 populo
796 2843 1044 2900 Ecclesia
1072 2841 1428 2906 credentium,
1455 2857 1686 2912 quorum
1707 2839 1876 2894 corda
1897 2837 2004 2891 fide
2036 2851 2156 2908 quae

566 2936 724 2991 datur
765 2948 863 3004 per
909 2931 1156 3002 spiritum
1203 2928 1577 3001 puriﬁcantur,
1631 2928 1830 2999 quique
1879 2942 1975 2997 spe
2023 2925 2158 2979 salvi

569 3021 724 3089 ﬁunt,
758 3021 1024 3096 quoniam
1051 3019 1305 3075 charitas
1334 3019 1434 3073 Dei
1459 3017 1665 3088 diffusa
1697 3019 1781 3070 est
1811 3016 1874 3070 in
1902 3015 2159 3071 cordibus

957 3110 1235 3182 Spiritum
1263 3075 1653 3177 sancturri'qui
1681 3105 1848 3160 datus
1890 3107 1974 3159 est
2001 3103 2157 3158 nobis
2179 3075 2229 3138 Ο

565 3200 745 3274 (Rom.
779 3215 836 3269 v,
870 3199 946 3268 5),
982 3197 1039 3251 in
1069 3212 1176 3269 quo
1204 3195 1490 3252 credentes
1525 3193 1720 3266 signati
1753 3209 1941 3247 sumus
1971 3191 2160 3262 spiritu

567 3285 946 3362 promissionis
976 3293 1196 3340 sanctae.
1233 3286 1300 3338 Et
1327 3284 1473 3352 item,
1507 3282 1702 3337 eodem
1749 3281 1962 3336 dicente
2008 3282 2158 3349 Apo-

573 3376 713 3432 stolo
745 3391 756 3430 :
789 3375 854 3430 In
884 3391 988 3446 quo
1017 3374 1231 3445 signati
1271 3389 1466 3428 sumus
1514 3371 1576 3425 in
1627 3371 1716 3425 die
1759 3369 2161 3440 redemptionis

598 3465 799 3538 Ephes.
833 3477 910 3529 IV,
945 3461 1055 3534 30),
1090 3461 1144 3516 id
1171 3467 1253 3516 est
1281 3459 1338 3514 in
1365 3460 1558 3515 eodem
1597 3466 1935 3514 sacramento
1980 3455 2160 3526 bapti-

569 3553 778 3618 smatis,
812 3551 868 3606 in
897 3566 1006 3622 quo
1035 3549 1185 3604 nulla
1214 3557 1297 3603 est
1316 3548 1571 3605 discretio
1593 3554 1926 3610 renatorum,
1952 3544 2164 3598 dicente

573 3639 836 3714 Apostolo
857 3656 870 3694 :
891 3641 1217 3712 Quicunque
1249 3638 1523 3710 baptizati
1553 3652 1748 3692 sumus
1760 3637 1823 3690 in
1849 3635 2088 3699 Christo,
2101 3633 2165 3688 in

575 3733 757 3787 morte
767 3729 948 3802 ipsius
960 3727 1236 3800 baptizati
1251 3727 1719 3790 sumus(Rom.v1,
1735 3725 1812 3792 3);
1828 3731 1880 3778 et
1896 3740 1908 3776 :
1930 3723 2168 3790 Quicuno

577 3835 680 3892 que
693 3821 756 3874 in
771 3817 988 3874 Christo
1001 3816 1276 3888 baptizati
1288 3817 1440 3880 estis,
1452 3814 1737 3869 Christum
1750 3812 1967 3866 induist
1974 3813 2020 3866 is
2031 3811 2169 3866 .Non

579 3910 668 3965 est
686 3907 911 3964 Iudaus
930 3921 1108 3978 neque
1127 3906 1366 3970 Graecus,
1381 3919 1496 3958 non
1515 3906 1800 3958 estservus
1817 3915 1995 3972 neque
2010 3899 2166 3966 liber,

575 4013 692 4053 non
703 3998 789 4052 est
799 3995 1086 4050 masculus
1098 4009 1276 4066 neque
1287 3992 1464 4062 femin
1474 4007 1660 4053 a,omn
1669 4006 1725 4045 es
1737 3991 1890 4044 enim
1902 4005 2082 4044 unum
2095 4004 2174 4042 es-

585 4085 745 4141 tisin
761 4084 980 4140 Christo
1009 4083 1140 4138 Iesu
1179 4081 1428 4152 (Gal.m,
1452 4080 1564 4148 27).
1600 4077 1869 4146 Quoniam
1907 4091 2044 4148 quos
2079 4083 2174 4130 aut

584 4189 748 4230 sexus
762 4172 820 4227 in
835 4187 1088 4243 corpore,
1105 4177 1194 4224 aut
1209 4176 1339 4224 aetas
1355 4167 1616 4224 discernit
1637 4167 1689 4221 in
1710 4174 1971 4238 tempore,
1988 4165 2058 4219 ab
2075 4165 2176 4218 im-

2235 455 2584 524 cognoscitis.
2616 455 2739 510 Non
2779 455 2947 528 igitur
2995 453 3489 525 est~perfunctorie
3537 463 3834 508 transeun-

2235 541 2363 596 dum
2393 543 2538 614 quod
2568 543 2895 598 Coelestinus
2925 542 3147 614 scripsit
3175 558 3276 613 pro
3303 541 3504 597 talibus
3551 550 3716 614 atque
3760 541 3836 597 de

2235 630 2432 684 talibus
2461 632 2648 703 (epist.
2684 637 2733 696 8,
2768 632 2839 687 ad
2867 633 3109 704 episcop.
3148 633 3386 700 Gallice).
3437 652 3461 679 «ι
3501 630 3716 696 Merito,
3747 629 3837 684 in-

2237 719 2448 789 quiens,
2484 735 2649 774 causa
2675 735 2774 774 nos
2802 720 3042 790 respicit,
3087 720 3133 773 si
3163 719 3378 774 silentio
3420 717 3700 774 faveamus
3737 733 3837 774 er-

2237 807 2369 862 rori.
2403 809 2553 879 Ergo
2582 808 2946 879 corripiantur
2973 808 3284 878 hujusmodi
3312 825 3328 874 ;
3359 823 3468 863 non
3487 807 3556 862 sit
3585 808 3669 862 his
3698 807 3840 863 libe-

2239 912 2359 950 rum
2388 897 2588 951 habere
2617 913 2718 967 pro
2746 897 3024 952 voluntate
3053 911 3380 951 sermonem.
3414 897 3658 962 Desinat,
3682 895 3730 950 si
3758 897 3839 952 ita

2240 1000 2330 1039 res
2361 993 2504 1050 sunt,
2531 984 2809 1040 incessere
2839 984 3050 1040 novitas
3071 993 3430 1052 vetustatem;
3474 985 3690 1040 desinat
3725 985 3838 1041 Ec-

2239 1073 2528 1127 clesiarum
2558 1074 2796 1144 quietem
2843 1073 3158 1144 inquietudo
3205 1074 3442 1129 turbare.
3479 1095 3500 1121 «
3555 1073 3836 1146 Alioquin,

2239 1169 2295 1214 ut
2324 1160 2433 1214 Leo
2475 1161 2624 1226 dicit,
2677 1161 2991 1216 inferiorum
3035 1161 3283 1216 ordinum
3326 1161 3498 1232 culpae
3543 1162 3615 1216 ad
3657 1161 3840 1216 nullos

2240 1249 2417 1321 magis
2448 1258 2572 1304 sunt
2601 1249 2926 1315 referendae,
2948 1267 3106 1321 quam
3130 1250 3198 1304 ad
3220 1250 3440 1305 desides
3465 1251 3842 1322 negligentes-

2241 1355 2345 1409 que
2376 1346 2637 1401 rectores,
2659 1339 2751 1410 qui
2772 1339 2999 1393 inultam
3021 1355 3166 1409 saepe
3187 1339 3430 1392 nutriunt
3441 1339 3840 1409 pestilentiam,

2243 1426 2370 1479 dum
2399 1426 2765 1481 necessariam
2795 1426 3143 1482 dissimulant
3183 1426 3447 1482 adhibere
3486 1427 3838 1483 medicinam.

2242 1514 2408 1568 Multa
2437 1515 2592 1568 vobis
2624 1515 2866 1570 scribere
2895 1523 3135 1586 poteram
3161 1515 3232 1570 de
3263 1515 3367 1579 his,
3410 1516 3507 1570 sed
3539 1524 3591 1570 et
3619 1516 3688 1571 de
3718 1516 3844 1572 aliis

2244 1602 2638 1657 exitiosissimis
2668 1603 2827 1658 dictis
2857 1604 3019 1671 hujus
3059 1603 3437 1675 procacissimi
3485 1603 3739 1669 hominis,
3793 1601 3843 1659 si

2169 1691 2504 1776 Blicuisset,
2565 1700 2618 1745 et
2665 1700 2822 1746 antea
2869 1692 2997 1748 hinc
3050 1693 3208 1748 vobis
3257 1692 3502 1748 scribere
3549 1692 3844 1748 meditatus

2245 1778 2490 1834 fuissem.
2525 1779 2632 1835 Sed
2663 1779 2792 1850 quia
2815 1781 2871 1834 in
2902 1781 3128 1836 articulo
3151 1782 3266 1850 jam
3304 1780 3660 1852 profectionis
3687 1781 3847 1837 missi

2246 1868 2437 1936 nostri,
2471 1885 2632 1940 quem
2663 1869 2732 1922 ad
2763 1884 2859 1924 vos
2887 1869 3214 1940 dirigebam,
3248 1870 3546 1924 nuntiatum
3577 1877 3660 1925 est
3686 1869 3842 1936 mihi,

2248 1957 2435 2011 habitu
2484 1958 2856 2013 tantummodo
2904 1960 3231 2014 monachum
3274 1966 3550 2027 nostrum,
3595 1958 3848 2028 ejusdem

2249 2045 2596 2101 Gothescalci
2627 2047 2964 2117 complicem,
3001 2047 3055 2100 in
3082 2055 3266 2118 partes
3311 2046 3476 2102 Italiae
3515 2063 3621 2119 quo
3649 2047 3846 2120 pergi-

2249 2133 2336 2203 tis,
2367 2150 2490 2189 cum
2519 2135 2604 2188 his
2637 2151 2756 2206 quae
2785 2134 2952 2190 furari
2983 2135 3052 2190 de
3087 2135 3415 2191 monasterio
3461 2135 3638 2206 potuit
3683 2134 3848 2191 aufu-

2250 2223 2419 2294 gisse,
2469 2223 2840 2278 necessarium
2889 2224 3036 2288 duxi,
3084 2225 3254 2280 accito
3301 2224 3544 2291 notario,
3591 2223 3679 2280 vel
3726 2225 3851 2280 haec

2250 2327 2417 2383 parva
2446 2320 2498 2366 et
2528 2312 2871 2367 tumultuario
2897 2329 3148 2368 sermone
3179 2329 3300 2384 quae
3331 2329 3487 2368 mens
3509 2313 3589 2368 ori
3617 2329 3853 2386 sugges-

2253 2399 2320 2454 sit
2349 2399 2566 2466 emissa,
2613 2409 2810 2456 vestrae
2858 2401 3136 2471 sapientiae
3182 2401 3468 2467 intimare;
3517 2409 3576 2455 ut
3611 2401 3658 2456 si
3703 2400 3852 2459 forte

2250 2487 2425 2548 isdem
2454 2486 2682 2558 pestifer
2710 2489 2764 2541 in
2797 2489 2904 2542 illis
2933 2489 3179 2559 partibus
3228 2489 3294 2544 de
3343 2489 3547 2544 zizania
3596 2488 3852 2560 magistri

2255 2575 2336 2630 sui
2364 2576 2544 2647 aliqua
2573 2576 2934 2642 seminaverit,
2984 2585 3038 2632 et
3065 2593 3100 2631 a
3129 2577 3452 2649 quibusdam
3495 2577 3623 2632 inde
3671 2577 3853 2632 inter-

2254 2664 2431 2735 rogati
2461 2664 2692 2732 fueritis,
2725 2665 2971 2719 habeatis
3019 2682 3141 2736 quae
3186 2665 3295 2720 illis
3333 2665 3402 2720 de
3442 2666 3687 2721 doctrina
3729 2666 3858 2734 ejus

2256 2762 2407 2809 certa
2437 2753 2771 2823 respondere
2801 2753 3041 2824 possitis,
3077 2762 3128 2808 et
3157 2770 3225 2809 ne
3255 2770 3353 2824 pro
3383 2755 3566 2808 multis
3595 2755 3858 2810 detentus

2256 2843 2454 2896 missus
2484 2851 2670 2896 noster
2711 2851 2818 2896 tam
2846 2843 2936 2897 diu
2973 2843 3175 2898 morari
3203 2851 3510 2916 cogeretur,
3561 2851 3619 2898 ut
3658 2842 3710 2899 ei
3743 2859 3856 2900 ne-

2257 2946 2412 2986 cesse
2441 2930 2577 2986 foret
2605 2945 2702 2985 vos
2733 2931 2951 3001 longius
2981 2931 3153 3001 sequi.

2816 3083 3157 3140 EPISTOLA
3193 3083 3291 3141 XI.

2741 3203 2812 3242 AD
2851 3205 3130 3246 NICOLAUM
3170 3205 3371 3246 ΡΑΡΑΠ.

2261 3276 2569 3352 Respondet
2596 3277 2997 3352 increpatoriis
3028 3281 3148 3352 ejus
3169 3280 3400 3346 litteris,
3417 3295 3670 3352 purgans
3699 3295 3757 3352 se
3793 3279 3862 3338 de

2336 3347 2557 3420 tumore
2584 3365 2649 3402 ac
2681 3347 2819 3414 dolo,
2856 3353 2910 3403 et
2941 3350 3008 3404 de
3039 3347 3265 3420 objectis
3294 3353 3357 3405 in
3387 3347 3559 3406 causa
3581 3351 3789 3405 Ebonis
3809 3359 3866 3406 et

2341 3418 2583 3492 Vulfadi,
2629 3423 2751 3492 tum
2799 3420 2866 3474 de
2911 3418 3210 3492 Benedicti,
3234 3437 3398 3492 papa;
3439 3421 3754 3492 privilegio,
3809 3425 3865 3476 et

2335 3489 2502 3572 Actis.
2511 3490 2706 3560 synodi
2725 3491 3164 3556 Suessionensis,
3178 3489 3348 3562 deque
3359 3489 3670 3546 imnzodera
3677 3496 3732 3548 to
3745 3506 3862 3548 usu

2334 3560 2528 3629 pallii.
3253 3560 3268 3562 “

2834 3631 2993 3695 (Apud
3020 3628 3289 3695 eumdem.)

2340 3730 2572 3786 Domino
2629 3731 2971 3787 sanctissimo
3026 3741 3080 3788 et
3137 3732 3582 3792 reverentissimo
3641 3736 3866 3794 Patrum

2270 3817 2413 3873 Patri
2441 3819 2710 3884 Nrcomo,
2735 3819 2927 3890 primae
2947 3837 3009 3876 ac
3040 3836 3265 3877 summa:
3293 3821 3441 3878 sedis
3469 3824 3784 3894 apostolicae
3816 3833 3871 3882 et

2269 3902 2595 3957 universalis
2623 3903 2888 3959 Ecclesiae
2916 3921 3088 3975 papae,
3130 3905 3481 3974 ΗιΝωίΑιιυε,
3528 3909 3868 3966 Rhemorum

2272 3991 2584 4062 episcOpus,
2618 3999 2668 4046 et
2697 4000 2891 4048 vestrae
2919 3993 3275 4050 sanctissimas
3319 3995 3659 4066 paternitatis
3685 3997 3867 4057 devo-

2272 4079 2516 4134 tissimus
2545 4078 2796 4145 famulus,

2345 4167 2571 4222 Decimo
2599 4168 2755 4223 tertio
2787 4169 3017 4224 Kalend.
3049 4170 3194 4225 Junii
3221 4171 3505 4242 praesentis
3523 4187 3601 4227 xv
3617 4173 3871 4231 indictio-

581 4261 854 4320 maculato
883 4259 1050 4316 divini
1085 4259 1246 4314 fontis
1294 4265 1452 4312 utero
1495 4273 1684 4312 omnes
1732 4256 1788 4310 in
1833 4271 1998 4310 unam
2036 4253 2177 4324 parit
2274 4255 2396 4322 nis,
2442 4257 2730 4312 mandatus
2769 4273 2800 4311 a
2846 4257 3046 4313 domno
3089 4268 3274 4316 nostro
3299 4303 3314 4326 ,
3361 4261 3714 4318 devotissimo
3755 4260 3870 4318 filio

583 4351 766 4426 gratia
793 4358 964 4405 mater
991 4347 1291 4414 infantiam,
1337 4354 1390 4401 et
1419 4354 1639 4401 renatus
1687 4362 1752 4399 ex
1796 4361 1934 4414 aqua
1963 4352 2016 4397 et
2045 4341 2173 4411 Spi-
2277 4353 2477 4414 vestro,
2509 4345 2708 4421 Carolo
2739 4362 2872 4418 rege
2901 4347 3162 4417 glorioso,
3215 4349 3429 4404 abviam
3479 4349 3558 4403 illi
3601 4351 3750 4405 eunti
3799 4349 3872 4407 ad

585 4441 713 4508 ritu,
760 4454 871 4494 non
911 4437 1086 4492 solum
1144 4435 1422 4506 spiritalis,
1475 4435 1572 4489 sed
1619 4434 1779 4487 etiam
1837 4428 2248 4489 invisibiliterD
2278 4433 2610 4504 colloquium
2659 4433 2836 4488 fratris
2886 4435 2968 4489 sui
3012 4437 3270 4492 Ludovici
3319 4437 3470 4510 regis
3522 4437 3750 4508 gloriosi
3803 4437 3872 4494 ad

585 4528 647 4584 ﬁt
684 4527 926 4600 spiritus,
976 4534 1028 4580 et
1073 4541 1174 4595 per
1218 4523 1522 4594 ad0ptionis
1564 4522 1792 4593 gratiam
1838 4521 1939 4576 Dei
1989 4519 2172 4589 Filius,
2277 4521 2434 4576 Metis
2465 4521 2756 4589 civitatem,
2789 4539 2896 4594 quo
2927 4541 3112 4579 secum
3151 4541 3241 4580 me
3277 4526 3452 4594 duxit,
3500 4526 3567 4580 ad
3610 4527 3872 4596 palatium

587 4633 712 4674 cum
740 4614 1022 4672 visibiliter
1050 4612 1356 4668 videntibus
1394 4619 1657 4682 appareat
1706 4625 1832 4666 caro
1865 4618 1916 4663 et
1945 4607 2179 4663 hominis
2279 4611 2396 4678 ejus
2425 4610 2568 4680 quod
2597 4611 2994 4668 Salmontiacus
3021 4613 3218 4668 dicitur
3247 4614 3303 4668 in
3330 4613 3674 4668 Laudunensi
3701 4632 3873 4685 paro-

591 4704 754 4760 ﬁlius.
793 4704 995 4760 Contra
1043 4718 1164 4774 qua:
1205 4701 1385 4757 omnia
1427 4699 1596 4770 ipsius
1644 4698 1803 4753 unius
1832 4697 2180 4768 ejusdemque
2280 4698 2404 4754 chia
2433 4699 2676 4766 veniens,
2719 4709 2770 4754 et
2801 4703 3097 4756 secundum
3137 4702 3438 4771 jussionem
3485 4701 3630 4757 illius
3673 4703 3876 4760 fratres

593 4792 931 4862 baptismatis
991 4790 1192 4847 veritas
1244 4790 1346 4844 isto
1410 4786 1858 4859 pestilentissimo
1925 4787 2182 4858 dogmate
2281 4796 2499 4842 nostros
2529 4789 2597 4842 de
2628 4789 2841 4843 Vulfadi
2877 4791 3111 4861 collegio
3157 4807 3371 4846 mecum
3418 4791 3626 4846 ducens
3668 4809 3776 4864 quo
3825 4800 3879 4849 et

597 4888 907 4948 evacuatur,
949 4880 1094 4950 quod
1141 4878 1341 4933 nullam
1394 4876 1742 4932 credentibus
1791 4891 1942 4945 spem
1995 4873 2184 4928 salutis
2283 4875 2476 4931 fratres
2507 4892 2570 4932 ac
2587 4878 3007 4933 consacerdotes
3027 4880 3221 4944 nostri,
3245 4880 3525 4935 Rothadus
3550 4881 3878 4936 Suessorum

598 4967 869 5040 relinquit,
903 4983 1004 5022 nec
1036 4983 1069 5022 a
1097 4983 1204 5038 quo
1233 4967 1518 5024 credentes
1550 4965 1776 5018 salutem
1799 4977 2023 5034 sperare
2051 4978 2185 5033 pos-

600 5059 789 5125 simus,
821 5055 1028 5112 faciens
1059 5056 1232 5109 Deum
1261 5055 1500 5126 iniquum
1535 5061 1696 5124 atque
1743 5051 2082 5118 mendacem,
2135 5060 2189 5106 et

602 5161 959 5220 personarum
992 5152 1355 5213 acceptorem,
1387 5142 1628 5198 dimittit.
1677 5141 1828 5210 Quae,
1863 5141 1960 5196 sed
1988 5149 2040 5196 et
2069 5141 2188 5196 alite

603 5237 775 5310 ipsius
802 5233 1176 5305 blasphemia,
1211 5233 1609 5303 Scripturarum
1641 5231 1975 5298 auctoritate,
2011 5238 2063 5285 et
2091 5244 2188 5286 ca-

604 5325 929 5394 thqlicorum
959 5322 1263 5387 traditione,
1298 5321 1390 5392 qui
1434 5336 1492 5375 se
1541 5320 1598 5374 in
1640 5320 1894 5391 loquente
1937 5319 2188 5388 Domino,

603 5429 639 5472 ο,
667 5415 818 5486 cujus
849 5412 984 5469 facie
1011 5419 1093 5468 est
1123 5408 1383 5482 sapientia
1412 5416 1464 5464 et
1491 5407 1814 5476 intellectus,
1861 5416 1915 5464 et
1959 5409 2052 5480 qui
2099 5408 2195 5464 do-

606 5520 694 5571 cet
739 5511 1016 5570 hominem
1065 5508 1374 5574 scientiam,
1421 5507 1540 5565 hac
1584 5521 1750 5578 prava
1792 5507 1847 5562 in
1893 5506 2104 5563 directa
2145 5513 2198 5562 et

2286 4965 2611 5035 episcopus,
2672 4973 2725 5020 et
2782 4966 3106 5022 Hincmarus
3154 4967 3530 5023 Laudunensis
3586 4969 3879 5040 episcopus

2287 5062 2691 5120 convenerunt,
2764 5055 3119 5110 conveniente
3180 5056 3344 5110 etiam
3399 5055 3624 5126 praefato
3679 5058 3880 5115 dilecto

2290 5139 2452 5197 fratre
2483 5150 2668 5197 nostro
2700 5143 2950 5210 Vulfado,
2983 5144 3188 5199 litteras
3232 5144 3590 5201 sanctissimae
3631 5145 3880 5216 paterni-

2290 5230 2471 5285 nitatis
2502 5238 2553 5286 et
2580 5232 3098 5302 praecellentissimte
3119 5233 3452 5288 auctoritatis
3473 5242 3666 5290 vestrze
3697 5251 3882 5291 coram

2292 5320 2488 5374 eodem
2517 5320 2716 5375 domno
2744 5338 2876 5394 rege
2903 5329 2955 5375 et
2986 5321 3256 5392 praedictis
3285 5320 3542 5377 fratribus
3563 5324 3782 5392 nostris,
3815 5323 3881 5378 ab

2293 5408 2524 5482 Egilone
2554 5411 2846 5465 venerabili
2873 5409 3285 5482 archiepiscopo
3305 5410 3572 5466 Sennensi
3591 5413 3800 5484 accepi.
3823 5411 3882 5469 In

2295 5497 2512 5569 quibus,
2537 5499 2635 5555 sed
2662 5507 2718 5557 et
2742 5499 2798 5556 in
2825 5497 3022 5556 litteris
3037 5498 3366 5572 generaliter
3387 5499 3457 5558 ad
3485 5499 3882 5576 episcoposqni
