4026 6300
159 271 222 324 ’Π

1607 263 1981 325 Ειιιετοιιθ.
2399 259 2409 269 ·
3417 275 3486 332 τι

167 395 216 449 in
246 391 468 466 synodo
497 402 680 449 vestra
709 395 1028 450 auctoritate
1057 402 1389 467 congregata
1419 393 1567 464 apud
1612 395 1777 449 Sues-
1797 393 1854 452 A
1881 393 2010 448 dam
2051 393 2284 450 factione
2313 395 2574 451 adversus
2603 395 2956 468 exiguitatem
2985 411 3164 455 meam
3191 403 3484 468 commota,

165 483 344 537 siones
376 481 604 558 fuerunt
634 483 838 538 ibidem
867 481 1103 550 relectis,
1138 491 1317 537 tantas
1347 489 1398 537 et
1429 483 1565 538 tales
1595 483 1782 538 incre-

165 572 415 643 pationes
475 571 785 643 indignitati
825 587 959 626 meae
1001 587 1034 626 a
1073 571 1338 644 dignitate
1380 580 1565 626 vestra
1606 571 1784 625 illatas

167 660 366 724 inveni,
394 661 544 716 sicut
564 668 793 732 peccata
814 677 936 715 mea
965 669 1258 715 merentur.
1287 661 1442 715 Unde
1465 661 1510 714 si
1535 675 1782 730 praesens

168 763 404 819 corpore
433 749 616 814 vobis,
650 749 922 816 adessem,
948 749 1095 820 quod
1125 757 1346 803 sanctus
1365 748 1593 818 Spiritus
1613 763 1788 818 peros

168 838 306 892 beati
344 839 635 894 Benedicti
681 837 737 892 in
781 838 990 910 Regula
1019 839 1086 891 ab
1115 839 1234 908 ipso
1279 839 1478 893 dictata
1522 837 1784 908 praecipit,

167 923 279 980 sine
327 927 688 982 cunctatione
737 927 824 981 vel
851 925 1032 997 aliqua
1078 941 1230 981 mora
1259 926 1482 997 exsequi
1523 941 1789 996 procura-

167 1027 294 1069 rem.
352 1035 380 1064 α
439 1015 498 1069 Si
543 1015 686 1087 quis,
732 1014 922 1086 inquit,
972 1013 1142 1068 frater
1178 1030 1280 1084 pro
1323 1013 1514 1086 quavis
1561 1013 1790 1068 minima

170 1115 332 1158 causa
370 1119 409 1158 a
448 1119 780 1175 quocunque
824 1103 1004 1174 priore
1050 1118 1148 1157 suo
1185 1103 1492 1173 corripitur,
1545 1103 1791 1173 quolibet

172 1192 332 1248 modo
361 1191 455 1249 vel
486 1193 534 1246 si
564 1192 756 1247 leviter
786 1191 1013 1246 senserit
1033 1191 1242 1246 animos
1273 1191 1475 1262 prioris
1507 1191 1794 1260 cujuscun.

177 1297 276 1353 que
305 1288 512 1337 contra
542 1297 604 1337 se
631 1281 800 1335 iratos
829 1280 915 1335 vel
941 1288 1244 1335 commotos
1274 1280 1521 1352 quamvis
1553 1279 1786 1344 modice,

176 1385 296 1425 mox
325 1370 452 1426 sine
483 1385 642 1425 mora
671 1369 858 1424 tandiu
890 1375 1196 1439 prostratus
1218 1369 1271 1422 in
1293 1377 1438 1423 terra
1465 1377 1587 1424 ante
1618 1367 1788 1438 pedes

178 1459 288 1528 ejus
310 1459 503 1528 jaceat
537 1457 876 1513 satisfaciens
932 1473 1104 1528 usque
1135 1457 1262 1511 dum
1295 1456 1674 1512 benedictione
1707 1471 1792 1510 sa-

179 1555 334 1603 netur
365 1547 462 1602 illa
508 1546 826 1603 commotio.
865 1567 886 1596 »
925 1544 1082 1614 Quod
1127 1545 1255 1616 quia
1287 1545 1642 1616 corporaliter
1669 1551 1794 1599 ante

179 1645 373 1692 vestrm
393 1635 703 1691 sanctitatis
739 1633 969 1707 vestigia
1001 1634 1228 1704 implere
1258 1649 1367 1689 non
1397 1634 1575 1699 valeo,
1616 1641 1796 1688 mente

181 1732 228 1780 et
258 1725 460 1796 spiritu
495 1725 828 1796 ubicumque
861 1740 978 1778 sum
1010 1739 1132 1779 cum
1178 1723 1361 1777 debita
1393 1722 1588 1776 mentis
1621 1723 1793 1776 devo-

179 1814 321 1869 tione
351 1813 654 1884 adimpleo,
691 1813 952 1868 suadente
987 1813 1142 1866 beato
1165 1811 1454 1882 Gregorio,
1492 1810 1793 1866 sanctitatis

181 1909 371 1958 vestrae
421 1901 858 1974 praedecessore,
900 1909 1062 1973 atque
1105 1900 1320 1956 dicente
1363 1898 1416 1954 in
1457 1898 1792 1970 expositione

182 1991 518 2065 evangelicae
568 1989 850 2047 sententiae
891 2011 907 2046 :
947 1991 1007 2045 St
1044 1990 1208 2060 oﬂ'crs
1249 2005 1460 2044 manus
1512 1992 1673 2043 tuum
1723 1989 1793 2043 ad

179 2083 362 2138 altare
393 2080 622 2152 (Matth.
654 2093 712 2146 v,
735 2081 847 2149 23),
883 2093 948 2134 ac
968 2079 1190 2150 reliqua.
1223 2098 1245 2128 σι
1273 2078 1562 2142 Debemus,
1595 2076 1787 2147 inquit,

181 2169 248 2226 ad
273 2170 595 2242 proximum
628 2168 876 2240 quamvis
909 2167 1071 2239 longe
1109 2165 1344 2237 positum
1375 2165 1644 2237 longeque
1673 2164 1790 2218 dis-

175 2259 423 2328 junctum
463 2265 651 2312 mente
681 2257 782 2324 ire,
817 2256 973 2328 eique
1021 2255 1256 2308 animum
1289 2253 1538 2319 subdere,
1572 2251 1792 2306 humili-

179 2355 282 2402 tate
313 2347 472 2401 illum
507 2361 574 2401 ac
609 2343 987 2400 benevolentia
1013 2343 1236 2414 placare
1267 2360 1280 2408 ;
1315 2350 1365 2396 et
1394 2341 1570 2396 silicet
1601 2340 1792 2396 condi-

184 2445 267 2492 tor
291 2443 506 2501 noster,
555 2435 686 2489 dum
728 2433 830 2488 tale
869 2432 1123 2504 placitum
1164 2439 1359 2486 nostra:
1397 2429 1594 2484 mentis
1629 2444 1792 2499 aspe-

182 2524 335 2591 xerit,
369 2541 402 2578 a
433 2531 664 2595 peccato
705 2538 806 2576 nos
851 2521 1042 2586 solvet,
1075 2521 1200 2592 quia
1245 2535 1442 2574 munus
1486 2533 1586 2588 pro
1632 2518 1795 2588 culpa

185 2621 380 2669 sumet.
426 2634 446 2664 ι
484 2613 556 2667 Et
587 2611 715 2682 quia
758 2618 970 2680 tempus
1007 2624 1264 2678 annuum,
1313 2607 1459 2679 quod
1501 2605 1559 2659 in
1603 2605 1794 2660 litteris

183 2700 477 2756 humilitati
507 2716 648 2754 mea)
679 2698 898 2753 directis
928 2697 996 2752 de
1026 2712 1186 2752 causa
1216 2695 1400 2750 fratris
1431 2693 1644 2748 Vulfadi
1676 2692 1794 2748 col-

183 2788 552 2862 legarumque
583 2787 698 2856 ejus
729 2786 930 2850 inveni,
964 2802 1030 2840 ex
1053 2783 1400 2854 benignitatis
1427 2790 1622 2836 vestra:
1653 2797 1796 2836 com-

183 2877 426 2932 motione
455 2875 591 2930 mihi
631 2889 954 2931 concessum
998 2873 1256 2934 intellexi,
1291 2871 1491 2926 diutius
1525 2870 1796 2924 sustinere

184 2981 381 3037 passus
421 2981 536 3020 non
578 2963 672 3034 fui,
723 2963 852 3035 quin
892 2970 1016 3034 post
1045 2961 1414 3016 reversionem
1455 2961 1524 3013 de
1567 2958 1795 3030 praefato

185 3053 404 3122 itinere,
456 3069 605 3108 nunc
651 3059 1052 3122 consequenter
1099 3049 1200 3104 isto
1249 3048 1340 3120 qui
1401 3049 1559 3102 instat
1607 3063 1795 3102 mense

185 3143 325 3200 Julio
368 3140 664 3213 praesentis
703 3155 782 3194 xv
821 3137 1151 3207 indictionis,
1193 3153 1326 3194 cum
1361 3137 1561 3192 domno
1605 3133 1796 3191 nostro

190 3247 316 3302 rege
362 3230 422 3285 in
467 3231 628 3284 hoste
677 3245 745 3284 ex
775 3228 921 3283 omni
969 3243 1139 3300 regno
1189 3242 1288 3280 suo
1333 3225 1560 3280 collecta
1612 3233 1802 3280 contra

188 3319 456 3374 Brittones
506 3323 559 3372 et
605 3317 974 3371 Nortmannos
1021 3313 1127 3368 illis
1174 3315 1512 3382 conjunctos,
1568 3313 1703 3367 sicut
1747 3321 1800 3368 et

191 3407 368 3464 caeteri
398 3404 706 3462 confratres
735 3419 799 3460 ac
829 3403 1247 3460 consacerdotes
1277 3401 1468 3465 nostri,
1501 3402 1799 3456 secundum

191 3504 500 3552 nostrarum
536 3495 829 3566 regionum
879 3509 1106 3566 gravem
1159 3489 1626 3556 consuetudinem,
1675 3505 1798 3545 cum

192 3585 298 3641 suis
327 3585 558 3650 vadunt,
591 3598 757 3654 quam
785 3581 948 3652 longe
989 3579 1299 3635 inﬁrmitate
1330 3579 1544 3634 attritus
1583 3587 1794 3650 potero,

194 3690 314 3732 eum
363 3672 684 3728 hominibus
743 3670 1050 3726 commissae
1091 3669 1222 3722 mihi
1278 3669 1544 3723 Ecclesia:
1602 3683 1796 3738 perre-

195 3771 400 3827 cturus,
435 3759 762 3832 quantocius
801 3759 949 3830 potui
979 3765 1176 3813 vestrze
1216 3757 1530 3810 sublimitati
1575 3755 1796 3810 satisfa-

195 3859 374 3906 cturus
426 3851 532 3906 has
570 3845 886 3903 humilitatis
926 3862 1060 3901 meae
1099 3846 1304 3900 litteras
1342 3845 1410 3899 ad
1441 3852 1632 3899 vestr-ae
1665 3859 1796 3898 san-

194 3938 390 3995 ctitatis
421 3937 675 4010 vestigia,
709 3935 962 4008 quoniam
993 3943 1215 4006 propter
1242 3932 1464 3987 insidias
1490 3932 1795 4003 principum

197 4027 322 4083 mihi
365 4026 713 4092 infestorum,
760 4024 956 4095 quibus
996 4024 1066 4078 ad
1104 4037 1204 4076 sua
1256 4030 1377 4077 vota
1421 4022 1638 4092 placere
1687 4037 1797 4075 non

197 4117 384 4180 audeo,
418 4121 606 4186 aperte
626 4129 736 4168 non
767 4111 926 4167 valui.
951 4111 1113 4166 modo
1127 4125 1235 4182 quo
1269 4110 1415 4180 potui
1435 4109 1795 4163 transmittere

201 4203 482 4260 maturavi.
529 4203 780 4272 Denique
818 4208 938 4271 post
973 4200 1222 4270 praefatas
1260 4207 1452 4253 vestrm
1500 4197 1796 4252 auctorita-

199 4294 265 4348 tis
293 4291 580 4364 epistolas,
615 4291 873 4344 relectum
905 4296 985 4343 cst
1015 4289 1069 4342 in
1101 4288 1414 4358 supradicto
1445 4287 1566 4340 loco
1599 4287 1795 4340 decre-

199 4391 308 4436 tum
347 4387 552 4437 vestrae
593 4377 976 4450 praeceptionis
1020 4377 1089 4431 de
1127 4375 1465 4430 restitutione
1503 4374 1795 4444 praedicto-

1886 490 1995 536 tam
2043 483 2245 538 duriter
2291 491 2584 550 constaret,
2637 491 2691 540 et
2737 483 2944 540 utinam
2992 495 3338 560 expurgaret.
3397 487 3490 546 Bia

1887 571 2030 626 enim
2090 572 2247 628 bonae
2301 573 2578 628 memoria:
2627 573 2860 628 domnus
2907 573 3192 630 Lotharius
3233 577 3289 630 in
3335 574 3490 633 initio

1887 660 2242 716 ordinationis
2291 678 2445 728 meae,
2497 663 2639 733 apud
2682 662 2960 735 Sergium,
3007 671 3060 718 et
3105 671 3298 735 postea
3343 665 3489 736 apud

1889 764 2266 804 successorem
2296 750 2467 820 ipsius
2497 751 2752 817 Leonem,
2798 766 2900 822 pro
2948 751 3292 808 contentione
3327 753 3491 826 regni

1889 853 2049 908 quam
2079 854 2214 909 erga
2241 838 2469 893 fratrem
2497 856 2653 894 suum
2681 839 2911 894 habebat
2931 839 3190 895 domnum
3215 841 3485 912 Carolum,

1889 926 2044 994 cujus
2071 927 2345 999 obsequiis
2376 927 2611 982 ﬁdeliter
2652 927 3016 999 adhaerebam,
3064 928 3282 1002 sategit.
3333 923 3491 986 Unde

1889 1023 2100 1085 postea,
2141 1016 2257 1070 Deo
2300 1015 2620 1086 inspirante,
2651 1015 3025 1087 paenitentiam
3054 1017 3184 1088 egit,
3218 1024 3272 1072 et
3299 1015 3494 1073 litteris

1892 1099 1962 1158 aid
1993 1104 2179 1158 sedem
2211 1103 2566 1174 apostolicam
2591 1103 2776 1159 missis
2807 1105 2952 1176 quod
2983 1111 3300 1161 excesserat
3325 1102 3494 1161 corri-

1893 1199 2046 1263 geret
2077 1192 2293 1246 studuit.
2327 1193 2428 1248 Per
2457 1208 2594 1264 quos
2621 1191 2784 1247 etiam
2813 1192 3161 1248 serenissima
3189 1193 3492 1249 sanctitatis

1893 1287 2090 1335 vestra:
2121 1280 2480 1352 tranquillitas
2530 1296 2666 1354 erga
2709 1280 3088 1352 indignitatem
3117 1297 3296 1338 meam
3331 1280 3494 1338 toties

1893 1374 1947 1422 et
1973 1369 2111 1422 adeo
2143 1369 2210 1422 sit
2237 1377 2523 1434 commota,
2571 1385 2683 1423 non
2725 1369 2888 1425 debet
2913 1385 2946 1424 a
2972 1385 3060 1427 me
3089 1369 3358 1444 conquiri,
3387 1381 3494 1428 nec

1894 1456 2148 1511 indebitis
2179 1457 2582 1528 suspicionibus
2611 1457 2786 1514 debeo
2817 1458 3036 1530 agitari.

1967 1573 2084 1626 Duo
2114 1580 2293 1627 tamen
2331 1579 2598 1644 sunt,qua=.I
2641 1579 2827 1628 tenere
2856 1589 2926 1628 ne
2954 1572 3220 1629 veraciter
3252 1580 3406 1645 puto,
3437 1579 3495 1635 et

1896 1659 2108 1714 tertium
2139 1661 2284 1732 quod
2312 1661 2369 1714 in
2396 1669 2577 1716 mente
2606 1677 2729 1717 mea
2757 1677 3054 1732 cognosco.
3098 1659 3314 1717 Scilicet
3361 1661 3492 1733 quia

1822 1748 1875 1808 B
1897 1749 2190 1804 commotio
2220 1748 2385 1804 animi
2414 1749 2582 1804 vestri
2611 1765 2746 1821 erga
2774 1748 3132 1804 humilitatem
3155 1765 3352 1818 meam,
3382 1765 3494 1806 non

1893 1854 1959 1893 ex
2007 1837 2200 1892 vestris
2248 1837 2483 1908 propriis
2530 1838 2796 1905 motibus,
2847 1837 2946 1892 sed
2993 1837 3186 1892 alienis
3227 1837 3494 1909 procedat

1893 1925 2358 1998 suggestionibus.
2393 1927 2474 1994 Et,
2492 1925 2538 1982 si
2567 1943 2692 1982 vera
2721 1933 2906 1982 essent
2936 1942 3056 1997 quae
3083 1924 3239 1982 vobis
3259 1926 3328 1982 de
3355 1942 3444 1982 me
3461 1941 3498 1983 ι

1892 2015 2216 2086 quibusdam
2245 2015 2406 2070 audio
2437 2015 2596 2081 dicta,
2630 2031 2738 2070 non
2783 2015 2962 2070 solum
3003 2014 3198 2070 merito
3246 2031 3380 2088 erga
3406 2030 3496 2072 me

1893 2103 2066 2158 taliter
2094 2103 2474 2169 moveremini,
2507 2120 2693 2158 verum
2726 2111 2778 2158 et
2805 2102 3304 2174 incomparabiliter
3333 2119 3496 2160 seve-

1891 2191 2002 2246 rius
2045 2207 2210 2264 quam
2248 2191 2576 2247 moveamini
2627 2191 2742 2246 zelo
2781 2191 3120 2247 rectitudinis
3163 2191 3501 2247 accendere-

1891 2279 2044 2334 mini.
2080 2281 2189 2335 Sed
2217 2279 2425 2352 gratias
2454 2280 2550 2349 illi,
2579 2281 2730 2348 cujus
2751 2279 2928 2351 gratia
2957 2296 3078 2334 sum
3098 2277 3154 2334 id
3175 2279 3322 2351 quod
3353 2295 3496 2348 sum,

1894 2369 2019 2439 quia
2051 2367 2369 2438 perhibente
2399 2368 2528 2421 mihi
2559 2367 2925 2422 testimonium
2973 2367 3304 2423 conscientia
3350 2383 3492 2435 mea,

1891 2455 2018 2511 licet
2047 2457 2102 2510 in
2133 2456 2254 2510 aliis
2282 2456 2384 2510 sim
2413 2464 2692 2526 peccator,
2718 2464 2900 2510 tamen
2920 2455 2976 2509 in
2997 2455 3082 2509 his
3101 2456 3169 2510 de
3192 2455 3387 2528 quibus
3408 2471 3498 2512 me

1893 2545 2034 2616 apud
2066 2544 2445 2599 auctoritatem
2475 2552 2713 2599 vestram
2743 2543 2906 2598 audio
2944 2542 3210 2610 denotari,
3241 2559 3353 2598 non
3380 2542 3503 2599 talis

1894 2650 2012 2687 sum
2055 2633 2110 2686 in
2147 2632 2318 2688 oculis
2369 2631 2586 2699 divinis,
2637 2631 2812 2702 qualis
2860 2629 3130 2703 depingor
3175 2631 3228 2686 in
3278 2630 3502 2686 auribus

1893 2721 2163 2775 humanis.
2196 2721 2276 2776 De
2307 2728 2522 2776 tumore
2552 2735 2788 2791 namque
2817 2735 2949 2791 erga
2995 2719 3182 2774 sedem
3231 2719 3503 2790 apostoli-

1894 2825 2036 2877 cam,
2068 2809 2311 2865 omnium
2332 2808 2705 2864 Ecclesiarum
2732 2815 2965 2886 matrem
2979 2815 3139 2879 atque
3160 2806 3501 2880 magistram,

1889 2900 2004 2969 jam
2035 2899 2176 2968 apud
2208 2905 2409 2952 sanctae
2448 2896 2847 2952 recordationis
2891 2896 3140 2968 Sergium
3169 2905 3331 2968 atque
3360 2895 3505 2952 Leo-

1897 3005 2024 3042 nem
2058 2989 2262 3041 t'ueram
2312 2987 2630 3052 denotatus;
2683 2985 2778 3040 sed
2827 2984 3024 3039 debitis
3071 2983 3370 3056 obsequiis,
3403 2998 3505 3041 co-

1827 3103 1875 3165 C
1897 3084 2156 3146 operante
2188 3075 2792 3165 Domino,‘quocunqu_e
2821 3089 2881 3127 se
2911 3071 3060 3165 locus
3250 3071 3502 3142 praebuit,

1901 3162 2199 3218 monstravi
2243 3161 2389 3232 quod
2434 3159 2608 3214 fidelis
2651 3168 2704 3214 et
2733 3160 2983 3225 devotus,
3028 3157 3244 3214 humilis
3287 3175 3508 3231 quoque

1899 3259 2062 3322 atque
2093 3251 2369 3319 subjectus
2417 3265 2636 3320 semper
2665 3247 2721 3302 in
2747 3247 3017 3302 ommibus
3047 3254 3101 3302 et
3127 3247 3328 3318 ubique
3375 3262 3512 3321 erga

1901 3341 2089 3394 sedem
2137 3339 2491 3409 apostolicam
2534 3345 2586 3392 et
2625 3336 2743 3406 ejus
2790 3344 3032 3391 rectores
3081 3334 3409 3404 exstiterim;
3455 3342 3511 3392 et

1899 3429 2064 3484 modo
2089 3445 2211 3483 cum
2239 3435 2474 3492 tumore,
2507 3442 2668 3498 quem
2701 3433 2960 3496 quantum
3009 3423 3158 3495 potui
3187 3423 3256 3480 ab
3286 3423 3508 3480 ineunte

1899 3525 2056 3572 aetate
2086 3516 2270 3581 vitavi,
2306 3515 2590 3570 dolositate
2633 3521 2792 3584 atque
2837 3512 3170 3578 crudelitate,
3201 3511 3345 3583 apud
3377 3528 3510 3568 san-

1899 3615 2040 3662 ctam
2089 3612 2141 3660 et
2185 3602 2661 3675 prudentissimam
2693 3600 3093 3672 simplicitatem
3138 3607 3376 3656 vestram
3423 3600 3512 3658 vi-

1899 3695 2032 3750 deor
2077 3693 2345 3748 denotari.
2407 3691 2513 3760 Qui
2569 3698 2856 3762 postquam
2912 3689 3232 3744 sensualiter
3283 3688 3510 3761 percepi

1897 3783 2100 3838 dictum
2130 3798 2162 3836 a
2192 3789 2381 3836 sancto
2432 3779 2630 3850 Spiritu
2678 3785 2732 3834 et
2779 3777 3066 3849 imprecari
3095 3793 3128 3832 a
3167 3785 3358 3832 sancta
3404 3777 3507 3834 Dei

1897 3871 2162 3938 Ecclesia,
2197 3871 2264 3923 de
2295 3869 2378 3922 his
2411 3867 2503 3938 qui
2546 3867 2601 3920 in
2645 3867 2811 3922 corde
2856 3875 2909 3921 et
2957 3865 3124 3922 corde
3165 3865 3506 3936 loquuntur:

1896 3959 2197 4031 Disperdat
2209 3958 2479 4012 Dominus
2495 3956 2757 4011 universa
2773 3955 2919 4010 labia
2931 3954 3119 4010 dolosa
3133 3951 3308 4024 (Psal.
3327 3968 3412 4022 XI,
3427 3951 3506 4028 4);

1898 4063 1983 4116 ac,
2019 4051 2178 4102 muta
2223 4046 2370 4114 ﬁant
2410 4045 2556 4099 labia
2608 4043 2796 4099 dolosa
2827 4043 3002 4112 (Psal.
3035 4055 3176 4095 xxx.
3213 4043 3332 4112 19);
3364 4048 3418 4096 et
3446 4047 3506 4097 ut

1900 4137 2085 4191 virum
2115 4133 2481 4203 sanguinum,
2515 4131 2590 4185 ita
2621 4129 2970 4184 nihilominus
2999 4133 3058 4184 et
3085 4127 3339 4184 dolosam
3367 4127 3504 4185 abo-

1899 4223 2090 4278 minari
2123 4238 2152 4275 a
2181 4219 2412 4274 Domino
2444 4218 2618 4287 (Psal.
2653 4233 2707 4282 ν,
2739 4217 2814 4286 7),
2851 4215 3193 4270 dolositatem
3221 4224 3274 4270 et
3301 4215 3505 4271 crude-

1897 4311 2102 4366 litatem
2135 4307 2290 4380 quasi
2322 4324 2356 4362 α
2385 4307 2534 4378 facie
2577 4305 2793 4361 colubri
2839 4303 3056 4376 fugiens
3103 4301 3372 4358 exsecrari
3403 4317 3503 4358 cu-

1900 4399 2015 4454 ravi
2043 4397 2238 4468 tEccli.
2272 4411 2394 4460 xxi,
2428 4396 2484 4464 2‘)
2517 4393 2695 4448 sciens
2725 4393 2912 4447 beatos
2941 4407 3064 4447 esse
3093 4389 3501 4466 misericordes,

201 4487 316 4525 mm
347 4468 578 4524 fratrum
609 4475 936 4556 noslrommj
971 4472 1022 4519 et
1055 4465 1196 4556 Ἷίιοά
1227 4463 1544 4556 δθθΓθνηί-ίδ
1572 4463 1802 4556 Ῑίῖπδίῖξθτ
1829 4457 1882 4516 Ῑ)
1909 4495 1959 4542 et
1983 4457 2243 4556 judicium
2279 4484 2356 4537 illi
2403 4457 2638 4537 fuiurum
2687 4481 2803 4536 sine
2848 4459 3244 4546 misericordia,
3277 4479 3368 4551 qui
3397 4457 3509 4536 non

202 4557 434 4630 amplexi
457 4573 666 4611 sumus.
692 4555 758 4608 Et
782 4554 927 4626 quod
947 4553 1204 4623 prmfatus
1237 4551 1576 4607 venerandus
1599 4550 1811 4604 archie-

205 4647 460 4718 piscopus
491 4645 655 4718 Egilo
684 4643 814 4697 mihi
844 4660 908 4697 ex
942 4650 1124 4696 vestro
1154 4641 1410 4695 mandato
1451 4639 1576 4693 inde
1622 4638 1806 4706 injun-

207 4735 294 4798 xit,
331 4736 450 4790 sine
481 4731 864 4788 retractatione
895 4730 1118 4802 exsequi
1158 4729 1462 4800 procuravi.
1500 4727 1617 4795 Qua
1647 4727 1716 4781 de
1746 4743 1806 4780 re

207 4824 276 4878 nil
307 4824 483 4892 aliter,
515 4821 622 4875 nisi
661 4819 826 4874 veluti
858 4835 891 4873 a
919 4827 1097 4873 vestra
1138 4818 1450 4872 auctoritate
1495 4825 1574 4869 est
1607 4814 1808 4868 ditiini-

209 4919 334 4979 tum,
368 4912 424 4965 in
443 4907 796 4982 postmodum
827 4916 1069 4978 repetere
1101 4907 1279 4976 cupio,
1317 4907 1450 4960 sicut
1473 4905 1524 4957 in
1549 4919 1812 4974 processu

207 5000 391 5055 horum
421 4998 632 5054 doloris
665 4996 769 5052 mei
801 4997 1018 5066 apicum
1040 5011 1140 5066 pro
1163 4994 1524 5050 commotione
1559 5008 1692 5063 erga
1724 5006 1814 5044 me

208 5097 385 5144 vestra
428 5087 733 5158 explanans
771 5085 992 5156 plenius
1031 5084 1316 5139 inculcabo
1351 5101 1366 5148 ;
1399 5083 1454 5136 in
1493 5081 1712 5152 quibus,
1759 5087 1817 5134 ut

207 5175 416 5252 legitur,
442 5194 474 5232 a
489 5177 748 5231 doloroso
770 5175 972 5230 dictum
991 5194 1008 5229 :
1029 5175 1087 5229 Si
1112 5175 1330 5228 locutus
1347 5177 1508 5243 fuero
1533 5187 1646 5225 non
1669 5170 1818 5234 quie.

211 5270 320 5322 scel
341 5267 501 5322 dolor
534 5281 716 5333 meus,
741 5267 797 5318 et
817 5265 867 5318 si
890 5267 1117 5318 tacuero
1141 5279 1254 5317 non
1282 5261 1501 5316 recedet
1523 5277 1556 5313 (ι
1577 5274 1667 5312 me
1699 5257 1816 5328 (Job

211 5357 423 5426 xvt,7).
471 5353 599 5409 Scio
637 5352 780 5407 enim
826 5351 949 5424 quia
993 5351 1098 5405 nisi
1138 5351 1363 5404 multam
1408 5347 1712 5417 rubiginem
1763 5345 1818 5398 in

213 5459 293 5500 me
321 5442 668 5516 conspiceret
692 5439 848 5498 ﬁctor
886 5456 1058 5498 meus.
1096 5455 1203 5494 non
1242 5437 1404 5492 toties
1435 5452 1520 5490 me
1552 5436 1656 5490 isto
1689 5433 1816 5506 igne

215 5537 574 5615 purgationis,
609 5555 676 5594 ex
705 5537 1014 5610 apostolicae
1047 5537 1192 5594 sedis
1214 5533 1531 5592 auctoritate
1561 5548 1819 5602 quorum-

1910 4575 2035 4630 facit
2060 4573 2508 4628 misericordiam.
2540 4573 2619 4626 De
2650 4571 2848 4642 quibus
2877 4569 3017 4625 vitiis
3038 4568 3093 4622 in
3113 4567 3232 4622 istis
3259 4566 3506 4637 partibus

1911 4665 2159 4720 Ecclesia
2202 4663 2330 4715 mihi
2377 4661 2688 4728 commissa,
2737 4659 2834 4713 sed
2880 4673 2981 4712 nec
3003 4655 3195 4711 vicinae
3242 4652 3510 4712 Ecclesia

1913 4755 2203 4808 adversum
2244 4766 2330 4805 me
2376 4751 2640 4804 hactenus
2691 4747 2841 4801 fuere
2885 4749 3216 4814 conquestae,
3269 4741 3368 4797 sed
3412 4758 3516 4800 nec

1913 4844 2076 4897 modo
2108 4847 2530 4910 couqueruntur.
2585 4837 2736 4891 Unde
2783 4835 2944 4888 datur
2985 4830 3216 4906 intelligi
3257 4831 3519 4904 quoniam

1913 4941 1989 4995 illi
2022 4939 2111 5010 qui
2140 4939 2208 4992 de
2238 4955 2324 4992 me
2363 4937 2467 4990 ista
2514 4935 2652 4989 falso
2701 4930 3076 4997 disseminant,
3110 4929 3157 4984 si
3187 4929 3274 4985 vel
3319 4929 3519 4984 simili-

1916 5040 2129 5094 tudines
2163 5037 2391 5093 aliorum
2421 5034 2700 5090 criminum
2731 5029 2788 5083 in
2816 5046 2904 5085 me
2932 5029 3312 5102 percepissent
3346 5028 3524 5101 (quod

1917 5153 2026 5192 non
2050 5138 2118 5190 ad
2148 5133 2519 5191 excusandum
2548 5129 2924 5184 excusationes
2953 5127 3010 5183 in
3036 5127 3275 5199 peccatis
3303 5124 3519 5219 fateor),

1902 5235 2102 5305 utique
2133 5232 2290 5287 vobis
2320 5245 2429 5283 non
2459 5225 2768 5280 tacuissent.
2813 5225 2922 5281 Sed
2967 5224 3287 5280 benedictus
3329 5222 3525 5279 Domi-

1919 5347 2041 5395 nus,
2075 5329 2162 5401 qui
2193 5330 2452 5381 hactenus
2484 5339 2591 5378 non
2621 5323 2770 5380 dedit
2799 5340 2888 5378 me
2918 5323 2972 5377 in
2999 5321 3306 5392 captionem
3335 5320 3519 5376 denti-

1920 5430 2018 5484 bus
2049 5442 2257 5491 eorum,
2293 5424 2386 5496 qui
2416 5439 2560 5495 saepe
2591 5429 3037 5498 expugnaverunt
3063 5437 3153 5477 me
3184 5437 3218 5476 a
3239 5421 3524 5490 juventute

1927 5537 2067 5593 mea,
2119 5531 2172 5579 et
2219 5537 2328 5578 non
2375 5529 2669 5597 potuerunt
2715 5519 2868 5588 mihi,
2917 5518 3243 5592 protegente
3287 5514 3520 5577 Domino
