4026 6298
545 249 613 302 79
1478 240 1818 296 HlNCMABl
1875 236 2276 295 RHEMENSIS
2329 239 2880 298 ARCHIEPISCOPI.
3144 309 3151 319 .
3779 241 3852 292 80

546 369 640 441 qui
668 368 738 424 de
777 367 962 422 multis
1009 363 1446 420 tribulationibus
1493 364 1688 435 eripuit
1732 379 1838 430 me,
1883 365 1940 418 in
1982 378 2145 435 quem
2173 361 2231 422 A
2251 364 2391 418 datis
2466 366 2657 421 litteris
2711 368 2769 422 in
2823 364 3217 422 abdicationem
3271 363 3356 418 sui
3427 361 3730 418 sacerdotio
3786 377 3853 416 se

547 472 712 529 spero
741 456 870 528 quia
899 463 954 510 et
983 454 1161 510 adhuc
1194 453 1404 524 eripiet.
1479 503 1487 511 .

619 545 748 600 Haec
769 587 782 612 ,
835 543 1054 599 domine
1103 551 1156 598 et
1205 543 1361 597 Pater
1410 541 1750 597 sanctissime
1773 583 1786 606 ,
1837 557 1961 596 cum
2009 539 2156 594 omni

548 632 717 688 animi
762 631 1119 698 contritione,
1169 637 1223 686 et
1268 645 1371 701 qua
1429 645 1653 700 possum
1711 628 2012 682 humilitate
2059 627 2158 682 de-

546 736 739 793 posco,
772 728 830 776 ut
873 727 1166 792 pensantes
1197 726 1398 790 quanto
1449 718 1630 773 cordis
1676 733 1908 772 maerore
1939 717 2046 770 sint
2074 715 2158 769 di-

548 817 658 878 cta,
690 825 800 864 non
829 815 1184 880 aspernanter
1227 806 1528 877 accipiatis,
1563 813 1616 860 et
1645 822 1755 861 non
1797 805 2025 860 subdole
2055 821 2156 858 au-

549 897 787 954 ctoritati
815 903 1014 952 vestra:
1043 895 1434 964 subjectionem
1465 911 1644 950 meam
1676 893 1958 964 scripsisse
2003 891 2158 946 vobis

550 1000 586 1041 a
613 1001 885 1057 quoquam
917 984 1236 1055 persuaderi
1290 983 1496 1037 sinatis.
1548 983 1666 1038 Nec
1713 997 1778 1036 ea
1827 995 1947 1052 qum
1993 979 2158 1034 modo

551 1073 855 1146 dignationi
886 1080 1082 1128 vestrae
1113 1071 1353 1128 scribere
1384 1069 1517 1124 fisus
1546 1071 1613 1124 de
1643 1069 1932 1125 clementia
1961 1077 2158 1123 vestrm

550 1161 900 1234 benignitatis
949 1175 1242 1232 praesumo,
1293 1159 1364 1214 ad
1409 1160 1515 1214 hoc
1559 1158 1759 1228 scripta
1820 1156 2155 1229 intelligatis,

553 1250 707 1322 quasi
736 1249 1198 1320 increpationibus
1227 1247 1426 1302 vestris
1453 1247 1662 1302 duriter
1703 1245 1989 1316 susceptis,
2021 1260 2158 1300 con-

549 1337 754 1394 tumaci
805 1336 971 1393 corde
1017 1336 1296 1400 resistere,
1349 1343 1403 1388 et
1447 1351 1569 1406 quae
1609 1333 1905 1404 scripsistis
1954 1333 2160 1386 irreve-

548 1426 688 1482 renti
735 1425 912 1481 fronte
959 1425 1048 1480 vel
1097 1432 1278 1480 erecta
1327 1423 1506 1478 cordis
1555 1421 1764 1478 cervice
1823 1420 2156 1484 dissolvere,

549 1522 641 1569 aut
669 1513 868 1569 vestris
913 1511 1228 1582 apostolicis
1270 1510 1608 1579 jussionibus
1638 1509 1725 1563 vel
1755 1508 2160 1562 diﬁinitionibus

551 1601 814 1658 resultare
863 1601 1028 1656 modo
1067 1599 1310 1671 quolibet
1356 1597 1444 1654 vel
1490 1598 1546 1651 in
1592 1597 1808 1652 modico
1838 1596 2020 1660 velim,
2068 1594 2162 1666 qui

2256 463 2446 526 sponte
2475 457 2695 511 amovit.
2727 455 2922 525 Quem,
2959 462 3016 508 ut
3045 453 3355 508 Alexander
3375 467 3519 522 papa
3539 451 3593 504 in
3615 449 3859 505 decretis

2257 545 2366 597 suis
2395 545 2650 610 ostendit,
2685 553 2860 599 metus
2889 551 2978 598 aut
3006 542 3090 596 vis
3119 541 3206 596 vel
3237 540 3408 606 fraus,
3443 553 3612 611 quaaa
3631 537 3857 594 nemine

2254 632 2492 702 pertulit,
2543 633 2821 688 innoxium
2851 633 2936 686 vel
2964 629 3331 686 excusabilem
3373 629 3607 682 reddere
3652 625 3857 696 nequi-

2256 728 2478 786 verunt;
2511 737 2706 792 neque,
2739 728 2797 775 ut
2828 719 3128 792 Gregorius
3159 719 3227 772 de
3260 717 3516 787 Pompeio
3565 720 3856 778 monstrat,

2257 808 2512 864 violentia
2559 817 2650 863 aut
2695 809 2930 874 afflictio,
2979 824 3098 878 quae
3147 823 3180 860 a
3227 805 3375 860 nullo
3423 804 3710 868 sustinuit;
3755 818 3863 858 nec

2257 897 2417 951 etiam
2447 897 2758 952 reclamatio
2791 897 2860 951 ad
2893 895 3246 966 apostolicam
3279 894 3486 958 sedem,
3520 909 3682 964 quam
3711 905 3862 962 pra:-

2258 1001 2384 1040 sens
2415 986 2470 1039 in
2493 985 2699 1054 judicio
2741 1000 2848 1040 non
2898 984 3093 1048 emisit,
3131 984 3180 1038 ei
3212 982 3494 1038 consulere
3533 981 3864 1046 debuerunt,

2257 1073 2348 1144 qui
2382 1074 2529 1128 nullo
2557 1082 2810 1145 cogente,
2845 1089 2946 1129 nec
2978 1073 3142 1127 etiam
3171 1072 3500 1142 postulante,
3528 1070 3624 1124 sed
3640 1067 3870 1139 propria

2258 1170 2470 1232 sponte,
2518 1162 2771 1218 conscius
2818 1162 3128 1226 criminum,
3185 1161 3252 1214 de
3297 1159 3492 1230 quibus
3548 1157 3748 1228 partim
3810 1156 3864 1209 in

2259 1251 2466 1322 synodo
2498 1250 2670 1305 fuerat
2713 1258 3018 1314 accusatus,
3075 1249 3275 1320 partim
3317 1255 3516 1314 autem,
3549 1245 3652 1300 nisi
3681 1246 3867 1300 locum

2258 1347 2467 1409 peteret
2524 1339 2801 1410 quaerendi
2857 1337 3141 1394 consilium
3189 1353 3315 1392 cum
3364 1335 3689 1406 quibusdam
3737 1333 3862 1403 epi-

2259 1427 2458 1498 scopis,
2509 1427 2644 1482 foret
2687 1426 3035 1482 nihilominus
3083 1425 3444 1490 accusandus,
3479 1431 3532 1477 et
3563 1423 3632 1476 de
3663 1421 3864 1493 quibus

2259 1533 2318 1569 se
2348 1531 2582 1586 purgare
2610 1532 2718 1569 non
2759 1523 2990 1586 poterat,
3043 1514 3339 1570 secundum
3392 1512 3706 1567 eorumdem
3737 1509 3864 1579 epi-

2259 1620 2547 1674 scoporum
2578 1604 2886 1668 consilium,
2938 1601 3280 1674 sequentium
3326 1600 3636 1655 Africanum
3667 1597 3865 1654 conci-

552 1689 694 1746 sicut
739 1688 961 1744 domino
1009 1686 1245 1743 famulus
1292 1693 1345 1740 et
1390 1685 1533 1756 patri
1581 1684 1742 1749 filius,
1795 1685 1848 1738 in
1901 1683 2154 1738 omnibus
2181 1693 2394 1770 Blium.
2429 1700 2648 1762 propter
2695 1691 2960 1747 Ecclesia;
3017 1689 3390 1761 opprobrium,
3437 1697 3489 1743 ει
3536 1687 3866 1741 insolentem

549 1777 866 1833 satisfacere
893 1783 948 1832 et
992 1791 1190 1846 parere
1241 1773 1556 1846 apostolicae
1603 1781 1801 1828 vestra;
1847 1771 2154 1827 auctoritati

553 1865 837 1922 desidero.

627 1955 897 2010 Ceterum
928 1953 996 2008 de
1024 1951 1234 2016 Ebone,
1268 1951 1338 2006 de
1367 1966 1473 2022 quo
1514 1947 1797 2004 humilitati
1842 1965 1980 2004 meae
2025 1963 2156 2003 san-

557 2041 758 2098 ctitatis
787 2049 982 2097 vestrae
1010 2039 1312 2095 sublimitas
1333 2039 1570 2110 scripsit,
1592 2037 1761 2092 multa
1781 2045 1832 2093 et
1854 2037 1910 2094 in
1930 2051 2159 2108 regnum

554 2137 608 2187 et
637 2131 694 2186 in
721 2130 891 2202 gestis
921 2129 1324 2200 episcOporum,
1357 2127 1448 2198 qui
1469 2127 1583 2196 jam
1610 2143 1710 2182 nos
1757 2127 1826 2180 ad
1871 2126 2160 2186 Dominum

557 2225 976 2291 praecesserunt,
1026 2224 1080 2272 et
1135 2218 1314 2272 adhuc
1371 2215 1656 2271 nobiscum
1699 2214 1755 2268 in
1803 2214 1916 2268 suis
1960 2230 2160 2268 monu-

557 2306 756 2362 mentis
820 2313 984 2377 atque
1053 2303 1538 2374 subscriptionibus
1600 2303 1806 2371 vivunt,
1870 2301 2158 2366 habentur,

560 2411 684 2468 qua
728 2395 872 2465 apud
911 2408 1012 2449 nos
1041 2401 1096 2448 et
1123 2393 1266 2464 apud
1300 2387 1448 2447 alios
1495 2391 1552 2445 in
1599 2390 1800 2446 nostris
1843 2389 2162 2462 regionibus

561 2489 977 2548 conservantur,
1035 2481 1208 2536 multa
1264 2481 1425 2534 etiam
1483 2480 1538 2533 in
1596 2478 1796 2534 scrinio
1851 2486 2056 2533 sanctae
2111 2484 2163 2532 et

561 2586 786 2626 summae
815 2569 962 2624 sedis
990 2570 1250 2624 Romanae
1291 2567 1476 2622 haberi
1523 2583 1631 2622 non
1671 2566 1878 2621 dubito.
1910 2565 2066 2622 Unde
2094 2581 2163 2620 ne

561 2659 751 2714 videar
779 2657 934 2729 quasi
963 2657 1071 2712 mei
1100 2672 1268 2712 causa
1295 2663 1511 2711 mortuo
1559 2656 1850 2726 derogare,
1884 2663 1938 2708 et
1968 2654 2163 2725 sepulti

563 2745 1018 2818 reprehensibilia
1047 2753 1203 2818 gesta
1231 2745 1370 2799 velle
1409 2744 1755 2806 resuscitare,
1787 2744 1855 2798 de
1883 2743 2016 2798 actis
2045 2759 2165 2814 quae

563 2835 711 2906 apud
740 2849 842 2890 nos
879 2833 1075 2888 exinde
1123 2839 1532 2896 conservantur,
1581 2847 1678 2887 cur
1705 2839 1759 2885 et
1786 2831 2017 2902 qualiter
2063 2831 2164 2885 de-

562 2922 761 2994 positio
791 2922 906 2991 ejus
953 2919 1232 2985 acciderit,
1285 2919 1658 2974 rationabilius
1704 2918 1917 2974 videtur
1946 2934 1980 2972 a
2007 2917 2166 2972 nobis

565 3011 728 3076 sileri,
757 3025 922 3082 quam
944 3009 1179 3080 pleniter
1196 3016 1250 3063 et
1271 3024 1336 3063 ex
1359 3007 1550 3062 ordine
1589 3006 1714 3062 dici.
1756 3007 1864 3062 Sed
1894 3015 1946 3061 et
1975 3014 2166 3062 contra

2257 1780 2661 1834 insultationem
2711 1779 3070 1843 saecularium,
3122 1795 3192 1832 ne
3222 1777 3461 1850 dignitas
3508 1774 3868 1831 sacerdotalis

2257 1868 2602 1939 pollueretur,
2635 1867 2880 1922 libellum
2911 1866 3286 1937 temperantia,
3320 1881 3484 1936 quam
3529 1864 3721 1918 beatus
3751 1863 3868 1917 Leo

2257 1958 2326 2011 ad
2356 1957 2644 2012 universos
2675 1957 2964 2027 episcopos
2991 1972 3092 2026 per
3123 1954 3470 2025 Campaniam
3499 1960 3551 2008 et
3583 1950 3866 2007 Samnium

2259 2053 2596 2116 caaterasque
2623 2044 2934 2115 provincias
2985 2043 3243 2110 decrevit,
3293 2057 3458 2097 manu
3487 2058 3584 2095 sua
3613 2039 3868 2094 subscri-

2259 2142 2429 2204 ptum,
2486 2133 2816 2205 propriaque
2860 2133 3204 2188 confessione
3259 2137 3590 2194 attestatum,
3651 2127 3868 2200 synodo

2261 2221 2378 2276 sine
2406 2222 2518 2276 ulla
2549 2222 2900 2276 resultatione
2944 2220 3176 2292 porexit.
3226 2220 3295 2274 Et
3339 2217 3578 2274 Africani
3623 2231 3869 2271 canones

2261 2309 2568 2364 testimonio
2597 2309 2859 2380 episcopi,
2893 2309 3058 2364 etiam
3103 2309 3172 2363 de
3221 2324 3279 2362 se
3333 2304 3666 2371 mentientis,
3722 2304 3869 2358 adeo

2261 2399 2408 2452 credi
2437 2399 2640 2453 debere
2679 2398 2880 2462 dicant,
2933 2406 2990 2451 ut
3039 2397 3414 2467 episcopatum
3463 2393 3684 2457 amittat,
3721 2391 3870 2447 sicut

2263 2495 2315 2540 et
2347 2486 2610 2540 Dominus
2642 2487 2696 2540 in
2733 2485 3034 2558 Evangelio
3080 2492 3342 2538 monstrat
3384 2482 3571 2537 dicens
3604 2498 3617 2534 :
3651 2482 3738 2534 Ea:
3770 2497 3872 2537 ore

2265 2579 2359 2630 tuo
2392 2579 2445 2629 te
2467 2575 2684 2646 judicio
2715 2574 2871 2644 (Luc.
2908 2588 3030 2638 xix,
3060 2575 3190 2643 22);
3225 2573 3312 2627 Ea:
3344 2571 3523 2625 verbis
3554 2570 3668 2624 tuis
3685 2570 3872 2640 justi-

2260 2663 2538 2732 ﬁraberis,
2577 2668 2633 2718 et
2669 2680 2742 2717 ex
2783 2663 2958 2717 verbis
2993 2663 3108 2716 tuis
3141 2659 3598 2716 condemnaberis
3633 2655 3868 2725 (Matth.

2262 2766 2364 2815 xu,
2388 2751 2510 2820 3'7);
2535 2759 2584 2805 et
2607 2751 2782 2805 David
2814 2751 3077 2820 propheta
3105 2747 3402 2803 mentiendi
3431 2745 3578 2816 quod
3607 2743 3876 2799 occiderit

2266 2839 2395 2894 Saul
2416 2855 2428 2891 :
2455 2839 2692 2910 Sanguis
2713 2843 2842 2894 tuus
2859 2856 3029 2910 super
3045 2841 3215 2910 caput
3236 2841 3397 2891 tuum
3417 2852 3429 2888 :
3451 2852 3508 2890 os
3525 2835 3677 2889 enim
3696 2837 3872 2888 tuum

2268 2928 2517 2982 locutum
2551 2932 2635 2981 est
2676 2927 2973 2982 adversum
2997 2931 3050 2981 te
3085 2927 3160 2989 (II
3178 2927 3301 2996 Reg.
3327 2939 3364 2988 ι,
3401 2926 3507 2992 16).
3542 2923 3609 2975 Et
3641 2928 3869 2976 sanctus

2266 3014 2570 3087 Gregorius
2599 3016 2668 3070 de
2708 3016 2924 3070 Andrea
2957 3033 2969 3068 :
3004 3013 3142 3083 Quia
3190 3010 3423 3084 flagitari
3460 3010 3721 3079 judicium
3752 3025 3875 3064 non

566 3063 728 3076 ν-νη
764 3063 1025 3082 τη
1132 3063 1139 3064 κ
2274 3063 2375 3070 τ--
2425 3063 2567 3070 -____
2604 3063 2667 3070 η
2708 3063 2924 3070 ______-_
2957 3063 2969 3068 -
3011 3063 3142 3083 Vw
3191 3063 3415 3084 --τμη
3589 3063 3602 3065 -
3644 3063 3647 3064 ,
3810 3063 3820 3064 ,

560 3099 914 3170 ωυῙῐίΡῙίοθῐη
963 3096 1282 3168 sapientiam
1329 3105 1584 3162 Vestram,
1637 3113 1758 3168 quae
1805 3095 2014 3151 excedit
2060 3111 2165 3150 110-
2194 3063 2428 3159 Cdebgt
2457 3103 2524 3158 de
2554 3120 2716 3160 causa
2760 3120 2924 3174 quam
2955 3103 3070 3174 ipse
3111 3101 3394 3171 judicavit,
3441 3100 3564 3171 quia
3595 3099 3640 3152 si
3673 3115 3873 3153 verum

565 3196 738 3242 strum
785 3202 1010 3242 sensum
1057 3195 1221 3258 atque
1268 3185 1703 3256 intelligentiam,
1736 3192 1788 3239 et
1825 3192 2016 3239 contra
2063 3199 2162 3238 ve-

562 3285 732 3331 stram
767 3289 1038 3330 summam
1084 3274 1478 3341 auctoritatem,
1515 3291 1636 3344 quae
1666 3273 2032 3343 supereminet
2059 3289 2162 3328 no-

562 3371 730 3418 stram
775 3362 1187 3432 subjectionem,
1238 3363 1307 3416 de
1354 3361 1498 3416 illius
1543 3361 1897 3432 qualicunque
1939 3361 2162 3431 deposi-

557 3452 707 3508 tione
736 3465 1116 3523 quamcunque
1163 3449 1586 3516 contentionem,
1634 3449 1780 3520 quod
1829 3449 1992 3514 absit,
2026 3465 2162 3503 con—

558 3556 775 3606 serere,
825 3540 913 3596 vel
961 3555 1337 3612 quamcunque
1389 3537 1804 3594 resultationem
1861 3536 1996 3591 inire
2053 3552 2162 3591 non

557 3629 702 3694 volo,
735 3643 844 3683 non
874 3643 1168 3699 praesumo,
1204 3643 1314 3681 non
1342 3625 1537 3682 debeo.
1589 3625 1892 3681 Praesertim
1939 3642 2064 3680 cum
2111 3633 2164 3678 et

555 3716 695 3788 ipse,
725 3723 782 3771 et
807 3714 887 3770 illi
916 3715 1005 3786 qui
1035 3731 1158 3770 eum
1187 3731 1295 3770 non
1326 3715 1647 3769 clamantem
1676 3715 1763 3769 vel
1795 3715 2158 3778 resistentem,

557 3805 658 3860 sed
703 3803 904 3876 potius,
956 3812 1212 3875 quantum
1239 3803 1310 3858 ab
1340 3803 1420 3858 eis
1448 3803 1540 3874 qui
1579 3801 1938 3857 interfuerunt
1986 3801 2161 3857 videri

554 3891 748 3964 potuit,
795 3899 990 3962 sponte
1037 3891 1435 3957 conniventem,
1479 3899 1602 3946 ante
1688 3890 1914 3963 triginta
1971 3899 2024 3945 et
2055 3898 2162 3944 tres

554 3995 729 4036 annos
752 3980 867 4050 jam
898 3979 1145 4035 evolutos
1184 3980 1580 4048 judicaverunt,
1629 3979 1736 4033 illic
1776 3978 1966 4049 procul
1996 3977 2162 4032 dubio

555 4069 681 4137 sint,
715 4069 809 4123 ubi
846 4068 1220 4140 unusquisque
1251 4068 1350 4122 sub
1383 4076 1526 4122 tanto
1551 4067 1753 4135 judice,
1786 4067 1942 4135 cujus
1989 4065 2162 4121 oculis

553 4157 700 4212 nuda
731 4163 784 4212 et
813 4164 1000 4228 aperta
1027 4164 1154 4210 sunt
1183 4156 1382 4221 omnia,
1418 4171 1526 4210 non
1555 4163 1783 4226 possunt
1813 4154 2046 4225 perdere
2078 4153 2162 4207 sui

553 4245 734 4302 meriti
780 4244 1117 4318 qualitatem.
1151 4245 1536 4300 Verumtamen
1564 4253 1623 4298 ut
1651 4259 1827 4314 pauca
1870 4259 1936 4298 ex
1975 4258 2162 4297 eorum

557 4333 726 4406 gestis
757 4333 828 4389 ob
857 4333 937 4389 rei
978 4333 1226 4389 notitiam
1265 4333 1421 4388 vobis
1469 4333 1872 4404 suggerendam
1915 4347 2160 4386 comme-

2265 3194 2332 3247 de
2365 3211 2422 3248 se
2453 3192 2736 3248 confessus
2767 3191 2863 3246 fuit
2893 3191 3052 3263 (sicut
3073 3190 3127 3244 in
3151 3190 3334 3245 libello
3366 3206 3478 3244 suae
3505 3186 3874 3259 professionis

2264 3299 2425 3353 quem
2469 3282 2730 3336 habemus
2780 3281 3040 3351 scriptum
3076 3287 3177 3347 est,
3229 3279 3379 3348 cujus
3423 3276 3698 3347 exemplar
3738 3292 3874 3329 cum

2265 3371 2563 3441 exemplari
2592 3370 2796 3424 notitiae
2827 3368 3108 3440 synodalis
3139 3375 3342 3422 sancta:
3389 3363 3670 3420 memoriae
3698 3363 3876 3418 Leoni

2265 3476 2418 3530 papae
2444 3459 2709 3514 directum
2740 3467 2843 3523 est,
2874 3459 2930 3511 in
2959 3474 3066 3527 quo
3096 3473 3198 3526 pro
3248 3455 3489 3509 reatibus
3517 3452 3630 3507 suis
3659 3469 3691 3506 a
3721 3468 3872 3522 pon-

2263 3546 2445 3602 tificali
2493 3546 2794 3600 ministerio
2844 3546 3081 3599 alienum
3129 3560 3188 3596 se
3234 3541 3484 3610 reddidit,
3540 3549 3592 3595 et
3619 3540 3784 3594 alium
3817 3540 3874 3594 in

2263 3634 2385 3689 loco
2441 3650 2540 3688 suo
2589 3635 2794 3703 absque
2852 3632 3171 3702 repetitione
3229 3629 3495 3685 canonica
3553 3628 3876 3684 consecrari

2263 3721 2548 3791 decrevit),
2580 3730 2836 3791 tanquam
2867 3719 3196 3774 criminosus
3227 3733 3326 3772 suo
3358 3717 3666 3772 testimonio
3697 3734 3727 3769 a
3756 3716 3873 3770 mi-

2263 3809 2489 3864 nisterio
2518 3809 2818 3879 pontificali
2865 3824 3100 3872 cessare,
3137 3815 3187 3861 et
3210 3807 3365 3875 juxta
3413 3805 3610 3860 Leonis
3641 3813 3693 3859 et
3723 3803 3874 3860 Gre-

2263 3897 2402 3970 gorii
2445 3899 2680 3962 decreta,
2715 3897 2780 3951 ad
2810 3895 3233 3967 promerendam
3280 3893 3710 3949 misericordiam
3741 3893 3871 3960 Dei,

2261 3985 2527 4056 privatam
2559 3985 2930 4040 secessionem
2961 3992 3216 4054 expetere
3257 3983 3457 4038 debuit.
3492 3983 3560 4036 Et
3591 3981 3638 4036 si
3669 3981 3872 4036 falsum

2262 4074 2330 4128 de
2363 4091 2421 4127 se
2465 4073 2705 4144 protulit,
2758 4081 3015 4145 tanquam
3063 4071 3232 4127 falsus
3275 4079 3462 4126 contra
3509 4069 3874 4140 semetipsum

2262 4161 2416 4216 testis
2463 4161 2797 4231 abjiciendus
2858 4161 2976 4227 fuit,
3025 4161 3348 4232 prohibente
3399 4158 3632 4214 Domino
3683 4175 3694 4211 :
3747 4160 3874 4214 Non

2265 4251 2502 4322 loqueris
2527 4255 2729 4306 contra
2749 4252 3085 4322 proximum
3118 4253 3280 4304 tuum
3333 4249 3548 4320 falsum
3605 4248 3874 4304 testimo-

2262 4340 2426 4394 nium
2447 4339 2870 4406 (Exod.xx,16).
2903 4337 3062 4406 Quod
3093 4337 3138 4391 si
3158 4353 3267 4391 non
3297 4336 3444 4392 licuit
3473 4343 3662 4390 contra
3689 4335 3879 4405 proxi-

557 4436 853 4489 moremus,
889 4420 1250 4476 Hildemanno
1294 4419 1554 4475 Ecclesiae
1595 4420 2008 4490 Belgivacorum
2052 4419 2161 4489 epi-

2267 4444 2436 4494 mum,
2472 4427 2640 4482 multo
2683 4427 2862 4480 minus
2909 4435 3098 4490 contra
3142 4425 3512 4495 semetipsum.
3546 4424 3611 4478 Et
3640 4423 3868 4490 idcirco,

559 4526 728 4582 scopo
757 4508 1060 4570 calumniis,
1111 4507 1309 4578 quibus
1357 4507 1534 4562 fuerat
1580 4507 1888 4573 denotatus,
1923 4507 2164 4578 regulari

524 4597 931 4656 ‘satisfactione
970 4603 1152 4661 exuto,
1191 4594 1328 4660 Ebo,
1372 4596 1465 4667 qui
1508 4597 1722 4664 pridem
1765 4611 1892 4651 cum
1920 4595 2042 4650 aliis
2071 4611 2164 4650 ar—

562 4687 924 4758 chiepiscOpis
954 4693 1008 4742 et
1035 4684 1308 4756 episcopis
1352 4684 1612 4750 libellum,
1666 4700 1830 4756 quem
1876 4685 2160 4753 habemus,

565 4774 635 4829 de
660 4775 1000 4830 restitutione
1041 4773 1382 4846 imperatoris
1429 4773 1688 4828 Ludovici
1718 4789 1885 4828 manu
1913 4789 2009 4826 sua
2040 4789 2163 4827 cum

563 4860 931 4917 additamento
975 4861 1373 4934 archiepiscopi
1418 4861 1604 4927 edidit,
1636 4861 1692 4914 in
1723 4861 1912 4916 eadem
1953 4860 2164 4930 synodo

566 4949 867 5006 secundum
911 4950 1251 5006 traditionem
1294 4949 1608 5022 apostolicae
1653 4949 1820 5012 sedis,
1866 4949 2013 5004 velut
2059 4951 2164 5004 Zo-

571 5039 742 5094 simus
779 5037 848 5094 de
895 5038 1144 5105 Proculo,
1192 5040 1430 5094 Joannes
1460 5039 1528 5094 de
1559 5037 1982 5104 Contumelioso,
2031 5038 2166 5093 Gre-

569 5126 758 5200 gorius
810 5126 882 5183 de
938 5125 1106 5182 Paulo
1161 5127 1519 5183 decernentes
1572 5125 1879 5193 ostendunt,
1930 5133 1982 5180 et
2029 5126 2168 5180 sicut

569 5215 870 5288 Gregorius
911 5215 1183 5272 multoties
1231 5215 1300 5270 de
1345 5216 1602 5286 episcopo
1649 5231 1760 5270 non
1806 5215 2016 5270 valente
2063 5231 2166 5286 pro

564 5301 875 5360 inﬁrmitate
914 5303 1163 5375 corporis
1211 5303 1281 5358 ad
1325 5304 1688 5360 ministerium
1726 5303 2036 5374 episcopale
2079 5319 2165 5358 as-

564 5408 814 5465 surgere,
848 5393 994 5464 quod
1026 5393 1072 5446 si
1101 5391 1330 5448 voluerit
1371 5393 1475 5447 hoc
1519 5393 1701 5461 modo,
1748 5391 1999 5448 videlicet
2037 5393 2164 5448 dato

525 5488 764 5574 .libello,
799 5490 870 5546 ad
899 5489 1208 5562 episcopatu
1257 5507 1316 5546 se
1363 5505 1640 5547 removere
1689 5491 1866 5574 valeat
1910 5491 2160 5562 scripsit,

2263 4523 2319 4568 ut
2341 4515 2554 4583 judices
2586 4515 2669 4570 sui
2697 4515 2968 4580 dixerunt,
2997 4515 3145 4583 juxte
3175 4523 3228 4569 et
3257 4512 3648 4568 rationabiliter
3675 4529 3705 4565 a
3736 4529 3872 4582 pon-

2265 4601 2446 4658 tiﬁcali
2481 4603 2783 4658 ministerio
2832 4604 3067 4658 alienum
3109 4618 3219 4656 una
3266 4618 3390 4657 cum
3418 4601 3538 4671 ipso
3582 4617 3706 4655 eum
3737 4603 3871 4656 red-

2263 4692 2534 4746 diderunt.
2595 4693 2674 4746 De
2729 4693 2946 4763 quibus,
2999 4699 3256 4762 quantum
3302 4689 3502 4745 rescire
3549 4706 3865 4760 possumus,

2265 4780 2356 4852 qui
2383 4780 2438 4834 in
2468 4780 2684 4835 nomine
2715 4781 2960 4850 episcopi
3009 4787 3136 4834 tunc
3191 4778 3424 4844 fuerunt,
3456 4777 3510 4831 in
3541 4777 3660 4831 istis
3690 4778 3871 4833 Cisal-

2262 4869 2404 4939 pinis
2453 4868 2768 4941 regionibus
2815 4884 2975 4923 nemo
3010 4867 3070 4922 in
3119 4883 3350 4938 corpore
3399 4866 3546 4932 vivit,
3580 4865 3687 4920 nisi
3717 4867 3870 4922 solus

2261 4957 2580 5024 Rothadus;
2612 4958 2736 5012 licet
2781 4958 2959 5012 adhuc
3008 4957 3194 5027 plures
3243 4955 3518 5026 supersint
3547 4954 3638 5026 qui
3670 4956 3870 5010 Eccle-

2263 5047 2398 5100 siam
2428 5054 2481 5100 et
2508 5046 2842 5116 provinciam
2875 5062 3032 5100 suam
3061 5061 3184 5100 eum
3215 5045 3362 5114 prius
3390 5044 3540 5098 nullo
3569 5043 3868 5113 impetente

2263 5135 2573 5189 deseruisse
2601 5142 2787 5190 contra
2835 5135 3058 5206 regulas
3106 5149 3292 5189 sacras
3340 5140 3623 5197 noverunt,
3660 5139 3711 5186 et
3742 5140 3870 5202 post

2265 5223 2380 5292 ejus
2412 5223 2764 5294 depositionis
2795 5224 3044 5279 ordinem
3079 5229 3470 5296 cognoverunt.
3524 5222 3592 5275 Et
3624 5222 3870 5290 Aposto-

2265 5311 2348 5365 lus
2367 5316 2771 5368 testamentum
2783 5313 2912 5368 dicit
2928 5314 2991 5366 in
3007 5312 3247 5367 mortuis
3259 5312 3661 5381 conﬁrmatum
3676 5310 3844 5377 (Hebr
3855 5349 3871 5365 .

2267 5415 2363 5468 vn,
2397 5404 2471 5470 9).
2503 5401 2704 5456 Verum
2735 5409 2787 5456 et
2815 5401 2883 5455 de
2913 5400 2998 5454 his
3027 5399 3119 5470 qui
3166 5417 3253 5456 me
3283 5399 3338 5454 in
3368 5399 3513 5454 illius
3558 5397 3680 5452 loco
3711 5398 3867 5452 ordi-

2264 5497 2543 5557 naverunt,
2593 5506 2701 5546 non
2743 5489 3008 5544 habentur
3067 5488 3404 5560 superstites,
3459 5485 3563 5542 nisi
3605 5485 3868 5556 praefatus
