4026 6300
559 255 630 314 ta
1113 245 1125 251 ’
1559 259 1902 318 nmmum
1939 256 2342 317 RHEMENSIS
2381 255 2928 321 ARCHIEPISCOPI.
3789 255 3865 314 et

571 391 716 446 etum
745 383 1059 459 promeruit.
1082 385 1152 442 Et
1184 385 1392 442 nullum
1419 386 1803 442 documentum
1852 387 2173 442 canonicum
2194 388 2247 448 A
2277 401 2400 440 esse
2423 385 2535 454 jam
2563 399 2672 438 non
2701 391 2880 454 potest
2913 399 2926 438 :
2957 393 3238 453 nunquam
3261 380 3430 454 igitur
3469 379 3594 438 talia
3637 395 3870 452 perma-

571 473 640 532 de
665 492 761 532 sua
780 475 1122 532 restitutione
1152 475 1240 532 vel
1269 491 1302 530 a
1329 476 1459 531 sede
1481 475 1782 546 apostolica
1813 475 2168 542 absolutione,

574 565 715 621 sicut
757 564 1081 636 pracipiunt
1125 565 1350 638 regulae,
1401 563 1456 618 in
1519 564 1628 619 v'ita
1691 580 1788 618 sua
1823 565 2032 635 synodo
2079 563 2175 618 ulli

574 653 832 710 ostendit.
865 652 969 722 Qui
990 653 1108 708 sine
1139 653 1447 708 documenti
1498 653 1823 716 testimonio,
1856 653 1944 707 vel
1985 653 2174 706 litteris

579 741 650 798 de
678 758 776 796 sua
807 741 1170 808 restitutione,
1204 749 1260 796 ut
1289 741 1439 797 Felix
1489 757 1627 812 papa
1678 741 1936 808 decrevit,
2007 741 2176 794 mini-

577 837 754 886 strare
783 829 871 886 vel
897 829 1068 901 recipi
1095 831 1152 884 in
1181 829 1484 885 ministerio
1515 845 1672 884 sacro
1705 845 1812 884 non
1843 829 2086 895 debuit,a
2117 845 2177 884 se

582 925 636 976 et
665 934 697 973 a
724 918 1079 990 plurimarum
1110 919 1516 990 provinciarum
1566 919 1995 987 metrOpolitanis
2053 934 2178 972 cum

582 1007 696 1063 suis
726 1007 1068 1079 coepiscopis
1112 1006 1167 1060 in
1209 1007 1412 1074 judicio
1457 1022 1718 1076 praesens,
1773 1014 1824 1060 et
1873 1007 1942 1063 ad
1991 1007 2179 1060 sedem

579 1095 935 1166 apostolicam
981 1110 1090 1150 non
1129 1095 1451 1164 reclamans,
1493 1102 1860 1150 consonanter
1902 1095 2176 1149 exclusus.

583 1183 818 1240 Maxime
857 1183 988 1256 quia
1030 1200 1130 1255 per
1162 1192 1242 1238 tot
1273 1199 1465 1250 annos,
1513 1184 1674 1238 etiam
1733 1191 1856 1254 post
1901 1191 2182 1252 acceptam

585 1272 907 1328 sententiam
954 1288 987 1328 a
1045 1273 1174 1328 sede
1241 1273 1568 1342 apostolica,
1618 1272 1982 1326 innocentiam
2031 1289 2182 1325 suam

588 1377 698 1416 non
729 1361 981 1431 asseruit,
1016 1377 1180 1433 quam
1211 1361 1590 1416 demonstrare
1621 1377 1730 1414 non
1760 1361 1968 1431 potuit;
2003 1361 2099 1414 sed
2130 1367 2184 1414 et

586 1449 716 1522 quia
745 1457 870 1505 ante
898 1449 1209 1522 regularem
1241 1449 1590 1517 audientiam,
1624 1450 1711 1504 vel
1740 1458 1862 1504 ante
1911 1449 2182 1519 prolatam

585 1545 642 1593 et
687 1536 1063 1593 continuatam
1110 1545 1272 1609 atque
1311 1545 1586 1592 ostensam
1632 1553 1664 1592 a
1713 1539 1843 1592 sede
1889 1537 2183 1608 apostolica

591 1639 747 1680 suam
777 1626 1193 1693 restitutionem,
1225 1643 1324 1697 per
1351 1627 1586 1681 edictum
1617 1627 1900 1697 imperiale
1943 1613 2185 1680 Lotharii

2273 475 2452 530 nendo
2485 474 2776 528 salvendus
2798 479 2904 526 est.

2345 564 2425 616 De
2473 562 2670 616 dilecto
2719 569 2898 615 autem
2943 559 3108 615 fratre
3143 566 3332 614 nostro
3375 559 3607 615 Vulfado
3654 568 3708 616 et
3752 562 3875 630 ejus

2275 651 2523 722 collegis,
2569 651 2639 704 de
2684 650 2878 720 quibus
2924 649 3063 704 mihi
3110 664 3318 702 summa
3352 649 3631 719 dignitatis
3671 657 3877 706 vestra:

2279 739 2576 795 auctoritas
2641 755 2760 810 quae
2805 738 2906 792 sibi
2975 737 3174 807 placuit
3232 736 3468 814 scripsit,
3530 737 3666 792 nihil
3720 738 3874 794 aliud
3969 787 3981 799 ,

2279 828 2547 884 sanctitati
2576 836 2768 882 vestrae
2799 826 3039 882 scribere
3069 825 3408 896 praesumpsi,
3441 825 3546 879 nisi
3577 827 3725 896 quod
3781 827 3876 881 in-

2279 917 2620 987 crepatioues
2649 924 2860 971 vestras
2903 931 3013 970 non
3053 914 3397 986 negligenter
3441 915 3539 968 sed
3579 913 3876 986 diligenter

2281 1006 2537 1076 suscipio,
2600 1013 2652 1060 et
2701 1004 3096 1074 praeceptiones
3159 1002 3480 1057 obedienter
3520 1002 3787 1069 obaudio;
3819 1013 3876 1060 et

2281 1095 2415 1166 quia
2463 1095 2569 1148 illis
2619 1092 2868 1148 sufficere
2933 1092 3095 1146 debet
3166 1091 3486 1162 praestabilis
3535 1091 3876 1148 auctoritatis

2281 1191 2473 1237 vestra}
2517 1181 2842 1251 benignitas,
2895 1188 2948 1234 et
2993 1179 3126 1233 mihi
3173 1179 3508 1234 abundanter
3551 1178 3806 1245 sufﬁciet,
3830 1181 3878 1234 si

2284 1271 2706 1326 satisfactionem
2734 1269 3048 1324 humilitatis
3077 1283 3214 1322 meae
3242 1267 3618 1338 suscipientes,
3639 1269 3872 1325 credere

2283 1359 2490 1431 dignati
2521 1359 2730 1414 fueritis
2759 1375 2846 1412 me
2875 1357 3032 1412 vobis
3063 1356 3376 1426 simpliciter
3395 1357 3701 1426 scripsisse.
3731 1359 3880 1413 Nam

2285 1448 2581 1502 secundum
2611 1447 2975 1501 ordinatorum
3005 1460 3248 1500 meorum
3295 1445 3735 1515 praeceptionem,
3785 1447 3879 1517 qui

2283 1536 2415 1589 mihi
2441 1536 2673 1590 necdum
2704 1535 2916 1590 duobus
2945 1533 3145 1588 exactis
3174 1533 3455 1587 mensibus
3493 1541 3616 1603 post
3645 1534 3877 1590 ordina-

2286 1625 2488 1678 tionem
2509 1639 2707 1688 meam,
2739 1623 2795 1677 in
2827 1623 3034 1694 synodo
3063 1621 3208 1692 apud
3241 1621 3431 1675 Meldis
3459 1622 3728 1677 civitatem
3767 1623 3875 1678 ha-

583 1714 948 1786 imperatoris,
982 1716 1128 1786 quod
1159 1715 1442 1783 habemus,
1479 1715 1840 1769 ministerium
1872 1715 2182 1786 episcopale
2210 1746 2263 1806 B
2289 1713 2397 1766 bita
2417 1719 2816 1782 praeceperunt,
2853 1719 3074 1765 eatenus
3105 1709 3394 1806 ignoranti,
3428 1710 3575 1781 quod
3603 1711 3720 1766 Ebo
3750 1720 3878 1782 post

585 1803 952 1875 praesumpsit,
986 1804 1152 1875 quod,
1187 1811 1243 1857 ut
1275 1803 1529 1858 Gelasius
1567 1804 1622 1856 in
1661 1803 1904 1873 epistolis
1953 1805 2066 1858 suis
2113 1805 2182 1858 de

586 1892 774 1948 Acacii
813 1891 1161 1946 damnatione
1223 1891 1478 1958 ostendit,
1529 1891 1968 1946 manifestissime
2012 1892 2184 1946 sacris

589 1987 673 2035 est
701 1981 1002 2036 canonibus
1049 1980 1346 2048 inimicum,
1419 1981 1596 2052 qualia
1654 1988 1706 2034 et
1747 1989 1942 2052 quanta
1980 1981 2185 2050 judicia

585 2067 874 2125 incurrerit
897 2069 1090 2124 melius
1111 2069 1215 2140 ipsi
1246 2069 1421 2125 scitis.
1451 2071 1592 2124 Nam
1624 2077 1677 2123 et
1711 2069 1776 2136 si,
1830 2077 1887 2124 ut
1926 2069 2182 2140 praedixi-

585 2173 730 2224 mus,
762 2157 1014 2230 exigente
1052 2157 1378 2228 imperatore
1407 2159 1684 2223 Lothario,
1719 2174 1751 2212 a
1783 2159 1912 2212 sede
1958 2165 2182 2227 aposto-

585 2244 690 2302 lica
718 2245 913 2302 litterae
942 2246 1125 2302 missae
1155 2245 1368 2300 fuerunt
1395 2263 1497 2317 pro
1529 2248 1739 2317 synodo
1790 2263 1856 2301 ex
1887 2248 1988 2301 hac
2018 2262 2185 2302 causa

589 2335 995 2408 congreganda,
1017 2351 1139 2390 cum
1170 2335 1383 2407 legatus
1413 2335 1584 2405 ipsius
1617 2335 1762 2389 sedis
1791 2335 1844 2388 in
1876 2336 1975 2388 has
2005 2342 2183 2406 partes

588 2421 818 2490 veniret,
853 2429 1034 2479 tamen
1062 2423 1201 2479 sicut
1245 2424 1311 2477 ad
1359 2423 1564 2478 nullam
1611 2425 1897 2495 synodum,
1945 2425 2039 2477 sed
2085 2439 2183 2478 nec

587 2511 660 2568 ad
706 2527 824 2566 eam
877 2527 1043 2584 quam
1103 2512 1446 2567 Guntboldus
1503 2513 1816 2566 auctoritate
1885 2512 2185 2566 litterarum

587 2599 774 2655 domui
801 2601 982 2672 Sergii
1009 2616 1163 2672 papa:
1184 2600 1563 2674 congregavit,
1599 2601 1774 2655 isdem
1807 2601 1924 2656 Ebo
1979 2616 2183 2656 conve-

589 2688 671 2743 nit
701 2706 718 2744 :
749 2688 824 2743 ita
848 2705 951 2744 nec
979 2689 1179 2744 missus
1207 2706 1236 2743 a
1268 2690 1398 2744 sede
1428 2689 1729 2760 apostolica
1761 2706 1861 2760 pro
1893 2691 2102 2760 synodo
2119 2706 2182 2745 ex

588 2775 695 2832 hoc
723 2777 1114 2850 congreganda
1145 2779 1200 2832 in
1231 2777 1364 2833 istas
1408 2785 1591 2848 partes
1639 2778 1876 2844 advenit,
1921 2778 2084 2832 veluti
2134 2787 2186 2834 et

589 2864 818 2936 epistola
845 2865 1015 2936 ipsius
1045 2866 1407 2936 imperatoris,
1447 2882 1656 2921 necnon
1709 2875 1762 2921 et
1808 2867 2184 2937 episcoporum

589 2953 845 3028 Belgicae,
879 2953 1088 3020 Galliae,
1122 2954 1390 3010 Neustriae
1435 2963 1490 3010 et
1533 2955 1838 3026 Aquitaniae
1880 2955 2188 3026 provincia-

589 3057 713 3098 rum
743 3041 990 3115 epistola,
1007 3059 1132 3099 cum
1160 3043 1354 3098 litteris
1374 3043 1560 3099 domni
1589 3043 1734 3114 regis
1765 3044 1968 3110 Caroli,
1990 3052 2188 3099 sanctae

2285 1801 2679 1871 depositionem
2727 1816 2878 1854 suam
2925 1799 3136 1870 aliquos
3182 1797 3238 1850 in
3288 1798 3579 1853 Rbemensi
3623 1799 3878 1855 Ecclesia

2283 1889 2632 1954 ordinaverit,
2665 1899 2720 1942 ut
2761 1889 2841 1942 eis
2883 1902 3096 1942 mecum
3140 1901 3312 1956 usque
3356 1887 3427 1940 ad
3472 1887 3878 1959 diligentiorem

2285 1985 2570 2032 tractatum
2597 1977 2910 2031 ministrare
2931 1991 3050 2041 non
3084 1973 3473 2044 permitterem,
3510 1975 3620 2047 egi.
3667 1977 3734 2030 Et
3773 1979 3884 2033 hoc

2282 2068 2462 2136 ipsum
2497 2066 2706 2121 eisdem
2743 2064 3023 2129 fratribus,
3065 2063 3394 2118 decernente
3457 2063 3881 2136 Carthaginensi

2283 2154 2512 2210 concilio
2534 2163 2591 2208 ut
2619 2150 3183 2224 ordinatisepiscopis
3231 2149 3318 2206 vel
3367 2150 3578 2207 clericis
3623 2154 3779 2224 prius
3811 2155 3880 2209 ab

2283 2243 2683 2298 ordinatoribus
2717 2243 2829 2298 suis
2865 2243 3063 2314 placita
3107 2239 3462 2295 conciliorum
3509 2243 3729 2296 auribus
3775 2259 3881 2300 eo-

2283 2347 2400 2386 rum
2431 2332 2789 2398 inculcentur,
2824 2349 2892 2386 ne
2919 2349 2976 2387 se
3019 2333 3222 2407 aliquid
3269 2339 3458 2388 contra
3503 2339 3698 2386 statuta
3743 2347 3883 2388 con-

2283 2421 2394 2476 cilii
2422 2419 2618 2475 fecisse
2641 2421 2952 2492 pmniteant,
2986 2439 3084 2492 per
3112 2423 3408 2478 Pardulum
3438 2430 3562 2476 tunc
3591 2421 3883 2476 diaconum

2283 2509 2545 2566 Ecclesiae
2573 2511 2896 2565 Rhemensis
2930 2511 3022 2580 qui
3068 2512 3308 2566 interfuit
3337 2511 3545 2584 synodo
3573 2510 3884 2567 mandave-

2285 2608 2430 2654 runt.
2479 2600 2745 2668 Quoniam
2809 2615 3049 2655 canones
3107 2602 3441 2672 posteriores
3508 2599 3882 2654 anterioribus

2279 2689 2470 2758 jubent
2499 2689 2734 2754 deferre,
2769 2697 2891 2760 post
2921 2689 3186 2760 synodum
3227 2690 3369 2762 apud
3416 2688 3739 2744 Suessiones
3770 2689 3884 2753 ha-

2286 2778 2473 2844 bitam,
2507 2795 2630 2834 cum
2659 2794 2848 2832 eorum
2878 2778 3088 2849 litteris,
3123 2795 3351 2850 quarum
3381 2778 3658 2848 exemplar
3709 2777 3887 2832 habe-

2285 2883 2427 2935 mus,
2477 2876 2530 2922 et
2581 2883 2720 2938 quas
2769 2868 2822 2920 in
2877 2868 3123 2922 Romano
3185 2867 3384 2924 scrinio
3434 2866 3666 2922 inveniri
3714 2882 3888 2936 posse

2287 2956 2556 3022 existimo,
2583 2972 2702 3011 cum
2725 2955 2862 3010 meis
2891 2971 2991 3026 pro
3037 2972 3228 3010 eorum
3279 2955 3538 3028 petitione
3579 2955 3797 3021 litteris,
3834 2963 3892 3011 et

2287 3061 2409 3100 cum
2452 3043 2570 3099 aliis
2607 3043 2914 3114 potionibus
2973 3045 3129 3110 meis,
3178 3045 3248 3100 ad
3291 3045 3477 3100 sedem
3523 3042 3890 3114 apostolicam

587 3131 870 3188 memoria:
899 3132 1066 3186 Leoni
1094 3147 1250 3204 papae
1278 3133 1520 3198 directae,
1557 3148 1692 3203 quas
1733 3133 1788 3186 in
1836 3132 2033 3186 scrinio
2075 3134 2186 3188 Ro-
2217 3105 2265 3168 Ο
2289 3133 2490 3188 domno
2518 3149 2674 3203 papae
2706 3133 2871 3188 Leoni
2900 3149 2998 3203 pro
3045 3133 3429 3188 conﬁrmandis
3474 3147 3665 3188 eorum
3709 3132 3890 3204 gestis

587 3235 749 3275 mano
779 3220 1051 3276 credimus
1081 3220 1308 3289 servari,
1358 3221 1750 3276 demonstrant.
1787 3220 1984 3293 Sicque
2014 3236 2186 3291 saepe-

591 3307 766 3363 dictus
794 3308 932 3374 Ebo,
964 3309 1169 3380 absque
1196 3309 1308 3363 ulla
1336 3309 1656 3379 repetitione
1686 3309 1773 3364 vel
1805 3310 2186 3364 reclamatione

591 3411 702 3451 suae
717 3395 866 3450 sedis
882 3397 1025 3467 apud
1038 3412 1420 3468 quamcunque
1437 3397 1819 3467 synodum,vel
1839 3399 1980 3468 apud
2001 3399 2187 3453 sedem

590 3483 1006 3556 apostolicam,a
1035 3499 1143 3556 qua
1170 3483 1347 3539 fuerat
1377 3486 1658 3540 decretum
1697 3491 1756 3538 ut
1802 3501 1904 3540 nec
1947 3502 2190 3540 commu-

589 3573 811 3630 nionem
831 3572 974 3629 inter
1001 3573 1232 3630 clericos
1263 3573 1582 3644 susciperet,
1612 3581 1736 3644 post
1769 3575 1930 3628 datas
1975 3575 2188 3628 litteras

592 3677 746 3735 papae
779 3661 956 3733 Sergii
986 3678 1084 3732 pro
1115 3662 1322 3734 synodo
1353 3679 1418 3718 ex
1447 3664 1552 3718 hac
1583 3677 1751 3718 causa
1779 3663 2184 3736 congreganda,

593 3765 719 3806 cum
747 3749 946 3805 missos
977 3760 1104 3805 Suos
1146 3750 1203 3804 in
1243 3751 1374 3806 istas
1412 3759 1596 3821 partes
1639 3751 1920 3821 dirigeret,
1973 3759 2025 3806 et
2067 3758 2189 3822 post

595 3837 866 3910 synodum
893 3839 1206 3894 auctoritate
1233 3839 1534 3894 litterarum
1576 3839 1745 3910 ipsius
1777 3847 2184 3912 congregatam,

596 3941 705 4000 quo
725 3933 969 3994 vocatus,
1000 3935 1058 3981 ut
1085 3927 1450 3998 praediximus,
1485 3943 1594 3982 non
1627 3928 1898 3995 convenit,
1931 3944 2104 3998 usque
2120 3929 2190 3982 ad

595 4014 803 4072 obitum
855 4031 1016 4070 suum
1061 4015 1374 4086 permansit.
1422 4016 1706 4082 Videlicet,
1759 4017 1897 4071 sicut
1940 4017 2190 4086 superius

593 4111 910 4160 memoratae
940 4103 1132 4159 litterae
1177 4105 1514 4160 auctoritatis
1561 4113 1753 4160 vestrae
1797 4105 2187 4175 demonstrant,

593 4192 718 4248 talis
745 4207 777 4248 a
805 4193 938 4248 sede
969 4192 1271 4264 apostolica
1291 4200 1344 4248 et
1373 4209 1516 4264 papa
1548 4193 1742 4265 Sergio
1761 4193 1993 4262 habitus,
2019 4193 2192 4264 qualis

595 4282 664 4336 ab
690 4281 810 4337 aliis
840 4297 948 4337 non
977 4281 1333 4355 ignorabatur
1357 4283 1566 4348 haberi,
1600 4283 1656 4337 id
1677 4289 1778 4347 est,
1810 4289 1866 4336 ut
1885 4283 2056 4337 codex
2079 4281 2192 4352 epi-

599 4370 834 4442 scopalis
864 4371 1120 4439 ostendit,
1149 4387 1252 4441 pro
1279 4371 1597 4426 criminibus
1627 4371 1740 4426 suis
1770 4372 1974 4426 honore
2011 4371 2192 4441 priva-

2289 3237 2356 3276 ex
2386 3221 2591 3276 eisdem
2622 3221 2880 3276 fratribus
2919 3222 2989 3275 ad
3033 3223 3298 3293 synodum
3341 3237 3448 3276 non
3491 3219 3707 3286 coactis,
3756 3237 3887 3290 quae

2289 3325 2395 3364 non
2429 3310 2641 3380 scripsi,
2674 3326 2774 3364 nec
2803 3309 2882 3364 eis
2922 3311 3242 3380 subscripsi,
3295 3309 3431 3366 sicut
3473 3318 3526 3364 et
3567 3309 3622 3363 in
3670 3310 3888 3380 synodo

2289 3407 2472 3455 vestra
2501 3399 2819 3455 auctoritate
2849 3399 3077 3454 collecta
3109 3399 3344 3464 ostendi,
3372 3414 3459 3452 me
3475 3398 3740 3453 direxisse
3769 3414 3887 3455 non

2290 3489 2524 3558 denego.
2556 3489 2617 3541 In
2646 3489 2844 3560 quibus
2874 3487 3043 3558 gestis
3064 3504 3246 3542 veram
3276 3486 3624 3558 praefatorum
3655 3485 3888 3544 fratrum

2289 3577 2732 3648 prosecutionem
2753 3578 3044 3630 adversum
3093 3593 3180 3632 me
3230 3577 3446 3632 silentio
3491 3591 3601 3632 non
3647 3574 3883 3633 timavi.

2290 3665 2446 3720 Unde
2479 3681 2544 3719 ex
2601 3665 2874 3720 communi
2943 3680 3233 3731 consensu,
3285 3667 3584 3721 secundum
3639 3680 3888 3722 canones

2291 3753 2427 3808 sicut
2467 3769 2562 3808 eos
2609 3753 2988 3820 intelleximus,
3031 3753 3242 3823 judices
3285 3755 3599 3825 postulavi;
3651 3770 3889 3826 quorum

2293 3842 2612 3896 sententiam
2659 3842 2993 3914 sequendam
3036 3843 3146 3898 vidi
3193 3859 3474 3916 usquequo
3515 3843 3732 3912 majoris
3777 3859 3888 3898 au-

2291 3930 2555 3986 ctoritatis
2586 3931 2740 3984 aliter
2769 3931 2964 3985 exinde
2995 3931 3367 3988 ditﬁnitionem
3411 3933 3739 4003 acciperem.
3769 3933 3887 3988 Re-

2293 4027 2447 4089 cepta
2471 4027 2651 4074 autem
2677 4019 2858 4074 domni
2881 4037 3035 4090 papae
3061 4021 3256 4076 Leonis
3279 4021 3619 4076 excusatoria
3650 4021 3891 4091 epistola

2293 4125 2390 4162 cur
2436 4109 2626 4163 eadem
2668 4117 2820 4179 gesta
2883 4125 2989 4163 non
3035 4109 3450 4177 conﬁrmaverit,
3500 4110 3690 4164 dicens
3739 4109 3890 4166 inter

2293 4206 2507 4263 caetera,
2546 4219 2567 4247 «
2601 4214 2792 4252 causas
2817 4214 2916 4268 pro
2957 4198 3152 4270 quibus
3200 4199 3303 4254 hoc
3341 4214 3515 4270 usque
3561 4199 3629 4252 ad
3667 4206 3887 4270 tempus

2294 4286 2676 4357 suspendimus
2705 4287 2956 4342 charitati
2986 4296 3182 4342 vestrae
3211 4288 3472 4342 dicemus.
3507 4287 3690 4342 Prima
3718 4287 3890 4358 igitur

2292 4375 2410 4431 haec
2440 4383 2539 4442 est,
2575 4375 2698 4446 quia
2726 4377 2861 4430 sicut
2893 4376 2960 4429 ab
2992 4376 3262 4447 episcopis
3292 4375 3680 4447 prmnominata
3709 4393 3889 4448 syno-

597 4466 706 4526 tus,
742 4468 796 4514 et
824 4459 894 4514 ab
924 4458 1172 4513 Ecclesia
1212 4460 1422 4529 pulsus,
1465 4467 1518 4514 et
1559 4459 1702 4524 ideo,
1751 4466 1877 4514 ante
1919 4459 2191 4530 synodalis
2210 4463 2263 4523 D
2295 4465 2395 4518 dus
2423 4463 2626 4520 utiliter
2656 4465 2914 4520 ventilata
2945 4465 3058 4519 sive
3089 4465 3261 4536 sopita
3292 4473 3392 4534 est,
3439 4466 3513 4521 ita
3542 4481 3642 4535 per
3671 4465 3892 4538 aliquos

599 4547 866 4604 examinis
901 4546 1317 4614 discussionem,
1369 4547 1438 4602 ad
1481 4562 1647 4618 quam
1692 4548 1792 4602 Dei
1830 4547 2034 4616 judicio
2082 4564 2192 4603 non

601 4637 868 4708 pervenit,
902 4637 1204 4693 secundum
1259 4651 1446 4692 sacros
1501 4637 1755 4692 Nicaenos
1813 4652 2054 4692 canones
2083 4653 2191 4694 non

601 4733 874 4799 receptus.

673 4811 832 4882 Quod
869 4830 1024 4888 ergo,
1071 4822 1131 4870 ut
1172 4814 1281 4870 Leo
1337 4813 1541 4881 scribit,
1605 4829 1829 4870 manens
1865 4814 1923 4869 in
1963 4829 2190 4886 corpore

601 4912 714 4958 non
767 4904 994 4974 recepit,
1049 4903 1309 4976 consequi
1366 4909 1558 4958 exutus
1613 4919 1772 4958 carne
1828 4919 1936 4960 non
1959 4905 2188 4975 poterit;

600 4989 739 5047 sicut
791 4999 1008 5046 sanctus
1049 4993 1301 5048 Gelasius
1331 4993 1399 5048 de
1431 4992 1634 5047 Acacio
1651 4992 1799 5058 dicit,
1851 4993 1940 5063 qui
1980 5009 2012 5048 a
2061 4993 2193 5048 sede

601 5079 898 5151 apostolica
925 5080 1208 5136 damnatus
1237 5089 1291 5136 et
1318 5097 1425 5137 non
1455 5082 1752 5147 restitutus,
1801 5081 1927 5136 licet
1958 5085 2191 5136 Anasta-

598 5168 712 5223 sius
741 5184 904 5241 papa,
947 5169 1083 5225 sicut
1130 5168 1185 5224 in
1229 5169 1370 5225 libro
1421 5169 1714 5242 episcopali
1761 5169 2012 5242 legimus,
2067 5187 2191 5226 eum

602 5256 848 5331 recipere
877 5257 1124 5328 voluerit,
1155 5258 1325 5313 vitam
1358 5258 1549 5315 ﬁnivit.
1593 5259 1741 5313 Talis
1763 5265 1864 5324 est,
1917 5259 2188 5330 inquiens,

600 5345 780 5402 dictus
810 5346 989 5420 qualis
1017 5347 1264 5418 signatus
1293 5355 1376 5400 est
1402 5363 1677 5421 nunquam
1711 5362 1832 5402 esse
1875 5347 2188 5418 solvendus,

594 5435 718 5490 talis
747 5451 919 5510 usque
949 5435 1006 5491 in
1028 5433 1193 5491 ﬁnem
1218 5435 1536 5510 permansit,
1569 5435 1696 5490 talis
1725 5450 1849 5490 esse
1878 5451 1986 5492 non
2017 5437 2189 5492 desti-

589 5533 673 5590 tit.
703 5529 784 5590 Ita
811 5533 938 5590 talis
965 5542 1049 5591 est
1085 5535 1248 5593 hodie
1277 5535 1455 5608 qualis
1493 5543 1577 5590 est
1613 5543 1666 5592 et
1695 5535 1892 5601 dictus,
1926 5553 2036 5592 non
2066 5537 2190 5594 talis

2293 4570 2359 4608 ex
2398 4553 2496 4620 eis,
2541 4561 2598 4607 ut
2646 4553 2907 4608 dubitatio
2952 4553 3095 4609 foret
3141 4554 3394 4609 radicitus
3437 4553 3642 4619 evulsa,
3689 4562 3894 4613 statuta

2292 4650 2488 4698 vestrae
2514 4641 2706 4714 synodi
2729 4643 3003 4697 destinare
3050 4642 3348 4707 debuistis;
3387 4664 3409 4693 ν
3458 4642 3710 4698 nesciens
3759 4645 3894 4716 quia

2292 4747 2394 4786 nos
2423 4731 2819 4802 metropolitani
2847 4731 2900 4785 in
2950 4732 3066 4786 istis
3111 4731 3426 4804 regionibus
3469 4747 3577 4786 non
3621 4732 3894 4790 habemus

2291 4827 2614 4893 potestatem
2634 4828 2692 4876 ut
2721 4821 2836 4876 sine
2869 4837 3141 4876 consensu
3181 4820 3268 4876 vel
3310 4821 3554 4891 jussione
3596 4821 3744 4894 regis
3794 4832 3894 4878 aut

2292 4926 2394 4964 nos
2425 4909 2528 4980 ipsi
2559 4909 2638 4964 ire.
2670 4918 2762 4964 aut
2799 4909 3156 4980 coepiscopos
3189 4917 3405 4964 nostros
3445 4925 3715 4982 quoquam
3768 4911 3894 4968 lon-

2292 5000 2413 5070 gius
2440 4993 2711 5070 possimus
2741 4999 2998 5070 dirigere.
3032 4998 3311 5066 Subjunxit
3367 5006 3545 5053 autem
3574 4997 3719 5053 idem
3749 5015 3895 5070 pon-

2293 5088 2419 5142 tifex
2449 5089 2504 5144 in
2535 5088 2648 5142 suis
2671 5087 2984 5158 apostolicis
3006 5087 3194 5142 litteris
3221 5087 3411 5142 dicens
3449 5105 3461 5140 :
3500 5108 3522 5138 α
3556 5087 3677 5143 Alia
3706 5097 3894 5146 autem

2287 5177 2436 5248 juxta
2466 5185 2648 5232 votum
2677 5177 2840 5231 vestri
2869 5175 3124 5231 desiderii
3154 5175 3206 5228 id
3239 5191 3338 5230 nos
3367 5177 3631 5247 perlicere
3661 5177 3892 5234 minime

2292 5265 2556 5336 permisit,
2591 5282 2656 5320 eo
2688 5267 2831 5338 quod
2862 5266 3024 5336 legati
3054 5264 3200 5318 sedis
3230 5265 3545 5334 apostolica;
3582 5275 3891 5336 praesentes

2291 5355 2492 5410 ibidem
2523 5371 2630 5408 non
2661 5354 2895 5421 fuerunt,
2931 5369 3109 5424 neque
3147 5353 3438 5424 imperialis
3467 5353 3697 5424 epistola
3724 5357 3891 5412 nobis

2292 5443 2414 5498 talis
2459 5452 2540 5498 est
2586 5450 2931 5515 praesentata,
2985 5458 3106 5513 quae
3170 5443 3271 5496 hoc
3319 5443 3463 5514 quod
3521 5444 3890 5512 expetendum

2291 5542 2514 5597 misistis
2545 5541 2852 5613 specialiter
2901 5540 3141 5596 indicare
3188 5540 3471 5611 potuisset.
3520 5539 3726 5609 Quarta
3779 5543 3891 5598 sci-
