4026 6314
233 263 302 317 κ
1699 268 1848 322 EPIS
1859 266 2068 325 TOLE.
3466 285 3542 340 86‘

233 387 360 444 licet
388 400 560 443 causa
737 396 842 459 est,
873 390 1000 462 quia
1024 392 1082 479 bi
1110 406 1248 462 quos
1277 391 1552 462 depositos
1601 391 1839 446 charitas
1865 395 1916 452 Α
1941 397 2080 452 scire
2110 407 2162 452 et
2190 416 2354 470 posse
2383 402 2608 460 obedire
2639 413 2692 460 et
2719 421 3042 464 conservare
3071 408 3332 465 curabo.»
3365 408 3542 479 Quam

237 485 424 532 vestra
451 477 776 533 auctoritate
805 479 999 551 synodi
1029 478 1146 535 fore
1173 479 1418 546 affirmat,
1447 496 1544 551 per
1597 481 1843 552 proprias

230 564 444 620 litteras
469 566 666 621 sedem
695 567 1049 637 apostolicam
1101 569 1358 639 appellati
1402 575 1544 635 sunt,
1577 576 1632 624 et
1657 569 1846 624 volunt

233 654 427 708 iterum
484 661 682 710 nostra
734 671 794 710 se
850 657 1164 726 Apostolica
1216 657 1392 712 audiri
1448 658 1758 729 praesentia,
1791 665 1845 712 et

231 749 359 798 tunc
388 741 438 797 si
466 743 776 814 culpabiles
819 743 1024 800 inventi
1073 744 1293 818 fuerint,
1343 761 1453 800 non
1498 763 1558 801 se
1605 746 1844 801 abnuunt

238 831 568 887 canonicam
595 832 784 887 subire
811 849 1120 889 censuram.
1159 855 1182 884 υ

301 921 372 974 Et
399 928 696 992 postquam
725 922 828 977 has
857 922 1068 978 litteras
1097 923 1282 978 domni
1311 940 1466 995 papae
1504 924 1700 980 Leonis
1754 939 1844 979 ac-

232 1008 370 1079 cepi,
405 1009 548 1064 sicut
580 1009 716 1065 mihi
745 1011 995 1077 innotuit,
1029 1012 1264 1067 domnus
1293 1013 1597 1082 Lotharius,
1629 1021 1846 1083 petente

239 1098 477 1168 quodam
508 1099 773 1170 episcopo
803 1101 958 1172 regni
987 1105 1071 1155 sui
1109 1101 1202 1172 qui
1233 1102 1408 1157 adhuc
1438 1101 1588 1170 vivit,
1619 1118 1717 1172 per
1745 1103 1847 1156 Pe-

239 1194 376 1240 trum
435 1186 727 1241 Aretinum
781 1189 1092 1259 episcOpum
1151 1189 1378 1260 praefato
1437 1191 1638 1246 domno
1691 1205 1847 1260 papas

241 1275 522 1330 mandavit
552 1284 609 1330 ut
640 1285 797 1348 gesta
837 1277 1217 1348 episcoporum
1247 1279 1315 1334 de
1369 1279 1576 1334 eisdem
1634 1279 1848 1334 clericis

238 1377 345 1418 non
374 1361 644 1419 ﬁrmaret.
678 1364 814 1434 Quae
842 1381 964 1420 cum
1003 1367 1073 1421 ad
1129 1366 1322 1422 fratres
1381 1375 1436 1422 et
1491 1367 1848 1438 coepiscopos

236 1459 457 1507 nostros
509 1452 694 1519 retuli,
759 1454 1077 1526 rogantibus
1107 1455 1187 1509 eis
1215 1456 1360 1526 apud
1399 1456 1712 1510 Lotharium
1741 1456 1847 1509 im-

230 1549 557 1611 peratorem,
618 1541 909 1611 epistolam
965 1543 1184 1609 exinde,
1249 1543 1368 1614 ipso
1425 1561 1490 1598 ex
1522 1545 1706 1599 animo
1735 1545 1848 1598 lar-

232 1630 436 1701 giente,
471 1645 576 1700 per
636 1629 839 1685 missos
869 1647 1022 1686 meos
1050 1632 1278 1696 obtinui,
1313 1633 1404 1686 ubi
1460 1633 1602 1686 inter
1655 1641 1849 1687 caetera

1941 485 2224 555 epistolam
2255 489 2458 547 idcirco
2499 501 2555 547 ut
2611 495 2878 550 veraciter
2927 497 3080 552 vobis
3136 497 3396 555 conﬁtear
3451 498 3532 555 ai-

1942 573 2184 645 gillatam
2214 594 2325 633 non
2353 581 2494 648 misi,
2529 583 2652 654 quia
2684 585 2924 654 synodus
2961 586 3240 656 epistolam
3268 603 3302 643 a
3331 603 3391 643 se
3445 587 3536 643 di-

1941 671 2145 718 rectam
2173 683 2282 721 non
2313 669 2590 741 sigillavit,
2631 672 2835 728 ducens
2881 674 3260 747 incongruum,
3311 683 3370 732 ut
3398 691 3540 749 quo-

1943 751 2087 806 niam
2115 755 2559 829 archiepiscOpus
2587 761 2656 816 de
2685 761 2804 832 ipsa
2833 765 3064 833 synodo,
3107 765 3199 835 qui
3229 764 3405 820 eidem
3436 781 3536 821 ve-

1943 841 2067 895 stris
2121 843 2189 897 ad
2244 861 2363 900 eam
2420 857 2644 904 vocatus
2700 851 3012 921 apostolicis
3055 852 3249 908 litteris
3279 852 3536 920 interfuit,

1943 929 2014 983 ad
2044 947 2142 985 vos
2167 933 2495 1006 mittebatur,
2533 939 2686 1009 quasi
2712 939 2994 996 incredulo
3022 941 3251 1012 epistola
3305 941 3547 1013 sigillata

1944 1021 2388 1092 committeretur,
2423 1034 2476 1080 et
2505 1028 2649 1098 quod
2679 1029 2918 1099 synodus
2938 1045 3045 1084 non
3075 1030 3188 1102 egit
3217 1046 3322 1101 ego
3351 1046 3539 1104 agere,

1945 1123 2012 1162 ne
2038 1111 2348 1167 scandalum
2377 1115 2624 1186 cuiquam
2653 1132 2998 1188 generarem,
3031 1134 3139 1174 non
3193 1119 3539 1190 praesumpsi.

2019 1199 2282 1255 Sanctitas
2310 1201 2476 1274 igitur
2502 1214 2704 1272 vestra,
2737 1207 2996 1262 charitate
3026 1224 3148 1280 quae
3174 1207 3357 1264 omnia
3414 1224 3542 1263 cre-

1945 1287 2025 1341 dit
2058 1289 2279 1358 repleta,
2313 1292 2579 1347 veraciter
2605 1293 2738 1348 mihi
2791 1297 2998 1364 credat,
3051 1297 3179 1368 quia
3220 1295 3540 1368 simpliciter

1948 1384 2002 1430 et
2029 1376 2236 1448 absque
2267 1379 2379 1451 ullo
2407 1381 2534 1436 dolo
2557 1382 2613 1436 in
2643 1384 2977 1438 restitutione
3006 1385 3394 1456 praedictorum
3423 1384 3539 1442 fra-

1947 1473 2108 1530 trum,
2142 1475 2430 1538 postquam
2463 1479 2699 1526 vestram
2727 1473 3136 1542 dispositionem
3166 1474 3294 1530 inde
3324 1473 3543 1541 rescivi,

1949 1568 2012 1607 ex
2047 1554 2295 1609 benivola
2325 1565 2504 1611 mente
2536 1561 2810 1626 consensi,
2856 1569 2906 1616 et
2958 1561 3273 1632 simpliciter
3328 1578 3395 1618 ac
3425 1563 3543 1618 sine

1948 1643 2059 1696 ullo
2089 1644 2214 1698 dolo
2245 1645 2434 1714 scripsi
2465 1663 2585 1717 quae
2613 1655 2811 1703 vestrae
2839 1649 3112 1706 sanctitati
3169 1651 3466 1706 transmisi.
3499 1653 3547 1706 Α

233 1716 306 1772 ita
332 1717 608 1812 scriptum
623 1718 895 1812 hebetari
933 1741 954 1769 α
979 1720 1087 1812 ξθά
1116 1720 1183 1774 ad
1207 1729 1421 1774 nostras
1438 1721 1917 1812 petitioneSfX-B
1949 1747 2058 1802 quo
2088 1748 2358 1787 consensu
2391 1716 2555 1788 modo
2603 1737 2842 1807 quolibet
2896 1746 3088 1808 postea
3163 1755 3272 1795 non
3326 1739 3546 1806 diverti,

240 1806 620 1877 sequendaset
636 1807 963 1862 obtinendas
993 1810 1209 1862 Petrum
1235 1809 1600 1864 venerabilem
1633 1818 1683 1864 et
1712 1809 1850 1864 dile-

237 1894 538 1950 ctissimum
571 1895 737 1950 nobis
759 1896 1090 1966 Spoletinum
1123 1897 1440 1968 episcOpum
1463 1899 1585 1952 viva
1605 1914 1740 1952 voce
1755 1913 1853 1954 no-

231 1990 334 2036 stra
363 1983 488 2038 vice
517 1993 898 2039 exsecutorem
927 1985 1296 2050 instruximus;
1334 1995 1386 2039 et
1415 1986 1581 2040 alium
1609 1987 1848 2053 Petrum,

233 2064 608 2126 venerabilem
638 2087 795 2143 atque
825 2081 878 2128 et
905 2074 1337 2128 amantissimum
1367 2075 1684 2145 episc0pum
1715 2078 1854 2130 Are-

234 2161 425 2229 tinum,
457 2159 654 2215 litteris
685 2162 1142 2229 commonuimus,
1177 2171 1229 2217 et
1250 2163 1387 2218 alios
1419 2163 1608 2218 ﬁdeles
1637 2172 1850 2218 vestros

234 2258 396 2320 atque
428 2257 650 2304 nostros
679 2249 930 2306 similiter
959 2251 1084 2305 inde
1116 2252 1442 2320 monuimus,
1481 2273 1503 2302 υ
1533 2260 1587 2306 et
1615 2253 1846 2324 reliqua.

239 2338 440 2410 Sicque
464 2354 594 2392 cum
624 2339 732 2393 ista
761 2339 1006 2410 epistola,
1039 2348 1091 2393 et
1121 2355 1246 2396 cum
1275 2341 1549 2412 legatione
1605 2341 1850 2412 impera-

232 2428 384 2492 toris,
421 2443 528 2498 per
559 2426 840 2497 prmfatum
870 2429 1237 2483 venerabilem
1279 2429 1596 2500 episcopum
1651 2429 1851 2484 missos

232 2531 384 2570 meos
415 2530 548 2570 cum
576 2515 773 2570 litteris
807 2516 1036 2571 Romam
1064 2517 1255 2586 direxi,
1283 2518 1480 2589 quibus
1511 2517 1566 2571 in
1597 2518 1686 2573 via
1719 2534 1854 2572 nun-

235 2604 340 2658 tius
371 2603 522 2658 venit
551 2604 624 2660 de
651 2605 800 2659 obitu
830 2621 984 2676 papae
1013 2606 1231 2662 Leonis.
1256 2605 1640 2661 Pervenientes
1671 2615 1851 2661 autem

240 2693 452 2748 Roman
497 2707 627 2749 cum
683 2692 927 2764 praefatis
980 2694 1192 2760 litteris,
1257 2703 1307 2748 et
1363 2695 1850 2749 intervenientibus

232 2781 516 2852 pmdictis
547 2781 842 2852 episcopis,
875 2783 1109 2837 domnus
1138 2783 1359 2838 nomine
1391 2792 1442 2837 et
1472 2785 1647 2854 gratia
1677 2783 1852 2839 Bene-

239 2870 417 2924 dictus
446 2869 585 2925 mibi
616 2871 764 2940 quod
791 2871 994 2925 nostris
1051 2871 1394 2944 privilegium
1448 2871 1574 2926 inde
1632 2871 1847 2926 direxit.

235 2958 520 3030 Synodum
579 2967 763 3014 autem
818 2975 920 3029 pro
975 2975 1120 3030 smpe
1177 2961 1337 3015 dictis
1395 2959 1631 3026 clericis,
1685 2969 1774 3014 aut
1819 2975 1852 3014 a

236 3047 393 3102 Petro
428 3046 732 3118 Spoletina,
767 3055 859 3102 aut
888 3048 958 3101 ab
981 3048 1087 3102 alio
1135 3049 1318 3119 aliquo
1374 3049 1431 3102 in
1485 3049 1603 3103 istis
1659 3049 1849 3120 regio-

234 3135 417 3201 nibus,
451 3150 558 3190 nee
588 3134 736 3190 fama
761 3151 862 3190 nec
892 3136 1114 3191 veritate
1149 3153 1211 3190 ex
1255 3137 1557 3208 apostolica
1605 3137 1848 3192 auctori-
1880 3108 1928 3171 C

236 3232 338 3278 tate
370 3233 785 3296 congregatam,
819 3224 904 3279 vel
933 3226 1258 3297 congregari
1310 3227 1540 3294 jussam,
1597 3225 1738 3280 sicut
1796 3234 1849 3280 et

239 3328 338 3383 per
368 3313 514 3368 alios
542 3313 598 3366 in
627 3313 746 3366 istis
775 3313 1023 3383 partibus
1053 3314 1258 3368 rescire
1307 3315 1553 3384 potestis,
1608 3329 1848 3385 unquam

237 3401 438 3455 audivi.
473 3401 592 3455 Nisi
624 3401 774 3456 illam
805 3418 926 3472 qum
957 3417 1102 3456 anno
1156 3402 1434 3472 praeterito
1493 3410 1689 3457 vestrae
1747 3417 1848 3456 au-

233 3489 502 3544 ctoritatis
529 3490 775 3558 jussione
806 3490 1006 3545 exsuitit
1035 3491 1452 3563 congregatadn
1501 3507 1608 3562 qua
1662 3506 1849 3546 eorum

237 3578 565 3633 restitutioni
614 3579 918 3634 secundum
966 3579 1312 3634 traditionem
1369 3580 1636 3649 majorum
1688 3595 1848 3650 para-

235 3667 444 3722 tissime
505 3667 691 3722 annui.
755 3665 928 3734 Quam
983 3677 1338 3739 posteaquam
1392 3669 1594 3723 litteras
1651 3677 1849 3724 vestrm

233 3755 568 3812 auctoritatis
597 3756 727 3810 inde
784 3755 1019 3827 suscepi,
1081 3757 1356 3811 salubrem
1413 3773 1478 3813 ac
1537 3757 1847 3826 regularem

233 3844 433 3916 cupivi,
495 3852 550 3899 et
607 3844 813 3900 idcirco
846 3845 915 3899 ab
944 3845 1078 3916 ipsis
1105 3846 1195 3916 qui
1227 3861 1322 3900 eos
1348 3846 1724 3913 destituerunt,
1760 3846 1844 3900 vel

231 3947 340 3987 non
366 3950 400 3987 a
425 3932 630 3988 minori
659 3949 910 3999 numero,
945 3950 1053 3989 una
1078 3951 1203 3989 cum
1231 3950 1354 3989 meo
1413 3951 1687 3990 consensu
1746 3950 1842 3988 eos

235 4022 443 4077 restitui
473 4021 760 4092 peroptavi
791 4023 858 4078 Et
889 4031 1182 4093 propterea
1210 4023 1336 4078 inde
1375 4040 1546 4094 usque
1575 4023 1644 4078 ad
1676 4039 1845 4094 syno-

238 4110 366 4164 dum
399 4111 736 4180 exspectavi,
770 4119 823 4164 et
853 4110 1067 4180 plenius
1095 4128 1126 4165 a
1157 4111 1286 4166 sede
1315 4111 1610 4182 apostolica
1666 4119 1845 4166 vestra

235 4198 554 4254 auctoritate
583 4197 907 4253 ﬁrmandam
939 4199 1137 4270 cupivi,
1197 4200 1350 4268 cujus
1407 4200 1634 4254 arbitrio
1691 4209 1847 4270 pote-

236 4287 388 4341 statis
401 4295 678 4342 reservata
711 4296 1052 4343 eratsumma
1081 4304 1142 4344 ac
1175 4287 1400 4342 firmitas
1431 4288 1844 4358 privilegiorum

236 4375 548 4445 apostolicae
578 4375 746 4440 sedis,
781 4377 918 4432 sicut
945 4384 997 4431 et
1027 4385 1223 4432 vestrm
1253 4377 1496 4446 epistolae
1541 4375 1699 4429 nobis
1756 4376 1844 4430 di-

1954 1820 2057 1873 nisi
2087 1821 2252 1875 veluti
2282 1821 2337 1875 in
2365 1822 2602 1892 praefatis
2632 1824 2821 1879 litteris
2850 1826 3006 1881 vobis
3061 1827 3273 1898 scripsi,
3333 1821 3548 1896 dicens;

1954 1917 2226 1964 reservato
2258 1927 2359 1980 per
2387 1911 2571 1966 omnia
2620 1915 2902 1969 sententia;
2959 1931 3023 1970 ac
3071 1916 3209 1985 juris
3265 1915 3548 1989 privilegio

1953 1998 2265 2067 apostolicae
2296 2000 2464 2066 sedis,
2495 2009 2547 2054 et
2577 2002 2730 2056 salva
2760 2001 3076 2058 difﬁnitione
3133 2020 3196 2059 ac
3253 2001 3549 2060 conﬁrma-

1954 2087 2100 2152 tione
2131 2097 2428 2157 expectatze
2461 2098 2656 2144 vestrae
2686 2091 3032 2147 discretionis
3062 2100 3226 2165 atque
3254 2093 3552 2149 auctorita-

1953 2175 2041 2229 tis.
2104 2176 2259 2230 Nunc
2315 2185 2514 2243 autem,
2577 2188 2828 2250 suscepta
2858 2179 3176 2236 diﬂinitione
3233 2181 3302 2236 de
3331 2181 3551 2238 illorum

1953 2264 2311 2342 restitutione,
2346 2283 2505 2336 quam
2541 2275 2720 2342 vestra
2751 2268 2889 2324 sicut
2917 2269 3098 2325 decuit
3129 2278 3184 2326 et
3210 2271 3346 2342 ordo
3375 2285 3554 2342 popo-

1955 2335 2055 2390 scit
2117 2352 2328 2391 summa
2364 2335 2682 2393 auctoritas
2737 2341 3034 2410 praecessit,
3095 2349 3147 2396 et
3185 2335 3552 2414 subsequente

1953 2425 2203 2494 synodali
2233 2441 2503 2480 consensu
2536 2436 2728 2482 vestrae
2757 2429 3023 2499 perfectio
3053 2427 3376 2486 ﬁrmationis
3415 2444 3544 2486 cor-

1953 2513 2244 2582 roboravit,
2279 2531 2558 2585 nunquam
2588 2517 2675 2570 vel
2704 2534 2971 2588 nusquam
3000 2517 3195 2572 exinde
3247 2533 3553 2590 quamcun-

1953 2617 2060 2672 que
2120 2602 2515 2672 querimoniam
2572 2613 2760 2659 contra
2819 2622 3199 2679 quemcunque
3243 2606 3442 2662 molior
3469 2607 3560 2664 vel

1952 2689 2172 2760 dipono,
2207 2690 2427 2746 intendo
2459 2693 2544 2746 vel
2575 2694 2733 2763 cupio
2763 2695 2986 2765 habere,
3034 2711 3340 2763 removere,
3401 2695 3554 2752 exci-

1953 2786 2062 2832 tare
2093 2778 2207 2834 sive
2237 2795 2542 2835 conserere.
2572 2783 2688 2836 Nec
2719 2783 3005 2839 meditatus
3034 2801 3175 2852 sum,
3209 2783 3403 2840 litteris
3453 2799 3553 2856 pro

1953 2867 2055 2921 hoc
2087 2876 2278 2922 vestrae
2307 2869 2658 2942 benignitatis
2687 2872 2943 2942 acceptis,
2977 2889 3011 2928 a
3038 2889 3311 2929 consensu
3357 2873 3412 2928 in
3461 2889 3556 2946 sy-

1953 2952 2116 3016 nodo,
2152 2961 2337 3007 contra
2359 2954 2525 3024 ipsius
2559 2954 2934 3011 diﬂinitionem
2965 2965 3018 3012 et
3065 2965 3306 3012 vestram
3362 2955 3558 3014 conﬁr-

1954 3041 2268 3109 mationem,
2301 3042 2502 3113 aliquid
2532 3060 2818 3099 removere
2851 3062 2917 3100 ex
2972 3053 3098 3101 tunc
3125 3045 3182 3100 in
3206 3046 3556 3117 postmodum

1951 3147 2122 3200 usque
2151 3130 2207 3183 in
2239 3131 2650 3201 sempiternum.
2677 3133 2813 3201 Quia
2835 3133 2976 3188 enim
2993 3134 3143 3188 nullo
3172 3135 3396 3190 crimine
3426 3150 3558 3206 pro-

1951 3217 2069 3286 prio
2097 3218 2357 3284 denotati,
2395 3221 2703 3274 nescientes
2740 3221 2990 3276 Ebonem
3051 3223 3388 3294 damnatum,
3445 3237 3558 3278 non

1951 3307 2258 3376 importune
2289 3308 2358 3362 ad
2385 3309 2800 3379 ordinationem,
2836 3310 2973 3366 sicut
3002 3309 3106 3381 ipsi
3135 3310 3338 3378 dicunt,
3363 3319 3415 3367 et
3443 3327 3555 3368 non

1953 3395 2160 3467 estqui
2221 3397 2577 3465 contradicat,
2611 3415 2669 3452 se
2724 3399 3090 3470 ingesserunt,
3151 3401 3248 3455 sed
3289 3400 3448 3456 electi
3504 3408 3558 3456 et

1952 3484 2128 3538 vocati
2159 3473 2501 3554 obedierunt,
2536 3485 2672 3542 sicut
2705 3487 3004 3542 secundum
3061 3488 3432 3544 excellentiam
3463 3505 3555 3544 sa-

1949 3573 2167 3642 pientize
2198 3581 2395 3629 vestrae
2425 3575 2626 3630 domno
2643 3576 2763 3648 regi
2794 3577 2992 3632 Carolo
3013 3576 3330 3648 scripsistis,
3360 3577 3408 3632 si
3434 3577 3556 3632 nol-

1950 3661 2062 3714 lent
2089 3661 2314 3715 obedire
2346 3663 2547 3716 volenti
2577 3679 2672 3716 eos
2701 3664 2769 3716 ad
2797 3665 3057 3732 majorem
3089 3665 3322 3736 gradum
3349 3681 3554 3737 prove-

1953 3750 2101 3814 here,
2133 3766 2321 3804 omnes
2351 3749 2429 3804 illi
2461 3752 2604 3806 velut
2627 3753 2927 3822 procaciter
2943 3753 3236 3822 renitentes
3265 3755 3558 3826 reprehen-

1949 3837 2226 3903 derentur,
2261 3847 2311 3893 et
2345 3847 2600 3911 tanquam
2628 3849 2974 3896 contumaces
3021 3843 3164 3898 circa
3209 3859 3399 3899 sacros
3446 3828 3552 3900 lca-

1949 3943 2122 3982 nones
2153 3929 2562 3994 damnarentur,
2596 3930 2762 3986 veluti
2792 3930 2847 3984 in
2878 3931 3107 4002 epistola
3136 3931 3425 4004 episcopis,
3463 3933 3555 4006 qui

1947 4032 2047 4086 per
2077 4017 2312 4088 gratiam
2343 4018 2442 4072 Dei
2473 4026 2526 4072 et
2555 4018 2834 4074 decretum
2871 4028 3109 4075 vestrum
3126 4022 3270 4092 apud
3301 4022 3554 4078 Suessio-

1949 4105 2034 4157 nis
2064 4106 2256 4159 urbem
2286 4115 2675 4175 convenerunt,
2711 4108 2922 4164 directa
2980 4109 3272 4166 intimastis
3305 4128 3318 4164 :
3352 4111 3557 4182 qualis-

1943 4210 2157 4264 cunque
2187 4194 2346 4247 fuerit
2378 4195 2462 4248 vel
2494 4211 2833 4266 quaecunque
2889 4197 3167 4266 pertulerit
3221 4199 3362 4265 Ebo,
3395 4215 3425 4252 a
3485 4215 3546 4254 se

1947 4281 2230 4346 ordinatis,
2267 4282 2356 4352 qui
2385 4281 2514 4335 nihil
2546 4292 2743 4352 praeter
2769 4283 3124 4338 humilitatem
3181 4293 3232 4339 et
3285 4285 3546 4341 obedien-

1950 4370 2073 4423 tiam
2123 4371 2501 4437 exhibuerunt,
2563 4372 2771 4430 nullum
2827 4387 3057 4443 prorsus
3089 4371 3266 4428 intulit
3311 4371 3546 4430 offendi-

238 4472 400 4519 rectae
429 4463 728 4530 continent,
762 4473 813 4519 et
845 4465 900 4519 in
917 4465 1149 4536 epistola
1182 4449 1449 4536 synodali,
1483 4465 1634 4532 cujus
1666 4465 1920 4528 excm-D
1952 4460 2130 4514 Culum
2178 4460 2431 4531 quoniam
2469 4469 2520 4516 et
2564 4462 2904 4517 beatissimus
2932 4462 3041 4518 Leo
3070 4463 3138 4517 ad
3166 4464 3382 4520 Mauros
3411 4463 3547 4518 scri-

237 4551 354 4621 plar
412 4553 704 4618 habemus,
763 4562 964 4609 sanctae
1019 4553 1324 4608 auctoritati
1385 4562 1582 4608 vestra)
1637 4553 1840 4607 directa

236 4641 508 4695 conununi
539 4656 812 4696 consensu
842 4642 1180 4713 scripsimus.
1213 4644 1273 4696 In
1313 4660 1416 4713 qua
1447 4643 1648 4696 nullam
1677 4659 1836 4696 men-

227 4728 425 4785 tionem
457 4730 528 4784 de
543 4746 867 4801 quacunque
899 4731 1107 4786 Ebonis
1137 4731 1478 4800 depositione
1513 4731 1832 4786 habuimus.

236 4817 341 4872 Sed
371 4827 424 4873 et
453 4818 654 4872 litteris
682 4835 819 4874 mete
873 4819 1182 4890 exiguitatis
1241 4821 1471 4890 simplici
1528 4828 1710 4874 mente
1757 4820 1839 4874 in-

231 4907 370 4961 serui
401 4907 548 4962 inter
581 4915 782 4962 caetera
814 4907 1003 4962 dicens
1037 4925 1048 4962 :
1087 4931 1107 4957 «
1145 4907 1286 4976 Quia
1318 4909 1542 4981 synodo
1572 4926 1668 4980 per
1696 4910 1841 4964 hunc

235 4996 606 5051 venerabilem
636 4996 1107 5067 archiepisc0pum
1149 4997 1458 5068 Egilonem,
1480 4999 1571 5070 qui
1591 4997 1841 5052 interfuit

235 5085 558 5153 actionibus,
620 5085 888 5156 dirigente
946 5086 1232 5156 epistolam
1290 5088 1532 5142 omnium
1593 5095 1840 5141 nostrum

237 5173 322 5244 qui
374 5174 578 5228 adesse
633 5173 929 5244 potuimus,
989 5191 1112 5230 cum
1165 5175 1285 5245 ipso
1342 5193 1474 5230 voce
1507 5175 1836 5248 loquentem.

235 5260 500 5330 Quoniam
530 5263 578 5317 si
610 5261 692 5317 eis
720 5278 913 5316 manus
942 5265 1243 5335 porrigitis,
1303 5265 1585 5320 vobiscum
1642 5265 1842 5336 pariter

235 5351 616 5424 porrigemus;
648 5359 699 5405 et
728 5351 856 5406 item
911 5360 1035 5422 post
1063 5353 1353 5425 aliquanta.
1379 5353 1512 5421 Quae
1550 5354 1734 5408 verbis
1790 5361 1842 5408 et

234 5438 444 5510 scriptis
472 5439 608 5495 mihi
627 5455 726 5510 per
779 5439 944 5496 istum
997 5441 1315 5515 religiosum
1371 5443 1842 5514 archiepiscopum

232 5537 423 5593 exinde
451 5537 736 5609 sequenda
765 5545 928 5610 atque
985 5540 1216 5595 tenenda
1275 5539 1685 5606 mandaveritis,
1744 5555 1842 5609 pro

1941 4549 2095 4614 hens,
2130 4549 2202 4603 ita
2235 4550 2303 4604 de
2335 4551 2570 4621 quodam
2602 4552 2833 4608 Maximo
2864 4552 3110 4623 praecipit
3139 4553 3326 4609 dicens
3356 4553 3546 4624 (epist.

1941 4641 2028 4706 9i,
2064 4640 2162 4693 sub
2190 4640 2386 4708 ﬁnem)
2422 4658 2433 4692 :
2475 4663 2495 4688 «
2533 4641 2825 4696 Maximum
2873 4657 3108 4712 quoque,
3169 4641 3296 4696 licet
3348 4656 3541 4712 repre-

1939 4727 2278 4782 hensibiliter
2305 4728 2632 4795 ordinatum,
2667 4739 2848 4784 tamen
2878 4728 2922 4782 si
2956 4727 3229 4782 Donatista
3271 4729 3382 4798 jam
3427 4746 3534 4788 non

1940 4824 2041 4884 est,
2075 4826 2126 4870 et
2155 4833 2184 4870 a
2216 4817 2407 4887 spiritu
2437 4817 2795 4876 schismaticm
2834 4815 3112 4887 pravitatis
3167 4816 3376 4874 alienus
3430 4828 3534 4888 est,

1940 4906 2008 4960 ab
2042 4905 2359 4976 episcopali,
2394 4923 2550 4978 quam
2583 4904 2964 4977 quoquomodo
2992 4905 3220 4977 adeptus
3267 4917 3366 4975 est,
3426 4925 3536 4966 non

1941 4996 2252 5065 repellimus
2284 4995 2568 5068 dignitate.
2614 5016 2634 5042 «
2669 4996 2738 5048 Et
2768 4993 3090 5050 Anastasius
3117 4997 3364 5066 ejusdem
3395 5013 3534 5070 apo-

1941 5084 2146 5139 stoliczn
2175 5085 2321 5139 sedis
2350 5084 2568 5154 ριέυευι,
2603 5081 2746 5153 quod
2801 5082 2927 5137 mali
2982 5085 3124 5140 bona
3177 5085 3536 5144 ministrando

1942 5173 2044 5226 sibi
2074 5173 2439 5228 tantummodo
2468 5179 2714 5236 noceant,
2750 5189 2849 5228 nec
2879 5173 3141 5229 Ecclesia}
3197 5183 3539 5231 sacramenta

1943 5262 2352 5326 commaculent,
2398 5260 2466 5314 ad
2522 5262 2869 5316 Anastasium
2929 5263 3234 5334 principem
3291 5263 3536 5320 scribens

1941 5352 2199 5422 (epistola
2232 5349 2442 5418 unica),
2474 5349 2883 5406 evidentissima
2913 5351 3120 5407 ratione
3175 5353 3533 5408 demonstrat.

1943 5439 2039 5494 Cui
2096 5453 2222 5491 sane
2278 5437 2370 5506 pio
2427 5439 2630 5510 sensui,
2678 5441 2815 5496 sicut
2842 5440 2896 5495 in
2929 5456 3117 5496 eorum
3146 5441 3381 5496 decretis
3409 5457 3534 5498 cum

1941 5535 2308 5592 additamento
2335 5537 2706 5594 conditionum
2750 5538 3004 5610 legimus,
3057 5539 3206 5606 juxta
3237 5538 3528 5610 quemdam

3320 5625 3346 5648 δ
