4026 6310
489 260 557 314 87
1411 249 1749 305 HINCMARI
1808 248 2207 305 RHEMENSIS
2244 247 2793 304 ARCHIEPISCOPI.

3721 251 3799 304 88

496 383 722 440 modum
746 395 856 435 non
884 377 1328 435 inconvenienter
1373 375 1614 446 coaptari
1661 391 1823 446 posse
1881 375 2094 430 videtur
2122 375 2343 436 Aenodo
2393 381 2576 429 vestra
2603 373 2919 428 auctoritate
2946 379 3296 445 congregatae
3342 386 3470 427 cum
3501 371 3800 444 privilegio

499 470 643 544 quod
664 470 851 524 beatus
879 465 1211 540 Augustinus
1241 464 1473 536 scripsit,
1509 464 1577 518 de
1624 464 1779 534 cujus
1825 479 1990 518 sensu
2034 479 2098 518 ac

498 557 683 614 verbis
712 555 1031 612 Anastasius
1059 570 1203 626 papa
1231 554 1286 607 in
1313 552 1538 624 praefata
1555 553 1780 624 epistola
1801 552 1928 607 hinc
1949 568 2096 623 quaa-

497 648 624 702 dam
667 644 977 716 assumpsit.
1029 665 1052 688 ι
1103 643 1160 698 Si
1205 658 1368 714 quem
1415 641 1574 708 forte,
1618 641 1809 712 inquit,
1857 639 2098 711 coegerit

497 742 742 792 extrema
771 731 1090 801 necessitas,
1123 731 1214 786 ubi
1243 730 1564 786 catholicum
1592 745 1690 800 per
1737 745 1898 800 quem
1946 728 2094 784 acci-

496 824 610 896 piat
638 839 750 878 non
804 821 1088 886 invenerit,
1122 829 1175 875 et
1222 819 1278 873 in
1327 819 1508 874 animo
1551 834 1744 888 pacem
1778 817 2094 872 catholicam

491 911 787 978 custodiat,
845 926 948 980 per
995 908 1228 980 aliquem
1283 915 1436 962 extra
1474 907 1730 961 unitatem
1776 905 2096 960 catholicam

493 1001 730 1072 positum
757 997 1037 1068 acceperit
1061 997 1204 1068 quod
1234 1004 1348 1051 erat
1373 996 1429 1050 in
1478 995 1594 1066 ipsa
1645 994 1914 1050 catholica
1971 994 2094 1048 uni-

493 1097 606 1145 tate
635 1095 974 1159 accepturus,
1007 1086 1054 1140 si
1084 1085 1264 1140 statim
1297 1084 1458 1139 etiam
1479 1083 1548 1138 de
1577 1084 1682 1139 hac
1719 1083 1824 1137 vita
1853 1082 2094 1155 emigra-

486 1178 645 1242 verit,
675 1193 784 1233 non
816 1192 944 1232 eum
977 1174 1084 1229 nisi
1108 1173 1437 1230 catholicum
1449 1173 1792 1242 deputamus.
1828 1171 1884 1226 Si
1914 1179 2094 1226 autem

489 1265 656 1321 fuerit
685 1281 718 1320 a
762 1263 1034 1334 corporali
1083 1269 1257 1317 morte
1329 1261 1608 1328 liberatus,
1661 1276 1784 1314 cum
1816 1259 2095 1314 catholica

488 1350 906 1427 congregationi
965 1352 1128 1406 etiam
1185 1349 1470 1422 praesentia
1525 1349 1792 1428 corporali
1850 1347 2089 1413 redierit,

482 1443 628 1498 unde
684 1457 956 1513 nunquam
1015 1439 1178 1494 corde
1235 1439 1581 1503 discesserat,
1634 1453 1743 1492 non
1773 1436 1951 1491 solum
1979 1451 2089 1490 non

489 1531 861 1602 improbamus
891 1528 1038 1600 quod
1068 1527 1213 1594 fecit,
1248 1528 1343 1582 sed
1373 1527 1532 1581 etiam
1550 1525 1893 1582 securissime
1921 1525 2094 1582 veris-

492 1620 738 1690 simeque
768 1617 1072 1681 laudamus,
1105 1616 1234 1688 quia
1263 1623 1590 1687 praesentem
1633 1616 1808 1669 Deum
1863 1613 2094 1669 credidit

2195 471 2392 518 vestrae
2421 461 2716 518 sanctitatis
2743 461 2975 527 ostendi,
3010 469 3064 516 et
3101 461 3442 532 incorruptas
3489 460 3798 532 scripturas

2193 558 2357 622 atque
2387 550 2567 622 sigilla
2595 550 2912 615 monstravi,
2944 559 2998 606 et
3043 566 3108 605 ex
3156 549 3391 620 integro,
3443 565 3630 604 coram
3677 549 3797 606 tilio

2194 647 2374 695 vestro
2421 640 2622 694 domno
2669 656 2801 711 rege
2858 638 3074 708 Carolo,
3127 637 3471 694 audientibus
3535 637 3797 694 omnibus

2195 728 2466 799 episc0pis
2518 737 2572 784 et
2617 727 2708 800 qui
2763 727 2974 799 synodo
3030 725 3412 792 interfuerunt,
3456 726 3630 798 relegi
3658 726 3788 784 feci.

2193 817 2350 873 Unde
2378 817 2432 871 in
2463 817 2688 888 epistola
2727 816 2922 888 synodi
2976 824 3172 872 vestra:
3227 815 3533 870 auctoritati
3583 815 3796 872 directa

2195 906 2452 976 scriptum
2480 905 2620 960 inter
2651 913 2844 961 caetera
2873 905 3105 961 habetur
3147 904 3216 958 ad
3263 904 3445 960 locum
3477 920 3490 958 :
3529 925 3552 955 ι
3585 905 3646 958 In
3677 905 3796 958 suis

2194 994 2478 1050 ordinibus
2509 994 2798 1050 restituere
2851 1002 3272 1059 maturaremus,
3325 992 3457 1064 quin
3499 992 3796 1062 praedictos

2194 1082 2412 1152 fratres,
2458 1083 2565 1140 nisi
2621 1082 2924 1154 privilegiis
2982 1089 3182 1136 sanctae
3211 1083 3468 1137 Romana:
3497 1081 3665 1147 sedis,
3695 1097 3798 1152 per

2193 1172 2554 1226 reverendum
2601 1171 2930 1227 confratrem
2979 1178 3227 1226 nostrum
3273 1169 3644 1239 Hincmarum,
3691 1185 3795 1224 ar-

2193 1260 2597 1332 chiepiscopum
2643 1268 2841 1315 nostrae
2871 1258 3210 1314 unanimitati
3236 1258 3484 1330 prolatis,
3543 1274 3667 1330 quae
3723 1259 3799 1314 de

2191 1347 2325 1418 ipsis
2385 1349 2516 1402 viris
2570 1349 2814 1420 quaedam
2868 1355 3187 1417 statuerunt,
3245 1347 3426 1403 debita
3481 1346 3812 1402 reverentia

2193 1437 2577 1501 exhiberetur;
2629 1453 2863 1508 quorum
2913 1451 3127 1491 summa
3183 1434 3425 1508 perfecta
3481 1444 3535 1490 et
3573 1435 3800 1506 integra

2193 1525 2434 1591 firmitas,
2468 1533 2525 1580 ut
2555 1525 2724 1581 claret
2753 1533 2805 1580 et
2827 1525 3034 1594 justum
3064 1533 3167 1590 est,
3217 1525 3274 1578 in
3300 1523 3614 1595 apostolicae
3643 1523 3800 1578 sedis

2191 1623 2465 1669 reservata
2497 1623 2579 1668 est
2608 1613 2833 1668 arbitrio
2862 1613 3161 1684 potestatis.
3200 1633 3222 1663 ι
3257 1611 3418 1680 Quod
3437 1612 3678 1684 synodus
3701 1627 3802 1668 vo-

489 1707 642 1764 cordi
673 1723 793 1773 suo,
815 1706 910 1761 ubi
938 1705 1196 1760 unitatem
1225 1705 1494 1759 servabat.
1533 1725 1552 1752 »
1587 1703 1890 1774 Exemplar
1931 1701 2090 1757 deni-
2119 1731 2174 1790 Β
2195 1703 2278 1757 bis
2305 1719 2417 1758 non
2448 1703 2724 1772 scriberet,
2759 1703 2804 1756 si
2833 1703 3049 1773 integra
3074 1701 3362 1774 privilegia
3381 1701 3462 1756 eis
3480 1716 3591 1756 non
3609 1709 3802 1756 osten-

495 1813 602 1868 que
628 1795 905 1868 privilegii
936 1802 1138 1849 sanctis
1167 1792 1446 1848 memoriae
1474 1791 1770 1857 Benedicti,
1829 1791 1944 1846 sine
1981 1791 2090 1846 ulla

493 1885 832 1940 mutilatione
861 1883 946 1938 vel
973 1881 1278 1952 adjectione
1306 1896 1404 1936 seu
1433 1880 1824 1948 immutatione,
1858 1897 1958 1950 per
1989 1895 2088 1934 ve-

493 1973 788 2028 nerabilem
820 1970 1044 2026 fratrem
1076 1977 1126 2024 et
1157 1969 1543 2040 coepiscopum
1564 1977 1811 2023 nostrum
1841 1967 2090 2024 Odonem

490 2061 850 2117 sanctissima:
879 2058 1192 2130 paternitati
1218 2066 1415 2113 vestra:
1444 2057 1740 2112 transmisi.
1771 2059 1851 2112 De
1901 2073 2008 2128 quo
2037 2066 2090 2111 et

489 2151 544 2204 in
577 2149 807 2220 epistola
835 2165 866 2202 a
895 2164 984 2203 me
1013 2163 1112 2218 per
1149 2147 1302 2201 illum
1330 2146 1487 2200 vobis
1515 2146 1741 2213 directa,
1790 2146 1930 2200 inter
1984 2146 2090 2200 alia

492 2239 539 2292 si
597 2237 778 2309 placet
813 2236 1043 2307 potestis
1101 2235 1366 2308 relegere,
1398 2234 1489 2289 ubi
1520 2234 1779 2304 scriptum
1807 2234 2038 2289 habetur
2071 2252 2084 2288 :

491 2349 514 2377 σι
577 2326 865 2392 Mitterem,
925 2325 1166 2396 inquam,
1219 2323 1788 2394 ipsamauthenticam
1816 2323 2086 2394 privilegii

485 2417 748 2481 chartam,
779 2429 946 2484 quam
977 2413 1152 2468 beatae
1180 2411 1568 2467 recordationis
1633 2427 1942 2482 praecessor
1987 2427 2086 2466 ve-

485 2513 598 2560 ster
627 2504 859 2559 domnus
887 2502 1209 2558 Benedictus
1252 2501 1384 2554 mihi
1429 2517 1528 2555 sua
1573 2500 1894 2556 auctoritate
1937 2500 2086 2556 dire-

489 2593 566 2648 xit
597 2611 612 2660 ;
647 2593 744 2648 sed
772 2592 926 2646 timui
970 2607 1040 2645 ne
1081 2590 1214 2644 mihi
1263 2589 1390 2644 inde
1428 2589 1635 2660 aliquid
1682 2589 1886 2642 sinistri
1915 2589 1972 2643 in
2000 2589 2089 2644 via

488 2680 850 2752 contingeret,
883 2687 935 2734 et
965 2679 1176 2743 solatio,
1213 2678 1359 2748 quod
1407 2677 1532 2732 inde
1583 2677 1844 2732 adversus
1899 2677 2086 2730 insur-

485 2769 734 2841 gentium
761 2769 994 2838 impetus
1021 2767 1218 2833 habeo,
1289 2765 1478 2821 ﬁerem
1525 2765 1831 2820 destitutus.
1894 2765 2087 2820 Vestra

485 2874 622 2914 vero
641 2858 884 2930 dignatio
912 2857 970 2911 in
999 2856 1200 2912 scrinio
1259 2864 1456 2910 sancta
1514 2856 1773 2910 Romanae
1825 2855 2088 2910 Ecclesiae

487 2963 556 3002 ex
586 2961 741 3002 more
771 2945 1050 3016 exemplar
1079 2944 1222 2998 illius
1286 2952 1465 3015 potest
1495 2943 1790 3014 requirere,
1824 2951 1876 2997 et
1907 2951 2086 2997 utrum

483 3036 562 3090 ita
589 3051 650 3090 se
681 3035 874 3090 habeat
904 3033 1187 3088 evidenter
1212 3048 1542 3104 agnoscere.
1575 3033 1634 3085 ln
1667 3047 1774 3102 quo
1807 3031 1850 3086 si
1893 3040 2087 3086 vestrae

2193 1791 2419 1846 dissem.

2261 1881 2341 1934 De
2371 1895 2438 1935 eo
2469 1881 2616 1950 quod
2644 1879 3042 1952 benignissima
3073 1888 3126 1934 et
3173 1878 3518 1935 sanctissima
3543 1877 3800 1949 paterni-

2190 1977 2275 2024 tas
2304 1977 2490 2024 vestra
2518 1968 2649 2022 mihi
2679 1976 2762 2022 est
2791 1969 2998 2041 dignita
3027 1967 3288 2034 scribere,
3334 1975 3393 2021 ut
3422 1983 3530 2022 non
3561 1965 3800 2022 arbitra-

2187 2074 2276 2112 rer
2304 2057 2374 2112 ad
2401 2057 2694 2112 discrimen
2727 2056 3008 2128 quodlibet
3037 2073 3160 2129 quae
3197 2055 3331 2111 mihi
3387 2055 3636 2110 mandata
3666 2063 3801 2110 sunt

2188 2161 2578 2218 exaggerasse,
2611 2162 2736 2201 cum
2767 2145 2997 2200 meliora
3025 2160 3149 2200 esse
3209 2145 3434 2200 vulnera
3491 2143 3800 2215 diligentis,

2187 2251 2348 2307 quam
2379 2233 2725 2290 fraudulenta
2755 2234 2986 2289 odientis
3015 2234 3206 2290 oscula
3226 2249 3349 2288 esse
3380 2249 3490 2288 non
3519 2232 3790 2298 nesciam,

2187 2324 2286 2378 sed
2314 2340 2384 2378 ne
2417 2323 2554 2378 adeo
2585 2323 2640 2376 in
2670 2322 3081 2396 privilegiorum
3119 2338 3367 2377 meorum
3413 2319 3792 2376 defensionem

2187 2413 2273 2467 vel
2301 2413 2591 2466 elationem
2649 2411 3058 2466 immoderatius
3108 2412 3305 2482 erigar,
3361 2419 3420 2465 ut
3478 2409 3798 2481 apostolica:

2188 2501 2332 2555 sedis
2356 2501 2478 2570 jura
2507 2501 2891 2572 quoquomodo
2922 2508 3126 2555 temere
3156 2499 3401 2573 tetigisse
3451 2499 3658 2564 videar,
3691 2515 3800 2554 ve-

2187 2589 2382 2644 raciter
2407 2589 2599 2659 fateor,
2632 2590 2737 2644 hoc
2762 2604 3038 2660 nunquam
3059 2589 3116 2642 in
3165 2603 3263 2644 cor
3311 2604 3495 2642 meum
3523 2587 3800 2652 ascendit,

2187 2679 2278 2750 qui
2311 2694 2530 2748 semper
2560 2686 2613 2732 et
2640 2677 2955 2748 apostolica
2985 2677 3122 2743 sedi,
3183 2685 3237 2732 et
3289 2677 3406 2746 ejus
3461 2676 3798 2743 rectoribus,

2185 2775 2474 2838 postquam
2501 2782 2589 2820 me
2619 2781 2783 2820 nosse
2812 2765 2979 2836 potui,
3008 2781 3110 2836 pro
3139 2781 3262 2820 meo
3293 2765 3438 2821 scire
3467 2773 3519 2820 et
3549 2779 3715 2835 posse
3737 2763 3800 2818 ﬁ-

2187 2855 2324 2910 delis
2355 2863 2407 2908 et
2437 2855 2686 2920 devotus,
2711 2863 2764 2909 et
2787 2855 3006 2909 humilis
3025 2871 3087 2908 ac
3109 2854 3387 2923 subjectus
3417 2853 3612 2918 exstiti,
3648 2869 3800 2920 sum,

2187 2951 2240 2997 et
2270 2943 2556 3012 adjuvante
2608 2943 2859 3008 Domino,
2911 2942 3262 3014 permanebo.
3295 2941 3582 3014 Privilegia
3613 2949 3804 2996 autem

2188 3032 2334 3087 sedis
2361 3031 2672 3102 apostolicae
2702 3047 2811 3086 non
2839 3031 2963 3087 ideo
2992 3031 3120 3102 petii
3149 3039 3206 3084 ut
3235 3030 3366 3084 mihi
3389 3045 3498 3085 non
3523 3029 3803 3086 sufﬁceret

487 3123 760 3180 sanctitati
786 3122 985 3194 placet,
1009 3137 1238 3177 necesse
1268 3129 1351 3175 est
1382 3121 1540 3175 nobis
1573 3129 1630 3174 ut
1689 3120 1937 3191 quaedam
1989 3137 2086 3174 su-
2109 3089 2158 3152 Ο
2201 3122 2348 3193 quod
2379 3121 2522 3176 sacri
2554 3135 2790 3175 canones
2821 3127 2874 3174 et
2903 3120 3122 3175 decreta
3153 3119 3300 3174 sedis
3328 3119 3584 3175 Romanae
3612 3119 3806 3189 ponti-

484 3211 820 3284 peraddatis,
852 3227 974 3282 quae
1000 3211 1088 3266 hic
1125 3210 1297 3264 frater
1351 3225 1416 3264 ac
1471 3208 1614 3262 filius
1669 3217 1876 3273 noster,
1932 3209 2087 3276 juxta

483 3301 632 3372 quod
659 3299 1014 3354 necessitates
1029 3307 1244 3353 nostras
1264 3297 1567 3368 cognoscit,
1599 3304 1797 3351 vestrae
1829 3306 2086 3368 suggeret

485 3387 774 3444 sanctitati.
813 3387 948 3456 Quia
977 3387 1116 3442 sicut
1143 3394 1362 3441 sanctus
1393 3384 1728 3458 Augustinus
1784 3384 1933 3450 dicit,
1991 3401 2089 3438 ne-

483 3493 641 3534 cesse
669 3483 752 3532 est
779 3485 836 3532 ut
865 3475 934 3530 ad
965 3491 1106 3531 nova
1135 3475 1449 3530 morborum
1478 3489 1685 3546 genera
1734 3489 1876 3527 nova
1933 3489 2086 3543 quie-

483 3575 674 3622 rantur
729 3565 1252 3621 medicamentorum
1309 3561 1696 3633 experimenta.
1766 3561 1875 3615 Sed
1931 3568 1984 3615 et
2019 3561 2088 3616 de

485 3656 696 3727 synodo
753 3655 896 3724 apud
953 3653 1263 3708 Suessionis
1317 3651 1521 3717 habita,
1583 3652 1652 3705 de
1701 3666 1825 3720 qua,
1857 3649 2088 3705 factione

483 3743 769 3814 cujusdam
799 3742 985 3798 clerici
1022 3741 1211 3808 nostri,
1245 3740 1386 3812 quia
1415 3739 1574 3795 nobis
1603 3739 1955 3811 negligentiis
1978 3739 2088 3792 suis

483 3831 704 3887 territus
753 3829 1059 3903 aufugerat,
1123 3828 1380 3900 quiddam
1425 3827 1502 3882 ibi
1550 3827 1651 3882 sub
1701 3827 1935 3898 quadam
1981 3827 2087 3881 du-

487 3919 742 3974 bitatione
771 3927 855 3974 est
885 3919 1139 3990 positum,
1175 3918 1262 3976 hic
1291 3917 1458 3972 frater
1487 3932 1554 3972 ac
1583 3915 1724 3970 filius
1781 3925 1965 3970 noster
1994 3931 2089 3970 vo-

487 4008 572 4062 bis
617 4008 696 4064 rei
751 4007 1034 4063 veritatem
1093 4015 1271 4077 potest
1331 4022 1566 4074 narrare,
1601 4005 1693 4076 qui
1757 4005 1934 4059 eidem
1993 4021 2089 4074 sy-

484 4097 630 4152 nodo
660 4096 915 4157 interfuit.
947 4104 1000 4150 et
1028 4096 1206 4150 adhuc
1238 4095 1293 4148 in
1323 4094 1540 4149 nomine
1581 4093 1794 4148 abbatis
1841 4091 2086 4148 subscri-

489 4186 615 4260 psit.
648 4207 670 4236 υ

553 4276 683 4331 Hzec
713 4283 838 4330 sunt
869 4275 1038 4330 verba
1066 4290 1190 4328 mea
1215 4273 1272 4326 in
1315 4272 1545 4344 epistola
1595 4279 1795 4326 sanctae
1851 4269 2078 4340 paterni-

487 4365 584 4420 tati
612 4372 806 4420 vestrae
835 4363 1060 4418 directa.
1096 4363 1254 4430 Nam,
1288 4361 1334 4414 si
1361 4361 1491 4415 inde
1520 4361 1666 4432 quod
1695 4359 1770 4413 ibi
1797 4368 1880 4413 est
1935 4357 2087 4428 posi-

2201 3209 2364 3266 ticum
2395 3211 2594 3282 cuique
2621 3209 2912 3280 metropoli
2961 3208 3078 3263 sedi
3101 3208 3427 3274 concedunt,
3459 3215 3513 3262 et
3541 3223 3644 3262 nec
3671 3207 3802 3274 alia,

2199 3299 2288 3353 vel
2317 3299 2548 3370 amplius
2577 3315 2740 3372 quam
2769 3297 3031 3354 Ecclesiae
3063 3297 3394 3352 Rhemorum
3424 3295 3684 3352 collatum
3713 3305 3806 3351 est

2198 3402 2265 3440 ex
2295 3388 2536 3459 antiquo,
2571 3387 2702 3442 mihi
2752 3386 2939 3458 largiri
2986 3385 3294 3454 specialiter
3311 3383 3463 3455 petii,
3495 3400 3674 3456 neque
3706 3401 3807 3455 ap-

2197 3485 2343 3544 peto.
2381 3475 2488 3531 Sed
2516 3477 2642 3547 quia
2671 3491 2781 3531 non
2809 3474 2988 3529 solum
3015 3473 3290 3539 dioecesis,
3328 3489 3518 3528 verum
3545 3481 3600 3527 et
3630 3488 3803 3543 paro-

2197 3563 2316 3618 chia
2346 3581 2486 3630 mea,
2521 3565 2658 3618 inter
2685 3565 2794 3618 duo
2823 3578 2994 3634 regna
3016 3561 3117 3615 sub
3133 3561 3346 3616 duobus
3376 3561 3600 3634 regibus
3631 3561 3807 3616 habe-

2195 3661 2282 3706 tur
2311 3653 2502 3719 divisa,
2535 3661 2588 3707 et
2615 3669 2706 3707 res
2734 3651 2866 3704 mihi
2894 3650 3200 3705 commissae
3226 3649 3487 3705 Ecclesiae
3517 3649 3619 3704 sub
3650 3650 3803 3704 mul-

2197 3749 2376 3796 torum
2432 3741 2733 3812 principum
2789 3746 3056 3810 potestate
3087 3739 3372 3808 conjacere
3424 3737 3698 3806 videntur,
3732 3739 3808 3794 de

2195 3830 2391 3900 quibus
2420 3836 2512 3884 aut
2535 3844 2728 3899 parum
2759 3836 2849 3882 aut
2879 3827 3014 3881 nihil
3044 3827 3285 3881 utilitatis
3315 3826 3564 3882 Ecclesia
3611 3835 3808 3882 nostra

2194 3925 2372 3988 potest
2399 3917 2634 3972 habere:
2660 3917 2788 3988 quia
2817 3924 3032 3972 veteres
3049 3915 3462 3972 constitutiones
3485 3915 3602 3984 jam
3633 3917 3798 3986 quasi

2192 4021 2294 4077 pro
2323 4005 2416 4062 vili
2443 4007 2588 4076 apud
2621 4005 2886 4076 quosdam
2914 4005 3199 4069 habentur,
3233 4003 3319 4058 his
3347 4003 3504 4059 novis
3555 4003 3800 4060 decretis

2191 4095 2440 4150 carnales
2471 4102 2525 4148 et
2555 4093 2820 4149 animales
2848 4093 3096 4148 homines
3118 4092 3310 4160 territi,
3342 4091 3604 4164 quiddam
3635 4108 3800 4148 reve-

2193 4183 2403 4240 rentius
2433 4191 2622 4239 contra
2639 4182 2942 4240 Ecclesiam
2968 4181 3270 4255 indignitati
3290 4197 3428 4237 mete
3445 4181 3802 4238 commissam

2190 4281 2436 4346 agerent.
2471 4274 2551 4328 De
2579 4273 2773 4344 quibus
2801 4271 3126 4342 privilegiis,
3161 4286 3395 4342 quorum
3422 4268 3808 4327 defensionem

2189 4361 2320 4416 mihi
2349 4377 2457 4415 non
2487 4377 2704 4434 arrogo,
2737 4361 2834 4415 sed
2861 4375 2964 4416 nec
2992 4361 3062 4414 de
3091 4359 3212 4414 aliis
3259 4359 3676 4430 quibuscunque
3723 4369 3811 4414 est

491 4463 604 4508 tum
633 4454 684 4508 si
713 4452 800 4506 ita
829 4455 914 4506 est
943 4449 1253 4517 erasissem,
1280 4449 1552 4519 superﬂue
1577 4447 1722 4519 quod
1745 4447 1997 4518 quiddam
2019 4445 2164 4504 ibiD
2195 4450 2340 4504 unde
2389 4449 2572 4504 inﬂari
2593 4448 2804 4504 valeam
2852 4449 2940 4504 vel
2964 4446 3164 4514 efferri,
3201 4446 3294 4518 qui
3323 4455 3375 4502 et
3403 4447 3448 4502 si
3470 4447 3650 4516 justus
3681 4447 3810 4502 fue-

492 4542 592 4596 sub
626 4540 858 4613 quadam
888 4537 1223 4593 dubitatione
1253 4544 1398 4591 esset
1425 4536 1661 4607 positum
1693 4535 2005 4590 scriberem.
2031 4535 2096 4588 Et

496 4629 544 4684 si
573 4629 776 4700 aliquid
805 4627 882 4682 ibi
912 4626 1193 4691 adderem,
1233 4633 1522 4691 mutarem,
1575 4623 1662 4678 vel
1709 4623 2009 4688 demerem,
2043 4632 2098 4676 ut

493 4717 551 4772 in
581 4717 784 4773 scrinio
811 4725 1016 4772 sanctae
1045 4716 1307 4770 Romamn
1333 4715 1596 4769 Ecclesiae
1627 4711 1909 4782 exemplar
1956 4711 2098 4765 illius

491 4805 867 4876 requireretis,
899 4815 951 4860 et
981 4811 1159 4860 utrum
1187 4807 1264 4858 ita
1303 4819 1362 4858 se
1422 4802 1647 4857 haberet
1702 4801 2098 4872 agnosceretis,

496 4894 740 4950 scribere
771 4909 882 4948 non
910 4895 1187 4948 auderem.
1223 4893 1492 4948 Caeterum
1549 4891 1596 4944 si
1625 4906 1949 4962 quocunque
1977 4905 2100 4944 mo-

497 4984 585 5049 do,
620 4997 940 5054 quacunque
971 4983 1278 5048 occasione,
1313 4997 1347 5036 a
1375 4996 1698 5052 quocunque
1721 4979 1880 5034 aliter
1907 4979 1974 5032 ad
2006 4994 2102 5033 vos

507 5071 750 5127 delatum
781 5071 896 5140 fuit,
929 5078 1106 5124 tamen
1137 5087 1242 5143 ego
1270 5087 1369 5141 per
1406 5069 1687 5141 praefatum
1737 5067 2104 5123 venerabilem

507 5159 898 5232 coepiscopum
953 5166 1218 5223 nostrum,
1275 5159 1416 5213 sicut
1472 5175 1532 5212 se
1585 5157 1770 5220 habet,
1831 5155 2106 5226 exemplar

507 5249 677 5320 ipsius
706 5247 979 5319 privilegii
1011 5246 1165 5302 vobis
1195 5246 1386 5301 direxi.
1414 5246 1572 5316 Quod
1594 5246 1641 5300 si
1671 5245 1826 5300 vobis
1856 5260 1964 5300 non
1991 5244 2106 5300 fue-

507 5338 575 5393 rit
603 5337 822 5394 taedium
854 5343 1132 5391 reservato
1161 5336 1217 5390 in
1247 5336 1492 5390 Romano
1551 5334 1752 5390 scrinio
1799 5334 1934 5388 illud
1963 5335 2107 5404 quod

507 5443 606 5500 per
663 5443 788 5494 eum
837 5425 964 5480 misi
1021 5425 1296 5492 conferre,
1330 5439 1514 5480 verum
1561 5423 1864 5478 invenietis.
1919 5425 2027 5479 Sed
2057 5432 2110 5478 et

501 5525 857 5622 illum'ipsum
887 5523 1158 5596 privilegii
1185 5532 1411 5591 tomum,
1445 5531 1496 5576 et
1524 5537 1630 5578 non
1687 5523 1978 5594 exemplar,
2015 5539 2110 5592 sy-

2196 4555 2282 4605 ro,
2315 4553 2427 4592 non
2457 4537 2651 4592 levabo
2681 4543 2843 4608 caput
2871 4543 3146 4591 saturatus
3174 4534 3462 4590 aﬁlictione
3498 4542 3552 4590 et
3581 4535 3814 4591 miseria

2198 4629 2483 4683 Postremo
2511 4629 2580 4684 de
2610 4627 2792 4698 pallio,
2828 4644 2858 4681 a
2887 4642 3010 4682 mea
3037 4625 3461 4697 praesumptione
3491 4641 3600 4680 non
3623 4627 3800 4682 certis

2200 4717 2534 4788 temporibus
2565 4725 2618 4772 et
2641 4717 2794 4786 juxta
2820 4731 3027 4771 morem
3055 4715 3177 4769 aliis
3223 4713 3657 4786 metropolitanis
3687 4715 3803 4771 dif-

2202 4805 2368 4861 ﬁnitis
2399 4823 2519 4876 uso,
2553 4806 2698 4860 unde
2729 4812 2928 4860 vestrae
2956 4803 3256 4860 sanctitatis
3301 4803 3527 4858 auribus
3583 4803 3812 4860 intima-

2202 4904 2316 4950 tum
2373 4911 2496 4950 esse
2556 4893 2864 4967 indignitati
2935 4909 3072 4948 mea:
3129 4892 3442 4964 scripsistis,
3503 4893 3814 4949 auctoritati

2203 4992 2398 5040 vestrae
2427 4984 2696 5040 veraciter
2724 4982 2914 5049 fateor,
2949 4983 3094 5054 quod
3124 4989 3178 5037 et
3219 4982 3274 5036 in
3325 4981 3444 5036 istis
3489 4982 3843 5054 regionibus-

2202 5090 2305 5144 per
2351 5074 2488 5128 alios
2536 5073 2582 5127 si
2629 5072 2788 5126 vobis
2829 5071 3095 5142 placuerit
3141 5070 3346 5126 rescire
3377 5070 3648 5135 valebitis,
3683 5071 3816 5142 quia

2205 5162 2309 5216 nisi
2339 5162 2392 5216 in
2423 5161 2511 5216 die
2540 5161 2750 5215 Natalis
2781 5159 3068 5225 Dominici,
3101 5167 3151 5213 et
3183 5159 3237 5212 in
3250 5159 3340 5214 die
3370 5167 3569 5214 sanctae
3598 5159 3817 5214 Resur-

2207 5249 2462 5307 rectionis
2491 5249 2627 5319 ejus,
2660 5250 2748 5304 vix
2773 5249 2830 5302 in
2859 5255 2970 5304 toto
3000 5264 3142 5302 anno
3191 5248 3384 5303 eodem
3439 5248 3607 5319 pallio
3663 5256 3812 5304 utor.

2209 5339 2478 5408 Quoniam
2506 5338 2575 5394 de
2605 5339 2816 5394 illorum
2845 5352 3093 5403 numero,
3127 5337 3366 5407 peccatis
3395 5336 3532 5391 meis
3562 5336 3798 5410 exigen-

2209 5429 2374 5496 tibus,
2408 5427 2599 5495 factus,
2629 5427 2697 5482 de
2727 5425 2922 5498 quibus
2951 5425 3211 5496 scriptum
3241 5433 3324 5480 est
3358 5443 3371 5480 :
3397 5417 3810 5498 impedimenta

2213 5516 2340 5570 mihi
2371 5515 2616 5573 fecerunt
2681 5531 2776 5571 eos
2803 5515 3052 5579 miseros,
3103 5529 3231 5570 raro
3263 5514 3319 5568 in
3349 5514 3585 5569 decretis
3613 5513 3822 5570 festivi-
