4026 6318
202 298 268 352 89
1673 279 2050 342 EPISTOLE.
3463 281 3532 334 go

203 418 428 486 tatibus,
463 432 580 490 quo
603 414 777 489 pallio
805 416 884 472 uti
910 408 1344 488 metropolitanis
1386 413 1723 482 conceditur,
1777 411 1833 464 in
1861 408 1918 467 A

208 506 342 564 sede
369 522 522 572 mea,
551 513 780 578 propter
807 503 1002 561 multas
1030 505 1416 575 occupationes
1449 512 1502 561 et
1532 499 1830 558 necessita-

211 604 292 652 tes
320 595 598 652 Ecclesiae
627 601 682 650 et
709 593 891 667 regni,
923 609 1046 649 esse
1076 592 1207 646 mihi
1237 593 1604 663 permittitur;
1637 598 1690 646 et
1728 587 1832 654 nisi

217 683 443 757 quando
472 683 532 738 in
563 683 762 738 eadem
792 682 923 738 sede
943 697 1067 736 sum
1084 681 1140 735 in
1157 681 1399 738 decretis
1424 678 1828 746 festivitatibus,

211 787 321 828 non
368 771 552 828 solum
612 786 726 826 non
779 770 942 826 toties
1001 769 1142 826 sicut
1200 769 1334 824 mihi
1362 783 1689 826 concessum
1729 772 1832 832 est,

211 877 410 917 verum
446 861 545 916 vix
577 867 672 915 aut
709 873 986 931 nunquam
1013 859 1205 914 eodem
1233 859 1398 930 pallio
1427 866 1568 914 utor.
1606 857 1708 912 Pro
1737 871 1832 912 cu-

214 951 304 1019 jus
333 965 442 1004 usu
472 947 622 1020 apud
651 948 842 1004 sedem
868 947 1226 1018 apostolicam
1253 947 1389 1002 nihil
1416 945 1568 1020 petii,
1600 945 1708 1000 nisi
1753 943 1833 999 si-

216 1047 308 1094 cut
355 1037 690 1094 decessores
733 1051 798 1092 ac
832 1035 1272 1108 pmdecessores
1307 1035 1416 1092 mei
1457 1051 1525 1092 eo
1570 1034 1648 1090 uti
1697 1041 1751 1088 et
1778 1033 1836 1088 in

219 1125 470 1198 episcopi
500 1124 846 1181 ordinatione
869 1123 1137 1180 solebant.
1167 1125 1293 1180 Non
1319 1124 1466 1180 enim
1492 1138 1652 1179 usum
1680 1108 1835 1193 pallii

219 1230 343 1270 esse
369 1229 513 1270 mea:
545 1213 828 1286 dignitatis
857 1220 1002 1284 puto,
1037 1213 1138 1268 sed
1167 1213 1317 1286 genii
1347 1212 1494 1268 sedis
1513 1210 1834 1282 metropolis

219 1319 343 1360 esse
372 1317 676 1376 cognosco.
710 1303 777 1356 Et
807 1317 928 1358 cum
961 1301 1114 1356 multi
1147 1301 1254 1356 sint
1273 1302 1450 1358 sancti
1481 1299 1723 1373 episcopi
1743 1299 1837 1372 qui

225 1392 427 1448 eodem
458 1389 630 1462 pallio
659 1405 771 1446 non
799 1397 1042 1454 utuntur,
1072 1405 1183 1446 non
1230 1390 1417 1446 nescio
1453 1389 1578 1462 quia
1619 1389 1665 1444 si
1717 1389 1835 1444 sine

225 1479 540 1549 virtutibus,
585 1495 719 1550 quas
758 1467 1063 1550 exponenté
1101 1478 1262 1535 beato
1301 1477 1574 1551 Gregorio
1614 1477 1837 1548 pallium

232 1569 436 1642 signat,
465 1566 637 1639 pallio
665 1575 808 1632 utor,
843 1574 897 1622 et
927 1567 974 1620 si
995 1566 1438 1623 excellentiorem
1469 1565 1685 1622 caeteris
1701 1565 1838 1642 Rhet

229 1638 447 1714 morum
473 1638 776 1727 provinciae
805 1655 1028 1710 sedibus
1067 1654 1412 1728 metropolim
1456 1655 1644 1710 sedem
1688 1638 1836 1725 pallii

2507 403 2850 462 EPISTOLA
2876 405 3004 460 ΧΠ.

2427 535 2500 576 ΑΙ)
2528 535 2808 576 ΝιοοιΑυιι
2837 534 3020 574 ΡΑΡΑΜ
3029 562 3041 574 .

2141 508 2168 528 κ

1929 639 2196 711 Ejusdem
2221 638 2548 711 argumenti
2577 653 2707 711 cum
2735 637 3055 711 superiore,
3077 635 3442 711 maximaque
3463 651 3536 691 ex

2285 707 2452 780 parte
2485 707 2688 762 iisdem
2718 707 2896 762 verbis
2926 709 3216 762 contexta.

2440 812 2610 868 (Apud
2631 811 2895 866 eumdem.)

2075 936 2309 992 Domino
2353 937 2700 992 sanctissimo
2743 944 2796 990 et
2841 935 3284 991 reverentissimo
3324 935 3544 991 Patrum

1933 1025 2080 1081 Patri
2111 1026 2381 1090 NICOLAO,
2413 1026 2604 1096 primae
2638 1041 2704 1081 ac
2721 1040 2948 1079 summae
2978 1024 3124 1079 sedis
3153 1023 3467 1094 apostolicae
3488 1033 3542 1079 et

1933 1113 2258 1169 universalis
2301 1113 2565 1170 Ecclesia:
2603 1130 2778 1185 papae,
2821 1114 3166 1178 HINCMARUS,
3210 1113 3541 1168 Rhemorum

1935 1202 2228 1273 episcopus
2247 1245 2259 1268 ,
2291 1210 2346 1257 et
2372 1211 2570 1257 vestrae
2612 1201 2968 1258 sanctissimae
2993 1200 3334 1272 paternitatis
3372 1201 3545 1257 devo-

1934 1289 2179 1345 tissimus
2209 1289 2464 1346 famulus.

2042 1378 2266 1436 Litteras
2295 1378 2658 1435 sanctissimae
2685 1377 3020 1450 paternitatis
3053 1385 3105 1433 et
3143 1377 3544 1449 praecellentis-

1936 1467 2088 1522 simaa
2111 1467 2438 1523 auctoritatis
2479 1476 2692 1534 vestrae,
2739 1483 2841 1522 xm
2882 1467 3152 1522 Kalendas
3176 1467 3342 1533 Junii,
3401 1466 3543 1521 indi-

1936 1555 2132 1612 ctionis
2159 1571 2238 1609 xv
2268 1556 2336 1610 ab
2360 1555 2594 1628 Egilone
2624 1556 2922 1610 venerabili
2951 1555 3369 1626 archiepiscopo
3400 1555 3544 1610 Sen-

1936 1644 2094 1698 nensi
2121 1644 2326 1715 accepi,
2354 1645 2409 1698 in
2441 1644 2656 1716 quibus,
2693 1644 2790 1698 sed
2821 1651 2873 1698 et
2901 1643 3096 1698 litteris
3124 1643 3456 1715 generaliter
3473 1643 3544 1698 ad

234 1769 366 1812 usus
395 1754 734 1810 demonstrat
760 1752 815 1807 in
847 1751 1020 1808 oculis
1048 1752 1346 1821 hominum,
1377 1767 1488 1808 non
1519 1759 1698 1808 tamen
1726 1766 1838 1807 ma-

1943 1732 2225 1803 episcopo,
2261 1732 2354 1804 qui
2382 1733 2438 1786 in
2468 1732 2677 1803 synodo
2706 1741 2888 1787 vestra
2944 1731 3262 1787 auctoritate
3292 1746 3534 1802 congre-

220 1843 397 1913 jorem
428 1857 519 1897 me
552 1841 683 1898 facit
709 1841 767 1896 in
797 1840 969 1896 oculis
996 1841 1234 1896 Domini.
1276 1842 1349 1895 Et
1391 1841 1656 1897 veraciter
1699 1855 1836 1897 con-

225 1938 383 1995 fiteor
411 1945 622 1995 sancta
664 1945 865 1994 vestrae
905 1939 1234 2010 paternitati,
1285 1939 1411 2011 quia
1457 1939 1504 1994 si
1548 1939 1836 2011 episcopus

225 2027 508 2084 ordinatus
546 2042 658 2082 non
704 2041 906 2096 essem,
964 2042 1074 2082 non
1117 2026 1294 2082 solum
1339 2027 1492 2099 pallii
1539 2043 1698 2082 usum
1727 2042 1838 2082 non

227 2130 557 2189 quererem,
588 2107 846 2187 quoniam
887 2106 1022 2185 scio,
1071 2115 1190 2170 sine
1227 2115 1571 2170 ordinatione
1616 2115 1836 2187 episco-

225 2203 351 2276 pali,
395 2202 505 2259 fide
549 2211 697 2259 recta
735 2211 790 2259 et
827 2203 1090 2274 operibus
1129 2203 1288 2259 bonis
1330 2219 1428 2274 per
1464 2202 1565 2259 Dei
1604 2203 1838 2276 gratiam

227 2293 390 2348 vitam
421 2300 686 2356 aeternam
734 2306 822 2346 me
871 2291 1114 2362 potuisse
1160 2292 1429 2364 aquirere.
1470 2292 1532 2347 In
1579 2291 1682 2347 isto
1727 2306 1836 2346 sae-

223 2381 343 2437 culo
363 2395 710 2454 cognoscens
730 2379 885 2446 illud,
911 2380 1050 2436 sicut
1069 2380 1233 2435 modo
1253 2395 1550 2451 cognosco,
1619 2380 1838 2452 episco-

221 2470 407 2542 palen
444 2469 696 2524 ordinem
725 2483 834 2523 non
865 2467 1126 2536 subirem,
1154 2469 1200 2522 si
1221 2469 1389 2524 vitare
1417 2469 1676 2525 valerem.
1729 2469 1837 2524 Sed

227 2567 276 2614 et
304 2573 455 2614 nunc
479 2558 595 2627 jam
623 2555 818 2613 sufﬁcit
845 2556 979 2611 mihi
1009 2557 1188 2612 anima
1217 2573 1338 2612 mea
1367 2572 1469 2628 pro
1499 2556 1692 2628 spolio.
1715 2557 1838 2630 Ego

227 2646 370 2703 enim
400 2645 590 2701 multis
618 2643 846 2701 afflictus
875 2643 1298 2710 inﬁrmitatibus,
1333 2653 1385 2701 et
1431 2654 1587 2702 aetate
1641 2660 1838 2718 grava-

227 2743 330 2805 tus,
363 2751 431 2791 ac
451 2733 667 2803 injuriis
697 2733 978 2807 fatigatus,
995 2735 1110 2803 jam
1129 2734 1363 2800 delibor,
1387 2742 1439 2790 et
1457 2742 1672 2805 tempus
1701 2749 1840 2790 meae

229 2823 588 2880 resolutionis
617 2823 798 2878 instat.
833 2821 1178 2894 Quapropter
1204 2822 1331 2878 licet
1359 2821 1497 2878 alius
1539 2823 1608 2878 ab
1648 2823 1840 2879 amicis

230 2913 370 2968 meis
423 2911 717 2982 Cisalpinis
759 2911 815 2966 in
861 2911 1108 2982 partibus
1154 2911 1433 2977 Romanis,
1481 2919 1605 2966 uta
1659 2911 1840 2966 multis

219 3002 480 3070 jactatur,
515 2998 822 3072 conﬁngar,
855 2999 925 3054 ad
955 2999 1103 3054 aliud
1147 3015 1236 3054 me
1269 3007 1482 3071 Oportet
1511 3001 1756 3068 tendere,
1790 3007 1844 3056 et

228 3089 295 3144 de
326 3088 455 3144 aliis
485 3088 736 3160 cogitare
767 3103 930 3159 quam
959 3087 1119 3144 alicui
1146 3103 1362 3158 pompae
1385 3104 1449 3143 ac
1469 3087 1836 3154 ostentationi,

235 3177 460 3233 minime
493 3185 677 3232 autem
706 3177 1077 3232 ecclesiastico
1132 3175 1433 3232 ministerio
1489 3177 1840 3248 applaudere,

240 3275 333 3322 aut
361 3265 529 3322 modo
559 3265 802 3337 quolibet
830 3265 1112 3320 inservire.

338 3355 472 3410 Haec
512 3360 714 3418 autem,
758 3353 828 3408 de
869 3353 1066 3425 quibus
1104 3353 1418 3409 clarissima:
1463 3353 1735 3409 sanctitati
1788 3363 1842 3410 et

237 3441 622 3499 famosissima:
650 3441 934 3514 sapientiae
961 3449 1163 3497 vestrae
1193 3441 1409 3513 scripsi,
1441 3458 1549 3497 non
1579 3442 1648 3496 ad
1676 3441 1844 3496 ullam

237 3530 698 3596 controversiam,
729 3530 816 3587 vel
842 3537 1219 3586 contumacem
1249 3525 1672 3597 resultationem,
1697 3530 1844 3602 quod

231 3621 396 3686 absit,
430 3620 674 3691 protuli;
708 3620 806 3676 sed
837 3619 1105 3674 animatus
1150 3619 1388 3674 veridica
1431 3619 1696 3675 sententia
1743 3635 1844 3675 ve-

233 3718 381 3776 stra,
415 3709 529 3764 imo
581 3708 778 3763 divinae
819 3707 1174 3775 auctoritatis,
1227 3724 1386 3780 quam
1429 3708 1562 3763 mihi
1605 3707 1845 3764 scribere

235 3797 445 3871 dignati
503 3796 701 3866 fuistis,
750 3796 994 3852 dicentes
1026 3797 1155 3868 quia
1183 3795 1388 3850 veritas
1418 3796 1633 3864 liberet,
1683 3811 1844 3852 men-

232 3886 455 3942 dacium
486 3900 617 3941 vero
645 3885 856 3955 perdat,
888 3885 1160 3939 humiliter
1185 3885 1431 3940 veritatis
1479 3885 1846 3940 narrationem

234 3973 516 4048 suggessi.
549 3973 790 4029 Tandem
818 3989 957 4028 mea;
985 3972 1231 4028 servituti
1260 3990 1290 4026 a
1321 3981 1503 4030 vestra
1531 3973 1845 4052 dignatione

232 4061 554 4118 remandari
586 4062 826 4132 deposco
856 4063 924 4117 de
955 4061 1217 4116 fratribus
1247 4062 1473 4117 nostris.
1521 4061 1846 4117 Rhemensis

233 4151 504 4208 Ecclesiae
550 4149 697 4219 filiis,
737 4158 917 4206 vestra
956 4151 1277 4207 auctoritate
1308 4151 1363 4205 in
1404 4151 1517 4206 suis
1564 4150 1846 4206 ordinibus

233 4241 516 4308 restitutis,
551 4239 810 4311 quoniam
839 4240 1180 4295 venerandus
1211 4239 1655 4310 archiepiscopus
1684 4239 1847 4312 Egilo

234 4355 298 4394 ex
326 4345 514 4393 vestra
546 4336 867 4393 auctoritate
888 4337 969 4392 eis
998 4337 1257 4408 praecepit
1278 4345 1335 4391 ut
1357 4336 1411 4390 in
1442 4337 1554 4392 suis
1579 4335 1846 4409 gradibus

232 4427 630 4493 ministrarent,
653 4433 707 4481 et
736 4425 806 4480 ad
835 4425 1055 4481 altiores
1083 4427 1382 4482 ascendere
1416 4441 1526 4480 non
1553 4436 1849 4496 prmsume’.

235 4533 375 4592 rent,
408 4533 595 4579 utrum
623 4522 853 4578 debeam
883 4539 980 4578 eos
1009 4524 1080 4578 ad
1109 4523 1330 4578 altiores
1377 4523 1582 4596 gradus
1628 4538 1829 4594 prove-

236 4615 384 4682 here,
418 4613 468 4668 si
496 4610 802 4668 confratres
829 4627 896 4668 ac
925 4611 1284 4667 comministri
1313 4612 1485 4668 nostri
1511 4611 1633 4666 illos
1662 4612 1845 4684 elege-

237 4701 346 4756 rint
385 4719 399 4755 :
444 4700 702 4774 quoniam
741 4715 934 4756 eorum
971 4700 1183 4756 animos
1223 4717 1346 4756 mea
1392 4700 1599 4756 incuria
1645 4699 1844 4756 laedere

236 4791 381 4856 nolo,
415 4798 471 4846 et
503 4805 574 4845 ne
604 4797 795 4845 contra
823 4796 1066 4845 vestram
1087 4789 1393 4858 jussionem
1421 4806 1483 4846 ac
1523 4789 1842 4860 dispositio-

241 4895 365 4935 nem
394 4893 560 4952 agam
585 4878 764 4933 modis
793 4878 1046 4933 omnibus
1077 4877 1318 4934 devitarc
1359 4879 1538 4950 cupio,
1582 4879 1674 4950 qui
1705 4894 1843 4950 apo-

240 4968 445 5024 stolicae
511 4967 660 5022 sedis
719 4965 953 5022 decretis
1013 4965 1268 5022 omnibus
1326 4982 1520 5038 parere
1569 4967 1838 5022 desidero.

242 5055 384 5110 Deus
413 5055 760 5126 omnipotens
781 5054 1150 5111 sinceritatem
1171 5063 1426 5121 vestram,
1449 5056 1518 5110 ad
1539 5055 1841 5111 doctrinam

241 5153 292 5198 et
321 5143 720 5200 correctionem
750 5151 956 5199 sancta
993 5159 1106 5198 sum
1143 5143 1424 5211 Ecclesiae,
1471 5144 1528 5199 in
1571 5161 1668 5199 suo
1715 5153 1841 5216 apto

241 5233 458 5290 servitio
506 5249 608 5304 per
647 5247 915 5288 annorum
976 5231 1144 5288 multa
1201 5233 1467 5290 curricula
1515 5249 1840 5289 conservare

240 5321 516 5396 dignetur,
549 5321 749 5376 domne
779 5321 1122 5378 sanctissime
1153 5330 1207 5376 et
1249 5322 1691 5378 reverentissime
1733 5323 1838 5377 Pa-

245 5427 380 5474 trum
411 5421 579 5476 Pater
607 5419 664 5474 in
691 5420 943 5477 Domino.

1939 1827 2068 1894 gata
2095 1820 2238 1892 apud
2269 1820 2590 1876 Suessiones
2621 1820 2894 1891 praeterito
2921 1835 3062 1874 anno
3095 1818 3330 1885 fuerunt,
3363 1826 3539 1873 tantas

1936 1918 1990 1964 et
2037 1909 2176 1964 tales
2215 1908 2617 1980 increpationes
2664 1908 2971 1980 indignitati
3015 1921 3154 1963 meai
3198 1923 3229 1961 a
3277 1907 3544 1980 dignitate

1935 2006 2121 2053 vestra
2149 1997 2326 2052 illatas
2354 1997 2557 2064 inveni,
2609 1997 2746 2052 sicut
2791 2005 3018 2068 peccata
3069 2011 3194 2050 mea
3237 2003 3530 2050 merentur.

1937 2085 2145 2155 Quibus
2175 2086 2245 2141 ad
2269 2085 2454 2141 omnia
2481 2086 2815 2156 respondere
2847 2095 2902 2140 et
2928 2084 3214 2140 humilitati
3242 2099 3381 2140 meae
3411 2099 3545 2154 pra:-

1938 2175 2314 2246 sumptiosum,
2374 2183 2428 2230 et
2466 2174 2783 2229 sublimitati
2833 2182 3032 2229 vestrae
3087 2180 3300 2228 constat
3349 2173 3544 2228 incon-

1936 2279 2186 2336 gruum;
2241 2263 2546 2334 praesertim
2603 2279 2727 2318 cum
2765 2271 2887 2334 post
2941 2262 3148 2329 multa,
3195 2260 3544 2332 pusillitatem

1935 2367 2114 2407 meam
2143 2351 2466 2418 refoventes,
2507 2351 2641 2405 mihi
2681 2351 2920 2406 scribere
2964 2351 3168 2422 dignati
3215 2349 3421 2405 fueritis
3451 2349 3538 2404 di-

1936 2447 2123 2495 centes
2155 2457 2168 2494 :
2206 2461 2228 2489 α
2265 2439 2394 2496 Haec
2421 2456 2489 2494 ne
2510 2454 2610 2495 nos
2635 2439 2918 2494 arbitreris
2946 2439 3014 2492 ad
3043 2437 3337 2493 discrimen
3376 2438 3544 2508 quod-

1935 2527 2064 2582 libet
2093 2535 2196 2582 tuae
2225 2527 2528 2582 sanctitatis
2559 2528 2644 2582 vel
2672 2527 2952 2597 dignitatis
2983 2541 3368 2598 exaggerasse,
3413 2540 3539 2580 cum

1938 2615 2165 2670 meliora
2195 2631 2320 2670 esse
2367 2615 2596 2670 vulnera
2643 2614 2921 2687 diligentis
2976 2629 3143 2686 quam
3191 2613 3538 2668 fraudulenta

1939 2711 2172 2766 odientis
2203 2711 2395 2767 oscula
2463 2727 2571 2766 non
2619 2711 2852 2766 nescias.
2891 2732 2912 2760 ν
2963 2710 3254 2776 Ceterum,
3296 2709 3552 2780 quoniam

1938 2797 2164 2871 prOpter
2191 2799 2387 2854 multas
2417 2807 2470 2854 et
2500 2799 2766 2854 maximas
2799 2815 2866 2856 ac
2893 2815 3035 2870 pene
3073 2798 3360 2854 continuas
3400 2797 3544 2853 infe-

1940 2889 2202 2944 stationes
2231 2903 2583 2959 paganorum
2602 2897 2761 2959 atque
2781 2887 3044 2943 falsorum
3093 2887 3546 2951 Christianorum,

1941 2993 2076 3049 quas
2105 2977 2358 3048 patimur,
2391 2977 2645 3032 continue
2675 2976 3044 3031 laborantibus
3075 2983 3231 3030 antea
3273 2973 3544 3046 episcopis

1941 3065 2230 3138 regionum
2259 3073 2587 3130 nostrarum,
2621 3065 2677 3118 in
2705 3081 2871 3118 unum
2898 3063 3192 3119 convenire
3222 3078 3331 3118 non
3373 3061 3542 3127 licuit,

1941 3161 2000 3209 ut
2057 3153 2214 3208 nobis
2269 3152 2630 3207 communiter
2696 3160 2892 3207 vestrae
2957 3151 3255 3206 sanctitatis
3315 3149 3542 3221 epistola

1943 3240 2302 3298 communiter
2347 3240 2514 3294 missa
2561 3239 2920 3313 relegeretur,
2979 3248 3032 3295 et
3086 3239 3222 3296 sicut
3245 3237 3534 3308 .jussistis,

1943 3345 2280 3401 quaecunque
2312 3343 2475 3399 super
2503 3329 2606 3384 hac
2635 3345 2696 3384 re
2726 3329 2794 3382 de
2824 3344 2929 3400 qua
2944 3328 3124 3400 agitur
3153 3327 3356 3398 scripta
3377 3335 3485 3382 tam
3513 3343 3546 3382 a

1943 3417 2100 3474 vobis
2129 3418 2278 3489 prius
2307 3425 2360 3473 et
2387 3433 2532 3473 nunc
2562 3432 2727 3489 quam
2754 3433 2786 3471 a
2813 3417 2970 3472 nobis
3001 3417 3142 3472 edita
3171 3416 3539 3488 reperiuntur,

1945 3514 1999 3562 et
2027 3506 2156 3578 quid
2181 3507 2309 3561 inde
2336 3505 2611 3560 humilitas
2639 3521 2764 3560 mea
2794 3514 2846 3560 et
2871 3505 2947 3560 illi
2975 3505 3172 3574 dejecti
3201 3504 3384 3561 clerici
3426 3503 3544 3559 sedi

1945 3595 2255 3667 apostolicae
2293 3595 2732 3667 suggesserimus
2784 3594 2870 3649 vel
2901 3593 3256 3660 retulerimus,
3291 3595 3346 3646 in
3394 3578 3547 3649 volu-

1943 3701 2072 3740 men
2102 3699 2268 3738 unum
2299 3683 2490 3738 ordine
2520 3699 2627 3755 quo
2673 3683 2840 3738 missa
2883 3691 3008 3738 sunt
3059 3683 3456 3755 redigerentur,
3489 3690 3544 3736 et

1946 3772 2262 3844 apostolicae
2304 3772 2441 3839 sedi,
2487 3779 2546 3826 ut
2609 3780 2926 3843 competens
2989 3779 3092 3841 est,
3149 3787 3338 3826 eorum
3386 3770 3546 3825 nobis

1946 3861 2348 3932 exemplaribus
2378 3861 2691 3927 reservatis,
2727 3877 2940 3916 summo
2962 3860 3138 3916 studio
3157 3860 3540 3932 dirigerentur.

1945 3953 2104 4006 Nunc
2132 3950 2188 4004 in
2217 3950 2401 4022 aliqua
2443 3950 2600 4022 regni
2642 3959 2795 4021 parte
2843 3950 3233 4022 aliquantulum
3280 3951 3350 4006 de
3379 3965 3546 4022 paga-

1945 4055 2141 4095 norum
2170 4038 2513 4094 infestatione
2543 4038 2894 4110 respirantes,
2929 4039 3027 4094 sed
3073 4038 3296 4094 aliarum
3353 4038 3544 4093 anxie-

1945 4136 2115 4182 tatum
2143 4127 2438 4199 gemitibus
2469 4127 2803 4195 laborantes,
2835 4137 2888 4182 et
2915 4128 3092 4182 adhuc
3121 4127 3377 4199 graviora
3425 4143 3546 4198 qua

1945 4216 2228 4270 imminent
2255 4222 2575 4280 metuentes,
2605 4222 2658 4268 et
2684 4214 2880 4269 fratres
2910 4229 2974 4268 ac
3019 4215 3330 4284 coepiscopi
3376 4215 3548 4268 nostri

1946 4303 2283 4358 devotissimi
2337 4300 2433 4356 ﬁlii
2475 4302 2658 4367 vestri,
2710 4317 2830 4374 qua
2865 4301 3124 4371 jussistis,
3185 4301 3436 4356 videlicet
3479 4301 3549 4355 de

1946 4392 2154 4447 Ebonis
2185 4391 2506 4460 dejectione,
2539 4399 2591 4446 et
2620 4391 2689 4447 de
2717 4390 2888 4462 ipsius
2917 4389 3272 4461 restitutione,
3321 4406 3388 4446 ac
3433 4388 3544 4444 fra-

1847 4474 1902 4534 D
1931 4481 2027 4536 tris
2065 4479 2277 4535 Vulfadi
2325 4489 2378 4535 et
2425 4479 2764 4554 collegarum
2811 4481 2926 4550 ejus
2973 4479 3334 4552 promotione,
3397 4485 3450 4532 et
3477 4478 3546 4534 de

1940 4569 2148 4641 praefati
2193 4569 2400 4625 Ebonis
2449 4569 2642 4625 iterata
2687 4569 3014 4642 repulsione,
3061 4577 3222 4640 atque
3268 4567 3336 4621 ad
3381 4565 3542 4620 aliam

1942 4658 2247 4715 Ecclesiam
2276 4658 2622 4729 migratione,
2659 4659 2754 4714 sed
2811 4666 2864 4713 et
2907 4673 3026 4728 quae
3082 4657 3151 4710 de
3207 4655 3544 4712 ordinatione

1942 4764 2065 4804 mea
2092 4757 2494 4818 compererunt,
2526 4748 2748 4818 exsequi
2779 4745 2954 4800 studio
2986 4742 3130 4798 fideli
3182 4753 3475 4814 procurant
3506 4763 3519 4800 :

1942 4844 1994 4892 et
2023 4837 2242 4890 humilis
2271 4853 2392 4892 mea
2423 4835 2672 4900 servitus,
2705 4835 2773 4888 de
2802 4833 2887 4887 his
2915 4847 3036 4902 quae
3065 4831 3374 4907 indignitati
3402 4851 3542 4891 meae

1943 4933 2123 4980 vestra
2154 4925 2372 4995 scripsit
2400 4925 2658 4996 dignatio,
2691 4920 2837 4976 omni
2867 4919 3167 4976 humilitate
3205 4938 3272 4978 ac
3309 4923 3540 4994 puritate

1941 5013 2264 5084 conscripta,
2295 5014 2380 5068 his
2401 5030 2523 5084 quae
2551 5007 2857 5065 auctoritati
2887 5017 3081 5066 vestrae
3112 5011 3356 5067 collectis
3409 5011 3545 5066 diri-

1940 5110 2096 5174 gunt,
2130 5101 2506 5174 subjungenda
2537 5106 2590 5153 et
2619 5099 2966 5169 suggerenda
2999 5107 3163 5172 atque
3209 5100 3541 5170 perferenda

1941 5191 2240 5246 secundum
2285 5197 2520 5245 vestram
2577 5187 2997 5257 praeceptionem
3053 5188 3134 5242 eis
3181 5188 3420 5258 porrexi.
3454 5188 3536 5242 De

1939 5279 2138 5334 dilecto
2176 5276 2379 5332 scilicet
2409 5273 2571 5328 fratre
2600 5282 2788 5330 nostro
2819 5276 3050 5330 Vulfado
3081 5283 3134 5330 et
3163 5275 3278 5345 ejus
3309 5275 3538 5347 collegis

1939 5369 2008 5422 de
2038 5367 2232 5438 quibus
2262 5362 2394 5416 mihi
2422 5377 2632 5418 summa
2679 5364 2960 5438 dignitatis
3007 5373 3206 5420 vestra:
3247 5363 3545 5419 auctoritas

1940 5471 2061 5525 quae
2089 5452 2192 5507 sibi
2221 5450 2422 5522 placuit
2451 5450 2694 5524 scripsit,
2743 5453 2876 5508 nihil
2929 5453 3073 5508 aliud
3119 5451 3382 5508 sanctitati
3443 5469 3543 5508 ve-

1939 5558 2067 5604 strae
2094 5547 2336 5603 scribere
2369 5564 2658 5620 praesumo,
2694 5550 2796 5605 nisi
2827 5551 2973 5622 quod
3002 5548 3396 5620 increpationes
3444 5565 3541 5602 ve-
