4026 6310
528 255 590 311 91
1522 252 1864 311 HINCMARI
1903 251 2302 314 RHEIIINSIS
2339 251 2888 310 ARCHIEPISCOPI.

530 389 668 435 stras
699 394 806 434 non
860 378 1227 452 negligenter,
1284 378 1383 435 sed
1433 377 1726 450 diligenter
1780 379 2037 450 suscipio,
2071 387 2124 434 et
2154 381 2207 441 A

529 468 922 539 praeceptioues
950 469 1268 524 obedienter
1297 467 1552 524 obaudio.
1587 470 1655 522 Et
1703 468 1827 538 quia
1873 469 1980 522 illis
2011 466 2128 522 suf-

529 556 694 612 ﬁcere
724 557 884 612 debet
903 557 1230 627 praestabilis
1250 556 1584 612 auctoritatis
1601 565 1800 612 vestrae
1822 556 2130 629 benignitas

529 653 584 700 et
609 645 743 700 mihi
779 645 1121 702 abundanter
1167 643 1411 710 sufﬁciet,
1465 645 1512 699 si
1559 644 1978 700 satisfactionem
2021 645 2128 699 hu-

527 734 772 790 militatis
802 750 938 788 mete
988 734 1347 805 suscipientes
1405 734 1635 790 credere
1689 733 1898 806 dignati
1953 733 2124 801 eritis,

535 839 624 878 me
653 823 808 878 vobis
851 823 1170 892 simpliciter
1219 837 1285 878 ac
1332 822 1597 877 veraciter
1643 822 1770 877 inde
1819 821 2124 892 scripsisse.

524 911 668 967 Nam
697 911 996 966 secundum
1016 911 1386 966 ordiuatorum
1405 926 1654 966 meorum
1683 910 2124 981 praeceptionem,

528 999 622 1073 qui
651 999 707 1054 in
735 999 939 1055 Ebonis
967 999 1271 1069 dejectione
1326 998 1562 1065 fuerunt,
1597 1007 1650 1055 et
1702 998 1835 1053 mihi
1891 999 2128 1055 necdum

523 1088 738 1144 duobus
767 1087 972 1144 exactis
999 1089 1280 1143 mensibus
1313 1097 1435 1160 post
1476 1089 1877 1145 ordinationem
1921 1103 2122 1156 meam,

525 1175 580 1232 in
611 1177 821 1247 synodo
849 1177 991 1246 apud
1034 1176 1227 1232 Meldis
1283 1177 1554 1233 civitatem
1612 1177 1795 1232 habita
1851 1193 2125 1248 praecepe-

524 1273 651 1321 runt
684 1308 697 1332 ,
731 1273 954 1320 eatenus
999 1264 1271 1336 ignoranti
1309 1267 1456 1337 quod
1484 1267 1604 1322 Ebo
1623 1276 1746 1337 post
1764 1267 2125 1336 dejectionem

524 1369 680 1410 suam
711 1354 925 1425 aliquos
954 1353 1009 1407 in
1038 1354 1331 1410 Rhemensi
1377 1355 1630 1411 Ecclesia
1685 1354 2035 1421 ordinaverit,
2069 1362 2125 1408 ut

521 1443 602 1498 eis
629 1458 844 1499 mecum
876 1459 1049 1513 usque
1092 1443 1161 1497 ad
1205 1443 1610 1516 diligentiorem
1640 1452 1925 1499 tractatum
1954 1443 2118 1498 mini-

524 1539 694 1586 strare
724 1547 834 1586 non
853 1531 1242 1602 permitterem,
1285 1532 1414 1603 egi;
1445 1541 1499 1587 et
1545 1533 1650 1588 hoc
1692 1532 1871 1603 ipsum
1914 1532 2122 1587 eisdem

519 1617 804 1688 fratribus,
882 1620 1210 1675 decernente
1279 1621 1698 1693 Carthagineusi
1769 1621 2030 1684 concilio,
2065 1628 2122 1675 ut

517 1707 778 1762 ordinatis
807 1708 1080 1779 episcOpis
1109 1709 1196 1764 vel
1226 1709 1436 1764 clericis
1466 1709 1618 1780 prius
1659 1710 1730 1764 ab
1785 1709 2120 1765 ordinatori-

520 1795 621 1850 bus
660 1796 774 1851 suis
805 1796 1003 1866 placita
1045 1797 1402 1872 conciliorum
1449 1798 1674 1854 auribus
1721 1813 1914 1853 eorum
1951 1797 2120 1854 incul-

519 1893 732 1950 centur,
764 1900 833 1940 ne
863 1901 922 1940 se
953 1885 1160 1956 aliquid
1188 1895 1376 1941 contra
1405 1895 1606 1941 statuta
1649 1887 1866 1944 concilii
1926 1886 2126 1944 fecisse

521 1973 838 2042 pmniteaut,
869 1990 970 2044 per
999 1974 1310 2038 Pardulum,
1346 1982 1471 2030 tunc
1491 1975 1782 2030 diaconum
1802 1975 2127 2032 Rhemensis

519 2061 802 2127 Ecclesiae,
835 2063 927 2134 qui
956 2061 1201 2117 interfuit
1229 2063 1456 2134 synodo,
1501 2065 1916 2120 mandaverunt.
1949 2065 2035 2120 Ab
2065 2081 2127 2120 ea

520 2158 702 2205 autem
733 2151 942 2236 synpdo
974 2151 1238 2206 Pardulus
1290 2167 1507 2207 mecum
1566 2152 1790 2208 Rhemis
1847 2169 2123 2221 reversus,

519 2238 730 2294 eisdem
757 2237 1039 2306 fratribus,
1075 2240 1168 2312 qui
1197 2240 1485 2296 nobiscum
1529 2251 1686 2296 erant
1739 2243 1888 2298 etde
1930 2243 2126 2314 quibus

517 2327 798 2399 agebatur,
833 2329 939 2384 hoc
967 2329 1113 2401 quod
1143 2329 1274 2383 mihi
1303 2338 1682 2400 praeceperunt
1711 2330 1953 2402 episc'opi
1987 2340 2127 2386 retu-

516 2415 592 2480 lit,
628 2425 681 2471 et
709 2423 767 2472 ut
795 2432 904 2472 non
931 2417 988 2472 in
1016 2418 1300 2488 gradibus,
1339 2435 1478 2490 quos
1509 2419 1580 2474 ab
1610 2420 1800 2474 Ebone
1820 2428 1942 2491 post
1961 2421 2127 2492 depo-

516 2505 770 2560 sitionem
821 2521 976 2560 suam
1034 2515 1361 2577 acceperant
1405 2499 1800 2577 ministrarent,
1848 2525 2024 2580 usque
2051 2511 2123 2565 ad

514 2591 915 2666 diligentiorem
946 2602 1236 2650 tractatum
1261 2596 1618 2651 observarent
1657 2597 1937 2668 praecepit.
1990 2599 2121 2654 Fra-

515 2689 602 2737 ter
630 2682 831 2754 quippe
874 2682 1134 2738 Vulfadus
1180 2683 1356 2739 adhuc
1405 2701 1619 2740 mecum
1666 2701 1775 2740 non
1819 2693 1974 2753 erat;
2023 2687 2120 2742 sed

515 2777 639 2841 post
667 2770 852 2841 plures
881 2771 1128 2826 evolutos
1157 2787 1396 2836 menses,
1421 2771 1466 2826 si
1498 2773 1598 2828 rite
1641 2774 1915 2841 remetior,
1969 2781 2121 2830 ante-

511 2874 672 2930 quam
702 2857 816 2913 fere
845 2860 972 2914 anni
1004 2859 1238 2931 spatium
1295 2861 1676 2931 compleretur,
1735 2862 1802 2916 de
1857 2863 1958 2917 alia
1987 2878 2119 2933 pro-

514 2947 691 3001 vincia
721 2947 790 3001 ad
821 2963 908 3002 me
947 2949 1193 3017 veniens,
1238 2964 1363 3004 cum
1398 2949 1733 3022 benignitate
1777 2960 1860 3006 est
1903 2960 1952 3006 et
1995 2968 2120 3007 cum

514 3035 836 3091 liberalitate
853 3045 1159 3108 susceptus,
1180 3045 1234 3092 et
1247 3038 1637 3094 honorabiliter
1656 3039 1888 3100 habitus.
1915 3053 2114 3112 usque-

3769 259 3840 315 92

2229 413 2516 486 quemdam
2547 413 2675 479 vidi,
2711 423 2995 484 usquequo
3024 411 3248 482 majoris
3287 411 3613 468 auctoritatis
3668 411 3835 468 aliter

2231 503 2424 558 exinde
2491 501 2864 556 diﬁinitionem
2941 501 3265 572 acciperem.
3336 502 3575 572 Recepta
3643 510 3829 558 autem

2229 591 2413 646 domui
2443 606 2600 661 papae
2630 591 2826 644 Leonis
2854 591 3199 645 excusatoria
3227 590 3474 660 epistola,
3505 594 3564 646 at
3591 594 3822 661 caetera,

2229 682 2296 734 ut
2320 695 2514 752 supra,
2546 694 2720 752 usque
2750 679 2822 734 ad
2849 679 3024 746 ﬁnem
3049 680 3321 752 epistolas.

2721 811 3058 868 EPISTOLA
3085 812 3234 868 XIII.

2367 915 2442 954 AD
2467 914 2766 956 HONACHOS
2796 915 3298 956 ALTOVILLARENSIS
3325 916 3683 956 ΜοΝΑετειιιι.

2230 1008 2295 1064 Ut
2309 1007 2682 1074 Gothescalco,
2699 1009 2748 1062 si
2759 1025 2835 1081 an
2843 1012 2894 1063 te
2908 1012 3143 1064 mortem
3156 1010 3476 1081 resipuerit,
3493 1010 3826 1081 spiritalem

2437 1081 2492 1134 et
2521 1080 2866 1150 corporalem
2896 1079 3314 1134 humanitath
3345 1079 3671 1136 exhibeant.

2801 1167 2980 1237 (Apud
3005 1167 3303 1241 eumdem.)

2295 1264 2402 1318 Pro
2434 1272 2697 1335 tempore,
2744 1263 2882 1319 sicut
2938 1263 3071 1318 mihi
3127 1263 3298 1331 licuit,
3347 1264 3458 1318 dixi
3499 1265 3654 1320 vobis
3713 1281 3827 1338 qua

2223 1351 2552 1418 conditione,
2614 1353 2660 1406 si
2720 1369 2780 1408 se
2827 1352 3236 1419 Gothescalcus,
3294 1362 3586 1425 antequam
3643 1353 3828 1409 anima

2221 1438 2366 1494 illius
2396 1441 2712 1512 egrediatur
2739 1442 2809 1496 de
2837 1457 3090 1511 corpore,
3125 1442 3531 1514 recognoverit,
3579 1450 3632 1496 et
3663 1443 3828 1512 spiri-

2222 1527 2380 1583 talem
2432 1538 2484 1583 et
2543 1529 2884 1600 corporalem
2929 1531 3326 1584 humanitatem
3372 1529 3450 1584 illi
3496 1531 3822 1586 exhibeatis.

2223 1616 2330 1671 Sed
2359 1634 2428 1671 ne
2459 1617 2588 1689 quid
2617 1618 2771 1673 vobis
2801 1618 2940 1673 desit
2969 1619 3022 1672 in
3053 1619 3162 1673 ulla
3191 1619 3390 1691 gratia,
3443 1619 3828 1675 auctoritatem

2151 1705 2350 1800 Biude
2378 1705 2805 1762 ecclesiasticam
2842 1723 2909 1762 ex
2962 1707 3144 1762 verbis
3191 1708 3619 1763 orthodoxorum
3666 1707 3826 1763 vobis

2230 1795 2551 1849 transmitto.
2584 1795 2671 1849 Ait
2699 1795 2842 1849 enim
2883 1795 2951 1851 de
2994 1795 3300 1864 hujusmodi
3343 1795 3450 1850 Leo
3498 1797 3685 1869 (epist.
3735 1799 3827 1864 12,

2228 1883 2300 1938 ad
2329 1884 2713 1954 Flavianum),
2749 1892 2806 1938 ut
2848 1884 2894 1938 si
2938 1882 3168 1940 fideliter
3217 1893 3268 1939 et
3316 1884 3517 1940 utiliter
3559 1884 3725 1953 dolet,
3772 1894 3827 1941 et

2230 1987 2390 2042 quam
2421 1981 2569 2027 recte
2599 1981 2748 2026 mota
2775 1973 2844 2027 sit
2873 1989 3004 2045 erga
3037 1989 3158 2028 eum
3181 1973 3506 2044 episcopalis
3529 1973 3827 2030 auctoritas

2228 2059 2316 2114 vel
2344 2076 2469 2115 sero
2498 2061 2799 2133 cognoscit,
2835 2060 2921 2116 vel
2950 2061 2994 2115 si
3039 2061 3109 2116 ad
3159 2060 3544 2118 satisfactionis
3593 2062 3830 2133 plenitu-

2229 2149 2431 2214 dinem,
2463 2165 2644 2205 omma
2668 2167 2790 2222 qua:
2818 2149 2885 2204 ab
2917 2165 2982 2204 eo
3011 2149 3150 2204 male
3190 2158 3315 2204 sunt
3345 2166 3524 2216 sensa,
3570 2149 3656 2204 vel
3700 2151 3829 2207 viva

2228 2253 2362 2292 voce
2391 2237 2477 2292 vel
2507 2237 2665 2308 signo
2695 2239 3020 2310 competenti
3050 2239 3410 2305 damnaverit,
3454 2239 3830 2296 reconciliatio

2227 2333 2280 2382 et
2309 2327 2618 2382 communio
2648 2327 2724 2381 illi
2757 2343 2864 2382 non
2909 2328 3226 2399 denegetur,
3287 2327 3424 2383 sicut
3471 2327 3826 2395 leestinus,

2226 2423 2280 2469 et
2305 2415 2434 2485 Leo,
2468 2423 2520 2469 et
2551 2415 2690 2470 sacri
2721 2431 2959 2471 canones
2989 2416 3366 2471 decreverunt.
3409 2416 3478 2471 Et
3525 2417 3572 2470 si
3618 2417 3672 2470 in
3718 2417 3831 2474 hac

2223 2503 2565 2558 confessione
2608 2519 2674 2560 ac
2719 2503 3100 2559 communione
3146 2503 3363 2571 obierit,
3421 2504 3560 2560 sicut
3615 2505 3832 2562 caeteris

2222 2589 2504 2658 fratribus,
2539 2593 2613 2647 ita
2641 2601 2694 2648 et
2731 2593 2806 2647 illi
2827 2609 3173 2648 communem
3190 2593 3542 2664 sepulturam,
3567 2609 3632 2648 ac
3655 2609 3828 2666 sepe-

2221 2679 2388 2736 liendi
2417 2680 2650 2736 officium
2681 2690 2732 2736 et
2778 2681 3075 2737 orationem
3122 2689 3247 2752 post
3291 2681 3500 2737 obitum
3546 2682 3827 2740 exhibete.

2222 2768 2358 2838 Quia
2387 2769 2650 2824 Dominus
2696 2779 2897 2840 noster,
2949 2787 3112 2826 verus
3161 2779 3214 2826 et
3257 2770 3433 2826 bonus
3473 2780 3679 2842 pastor,
3728 2772 3830 2844 qui

2227 2859 2467 2914 animam
2527 2875 2680 2913 suam
2711 2859 2892 2930 posuit
2920 2876 3021 2930 pro
3061 2859 3255 2914 ovibus
3286 2859 3416 2927 suis,
3451 2867 3504 2914 et
3533 2859 3624 2932 qui
3673 2861 3830 2916 venit

2222 2947 2435 3002 animas
2462 2945 2742 3002 hominum
2771 2947 3005 3012 salvare,
3039 2964 3146 3002 non
3195 2949 3448 3018 perdere,
3499 2947 3828 3005 imatatores

2211 3052 2312 3090 nos
2344 3053 2453 3090 suae
2508 3036 2622 3090 vult
2680 3053 2801 3090 esse
2855 3036 3092 3106 pietatis,
3152 3044 3208 3091 ut
3261 3044 3551 3107 peccantes
3596 3037 3826 3109 quidem

513 3140 622 3196 quo
653 3125 854 3180 domno
881 3134 1069 3181 nostro
1109 3126 1228 3199 regi
1271 3127 1483 3193 Carolo,
1524 3127 1644 3198 ipso
1681 3137 1918 3200 petente,
1962 3095 2112 3184 illum
2144 3095 2412 3194 Cjustitia
2441 3132 2709 3192 coerceat,
2745 3141 3042 3180 conversos
3072 3132 3254 3179 autem
3293 3125 3666 3180 misericordia
3709 3142 3829 3182 non

511 3214 908 3269 commendavi.
940 3213 1208 3270 Defuncto
1238 3224 1419 3270 autem
1448 3216 1640 3272 Ebone
1668 3233 1812 3275 anno
1850 3219 2114 3274 Incarna—

516 3302 682 3357 tionis
711 3302 1010 3359 Dominicaa
1039 3305 1134 3356 851
1171 3345 1185 3366 ,
1219 3304 1520 3360 Indictione
1563 3321 1682 3370 xvi,
1732 3322 1836 3361 xm
1884 3307 2110 3363 Kalend.

511 3390 731 3460 Aprilis,
777 3391 901 3462 quia
945 3390 1155 3462 praefati
1200 3391 1395 3447 fratres
1439 3393 1612 3448 nostri
1657 3394 1726 3449 ab
1769 3410 1836 3450 eo
1881 3396 2116 3450 ordinati

515 3479 608 3551 qui
635 3495 852 3534 mecum
883 3488 1054 3546 erant,
1096 3488 1220 3552 post
1249 3497 1423 3537 annos
1454 3482 1668 3537 circiter
1720 3492 1844 3538 octo
1902 3499 2014 3538 suae
2045 3485 2115 3539 ab

514 3567 691 3623 ofiicio
721 3569 1116 3638 suspensionis,
1150 3585 1293 3625 anno
1315 3570 1520 3626 scilicet
1559 3571 1952 3627 Incarnationis
1998 3574 2114 3629 Do-

511 3656 728 3712 minicaa
755 3660 856 3711 853
889 3674 975 3711 me
1007 3657 1298 3729 petierunt,
1333 3659 1540 3714 eisdem
1568 3660 1828 3716 fratribus
1853 3662 1922 3716 ad
1953 3679 2117 3733 syno-

513 3744 642 3799 dum
665 3744 748 3799 ire
781 3745 1004 3814 permisi
1036 3755 1088 3800 et
1113 3747 1198 3801 his
1247 3747 1339 3818 qui
1386 3747 1756 3821 indiguerunt,
1809 3751 2116 3805 subsidium

514 3833 904 3902 necessarium,
931 3842 988 3888 ut
1017 3836 1088 3889 ad
1115 3835 1290 3906 ipsum
1319 3837 1610 3892 concilium
1641 3839 1757 3894 sine
1806 3838 2116 3895 difficultate

513 3922 594 3978 ire
624 3931 866 3993 possent,
901 3923 1194 3979 ministrari
1223 3925 1482 3996 prmcepi.
1533 3927 1635 3984 Ubi
1680 3943 1774 3982 eos
1817 3944 1924 3984 non
1965 3929 2116 3997 judi-

514 4011 650 4076 cavi,
684 4028 860 4083 neque
887 4013 1083 4082 dejeci,
1112 4029 1214 4069 nec
1246 4014 1406 4069 etiam
1433 4031 1558 4070 cum
1593 4015 1868 4084 judicibus
1926 4033 2116 4072 eorum

515 4099 835 4170 subscripsi,
898 4101 1036 4157 sicut
1099 4111 1296 4156 norunt
1341 4104 1434 4175 qui
1476 4103 1856 4170 interfuerunt,
1907 4114 1960 4160 et
2000 4106 2116 4176 ipsa

514 4189 852 4261 episcopalia
881 4197 1056 4263 gesta,
1092 4208 1214 4262 quae
1244 4193 1551 4248 authemica
1594 4209 1720 4249 cum
1759 4194 2116 4265 subscriptio-

509 4278 670 4334 nibus
699 4279 1084 4350 episcoporum
1113 4281 1202 4352 qui
1233 4281 1312 4336 eis
1343 4282 1800 4354 subscripserunt,
1833 4283 1950 4338 sine
1994 4298 2118 4337 mea

511 4368 930 4437 subscriptione,
966 4369 1241 4438 praeterito
1271 4386 1411 4425 anno
1442 4371 1497 4424 in
1545 4373 1755 4441 synodo
1803 4381 1984 4427 vestra
2013 4386 2114 4426 au-

2212 3213 2457 3283 repellat.
2494 3213 2550 3267 Si
2597 3222 2779 3267 autem
2828 3213 2885 3268 in
2942 3213 3307 3268 obstinatione
3365 3230 3463 3268 sua
3519 3231 3694 3286 usque
3747 3216 3824 3270 ad

2208 3309 2440 3356 mortem
2470 3302 2856 3372 permanserit,
2893 3302 3186 3355 tenendum
3245 3301 3402 3356 nobis
3461 3301 3531 3356 de
3590 3301 3682 3358 illo
3735 3312 3827 3358 est

2209 3390 2358 3462 quod
2403 3399 2620 3445 sanctus
2666 3391 2772 3447 Leo
2817 3391 2886 3446 de
2939 3390 3321 3446 communione
3383 3389 3607 3460 privatis
3637 3397 3690 3444 et
3748 3391 3826 3446 ita

2213 3476 2484 3533 defunctis
2516 3479 2648 3534 dicit
2675 3479 2861 3551 (epist.
2893 3480 2988 3544 95,
3024 3480 3097 3534 ad
3129 3478 3447 3550 Rusticum)
3483 3497 3495 3532 :
3535 3500 3556 3529 ι
3588 3478 3822 3550 Horum,

2215 3565 2485 3637 inquiens,
2518 3583 2686 3622 causa
2716 3567 2814 3622 Dei
2837 3567 3044 3636 judicio
3074 3565 3402 3621 reservanda
3433 3575 3535 3634 est,
3571 3567 3626 3621 in
3663 3567 3823 3636 cujus

2218 3671 2380 3709 manu
2413 3654 2529 3720 fuit,
2562 3663 2619 3708 ut
2649 3655 2830 3708 talium
2859 3655 3037 3708 obitus
3067 3670 3239 3725 usque
3293 3655 3361 3708 ad
3421 3655 3823 3712 communionis

2217 3743 2520 3798 remedium
2551 3758 2659 3796 non
2687 3741 3013 3796 differretur.
3047 3742 3160 3796 Nos
3191 3749 3374 3796 autem
3403 3743 3600 3814 quibus
3630 3744 3821 3800 viven-

2217 3831 2358 3886 tibus
2405 3847 2515 3886 nou
2556 3829 3094 3895 communicavimus,
3144 3831 3370 3886 mortuis
3414 3831 3826 3891 communicare

2217 3935 2326 3975 non
2355 3935 2667 3990 possumus.
2706 3941 2727 3968 »
2761 3919 2974 3974 Etitem
2995 3919 3180 3991 (epist.
3212 3920 3292 3974 59
3313 3921 3384 3975 ad
3415 3921 3780 3995 Theodorum)
3808 3941 3822 3978 :

2223 4030 2243 4058 α
2279 4008 2358 4073 Si,
2391 4007 2583 4080 inquit,
2617 4007 2810 4078 aliquis
2837 4024 3026 4063 eorum
3057 4024 3158 4078 pro
3189 4009 3388 4080 quibus
3418 4009 3654 4066 Domino
3687 4027 3826 4084 sup-

2217 4097 2504 4168 plicamus,
2563 4113 2883 4168 quocunque
2939 4097 3273 4168 interceptus
3330 4098 3638 4169 obstaculo,
3701 4115 3825 4156 mu-

2219 4201 2350 4240 nere
2381 4185 2732 4258 indulgentiae
2759 4185 3045 4256 przescntis
3076 4185 3354 4250 exciderit,
3403 4195 3454 4241 et
3499 4187 3824 4260 priusquam

2217 4274 2285 4328 ad
2313 4274 2601 4328 constituta
2631 4274 2871 4329 remedia
2900 4275 3222 4344 pervenerit,
3257 4275 3608 4344 temporalem
3658 4276 3825 4332 vitam

2217 4363 2450 4418 humana
2480 4361 2788 4418 conditione
2819 4361 3035 4427 finierit,
3070 4363 3215 4434 quod
3245 4378 3473 4417 manens
3501 4361 3556 4417 in
3585 4379 3824 4436 corpore

511 4457 761 4511 ctoritate
792 4457 935 4526 apud
969 4457 1293 4512 Suessiones
1359 4459 1539 4513 habita
1587 4459 1823 4524 ostendi,
1875 4452 2180 4514 demon-D
2213 4468 2322 4507 ηοη
2360 4451 2585 4522 recepit,
2619 4451 2880 4522 οοῐιεθίιιιὶ
2927 4459 3118 4506 exutus
3166 4466 3398 4521 COI‘POI‘B
3447 4466 3558 4507 ιιοῑι
3599 4454 3819 4523 poterii-

509 4553 695 4599 strant.
729 4545 798 4600 Et
827 4545 1082 4617 quoniam
1113 4561 1348 4602 canones
1375 4549 1710 4618 posteriores
1755 4548 2112 4604 anterioribus

503 4633 696 4702 jubent
754 4633 988 4700 deferre,
1049 4636 1494 4706 pracipientibus
1551 4637 1758 4693 eisdem
1815 4637 2108 4708 episcOpis,

2213 4539 2330 4595 Nec
2357 4555 2584 4594 necesse
2614 4547 2696 4594 est
2723 4556 2824 4594 nos
2855 4555 3045 4594 eorum
3074 4539 3167 4611 qui
3211 4540 3290 4595 sic
3331 4539 3564 4594 obierint
3622 4543 3822 4599 merita

2213 4636 2472 4700 actusque
2502 4628 2790 4694 discutere,
2823 4643 2944 4683 cum
2977 4627 3239 4683 Dominus
3270 4629 3414 4683 Deus
3463 4636 3667 4696 noster,
3725 4647 3824 4688 cu-

513 4736 638 4775 cum
667 4738 859 4778 eorum
887 4723 1099 4788 litteris,
1136 4739 1365 4796 quarum
1412 4726 1688 4795 exemplar
1743 4726 2025 4792 habemus,
2059 4735 2114 4784 et
2205 4717 2298 4789 jus
2319 4716 2522 4786 judicia
2550 4725 2824 4788 nequeunt
2853 4716 3256 4788 comprehendi,
3290 4717 3434 4788 quod
3478 4719 3822 4776 sacerdotale

513 4825 650 4882 quas
680 4811 736 4864 in
767 4812 1010 4868 Romano
1057 4813 1258 4868 scrinio
1305 4813 1538 4868 inveniri
1589 4831 1750 4886 posse
1839 4815 2106 4885 existimo,

511 4914 644 4953 cum
676 4899 812 4954 meis
842 4916 942 4969 pro
991 4918 1179 4956 eorum
1223 4901 1484 4974 petitione
1516 4902 1728 4968 litteris,
1763 4911 1816 4958 et
1842 4919 1968 4960 cum
1994 4903 2112 4958 aliis

513 4987 864 5058 petitionibus
936 4990 1073 5044 meis
1129 4992 1197 5044 ad
1253 4991 1441 5046 sedem
1496 4992 1854 5062 apostolicam
1909 4993 2110 5047 domno

511 5091 669 5148 papae
714 5076 883 5132 Leoni
929 5093 1028 5148 pro
1079 5078 1469 5135 confirmandis
1513 5095 1701 5135 eorum
1746 5081 1937 5151 gestis,
1991 5098 2110 5153 quae

511 5181 621 5220 non
653 5165 864 5236 scripsi,
907 5182 995 5220 me
1046 5166 1313 5223 direxisse
1358 5184 1464 5224 non
1513 5168 1747 5241 denego.
1798 5171 1860 5225 In
1917 5170 2111 5242 quibus

513 5253 684 5325 gestis
741 5270 929 5309 veram
993 5254 1348 5326 praefatorum
1403 5256 1627 5312 fratrum
1671 5259 2110 5330 prosccutionem

513 5343 808 5397 adversum
837 5360 925 5398 me
955 5344 1171 5399 silentio
1203 5361 1309 5400 non
1368 5344 1596 5403 firmavi.
1656 5349 1812 5404 Unde
1867 5365 1932 5403 ex
1962 5364 2112 5404 com-

511 5432 662 5486 muni
691 5445 964 5488 consensu
996 5434 1294 5490 secundum
1325 5449 1583 5503 canones,
1634 5437 1776 5494 sicut
1819 5453 1916 5495 eos
1961 5438 2112 5495 intel-

515 5519 765 5586 leximus,
795 5521 1012 5590 judices
1039 5523 1333 5593 postulavi.
1386 5541 1620 5596 quorum
1661 5529 1986 5584 sententiam
2018 5544 2109 5584 se-

2211 4806 2574 4862 ministerium
2604 4806 2830 4877 implere
2861 4822 2970 4861 non
2998 4805 3190 4877 potuit,
3224 4822 3338 4860 sua:
3359 4805 3584 4875 justitiaa
3631 4823 3820 4864 reser-

2214 4896 2378 4950 vavit.
2414 4916 2436 4946 »
2489 4894 2558 4950 Εῑ
2605 4902 2824 4950 sanctus
2869 4895 3109 4950 Joannes
3159 4893 3436 4964 apostolus
3483 4893 3660 4950 dicit:
3715 4899 3820 4954 Est

2207 4987 2506 5058 peccatum
2519 4984 2590 5038 ad
2603 4988 2839 5038 mortem
2873 4999 2884 5038 :
2918 5001 3033 5039 non
3048 5001 3152 5055 pro
3174 4984 3272 5038 illo
3285 4983 3404 5038 dico
3432 4986 3630 5055 utquis
3660 4991 3822 5057 roget

2212 5073 2261 5141 (I
2287 5073 2446 5128 Joun.
2481 5089 2530 5140 ν,
2555 5071 2662 5142 16).
2691 5093 2711 5121 α
2748 5073 3053 5140 Peccatum,
3087 5071 3260 5142 inquit
3278 5070 3578 5140 Gregorius
3599 5074 3818 5142 (Morel.

2211 5175 2320 5228 xw,
2355 5175 2476 5230 cap.
2508 5161 2620 5227 28),
2669 5168 2750 5214 est
2795 5177 2968 5231 usque
3016 5159 3086 5214 ad
3147 5167 3395 5225 mortem,
3442 5160 3562 5232 quia
3610 5161 3822 5218 scilicet

2185 5244 2493 5320 'peccatum
2523 5249 2667 5319 quod
2697 5248 2750 5303 in
2781 5250 2884 5304 hac
2912 5249 3020 5304 vita
3050 5263 3158 5302 non
3190 5247 3494 5321 corrigitur,
3549 5249 3665 5318 ejus
3715 5267 3812 5307 ve-

2210 5337 2302 5392 nia
2357 5335 2552 5392 frustra
2605 5347 2726 5408 post
2774 5345 3003 5392 mortem
3052 5335 3374 5407 postulatur.
3441 5359 3464 5387 ι
3515 5337 3814 5396 Peccatum

2211 5426 2412 5498 quippe
2441 5442 2614 5498 usque
2643 5427 2713 5481 ad
2741 5425 2946 5481 inferos
2993 5425 3210 5490 dicitur,
3266 5425 3410 5497 quod
3461 5433 3586 5482 ante
3639 5425 3812 5486 finem

2210 5524 2336 5580 vitae
2363 5524 2646 5594 praesentis
2673 5539 2773 5594 per
2802 5522 3196 5580 correctionem
3222 5541 3285 5582 ac
3305 5529 3680 5596 penitentiam
3698 5541 3812 5582 non
