4026 6294
265 262 334 321 98
1701 257 2074 321 ΕΡιετοιΑε.
3498 271 3567 324 94

272 387 608 446 εωθιιδδίιπο
669 389 742 446 Εἴ
787 389 985 482 iam!“
1022 390 1359 482 ωεωρῆθω.
1393 390 1600 482 “ilicei
1627 390 1706 482 ,ίη
1735 404 1864 482 9⁸6·-
1883 389 1940 449 Α
1965 406 2128 462 minis
2154 405 2426 464 conﬁcere
2454 406 2715 464 fallaciter
2755 407 3105 465 arbitrantur.
3140 409 3562 482 Reprehendere

276 489 394 536 cato
421 481 894 550 perseverantium
925 496 1096 550 usque
1127 480 1194 533 ad
1225 487 1476 550 mortem,
1509 479 1869 534 minimelicet

274 568 416 622 inter
443 584 604 624 sacra
635 569 830 623 altaris
860 567 1114 640 mysteria
1145 569 1432 635 celebrari,
1467 569 1521 623 in
1544 569 1738 641 quibus
1767 583 1869 638 pro

272 657 351 711 eis
381 664 593 722 oratur,
628 657 724 729 qui
751 673 853 712 nos
900 665 1298 728 praecesserunt
1347 673 1473 712 cum
1515 657 1674 729 signo
1718 655 1865 722 fidei,

271 753 324 799 et
353 744 634 800 dormiunt
662 745 720 799 in
751 761 940 801 somno
997 746 1168 816 pacis,
1228 745 1282 800 in
1351 745 1564 800 Christo
1615 745 1870 801 videlicet

279 833 648 905 quiescentes.
703 835 989 889 Dormiunt
1043 851 1194 906 ergo,
1229 842 1287 888 ut
1324 835 1572 890 catholici
1617 835 1870 890 doctores

270 922 479 988 dicunt,
512 923 568 976 in
598 939 794 979 somno
823 923 996 994 pacis,
1031 925 1120 996 qui
1151 924 1220 978 ab
1249 924 1456 978 unitate
1518 932 1572 978 et
1609 924 1868 978 societate

273 1011 475 1066 Christi
514 1011 782 1067 Ecclesiae
800 1029 903 1068 nec
923 1029 1024 1083 per
1043 1013 1412 1076 htereses,nec
1429 1029 1527 1083 per
1553 1013 1866 1081 schismata,

271 1117 372 1156 nec
401 1117 503 1171 per
530 1101 789 1156 mortalia
828 1101 1056 1156 crimina
1084 1102 1320 1172 separati
1378 1111 1520 1156 sunt.
1573 1102 1633 1154 In
1673 1101 1870 1173 quibus

271 1188 371 1244 etsi
401 1188 696 1260 aliquando
727 1189 960 1256 fuerunt,
997 1198 1178 1244 tamen
1215 1206 1314 1260 per
1343 1189 1722 1260 pcenitentiam
1773 1205 1869 1244 sa-

273 1278 405 1344 nati,
428 1286 480 1332 et
510 1293 613 1348 per
643 1278 946 1333 orationem
976 1279 1256 1343 Ecclesiae,
1292 1279 1379 1333 cui
1409 1279 1462 1332 in
1482 1279 1642 1333 Petro
1665 1278 1867 1333 dictum

274 1375 375 1421 est:
394 1366 773 1439 Quodcunque
785 1369 1017 1424 solveris
1028 1384 1198 1440 super
1210 1371 1442 1430 terram,
1469 1369 1580 1422 erit
1619 1369 1868 1422 solutum

273 1459 327 1510 et
365 1457 428 1510 in
447 1456 604 1510 cretis
627 1455 850 1525 (Matth.
876 1471 994 1520 xvr,
1033 1459 1141 1523 19),
1179 1455 1511 1510 reconciliati
1563 1463 1615 1509 et
1647 1455 1867 1509 redem-

270 1543 475 1614 ptionis
494 1543 760 1614 mysterio
812 1543 1247 1615 sociatixutique
1291 1545 1346 1598 in
1405 1559 1540 1614 pace
1597 1543 1866 1610 obierunt,

271 1633 569 1687 miserante
622 1631 716 1686 illo
776 1649 885 1686 non
941 1633 1054 1688 vult
1108 1641 1338 1688 mortem
1387 1633 1711 1703 peccatoris,
1771 1632 1868 1688 sed

271 1727 700 1775 utconvertatur
719 1727 771 1775 et
801 1721 967 1776 vivat.
1001 1722 1193 1792 Neque
1225 1721 1367 1776 enim
1411 1721 1626 1790 piorum
1671 1721 1867 1775 animae

269 1817 611 1864 mortuorum
643 1817 968 1880 separantur
983 1809 1053 1864 ab
1082 1809 1351 1877 Ecclesia,
1369 1827 1490 1880 quae
1511 1817 1706 1882 regnat
1724 1825 1867 1865 nunc

271 1914 395 1954 cum
425 1897 641 1952 Christo
699 1899 755 1952 in
786 1897 920 1953 vivis
965 1906 1015 1952 et
1057 1899 1307 1955 mortuis.
1364 1900 1662 1968 Propterea
1700 1897 1865 1964 enim,

271 1987 411 2042 sicut
440 1986 569 2041 dicit
586 1987 896 2056 Apostolus,
930 1992 1190 2042 mortuus
1222 1992 1306 2043 est
1337 1987 1697 2052 Christus,ut
1715 1987 1868 2042 etvi-

271 2092 468 2132 vorum
491 2079 549 2130 et
567 2078 927 2130 mortuorum
948 2076 1590 2146 dominetur(Rom.xtv,
1607 2075 1866 2145 9.).Unde

271 2172 322 2220 et
352 2163 481 2219 alibi
512 2163 587 2218 ait.
610 2184 628 2218 :
653 2163 928 2230 Qut-niam
946 2179 1060 2219 non
1081 2166 1268 2237 posuit
1288 2181 1387 2220 nos
1404 2163 1477 2219 ad
1497 2166 1666 2229 iram,
1691 2164 1785 2219 sed
1804 2163 1867 2219 i-n

271 2253 712 2326 acquisitionem
735 2253 940 2308 salutis
952 2270 1054 2325 per
1073 2255 1375 2310 Dominum
1398 2257 1654 2308 nostrum
1677 2255 1868 2308 Iesum

275 2342 691 2413 Christum,qui
712 2345 970 2397 mortuus
983 2345 1066 2396 est
1073 2359 1175 2414 pro
1187 2343 1434 2406 nobis,ut
1448 2343 1559 2396 sive
1571 2343 1868 2413 vigilemus

269 2432 384 2486 sive
416 2430 976 2497 dormiamus,simul
997 2447 1128 2485 cum
1157 2430 1256 2486 illo
1277 2433 1528 2486 vivamus
1543 2431 1595 2500 (I
1620 2431 1867 2496 Thess.v,

269 2520 345 2588 9).
371 2517 732 2586 Quiescentes
764 2525 942 2572 autem
971 2517 1026 2571 in
1068 2518 1284 2573 Christo
1343 2525 1484 2583 sunt,
1546 2517 1614 2572 de
1673 2518 1866 2590 quibus

269 2605 399 2661 dicit
412 2606 710 2676 Apostolus
734 2623 747 2660 :
762 2607 834 2660 Et
851 2607 1067 2662 mortui
1085 2607 1181 2678 qui
1197 2607 1260 2661 in
1283 2607 1498 2662 Christo
1515 2611 1654 2662 sunt
1671 2622 1866 2661 resur-

267 2700 404 2768 gent
424 2695 611 2769 primi
635 2695 689 2764 (1
705 2695 885 2750 Thess.
910 2709 986 2760 IV,
1019 2694 1139 2764 i6);
1175 2703 1226 2750 et
1256 2695 1324 2749 de
1355 2694 1549 2766 quibus
1577 2683 1704 2749 item
1740 2695 1868 2750 scri-

267 2791 418 2856 ptum
449 2791 568 2837 est:
597 2784 802 2839 Beatus
835 2786 929 2856 qui
961 2784 1224 2839 habuerit
1255 2787 1478 2857 partem
1516 2786 1578 2839 in
1607 2798 1866 2838 resurre-

269 2873 457 2928 ctione
470 2872 662 2944 prima
677 2887 821 2937 mon
835 2871 1072 2926 laudetur
1083 2889 1116 2926 a
1129 2876 1306 2928 morte
1318 2873 1566 2928 secunda
1577 2871 1763 2944 (Apoc.
1787 2887 1867 2925 xx

269 2960 344 3032 6).
379 2959 540 3016 Unde
567 2959 778 3014 etJuda
822 2959 1084 3029 pontifex,
1166 2961 1303 3014 sicut
1349 2960 1410 3014 in
1454 2959 1593 3014 libro
1644 2961 1866 3015 Macha-

269 3049 515 3104 baeorum
544 3048 781 3121 legimus
811 3049 888 3118 (II
899 3049 1142 3104 Machab.
1160 3063 1260 3114 xu,
1295 3051 1406 3118 46),
1423 3065 1522 3119 pro
1540 3049 1621 3102 his
1635 3049 1724 3120 qui
1743 3065 1868 3104 cum

269 3137 475 3209 pietate
505 3135 890 3191 dormitionem
921 3146 1270 3206 acceperunt,
1302 3137 1447 3190 misit
1475 3137 1868 3207 Hierosolymis

268 3223 573 3280 oﬁ‘erenda.
605 3223 768 3291 Etsi,
817 3232 874 3278 ut
929 3224 1190 3294 prmmisi.
1251 3225 1306 3279 in
1355 3225 1715 3279 obstinatione
1773 3241 1866 3278 sua

265 3328 604 3384 permanens
657 3320 903 3367 mortuus
952 3311 1131 3376 fuerit,
1224 3313 1360 3368 sicut
1429 3329 1494 3367 ex
1549 3313 1866 3368 auctoritate

268 3401 412 3457 beati
445 3400 701 3472 Gregorii
753 3408 806 3456 et
863 3417 1141 3456 sacrorum
1189 3417 1457 3457 canonum
1533 3401 1863 3472 accepimus,

267 3507 395 3547 cum
425 3489 656 3562 psalmis
687 3499 739 3544 et
789 3489 1004 3561 hymnis
1057 3490 1123 3544 ad
1182 3490 1520 3560 sepulturam
1571 3490 1863 3561 deportari,

267 3579 355 3636 vel
393 3579 450 3633 in
475 3577 749 3634 communi
781 3577 1003 3632 fratrum
1039 3579 1322 3648 sepultura
1354 3578 1572 3648 sepeliri
1609 3595 1715 3634 non
1764 3579 1866 3634 de-

263 3667 394 3734 bet;
419 3667 646 3739 privatae
676 3673 858 3722 autem
889 3667 1182 3736 sepulturae
1212 3667 1536 3728 humanitas.
1571 3667 1708 3722 sicut
1763 3682 1865 3722 vo-

265 3756 352 3811 bis
381 3756 528 3822 dixi,
561 3755 610 3810 ei
643 3770 753 3810 non
782 3763 863 3810 est
890 3755 1232 3828 deneganda.

791 3896 1129 3952 EPISTULA
1159 3898 1303 3952 XIV.

461 4019 535 4058 ΑΙ)
563 4018 798 4059 ουοΝεΜ
829 4019 1140 4059 EPISCOPUM
1170 4017 1663 4059 BELLOVACENSEM.

269 4113 346 4168 De
357 4111 758 4184 objectionibus
775 4112 1092 4184 Graecorum
1105 4128 1138 4165 α
1151 4111 1373 4166 Nicolao
1380 4128 1452 4184 pa
1458 4129 1528 4182 pa.
1543 4113 1601 4166 in
1622 4113 1695 4166 ϐα
1705 4111 1866 4166 Iliam

574 4183 785 4246 missis,
822 4185 890 4236 ut
917 4182 990 4236 ad
1022 4198 1116 4236 eas
1143 4182 1577 4253 respondeatur.

831 4277 992 4334 {Apud
1017 4277 1297 4332 eumdem.)

333 4369 668 4423 Hthuans
689 4368 1022 4423 Rhemorum
1060 4367 1368 4438 episcopus,
1414 4367 1614 4423 dilecto
1642 4365 1794 4422 fratri
1813 4375 1866 4422 et

267 4457 566 4513 venerabili
599 4457 861 4529 episcopo
891 4456 1078 4512 Onom
1110 4456 1359 4511 salutem.

341 4555 586 4609 Domnus
641 4553 974 4624 apostolicus
1031 4553 1391 4610 communiter
1454 4551 1612 4606 nobis
1650 4561 1703 4607 et
1743 4552 1866 4607 aliis

270 4643 542 4715 episcopis
573 4642 734 4714 regni
764 4642 951 4696 domui
976 4642 1144 4697 nostri
1165 4642 1341 4696 Caroli
1371 4641 1659 4712 epistolam
1689 4641 1856 4700 misit.

271 4733 325 4786 in
355 4747 463 4804 qua
493 4731 798 4788 continetur
825 4731 970 4802 quod
1001 4729 1180 4786 Graeci
1201 4739 1311 4784 tam
1337 4729 1636 4785 Ecclesiam
1661 4731 1866 4786 Roma-

270 4837 396 4875 nam
445 4819 760 4891 specialiter
815 4836 976 4890 quam
1023 4835 1240 4874 omnem
1299 4818 1628 4888 generaliter
1682 4819 1866 4890 lingua

273 4909 463 4966 Latina
491 4908 684 4974 utitur,
708 4917 974 4964 conantur
1011 4908 1434 4979 reprehendere,
1479 4907 1602 4978 quia
1655 4907 1868 4976 jejuna-

271 5015 392 5054 mus
423 4997 478 5051 in
512 4997 783 5063 Sabbatis,
817 4998 962 5067 quod
993 4996 1250 5067 Spiritum
1314 5003 1569 5052 sanctum
1603 5013 1668 5050 ex
1713 4997 1871 5050 Patre

269 5085 515 5157 Filioque
555 5085 857 5156 procedere
878 5084 1146 5150 dicamus,
1181 5100 1305 5140 cum
1337 5083 1439 5154 ipsi
1471 5085 1612 5139 hunc
1656 5092 1866 5139 tantum

269 5191 335 5230 ex
363 5176 526 5229 Patre
555 5175 857 5245 procedere
889 5173 1182 5228 fateantur.
1214 5173 1410 5228 Dicunt
1439 5182 1705 5244 praeterea
1767 5190 1868 5228 nos

271 5261 571 5319 abominari
603 5261 837 5333 nuptias,
861 5263 984 5334 quia
1013 5261 1362 5334 presbyteros
1393 5261 1573 5317 sortiri
1603 5262 1867 5334 conjuges

271 5353 626 5424 prohibemus
659 5370 673 5417 ;
708 5360 760 5405 et
788 5351 1100 5406 insimulare
1156 5359 1360 5406 tentant
1420 5351 1565 5421 quod
1642 5351 1866 5405 eosdem

272 5442 623 5514 presbyteros
652 5440 944 5498 chrismate
995 5439 1150 5496 linire
1217 5438 1608 5510 baptizatorum
1662 5438 1867 5495 frontes

270 5537 602 5604 inhibemus,
635 5538 780 5608 quod
809 5545 990 5593 tamen
1021 5537 1255 5592 chrisma
1286 5551 1386 5589 nos
1443 5552 1508 5588 ex
1559 5551 1697 5607 aqua
1758 5536 1865 5589 ﬂu-

1890 4457 1943 4516 D

1967 495 2315 551 nihilominus
2343 497 2638 552 moliuntur
2680 511 2746 552 eo
2788 497 2932 568 quod
2961 504 3084 554 octo
3125 498 3566 556 hebdomadibus

1969 593 2094 639 ante
2136 586 2346 641 Pascha
2392 602 2422 639 a
2464 585 2709 641 carnium
2739 594 2790 640 et
2834 593 3041 656 septem
3070 587 3502 642 hebdomadibus
3533 604 3564 644 a

1969 673 2115 727 casei
2153 682 2207 728 et
2237 689 2464 730 ovorum
2507 690 2603 730 esu
2630 690 2784 730 more
2811 690 2912 730 suo
2937 689 3043 729 non
3075 691 3372 731 cessamus.
3406 677 3565 732 Men-

1969 761 2168 816 tiuntur
2214 779 2431 835 quoque
2492 779 2626 830 nos,
2664 763 2821 818 sicuti
2864 779 2965 834 per
2994 763 3100 818 alia
3139 764 3382 834 ipsorum
3427 780 3564 820 con-

1970 851 2172 921 scripta
2202 851 2491 921 indicatur,
2522 868 2725 925 agnum
2757 853 2813 906 in
2840 853 3046 908 Pascha
3077 867 3226 908 more
3255 853 3567 908 Iudaeorum

1969 953 2135 1009 super
2165 940 2334 994 altare
2379 941 2582 1011 pariter
2611 956 2733 996 cum
2765 941 3047 996 Dominico
3077 956 3307 1011 corpore
3338 941 3567 996 benedi-

1969 1043 2094 1083 cere
2132 1036 2184 1082 et
2213 1026 2433 1083 oﬂ'erre.
2476 1028 2615 1098 Quin
2643 1037 2695 1083 et
2727 1030 3126 1100 reprehendere
3157 1037 3412 1102 satagunt
3443 1029 3571 1101 quia

1967 1131 2138 1187 penes
2169 1131 2272 1171 nos
2303 1116 2489 1171 clerici
2533 1117 2728 1171 barbas
2771 1118 2966 1173 radere
2996 1134 3122 1172 suas
3151 1133 3260 1172 non
3289 1117 3565 1184 abnuunt;

1967 1211 2021 1260 et
2052 1204 2178 1275 quia
2207 1205 2472 1260 diaconus
2517 1221 2625 1260 non
2674 1215 2928 1278 suscepto
2958 1207 3362 1278 presbyteratus
3391 1205 3570 1262 ofﬁcio

1969 1293 2112 1362 apud
2142 1309 2243 1348 nos
2271 1298 2561 1364 episcopus
2591 1293 2886 1359 ordinatur,
2929 1311 3052 1350 cum
3082 1295 3187 1365 ipsi
3221 1295 3382 1350 etiam
3414 1295 3566 1350 illum

1968 1397 2125 1452 quem
2157 1381 2516 1452 patriarcham
2549 1399 2706 1436 suum
2755 1383 3035 1438 nominant
3084 1399 3150 1437 ex
3201 1383 3340 1438 laico
3388 1383 3567 1438 subito

1969 1474 2306 1524 tonsuratum
2361 1487 2423 1525 ac
2465 1471 2791 1525 monachum
2827 1470 3025 1526 factum
3073 1472 3213 1526 saltu
3243 1471 3312 1526 ad
3345 1471 3566 1542 episco-

1965 1564 2124 1628 patus
2153 1557 2361 1629 apicem
2392 1558 2657 1628 imperiali
2688 1557 2876 1614 favore
2908 1575 2973 1614 ac
2994 1559 3217 1615 brachio
3238 1561 3565 1630 provehere,

1968 1652 2024 1699 ut
2060 1645 2164 1716 ipsi
2222 1655 2436 1717 putant,
2489 1648 2710 1702 minime
2751 1646 3199 1702 formidaverunt.
3249 1648 3319 1702 Et
3365 1648 3566 1714 adhuc,

1891 1747 1944 1806 Β
1967 1735 2111 1806 quod
2141 1735 2367 1807 gravius
2397 1743 2479 1790 est
2511 1743 2560 1790 et
2591 1735 2906 1804 insanius,a
2937 1735 3120 1790 missis
3149 1735 3350 1790 nostris
3381 1743 3570 1792 contra

1970 1837 2187 1877 omnem
2225 1824 2496 1895 regulam,
2541 1832 2595 1878 et
2610 1833 2808 1895 prazter
2849 1840 3066 1879 omnem
3095 1824 3564 1890 consuetudinem,

1970 1909 2211 1966 libellum
2257 1911 2412 1978 ﬁdei,
2447 1913 2492 1966 si
2523 1927 2582 1966 se
2632 1913 2702 1967 ab
2732 1901 2854 1966 illis'
2882 1913 3052 1982 recipi
3094 1913 3314 1978 vellent,
3347 1913 3568 1983 exigere

1970 1999 2362 2068 moliebantur,
2396 2000 2450 2054 in
2497 2016 2603 2072 quo
2635 2009 2741 2055 tam
2775 2001 2878 2055 ista
2907 2000 3162 2071 capitula,
3196 2016 3359 2074 quam
3388 2015 3452 2054 ea
3480 2008 3566 2056 te-

1969 2096 2160 2143 nentes
2199 2089 2755 2153 anathematizarent,
2790 2105 3002 2145 necnon
3045 2089 3307 2159 epistolas
3346 2087 3569 2144 canoni-

1969 2191 2062 2231 cas
2089 2176 2156 2231 ab
2188 2177 2271 2230 his
2303 2177 2348 2231 ei
2385 2195 2548 2248 quem
2597 2193 2759 2232 suum
2789 2179 3184 2234 oecumenicum
3207 2177 3568 2248 patriarcham

1969 2264 2246 2334 appellant
2282 2265 2490 2320 dandas
2537 2265 2788 2337 improbe
2829 2267 3202 2338 requirebant.
3241 2267 3308 2322 Et
3336 2267 3453 2337 ipse
3481 2267 3570 2321 in-

1967 2369 2128 2408 vasor
2153 2354 2762 2426 ConstantinOpolitanae
2807 2354 3068 2410 Ecclesiae
3112 2355 3332 2410 Photius
3353 2355 3409 2409 in
3437 2352 3572 2411 scri-

1968 2441 2079 2513 ptis
2141 2442 2288 2507 suis,
2331 2459 2390 2497 se
2455 2443 2926 2514 archiepiscopum
2989 2451 3149 2514 atque
3206 2443 3568 2498 universalem

1967 2529 2331 2600 patriarcham
2395 2529 2651 2600 appellat.
2712 2531 2781 2584 Et
2837 2531 3198 2601 imperatores
3256 2529 3568 2585 Graecorum

1969 2617 2178 2688 legatos
2227 2617 2540 2686 apostolicae
2586 2617 2733 2672 sedis
2785 2633 2909 2672 cum
2939 2617 3186 2688 epistolis
3223 2618 3570 2674 veneratione

1968 2721 2070 2776 qua
2100 2705 2405 2759 debuerunt
2425 2705 2673 2776 recipere
2696 2705 3006 2760 noluerunt.
3041 2706 3174 2760 Inde
3195 2706 3570 2778 unusquisque

1967 2801 2205 2848 vestrum
2256 2794 2347 2866 qui
2393 2794 2791 2864 metropolitani
2823 2795 2947 2864 jura
2988 2793 3210 2849 sortitus
3239 2803 3342 2859 est,
3367 2793 3569 2863 junctis

1969 2881 2070 2937 sibi
2119 2881 2374 2939 fratribus
2421 2891 2472 2938 et
2493 2883 2838 2954 coepiscopis
2882 2883 2996 2938 suis
3028 2884 3118 2956 qui
3165 2884 3268 2939 sub
3311 2899 3372 2938 se
3422 2890 3564 2951 sunt,

1968 2979 2036 3034 de
2074 2979 2159 3032 his
2200 2979 2517 3051 diligentem
2555 2995 2738 3034 curam
2789 2979 3070 3051 suscipiat,
3103 2988 3156 3035 et
3207 2979 3334 3052 quid
3373 2978 3570 3036 invidis

1899 3090 2158 3162 Ceorum
2218 3074 2648 3129 detractionibus
2709 3075 2911 3146 opponi
2965 3092 3191 3132 necesse
3258 3075 3328 3130 sit
3382 3076 3570 3134 rimari

1971 3163 2220 3228 studeat,
2253 3170 2307 3216 et
2355 3162 2600 3216 invenire
2659 3179 3002 3234 summopere
3047 3164 3265 3236 gestiat,
3299 3172 3460 3236 atque
3488 3164 3571 3218 in-

1968 3258 2182 3305 ventum
2227 3249 2382 3305 nobis
2431 3251 2583 3305 ocius
2630 3251 2994 3306 transmittere
3026 3252 3246 3306 minime
3276 3253 3570 3324 parvipen-

1967 3339 2080 3405 dat,
2114 3348 2165 3393 et
2212 3339 2527 3410 prtesulatui
2558 3348 2744 3394 nostro
2774 3341 2979 3411 scripta
3012 3340 3272 3396 divinitus
3301 3340 3566 3412 inspirata

1968 3427 2236 3498 sapientia
2264 3436 2445 3483 vestra
2497 3428 2950 3499 reprehendendo
2996 3437 3046 3483 et
3076 3428 3201 3485 forti
3230 3445 3460 3501 prorsus
3488 3429 3571 3484 in-

1968 3517 2214 3571 vectione
2267 3515 2515 3572 fariendo
2564 3525 2764 3571 tantam
2827 3517 3139 3572 eorumdem
3182 3517 3570 3590 imperatorum

1968 3606 2247 3660 vesaniam
2289 3605 2478 3660 mittat.
2531 3603 2666 3674 Quae
2695 3622 2796 3660 nos
2843 3606 3234 3678 suscipientes,
3284 3622 3474 3660 rursus
3504 3621 3572 3661 ea

1967 3710 2090 3749 cum
2123 3693 2243 3748 aliis
2282 3694 2688 3748 assuetionibus
2716 3695 2924 3750 nostris
2952 3696 3020 3749 ad
3068 3695 3311 3767 ipsorum
3345 3710 3562 3768 quoque

1969 3782 2294 3838 dementiam
2361 3781 2744 3838 confutandam
2810 3783 3024 3838 mittere
3079 3783 3380 3840 valeamus.
3425 3783 3572 3853 Qua-

1967 3888 2210 3952 propter,
2247 3879 2417 3935 frater
2463 3881 2802 3950 charissime,
2854 3883 3151 3938 secundum
3197 3883 3384 3937 domui
3431 3897 3570 3953 apo-

1969 3969 2142 4024 stolici
2173 3970 2697 4025 commendationem
2715 4013 2731 4036 ,
2761 3970 2830 4025 de
2860 3971 2945 4024 his
2991 3987 3092 4040 per
3121 3970 3389 4026 tramitem
3412 3969 3564 4026 Scri—

1965 4067 2254 4129 pturarum
2303 4067 2354 4112 et
2401 4058 2742 4113 traditionem
2772 4044 3037 4126 majorum
3058 4101 3070 4124 ,
3103 4075 3223 4130 quae
3252 4059 3331 4114 illi
3361 4075 3569 4115 conve-

1967 4147 2178 4200 nienter
2222 4147 2521 4200 rescribere
2567 4147 2876 4215 possimus,
2911 4163 3154 4217 quaerere
3203 4155 3255 4201 et
3303 4147 3356 4200 in
3401 4163 3568 4202 unum

1967 4229 2230 4299 colligere
2307 4230 2492 4294 stude,
2530 4236 2586 4282 ut
2634 4245 2756 4282 cum
2810 4228 2966 4282 simul
3009 4230 3294 4296 adjuvante
3339 4229 3570 4284 Domino

1968 4318 2296 4382 venerimus,
2331 4333 2450 4389 quae
2482 4316 2710 4389 quisque
2737 4324 2986 4371 nostrum
3017 4315 3224 4372 invenit
3250 4315 3569 4388 singillatim

1967 4406 2242 4462 communi
2292 4406 2470 4461 studio
2521 4405 2827 4477 relegamus
2853 4449 2867 4472 ,
2896 4414 2950 4460 et
2983 4423 3103 4479 qua
3141 4405 3318 4461 eidem
3367 4405 3568 4460 domno

1964 4512 2120 4568 papae
2153 4511 2186 4550 a
2215 4495 2374 4551 nobis
2414 4495 2540 4550 inde
2582 4496 2874 4552 scribenda
2914 4503 3036 4550 sunt
3063 4494 3396 4550 ordinemus.
3429 4495 3568 4550 Data

1967 4589 2154 4653 quarto
2184 4581 2456 4638 Kalendas
2485 4581 2750 4647 Januarii,
2784 4580 3077 4636 indictione
3104 4579 3296 4650 prima.

2498 4705 2832 4760 EPISTOLA
2876 4703 2995 4756 XV.

2463 4809 2535 4848 AD
2565 4807 2818 4848 CABOLUM
2855 4804 3065 4844 REGEM.

2362 4895 2439 4948 De
2460 4893 2758 4946 Hincmaro
2788 4886 3173 4945 Laudunemi.

2435 4997 2554 5052 (Act.
2586 5003 2722 5048 prov.
2751 4991 2867 5037 eccl.
2891 4992 3080 5046 Bhem.)

2039 5087 2271 5144 Domino
2301 5088 2522 5143 Canono
2553 5081 2668 5153 regi
2692 5081 2956 5154 glorioso,
2980 5084 3324 5148 Hmcmnus,
3345 5083 3564 5138 nomine

1966 5194 2074 5232 non
2105 5177 2300 5233 merito
2330 5176 2660 5230 Rhemorum
2680 5171 2994 5244 episcopus,
3027 5187 3094 5228 ac
3132 5171 3306 5242 plebis
3344 5172 3443 5226 Dei
3482 5172 3563 5227 fa-

1967 5267 2165 5322 mulus.

2037 5357 2200 5419 Ecce,
2246 5350 2482 5415 domine,
2535 5349 2674 5405 sicut
2718 5351 2807 5406 hic
2852 5350 3080 5405 dilectus
3108 5347 3295 5416 frater,
3327 5364 3559 5404 venera-

1967 5443 2090 5497 bilis
2121 5439 2480 5510 coepiscopus
2509 5448 2698 5495 noster
2726 5440 2866 5510 Odo,
2903 5455 2967 5494 ac
2996 5437 3149 5493 missi
3185 5437 3353 5493 vestri
3376 5437 3560 5493 verbis

1967 5528 2179 5601 plenius
2197 5535 2423 5598 possunt
2443 5529 2649 5594 dicere,
2680 5535 2733 5582 et
2761 5527 3028 5599 exiguitas
3056 5542 3178 5582 mea
3205 5527 3291 5582 his
3309 5524 3558 5580 litterulis
