4026 6294
480 245 548 296 95
1437 238 1776 294 HINCMARI
1814 237 2216 294 RHEMENSIS
2252 236 2804 293 ARCHIEPISCOPI.
3698 243 3768 293 96

479 365 828 420 dominationi
893 371 1088 420 vestrae
1145 364 1277 418 dixit
1315 370 1494 418 ratum
1553 361 1882 436 signiﬁcare,
1934 363 2069 416 Hin-
2092 365 2148 423 Α
2175 361 2492 417 auctoritate
2521 361 2822 432 apostolica
2852 369 2904 416 et
2945 361 3188 433 generali
3216 363 3598 433 episcoporum
3627 377 3767 419 con-

480 469 664 508 cmaro
694 453 950 524 episcopo
997 453 1164 508 rebus
1201 461 1254 507 et
1299 451 1646 507 facultatibus
1683 451 2070 508 ecclesiasticis

483 542 677 612 quibus
726 542 986 613 spoliatus
1025 541 1212 610 fuerat,
1255 541 1529 609 revestito,
1580 541 1636 594 in
1684 540 1984 612 provincia,
2018 548 2070 594 et

477 630 805 700 competenti
842 631 984 696 loco,
1032 631 1098 683 ab
1129 629 1316 686 electis
1346 646 1412 684 ex
1441 629 1724 701 utriusque
1753 629 1917 700 partis
1947 644 2072 684 con-

479 733 648 774 censu
682 713 960 787 iudicibus
991 719 1287 774 secundum
1315 719 1468 791 leges
1499 717 1916 780 ecclesiasticas,
1951 717 2070 770 sine

479 807 765 878 potestatis
795 815 992 862 vestrae
1029 807 1213 879 aliquo
1243 807 1588 872 detrimento,
1623 815 1816 861 etcum
1845 806 2070 860 honoris

480 895 651 950 vestri
679 903 972 968 augmento
995 890 1030 960 ,’
1051 896 1263 951 dicente
1302 896 1402 950 Dei
1452 895 1644 965 spiritu
1693 911 1790 965 per
1835 893 2069 948 Psalmi-

479 992 620 1039 stam
651 1003 665 1038 :
697 986 880 1040 Honor
901 987 1042 1056 regis
1082 985 1368 1055 judicium
1405 985 1590 1055 diligit
1620 983 1794 1054 (Psal.
1851 981 2066 1052 xcviu),

478 1073 704 1144 quaestio
726 1081 917 1128 contra
961 1073 1212 1128 eumdem
1259 1072 1609 1126 Hinemarum
1662 1079 1950 1136 commota,
1984 1087 2070 1124 re-

481 1157 741 1229 gulariter
767 1157 946 1211 audita
975 1165 1027 1210 et
1055 1157 1312 1211 ventilata
1341 1165 1423 1210 est
1453 1171 1516 1210 ac
1545 1154 1786 1219 deﬁnita,
1811 1163 2071 1226 quantum

477 1245 546 1298 ad
610 1245 968 1299 ministerium
1025 1245 1334 1316 episcopale
1391 1244 1672 1314 pertinuit,
1728 1244 1856 1299 licet
1898 1243 2073 1297 isdem

481 1333 772 1404 episcopus
815 1350 881 1388 ex
919 1334 1135 1403 integro
1178 1349 1286 1388 non
1330 1333 1489 1387 fuerit
1530 1333 1838 1387 revestitus.
1873 1332 2072 1386 Contu-

479 1423 712 1477 macium
751 1430 928 1476 autem
957 1437 1137 1488 causa,
1173 1422 1398 1476 alterum
1429 1420 1589 1476 tinem
1620 1428 1915 1491 exspectat.
1949 1421 2071 1474 Non

479 1509 666 1582 igitur,
695 1511 842 1581 quod
879 1509 934 1563 in
964 1510 1334 1565 adolescentia
1365 1518 1565 1574 vestra,
1587 1511 1804 1581 quando
1859 1509 2071 1563 animus

475 1597 728 1652 hominus
757 1597 1033 1664 lubricus,
1069 1607 1122 1652 et
1169 1599 1236 1652 ad
1287 1597 1527 1653 indebita
1575 1598 1889 1668 usurpanda
1934 1597 2072 1650 solet

477 1703 600 1741 esse
641 1687 941 1756 proclivas,
981 1687 1214 1740 Domino
1259 1703 1358 1741 vos
1389 1686 1744 1752 custodiente,
1781 1701 1888 1740 non
1922 1686 2140 1778 acci-B

475 1775 572 1843 dit,
605 1775 659 1828 in
707 1775 943 1844 perfecta
989 1782 1143 1829 aetate
1193 1775 1348 1830 vobis
1393 1775 1617 1844 subripi,
1641 1773 1863 1828 minime
1894 1782 2072 1828 autem

476 1863 794 1933 persuaderi
843 1863 997 1934 leges
1043 1863 1464 1927 ecclesiasticas,
1507 1863 1595 1917 vel
1633 1862 1684 1916 in
1727 1863 1942 1917 modico
1987 1863 2075 1916 in-

479 1950 666 2023 fringi,
691 1951 805 2006 sive
827 1951 1058 2006 convelli
1078 1967 1111 2005 a
1139 1966 1460 2022 quocunque
1483 1951 1810 2005 sustineatis.
1853 1975 1871 1998 «
1897 1951 2081 2006 Scien-

479 2046 563 2093 tes
613 2039 773 2109 (sicut
804 2038 1188 2093 Constantinus
1236 2048 1287 2093 et
1317 2039 1586 2094 Constans
1618 2039 1974 2110 imperatores
2021 2039 2076 2092 in

477 2127 654 2182 edicto
684 2143 796 2182 sua:
828 2127 967 2198 legis
999 2143 1106 2198 quo
1136 2127 1528 2182 immunitatem
1559 2127 1840 2196 Ecclesia,
1873 2143 1936 2182 ac
1967 2126 2079 2180 suis

478 2215 744 2269 ministris
772 2215 1077 2285 conferunt)
1099 2216 1301 2270 debere
1322 2217 1500 2288 magis
1521 2215 1894 2288 religionibus,
1919 2231 2078 2286 quam

480 2302 704 2368 ofﬁciis,
753 2313 806 2358 et
853 2304 1038 2358 labore
1079 2304 1323 2374 corporis
1351 2313 1403 2358 et
1449 2305 1644 2358 sudore
1688 2303 2080 2373 rempublicam

480 2392 810 2447 contineri.»
847 2393 912 2446 Et
943 2391 1082 2448 sicut
1129 2409 1274 2462 saepe
1319 2392 1504 2447 soletis
1554 2393 1818 2456 recolere,
1863 2393 2079 2446 beatum

483 2481 816 2552 Gregorium
832 2480 1166 2535 Brunichildi
1185 2481 1392 2553 regium
1408 2482 1737 2536 Francorum
1757 2481 2040 2550 scripsisse
2065 2497 2077 2534 ε

409 2590 414 2605 κ
485 2590 507 2618 κ
543 2569 728 2624 Facite
767 2569 912 2640 quod
943 2569 1045 2624 Dei
1093 2577 1195 2634 est,
1229 2579 1279 2622 et
1307 2570 1455 2623 Deus
1485 2569 1641 2624 faciet
1665 2570 1809 2640 quod
1845 2578 2082 2623 vestrum

483 2665 596 2723 est;
639 2678 660 2707 ν
693 2657 819 2713 huic
833 2657 1166 2727 praemittens
1189 2659 1471 2713 sententiae
1505 2676 1517 2713 :
1557 2680 1577 2709 α
1616 2658 1968 2727 Confidimus,
2003 2658 2084 2712 in-

481 2745 617 2818 quit,
649 2746 796 2816 quod
827 2753 974 2799 tanto
1003 2746 1268 2816 propitius
1299 2762 1493 2801 causas
1522 2754 1733 2801 vestras
1764 2762 1864 2800 sua
1883 2747 2083 2816 pietate

485 2834 756 2904 disponet,
801 2841 1006 2905 quanto
1053 2834 1170 2904 ipse
1203 2835 1271 2888 de
1313 2849 1412 2888 sua
1470 2850 1568 2888 vos
1595 2851 1720 2888 esse
1749 2834 1895 2889 videt
1925 2851 2084 2889 causa

485 2922 763 2978 sollicitos.
804 2943 826 2972 ιο
871 2922 1016 2977 Olim
1079 2923 1242 2987 enim,
1277 2923 1413 2978 sicut
1455 2923 1728 2978 Honorius
1760 2931 1812 2977 et
1839 2923 2086 2976 Theodo-

484 3011 596 3065 sius
627 3013 683 3064 in
702 3011 826 3083 lege
851 3011 976 3065 data
995 3011 1261 3066 Ecclesiae
1281 3011 1542 3076 scribunt,
1578 3020 1632 3064 ut
1659 3026 1848 3066 eorum
1870 3019 2086 3066 utamur

2172 466 2357 519 sensu,
2383 450 2754 506 ecclesiastico
2780 449 2984 523 vigore,
3015 466 3080 506 ac
3113 450 3426 522 reipublicae
3456 451 3768 507 christiana:

2173 538 2461 594 cohibente
2484 539 2749 610 religione
2791 538 3190 608 destruxerunt,
3220 539 3366 594 velut
3413 539 3470 593 in
3497 541 3613 608 ejus
3642 539 3766 610 epi-

2173 627 2326 682 stolis
2355 627 2422 680 ad
2451 627 2630 697 ipsum
2678 627 2996 682 Mauricium
3039 627 3440 698 imperatorem,
3473 636 3527 683 et
3554 629 3625 684 ad
3646 629 3769 698 plu-

2171 715 2340 770 rimos
2386 715 2827 786 archiepiscopos
2873 715 3094 771 directis
3143 715 3466 770 ostenditur.
3511 715 3672 784 Quod
3716 724 3772 770 et

2172 802 2313 858 diva
2354 803 2631 858 memoriae
2680 819 2784 858 avo
2830 813 3011 858 vestro
3056 803 3253 858 Carolo
3301 803 3588 874 subripuit,
3631 805 3778 859 sicut

2171 891 2438 960 majorum
2458 891 2766 957 traditione,
2786 899 2841 945 et
2860 891 3039 945 verbis
3061 899 3112 946 et
3133 891 3352 962 scriptis
3371 891 3679 947 didicimus.
3702 892 3778 946 Et

2171 979 2226 1033 in
2255 979 2397 1033 libro
2425 979 2600 1050 primo
2640 979 3008 1050 Capitulorum
3056 995 3174 1051 cap.
3210 983 3310 1036 112
3339 981 3772 1045 demonstratur,

2172 1068 2241 1123 de
2285 1067 2474 1122 liberis
2520 1067 2830 1122 hominibus
2877 1069 2946 1122 ad
2994 1068 3274 1123 servitium
3303 1068 3402 1122 Dei
3432 1068 3550 1123 sine
3579 1085 3676 1123 sua
3707 1068 3777 1123 li-

2170 1156 2346 1211 centia
2375 1171 2484 1211 non
2514 1157 2914 1211 convertendis.
2940 1156 3099 1224 Quod
3121 1156 3370 1212 Ecclesia
3390 1165 3445 1211 et
3459 1157 3778 1227 respublica

2171 1259 2281 1299 non
2327 1245 2621 1311 consensit,
2674 1245 2925 1316 quodque
2985 1253 3178 1315 postea
3225 1245 3501 1311 correxit;
3534 1245 3672 1300 sicut
3719 1245 3780 1300 in

2173 1333 2368 1386 eodem
2396 1332 2536 1388 libro
2563 1349 2684 1402 cap.
2722 1336 2821 1387 134
2863 1341 3216 1388 monstratur.
3248 1334 3328 1388 De
3379 1334 3544 1388 rebus
3574 1334 3777 1390 nihilo-

2172 1421 2349 1475 minus
2399 1421 2784 1476 ecclesiasticis
2840 1421 3147 1476 dividendis
3187 1422 3367 1478 eidem
3432 1431 3774 1499 avo_vestro

2172 1509 2592 1580 incongruentia
2639 1509 2885 1580 quadam
2912 1510 3220 1580 subripuit,
3254 1527 3376 1581 quae
3413 1510 3526 1565 oris
3565 1510 3780 1581 profes-

2173 1597 2348 1663 sione,
2383 1606 2434 1652 et
2465 1597 2630 1653 edicti
2660 1598 3060 1668 subscriptione
3091 1599 3347 1663 correxit,
3383 1599 3523 1654 sicut
3546 1598 3602 1652 in
3628 1615 3780 1669 prae-

2171 1684 2278 1740 fato
2320 1685 2498 1756 primo
2541 1687 2681 1740 libro
2751 1687 3154 1756 Capitulorum,
3187 1703 3305 1758 cap.
3371 1689 3438 1740 74
3495 1687 3784 1742 evidenter

2178 1774 2499 1828 ostenditur.
2535 1774 2692 1829 Unde
2735 1775 3106 1844 praejudicium
3155 1775 3226 1830 ad
3255 1783 3468 1844 tempus
3508 1782 3786 1830 extortum

2179 1861 2266 1916 vel
2297 1869 2631 1933 usurpatum,
2655 1879 2754 1932 pro
2779 1862 2920 1935 legis
2947 1863 3154 1932 judicio
3170 1878 3330 1918 nemo
3351 1879 3544 1918 sanum
3561 1864 3787 1934 sapiens

2181 1950 2368 2015 tenuit,
2404 1951 2616 2016 retinet,
2650 1951 2736 2006 vel
2771 1951 2992 2007 tenebit.

2251 2038 2522 2093 Caeterum
2563 2039 2621 2094 in
2671 2040 2912 2094 secundo
2961 2039 3100 2094 libro
3143 2040 3513 2110 Capitulorum
3557 2055 3679 2110 cap.
3716 2043 3786 2092 13

2179 2127 2504 2196 continetur,
2535 2135 2594 2182 ut
2627 2150 2647 2178 α
2685 2129 2742 2183 Si
2770 2128 2889 2182 talis
2919 2143 3085 2184 causa
3127 2129 3182 2182 in
3211 2127 3450 2200 qualibet
3475 2127 3784 2200 provincia,

2181 2224 2271 2271 aut
2295 2215 2348 2269 in
2371 2216 2551 2287 aliquo
2578 2216 2831 2271 comitatu
2861 2225 2976 2270 orta
3022 2216 3203 2283 fuerit,
3239 2234 3360 2288 quae
3404 2226 3492 2272 aut
3519 2217 3589 2272 ad
3617 2217 3787 2271 inho-

2181 2305 2523 2359 norationem
2570 2305 2757 2378 regni,
2781 2314 2873 2360 aut
2899 2306 2969 2359 ad
2999 2321 3286 2361 commune
3317 2307 3574 2360 damnum
3603 2306 3784 2376 perti-

2185 2400 2331 2458 neat,
2365 2409 2486 2464 quaa
2533 2393 2696 2448 etiam
2741 2394 2860 2449 sine
2897 2403 3085 2448 nostra
3127 2379 3398 2464 potestate
3427 2393 3632 2465 corrigi
3660 2409 3784 2447 non

2185 2481 2378 2551 possit,
2411 2497 2512 2536 nos
2559 2481 2652 2536 diu
2682 2482 2850 2536 latere
2899 2499 3008 2536 non
3055 2483 3377 2552 permittatis
3401 2523 3414 2546 ,
3448 2483 3537 2554 qui
3568 2481 3774 2549 omnia,

2186 2571 2302 2624 Deo
2332 2570 2642 2635 auxiliante,
2675 2569 2952 2640 corrigere
2972 2571 3254 2626 debemus.
3277 2570 3553 2642 Quidquid
3580 2571 3779 2626 hacte-

2186 2674 2289 2712 nus
2320 2659 2374 2711 in
2405 2659 2490 2714 his
2537 2675 2658 2730 qum
2703 2659 2771 2712 ad
2801 2675 2994 2730 pacem
3024 2668 3076 2714 et
3098 2659 3360 2727 justitiam
3403 2659 3564 2714 totius
3591 2661 3787 2730 populi

2185 2747 2476 2816 pertinent,
2511 2755 2563 2800 et
2590 2748 2658 2800 ad
2691 2748 2952 2802 honorem
2975 2748 3150 2820 regni,
3176 2763 3242 2803 ac
3269 2763 3610 2802 communem
3639 2747 3792 2802 utili-

2186 2842 2370 2899 tatem,
2402 2843 2495 2888 aut
2521 2851 2552 2888 a
2583 2835 2758 2900 nobis,
2794 2845 2883 2889 aut
2913 2851 2946 2890 a
2992 2835 3165 2900 vobis,
3207 2836 3518 2907 neglectum
3547 2845 3648 2902 est,
3680 2836 3789 2890 de-

2188 2923 2398 2991 bemus,
2423 2924 2537 2978 Deo
2557 2923 2866 2990 auxiliante,
2890 2933 3099 2978 certare
3121 2923 3351 2996 qualiter
3373 2924 3571 2979 abhinc
3591 2926 3790 2979 nostro

2187 3019 2240 3066 et
2269 3018 2452 3066 vestro
2483 3012 2663 3066 studio
2693 3011 3040 3067 emendatum
3070 3011 3162 3066 ﬁat
3190 3020 3236 3066 °.
3273 3033 3295 3061 »
3331 3013 3391 3066 In
3413 3021 3604 3084 quarto
3625 3013 3793 3068 etiam

484 3099 666 3154 verbis
695 3117 708 3153 :
737 3077 1040 3154 (Clericos
1085 3099 1422 3154 indiscretim
1455 3099 1524 3153 ad
1563 3099 2084 3168 smcularesjudices
2106 3077 2155 3140 Ο
2184 3099 2322 3154 libro
2353 3115 2471 3170 cap.
2507 3103 2573 3155 24
2607 3099 2866 3169 scriptum
2911 3109 2994 3155 est
3031 3117 3042 3154 :
3079 3122 3101 3150 α
3138 3101 3194 3154 Si
3234 3101 3355 3171 quis
3385 3077 3560 3172 aliqua
3587 3117 3792 3156 neces-

481 3187 684 3242 debere
717 3187 914 3242 deduci
950 3187 1224 3243 infaustus
1254 3197 1617 3258 praesumptor
1646 3188 1910 3254 edixerat,
1947 3202 2084 3258 quos

482 3276 727 3331 abdicata
758 3275 969 3346 tyranni
998 3277 1444 3346 prmsumptione,
1479 3277 1780 3346 episcopali
1801 3277 2085 3331 audientiae

483 3379 852 3418 reservamus.
887 3365 990 3418 Fas
1035 3363 1180 3418 enim
1224 3379 1333 3418 non
1374 3373 1477 3433 est,
1512 3365 1588 3418 uti
1631 3365 1796 3418 divini
1841 3365 2086 3418 muneris

482 3452 718 3507 ministri
773 3452 1152 3523 temporalium
1208 3460 1538 3523 potestatum
1586 3453 1886 3506 subdantur
1936 3453 2084 3507 arbi-

484 3541 609 3596 trio.
641 3562 662 3589 »
697 3539 830 3608 Quae
851 3541 936 3595 lex
977 3550 1166 3611 postea
1195 3557 1229 3595 a
1277 3541 1669 3596 decessoribus
1699 3549 1749 3596 et
1771 3541 2084 3611 praedeces-

486 3629 708 3684 soribus
758 3630 958 3684 vestris
995 3631 1243 3702 regibus,
1294 3629 1560 3686 Ecclesiae
1592 3637 1644 3684 et
1673 3629 1938 3684 ministris
1969 3630 2086 3684 suis

487 3726 813 3774 conservata
851 3717 987 3784 fuit;
1017 3719 1124 3772 nisi
1168 3717 1306 3774 forte
1353 3727 1443 3773 aut
1480 3735 1580 3789 per
1619 3735 1905 3774 excessum
1928 3719 2083 3790 prin-

486 3807 688 3876 cipum,
713 3814 805 3861 aut
832 3822 931 3876 per
960 3807 1353 3880 negligentiam
1371 3807 1756 3878 episcoporum
1780 3809 1850 3862 ad
1871 3815 2085 3878 tempus

483 3895 832 3966 aliquomodo
879 3895 1085 3949 exstitit
1147 3895 1346 3951 violata
1380 3914 1392 3950 :
1433 3912 1552 3967 quae
1598 3905 1689 3951 aut
1721 3897 2080 3960 correctione,

485 3991 574 4038 aut
603 3983 860 4038 innovata
908 3984 1288 4040 constitutione
1324 3985 1580 4057 indigens
1625 4002 1727 4056 per
1757 3989 1932 4040 eosad
1953 3996 2082 4042 sta-

485 4080 599 4126 tum
628 4071 922 4126 solidatum
961 4081 1044 4128 est
1076 4074 1312 4140 reducta,
1347 4074 1432 4128 vel
1462 4073 1516 4127 in
1549 4082 1693 4128 statu
1725 4074 1900 4130 solido
1946 4093 2082 4131 con-

482 4159 712 4216 ﬁrmata.
755 4161 903 4217 Sicut
941 4161 997 4215 in
1025 4161 1148 4232 avi,
1191 4169 1243 4217 et
1297 4162 1466 4234 patris
1517 4163 1682 4217 vestri
1729 4164 1979 4234 capitulis
2029 4166 2083 4220 in

480 4249 618 4304 libro
649 4250 826 4320 primo
856 4251 1228 4321 Capitulorum
1249 4252 1466 4306 habetis
1497 4268 1618 4323 quae
1655 4253 1711 4306 in
1735 4254 2083 4324 quaterniun-

485 4338 621 4394 culis
651 4351 676 4377 ι
710 4339 863 4394 vobis
909 4356 1074 4409 super
1133 4341 1276 4410 apud
1333 4341 1504 4394 Pistas
1563 4341 1762 4394 oblatis
1810 4350 1862 4396 et
1896 4351 2083 4412 postea

2189 3187 2346 3242 sitate
2371 3196 2602 3260 cogente
2633 3188 2984 3243 homicidium
3013 3188 3300 3256 commisit,
3333 3205 3518 3244 comes
3545 3189 3601 3244 in
3631 3193 3794 3258 cujus

2185 3276 2490 3332 ministerio
2532 3284 2903 3347 perpetratum
2949 3286 3050 3341 est,
3093 3286 3146 3331 et
3191 3277 3641 3348 compositionem
3669 3279 3790 3332 sol-

2186 3381 2340 3430 vere,
2374 3373 2427 3420 et
2474 3364 2679 3420 faidam
2715 3381 2815 3436 per
2842 3372 3238 3420 sacramentum
3279 3365 3570 3435 pacificare
3603 3365 3786 3422 faciat.

2185 3453 2342 3521 Quod
2387 3455 2430 3506 si
2477 3469 2583 3508 una
2613 3469 2738 3524 pars
2770 3455 2819 3508 ei
2869 3455 2936 3508 ad
2965 3456 3068 3509 hoc
3098 3455 3406 3509 consentire
3437 3454 3691 3524 voluerit,
3725 3455 3784 3510 id

2185 3550 2269 3596 est
2310 3550 2401 3595 aut
2450 3541 2539 3596 ille
2585 3543 2676 3612 qui
2715 3542 3066 3598 homicidium
3117 3543 3437 3610 commisit,
3471 3551 3562 3598 aut
3607 3544 3654 3597 is
3697 3545 3795 3614 qui

2185 3629 2638 3700 compositionem
2675 3630 2952 3700 suscipere
3001 3631 3182 3696 debet,
3228 3631 3390 3686 faciat
3431 3631 3582 3685 illum
3605 3631 3698 3704 qui
3731 3633 3784 3686 ei

2185 3726 2476 3774 contumax
2509 3717 2671 3772 fuerit
2702 3718 2772 3772 ad
2819 3719 3164 3787 praesentiam
3213 3728 3457 3774 nostram
3489 3719 3697 3786 venire,
3724 3729 3784 3774 ut

2185 3823 2308 3862 eum
2356 3806 2426 3860 ad
2469 3814 2684 3876 tempus
2727 3807 2874 3877 quod
2919 3807 3077 3862 nobis
3120 3807 3384 3877 placuerit
3429 3808 3484 3862 in
3531 3807 3789 3862 exsilium

2184 3895 2479 3960 mittamus,
2511 3894 2686 3949 donec
2710 3894 2783 3948 ibi
2813 3895 3124 3966 castigetur,
3151 3903 3206 3949 ut
3236 3895 3421 3952 comiti
3450 3911 3549 3950 suo
3579 3896 3636 3950 in
3654 3895 3789 3951 obe-

2183 3983 2340 4037 diens
2387 3999 2508 4037 esse
2551 3983 2780 4036 ulterius
2827 4000 2937 4038 non
2981 3985 3198 4053 audeat,
3232 3992 3286 4038 et
3313 3985 3490 4054 majus
3521 3985 3789 4040 danmum

2184 4071 2310 4125 inde
2339 4086 2446 4124 non
2476 4079 2752 4126 accrescat
2781 4071 2826 4126 εί.
2873 4094 2894 4120 ν

2255 4160 2360 4214 Cur
2388 4168 2568 4214 autem
2600 4159 2702 4214 ista
2740 4161 2897 4215 vobis
2926 4161 3066 4216 bene
3105 4161 3402 4216 scientibus
3433 4161 3632 4228 scribo,
3660 4153 3787 4234 quia

2182 4248 2338 4302 vobis
2406 4256 2587 4303 tacere
2633 4265 2742 4304 non
2810 4249 3016 4315 audeo,
3049 4258 3295 4319 patenter
3362 4251 3610 4304 ostendo.
3666 4251 3788 4304 Jam

2181 4337 2472 4408 plusquam
2527 4346 2758 4408 quatuor
2799 4338 2955 4392 annis
2997 4355 3062 4393 ex
3105 4355 3213 4410 quo
3244 4338 3412 4394 Luido
3441 4338 3495 4394 in
3526 4339 3789 4408 parochia

483 4443 650 4482 causa
693 4427 1038 4498 compendii,
1071 4429 1128 4480 in
1170 4428 1346 4482 rotula
1367 4422 1392 4457 ι’
1415 4429 1765 4484 dominationi
1809 4439 2005 4486 vestrae
2051 4451 2083 4490 a
2105 4437 2156 4497 1)
2183 4435 2370 4480 nostra
2400 4425 2597 4480 invitus
2637 4426 2987 4482 homicidium
3035 4427 3384 4498 perpetravit,
3417 4427 3560 4481 unde
3589 4427 3788 4482 Lotha—

481 4532 572 4571 me
600 4515 848 4584 collecta,
884 4524 936 4569 et
975 4515 1132 4569 vobis
1178 4516 1301 4570 data
1351 4517 1468 4570 sine
1509 4517 1823 4574 diﬁicultate
1851 4524 2078 4590 potestis

483 4604 748 4676 relegere.
801 4605 982 4659 Potest
1022 4603 1165 4657 enim
1215 4602 1328 4658 fieri
1377 4613 1434 4658 ut
1482 4605 1639 4660 alicui
1684 4607 1917 4678 principi
1957 4621 2080 4667 ante

483 4706 602 4756 vos,
653 4693 778 4748 hinc
826 4693 1136 4763 subreptum
1183 4693 1248 4746 ad
1292 4693 1566 4748 modicum
1594 4693 1771 4762 fuerit,
1806 4704 1859 4750 et
1886 4698 2080 4754 iterum

485 4787 684 4834 aeterna
731 4781 854 4853 lege
915 4789 1235 4837 correctum.
1287 4781 1433 4836 Sicut
1477 4782 1741 4852 Julianus,
1789 4793 1839 4839 et
1887 4797 2080 4856 postea

483 4869 785 4938 imperator
817 4870 1106 4924 Mauricius
1136 4871 1514 4936 decreverunt,
1549 4879 1602 4925 ut
1632 4872 1682 4927 ei
1712 4873 1803 4944 qui
1825 4877 1994 4930 semel
2026 4878 2082 4930 in

485 4965 700 5013 terrena
727 4956 917 5011 militia
947 4958 1189 5028 signatus
1219 4959 1400 5026 fuerit,
1433 4959 1536 5013 nisi
1563 4969 1654 5014 aut
1693 4962 1906 5032 expleta
1932 4965 2080 5019 mili-

487 5045 580 5110 tia,
618 5053 711 5100 aut
752 5061 850 5116 pro
889 5045 1165 5102 debilitate
1195 5049 1446 5119 corporis
1491 5049 1764 5119 repulsas,
1789 5051 1842 5106 in
1885 5070 2079 5109 mona-

489 5133 655 5188 sterio
703 5134 892 5204 recipi,
949 5142 1001 5189 et
1030 5135 1248 5189 Christo
1309 5153 1430 5191 eum
1466 5139 1698 5192 militare
1745 5156 1853 5195 non
1897 5142 2076 5198 liceat.

492 5222 650 5292 Quod
699 5223 943 5295 religiosi
991 5223 1368 5294 imperatores,
1417 5235 1468 5281 et
1513 5235 1736 5282 sanctus
1775 5230 2081 5301 Gregorius

556 5362 582 5389 ⁸
608 5359 811 5423 lls'agit
832 5361 895 5412 du
933 5361 1146 5424 premier
1189 5360 1421 5411 mémoire
1469 5362 1692 5423 présenté
1728 5367 1756 5414 ξι
1793 5367 1994 5418 Charles
2039 5369 2084 5418 le

486 5429 704 5479 Cbauvc.
739 5429 861 5490 Voy.
886 5428 1132 5479 ci~dessus
1155 5428 1278 5478 dans
1301 5427 1374 5477 les
1395 5429 1663 5490 opuscules.

558 5515 583 5551 δ
605 5523 792 5574 Second
818 5523 1050 5572 memoire
1075 5534 1134 5571 an
1158 5522 1251 5572 roi.
1276 5521 1394 5585 Voy.
1423 5523 1548 5573 ibid.

2182 4515 2296 4568 rius
2325 4530 2496 4584 nepos
2515 4522 2694 4570 vester
2723 4515 2776 4569 in
2807 4532 2982 4587 regno
3021 4531 3140 4581 suo,
3173 4516 3290 4570 sine
3321 4525 3572 4586 respectu
3604 4515 3782 4571 alicu-

2175 4603 2266 4672 jus
2311 4619 2580 4673 personae,
2616 4603 2825 4674 regium
2866 4605 3225 4660 ministerium
3255 4604 3590 4675 adimplevit.
3625 4603 3787 4660 Nunc

2181 4701 2358 4746 autem
2403 4693 2472 4746 ad
2515 4691 2707 4756 Pistas,
2741 4701 2794 4747 et
2826 4694 2951 4748 inde
2998 4694 3066 4747 ad
3096 4694 3346 4761 Basivum
3380 4693 3630 4748 eumdem
3662 4695 3789 4748 Lui-

2181 4781 2379 4835 donem
2409 4789 2467 4834 ut
2495 4796 2618 4835 cum
2650 4781 2956 4836 hominibus
2987 4782 3368 4836 deminutionis
3399 4789 3595 4837 vestrae
3625 4783 3783 4852 paci—

2182 4867 2374 4923 ﬁcatus
2405 4885 2527 4923 esse
2557 4877 2762 4938 posset,
2794 4870 2932 4924 sicut
2959 4870 3115 4925 vobis
3144 4879 3195 4924 et
3226 4871 3412 4940 nepoti
3440 4879 3622 4925 vestro
3652 4886 3785 4926 con-

2181 4947 2398 5012 venisse
2419 4958 2620 5026 audivi,
2645 4958 2846 5012 ducere
2877 4959 3093 5024 studui;
3119 4967 3172 5014 et
3191 4960 3490 5014 secundum
3510 4975 3786 5014 commen-

2181 5046 2457 5100 dationem
2487 5055 2726 5101 vestram
2747 5063 2846 5116 per
2876 5048 3050 5120 legale
3061 5047 3321 5115 judicium
3339 5063 3499 5103 causa
3519 5049 3780 5120 perrexit,

2180 5151 2352 5206 usque
2387 5135 2457 5188 ad
2516 5135 2570 5188 id
2624 5134 2755 5200 loci,
2788 5144 2844 5190 ut
2900 5153 2966 5190 ne
3026 5137 3229 5190 faidam
3301 5137 3548 5192 homines
3611 5138 3782 5192 vestri

2177 5225 2446 5292 jurarent.
2502 5223 2628 5278 Vias
2673 5223 2798 5278 inde
2839 5226 2908 5280 ad
2959 5233 3196 5280 vestram
3251 5225 3782 5281 commendationem

2251 5370 2273 5395 ο
2295 5340 2594 5403 Capitulaire
2616 5341 2674 5392 de
2698 5341 2796 5392 l’an
2819 5343 2938 5404 815,
2977 5353 3086 5403 cap.
3116 5343 3201 5391 l3.

2253 5415 2276 5452 ά
2299 5425 2596 5487 Capitulaire
2621 5425 2684 5476 de
2707 5426 2804 5476 l’an
2831 5427 2948 5485 819,
2973 5437 3080 5488 cap.
3107 5427 3192 5478 t3.
