4026 6292
229 236 297 288 97
1663 218 2038 281 EPISTOLE.
3475 234 3542 286 93

228 355 526 428 petierunt,
563 369 692 409 cum
729 353 1027 422 judicatum
1063 353 1254 419 fuerit,
1288 362 1346 407 ut
1375 351 1582 408 eisdem
1626 351 1840 406 leudem
1872 345 1928 406 A
1949 365 2072 420 quae
2085 366 2192 423 ego
2219 351 2276 405 in
2305 350 2595 421 Scripturis
2635 351 2848 422 loquor,
2883 361 2934 405 et
2972 367 3082 407 non
3130 368 3196 433 ex
3224 359 3298 414 te,
3323 339 3394 407 id
3449 361 3534 408 est

226 443 558 500 rewadiaret
603 450 656 497 et
686 442 935 496 homines
976 441 1144 496 vestri
1172 440 1376 496 faidam
1400 441 1666 509 jurarent.
1699 439 1768 493 Et
1795 437 1842 492 si

227 533 332 588 alia
361 531 547 587 eidem
585 530 819 586 Luidoni
853 546 1102 602 quaerere
1148 529 1368 594 vellent,
1401 529 1455 584 in
1499 529 1668 583 mallo
1698 527 1840 582 illius

228 622 298 677 de
329 621 758 692 quibuscunque
789 619 988 674 vellent
1018 634 1144 674 eum
1182 617 1595 689 interpellarent
1625 624 1678 672 et
1723 615 1840 686 ipse

223 708 494 778 justitiam
523 707 802 762 redderet.
838 706 998 774 Quod
1027 715 1080 762 et
1099 706 1217 776 ipse
1247 705 1420 760 Luido
1437 705 1715 760 humiliter
1743 704 1842 759 ob-

231 797 374 852 tulit.
412 798 612 852 Postea
641 804 824 851 autem
854 795 1086 866 qualiter
1131 795 1259 849 inde
1299 803 1476 849 actum
1513 793 1696 858 fuerit,
1744 808 1842 847 vos

231 902 345 942 non
392 885 554 949 latet;
599 885 716 940 scio
762 891 946 940 tamen
981 883 1108 955 quia
1139 883 1278 938 sicut
1336 883 1586 953 Capitula
1632 881 1840 944 dicunt,

230 975 359 1029 inde
409 981 596 1029 actum
658 989 769 1027 non
819 971 934 1027 fuit.
985 972 1100 1027 Nec
1147 979 1354 1026 tantum
1385 971 1512 1026 inde
1560 970 1616 1024 in
1645 969 1844 1040 palatio

237 1069 422 1116 vestro
451 1061 555 1116 fuit
584 1068 920 1124 exsecutum,
955 1068 1218 1131 quantum
1265 1059 1562 1130 capitulum
1588 1058 1757 1127 jubet,
1788 1064 1846 1111 ut

233 1149 464 1221 quilibet
531 1165 720 1204 comes
766 1149 822 1202 in
871 1165 968 1204 suo
1024 1147 1280 1204 comitatu
1331 1147 1458 1202 inde
1520 1147 1702 1202 facere
1746 1162 1846 1216 per

233 1238 620 1294 auctoritatem
648 1237 832 1292 debet.
867 1236 1022 1292 Unde
1052 1253 1152 1292 vos
1196 1236 1500 1307 inquietare
1549 1243 1677 1290 tunc
1705 1250 1842 1304 pro-

236 1335 358 1397 pter
391 1326 792 1398 Aquitanorum
819 1324 1162 1394 praesentiam
1187 1323 1358 1379 nolui.

305 1416 469 1470 Nunc
500 1423 706 1478 autem,
739 1413 868 1485 quia
891 1413 996 1483 ipsi
1027 1412 1192 1468 vestri
1233 1411 1485 1466 homines
1515 1420 1568 1465 et
1597 1411 1845 1481 proprie-

243 1511 433 1568 tatem,
470 1511 526 1557 et
565 1500 913 1567 beneﬁcium,
969 1501 1025 1554 in
1081 1508 1269 1555 vestro
1315 1516 1508 1572 regno,
1557 1507 1610 1554 et
1637 1499 1693 1554 in
1721 1514 1848 1552 mea

239 1591 512 1662 parochia
551 1591 793 1656 habent;
845 1589 944 1644 sed
987 1595 1042 1643 et
1091 1590 1231 1644 Boso
1284 1589 1342 1642 in
1385 1596 1576 1643 nostra
1621 1586 1848 1642 dioecesi

1942 454 2009 493 ex
2037 445 2128 494 tuo
2155 438 2376 493 animali
2405 447 2458 494 et
2487 438 2690 494 carnali
2721 454 2904 494 sensu.
2947 439 3018 493 Et
3046 447 3268 495 sanctus
3299 441 3409 496 Leo
3437 457 3534 496 sa-

1943 542 2068 582 cros
2110 543 2346 583 canones
2395 527 2594 597 Spiritu
2644 527 2742 582 Dei
2774 527 3023 582 conditos
3051 536 3104 582 et
3149 528 3311 582 totius
3353 529 3542 584 mundi

1943 615 2247 670 reverentia
2295 623 2646 671 consecratos
2692 615 2840 670 dicit.
2891 617 2956 670 Et
2987 615 3054 670 de
3097 616 3310 689 legibus
3341 618 3540 689 quibus

1942 702 2191 758 Ecclesia
2229 704 2544 758 moderatur
2575 712 2628 758 et
2671 703 3048 758 Christianitas
3078 705 3306 776 regitur,
3342 707 3544 761 Christi

1943 787 2158 842 Domini
2187 788 2450 858 sapientia
2481 787 2611 842 dicit
2643 805 2656 840 :
2690 791 2796 859 Ego
2817 790 3103 860 sapientia
3125 789 3312 845 habito
3333 791 3542 846 incon-

1942 877 2071 931 siiio
2092 896 2110 930 :
2151 893 2250 948 per
2288 893 2377 932 me
2425 892 2580 948 reges
2622 881 2884 948 regnant,
2911 881 2969 932 et
2999 878 3186 949 legum
3221 879 3540 935 conditores

1935 967 2097 1036 justo
2123 965 2439 1021 decernunt
2469 967 2656 1034 (Prov.
2697 963 2839 1035 vni).
2864 965 3189 1020 Conditores
3229 966 3429 1037 quippe
3463 967 3542 1022 le-

1944 1069 2074 1125 gum
2113 1069 2220 1108 non
2249 1053 2394 1107 nudo
2426 1053 2615 1115 verbo,
2651 1054 2748 1108 sed
2780 1053 2984 1123 scripto
3004 1054 3159 1126 leges
3181 1055 3544 1110 condiderunt

1943 1149 1998 1194 et
2027 1143 2282 1207 condunt,
2297 1149 2349 1196 et
2369 1141 2765 1211 subscriptione
2777 1141 3232 1198 conﬁrmaverunt
3243 1151 3404 1216 atque
3421 1160 3548 1200 con-

1945 1228 2174 1284 firmant.
2211 1229 2360 1298 Quas
2392 1246 2502 1284 non
2557 1229 2636 1283 illi
2676 1247 2840 1302 reges
2869 1231 3176 1286 custodiunt
3231 1233 3301 1286 de
3347 1233 3544 1304 quibus

1945 1319 2108 1384 Deus,
2135 1317 2224 1389 qui
2248 1326 2303 1372 ut
2333 1319 2596 1388 scriptum
2617 1326 2700 1372 est
2719 1335 2732 1371 :
2752 1321 2911 1373 Facit
2933 1319 3286 1391 hypocritam
3305 1337 3544 1393 regnare

1937 1411 2168 1478 propter
2213 1411 2447 1479 peccata
2477 1408 2672 1478 populi
2703 1407 2820 1476 (Job
2840 1395 3209 1476 Χιικινγάίθὶι
3243 1425 3256 1462 :
3287 1411 3402 1480 Ipsi
3450 1427 3546 1466 re-

1941 1499 2277 1566 gnaverunt,
2313 1498 2370 1550 et
2389 1511 2504 1549 non
2533 1511 2608 1549 ea:
2621 1511 2708 1550 me
2733 1515 2750 1549 :
2771 1497 3060 1567 principes
3095 1497 3474 1567 exstiterunt,
3491 1503 3548 1554 et

1943 1599 2058 1637 non
2075 1582 2463 1654 eognovi(0se.
2489 1584 2632 1654 vm).
2659 1583 2766 1638 Sed
2793 1583 2869 1637 illi
2901 1599 3064 1656 reges
3084 1599 3180 1638 eas
3212 1587 3451 1640 condunt
3471 1595 3548 1641 at-

241 1672 572 1735 beneﬁcium
602 1685 844 1734 vestrum
887 1677 1068 1742 habet,
1111 1676 1425 1732 consideret
1450 1676 1578 1730 inde
1630 1675 1846 1746 sapien-
1873 1699 1928 1758 B
1952 1688 2057 1742 que
2080 1679 2426 1735 conservant,
2459 1671 2528 1725 de
2555 1671 2750 1742 quibus
2769 1671 2899 1726 item
2931 1672 3214 1740 Dominus,
3247 1682 3307 1728 ut
3334 1675 3546 1745 praemi-

239 1767 316 1822 tia
343 1776 534 1822 vestra
564 1766 800 1838 qualiter
845 1765 1146 1822 secundum
1205 1764 1562 1819 ministerium
1613 1763 1769 1819 vobis
1813 1779 1847 1818 a

243 1857 361 1911 Deo
403 1855 762 1912 commissum
786 1897 799 1918 ,
833 1862 886 1909 et
943 1853 1244 1909 secundum
1285 1854 1552 1908 honorem
1580 1839 1850 1906 'vestrum

243 1943 372 1998 inde
430 1941 546 2012 fiat,
598 1958 668 1996 ne
727 1943 845 1997 haec
907 1957 1076 1997 causa
1124 1941 1324 1996 diutius
1354 1958 1421 1995 ex
1458 1940 1639 1995 vestra
1666 1947 1844 2010 parte,

241 2030 563 2103 imperfecta
594 2037 879 2086 remaneat
908 2037 962 2084 et
993 2029 1040 2083 si
1065 2029 1244 2098 majus
1273 2029 1529 2084 damnum
1559 2029 1685 2082 inde
1724 2027 1848 2082 fue-

241 2121 334 2189 rit,
365 2119 675 2190 periculum
705 2117 888 2172 anima
917 2126 1122 2182 vestra,
1147 2119 1292 2189 quod
1320 2125 1533 2172 avertat
1562 2116 1848 2185 Dominus,

245 2209 556 2264 contrahat.
597 2208 790 2262 Utrum
820 2213 1004 2261 autem
1040 2206 1198 2261 vobis
1237 2207 1472 2276 placeat,
1521 2213 1578 2260 ut
1608 2204 1713 2275 ipsi
1743 2205 1847 2259 ho-

243 2296 422 2352 mines
470 2295 640 2350 vestri
685 2310 810 2350 cum
856 2294 1025 2350 misso
1053 2302 1256 2360 vestro,
1302 2294 1358 2347 in
1401 2302 1648 2349 nostram
1679 2308 1848 2363 paro-

247 2384 449 2450 chiam,
484 2383 578 2437 ubi
632 2382 1024 2453 proprietatem
1073 2390 1125 2437 et
1165 2381 1492 2438 beneficium
1539 2381 1740 2436 habent
1797 2389 1850 2435 et

245 2473 366 2543 ipsa
395 2487 564 2528 causa
595 2471 795 2544 corrigi
825 2471 1004 2536 debet,
1048 2469 1294 2536 veniant;
1329 2479 1420 2525 aut
1447 2469 1553 2523 nisi
1584 2469 1845 2537 renerint,

245 2556 392 2626 quod
433 2555 494 2608 in
535 2570 712 2626 regno
757 2561 939 2608 vestro
979 2553 1182 2608 habent
1219 2555 1276 2607 in
1317 2554 1559 2609 bannum
1586 2553 1846 2619 mittatur,

245 2651 338 2696 aut
370 2642 534 2698 aliter
575 2641 704 2696 inde
751 2640 864 2707 ﬁat,
901 2650 1096 2698 vestrae
1125 2641 1406 2712 sapientiae
1434 2641 1696 2696 intererit.
1730 2643 1850 2713 Ego

244 2740 427 2786 autem
470 2730 731 2802 quoniam
761 2729 992 2800 amplius
1040 2731 1183 2784 hanc
1225 2745 1448 2785 causam
1485 2727 1701 2784 differre
1741 2745 1848 2783 non

244 2819 444 2887 audeo,
480 2817 527 2872 si
579 2817 797 2872 interim
846 2817 993 2872 aliud
1025 2818 1172 2888 quod
1219 2816 1417 2872 rationi
1446 2825 1500 2872 et
1543 2815 1852 2872 auctoritati

248 2905 560 2970 conveniat,
611 2921 643 2958 a
689 2905 844 2960 vobis
874 2913 965 2960 aut
1013 2905 1082 2958 ab
1126 2904 1232 2958 illis
1259 2904 1386 2960 inde
1415 2921 1526 2958 non
1564 2920 1847 2974 accepero,

246 2995 305 3048 in
344 2994 436 3049 die
485 2993 655 3047 missa
703 2993 874 3048 sancti
919 2992 1171 3064 Remigii,
1216 2992 1328 3047 vita
1369 2992 1584 3060 comite,
1618 2992 1851 3047 Domino

247 3083 563 3152 adjuvante,
589 3081 683 3136 ubi
713 3081 866 3136 locus
909 3081 1176 3138 sermonis
1204 3081 1312 3136 mei
1342 3081 1482 3135 inter
1511 3097 1672 3136 sacra
1713 3081 1850 3134 mis-

251 3187 444 3226 sarum
475 3170 746 3226 solemnia
775 3171 1003 3237 venerit,
1039 3177 1165 3224 ante
1184 3185 1388 3240 corpus
1420 3169 1564 3224 illius
1595 3169 1853 3224 sacratis-

251 3259 452 3313 simum
515 3257 608 3330 qui
657 3274 785 3314 vere
834 3266 916 3312 est
959 3257 1266 3329 episc0pus,
1297 3258 1620 3313 auctoritate
1649 3257 1768 3320 Dei,
1803 3265 1856 3310 et

254 3355 576 3403 sanctorum
605 3346 995 3416 apostolorum,
1043 3354 1097 3400 et
1126 3346 1296 3416 ipsius
1344 3347 1675 3401 Francorum
1715 3361 1853 3416 apo-

256 3435 398 3503 stoli,
435 3435 491 3488 in
521 3434 719 3506 quibus
750 3442 802 3488 et
831 3435 989 3489 nobis
1018 3434 1142 3490 licet
1174 3434 1434 3505 indignis,
1467 3451 1564 3504 pro
1608 3433 1854 3505 patribus

255 3523 398 3578 natis
429 3521 576 3589 ﬁliis,
627 3522 892 3576 Dominus
923 3522 1054 3577 dicit
1089 3540 1101 3576 :
1157 3521 1508 3594 Quaecunque
1539 3523 1854 3592 ligaveritis

253 3628 426 3684 super
445 3615 664 3667 terram
685 3612 1048 3682 eruntligata
1067 3615 1122 3666 et
1139 3611 1200 3666 in
1217 3613 1368 3667 caelis
1400 3612 1584 3673 (Joan.
1618 3613 1742 3681 xx),
1759 3627 1855 3665 eos

255 3699 348 3771 qui
377 3700 449 3754 ad
503 3715 700 3770 pacem
750 3699 933 3754 redire
980 3699 1189 3763 nolunt,
1242 3699 1380 3754 sicut
1422 3715 1664 3755 canones
1707 3699 1854 3756 sacri

253 3787 597 3859 praecipiunt,
627 3794 679 3842 et
707 3787 948 3859 quolibet
995 3787 1158 3842 modo
1197 3787 1599 3842 consentientes
1649 3787 1748 3852 eis,
1784 3787 1855 3842 ab

256 3875 401 3931 omni
413 3875 678 3932 societate
700 3875 862 3930 totius
881 3875 937 3929 in
954 3874 1373 3930 Christianitatis
1386 3875 1856 3931 excommunicare

257 3964 486 4032 curabo,
518 3963 697 4019 donec
723 3964 800 4018 ad
829 3980 1022 4034 pacem
1052 3980 1212 4034 quam
1242 3963 1488 4019 Christus
1539 3963 1775 4018 ostendit
1805 3972 1858 4018 et

259 4051 460 4122 docuit,
494 4051 693 4117 redire,
726 4067 848 4107 cum
893 4051 1074 4106 debita
1117 4051 1489 4108 satisfactione
1521 4062 1854 4122 procurent;

257 4155 484 4212 eosque,
505 4139 645 4195 sicut
673 4139 995 4210 praecipiunt
1025 4155 1283 4206 canones,
1319 4141 1542 4213 regibus
1573 4149 1623 4194 et
1645 4141 1852 4210 episco-

258 4228 340 4299 pis
368 4236 423 4284 et
453 4228 872 4300 quibuscunque
902 4236 1148 4299 potuero,
1184 4229 1376 4283 litteris
1409 4229 1857 4282 excommunica-

259 4324 340 4372 tos
369 4333 496 4372 esse
529 4316 973 4382 denuntiabo,-ut
1001 4333 1110 4372 non
1140 4317 1603 4372 communicantes
1648 4332 1860 4372 excom-

1950 1759 2140 1827 simus,
2173 1758 2332 1814 dicit:
2353 1761 2460 1814 Per
2483 1775 2572 1815 me
2603 1775 2760 1830 reges
2781 1765 3042 1831 regnant,
3067 1763 3278 1833 quales,
3292 1765 3550 1834 praemit-

1950 1853 2094 1916 tens,
2127 1849 2433 1904 Dominum
2465 1848 2681 1912 timete,
2694 1847 2850 1916 jubet
2866 1846 3229 1904 honoriﬁcare
3246 1851 3544 1920 apostolus,

1948 1935 2136 1990 dicens
2175 1953 2188 1988 :
2227 1939 2424 2007 Regem
2471 1936 2836 2004 honoriﬁcate
2885 1939 2941 1991 et
2984 1937 3197 1992 obedite
3243 1939 3361 2010 regi
3391 1939 3552 2011 quasi

1948 2024 2376 2096 praecellentia
2400 2025 2551 2078 Petr.
2599 2023 2661 2093 ιι)
2697 2039 2708 2078 :
2743 2023 2996 2079 videlicet
3026 2025 3120 2095 qui
3158 2025 3326 2098 Regis
3355 2043 3551 2098 regum

1948 2112 2133 2168 obedit
2171 2111 2462 2180 mandatis,
2493 2119 2546 2166 et
2589 2112 2707 2181 ejus
2749 2112 2984 2167 custodit
3018 2113 3244 2181 judicia.
3280 2114 3551 2186 Alioquim

1949 2207 2006 2253 ut
2035 2208 2258 2255 sanctus
2274 2201 2468 2254 Petrus
2514 2199 2681 2256 dicit:
2708 2201 2935 2256 Obedire
2969 2205 3184 2273 oportet
3216 2204 3326 2258 Deo
3372 2206 3552 2276 magis

1947 2305 2116 2359 quam
2143 2289 2461 2344 hominibus
2491 2289 2636 2358 (Act.
2665 2289 2743 2355 v).
2776 2289 2912 2344 Hinc
2943 2289 3084 2344 enim
3117 2291 3236 2359 ejus
3269 2299 3552 2362 caoposto-

1947 2376 2032 2430 lus
2063 2376 2192 2431 dicit
2226 2393 2236 2428 :
2273 2377 2394 2432 Non
2423 2381 2509 2432 est
2534 2381 2782 2448 potestas
2815 2377 2930 2432 nisi
2961 2395 2995 2432 a
3023 2381 3151 2434 Deo.
3185 2379 3254 2432 Et
3285 2395 3302 2429 :
3324 2379 3428 2446 Qui
3445 2397 3548 2451 po-

1951 2464 2148 2520 testati
2178 2465 2412 2529 resistit,
2439 2465 2538 2518 Dei
2569 2465 2918 2520 ordinationi
2945 2465 3164 2520 resistit
3189 2465 3368 2536 (Rom.
3401 2467 3547 2534 xm).

1950 2551 2094 2620 Quin
2133 2551 2264 2604 nihil
2312 2550 2370 2604 fit
2407 2551 2464 2605 in
2508 2551 2732 2618 mundo,
2785 2551 2890 2605 nisi
2923 2552 3068 2623 quod
3088 2560 3180 2607 aut
3210 2553 3358 2608 Deus
3385 2553 3552 2610 mise-

1950 2639 2230 2695 ricorditer
2259 2638 2405 2704 facit,
2445 2646 2537 2694 aut
2584 2637 2702 2694 fieri
2743 2640 2890 2708 juste
2942 2640 3222 2711 permittit.
3276 2642 3412 2696 Cum
3442 2643 3550 2698 ita-

1950 2745 2057 2798 que
2085 2744 2248 2800 reges
2282 2744 2346 2782 ex
2378 2727 2472 2782 illo
2501 2735 2747 2800 regnant,
2781 2727 3158 2784 misericordia
3186 2729 3332 2784 illius
3361 2737 3462 2796 est,
3495 2739 3556 2785 ut

1950 2817 2230 2871 salventur
2281 2815 2468 2886 populi
2515 2815 2596 2870 eis
2639 2815 2913 2871 commissi
2949 2834 2962 2870 :
2995 2832 3116 2872 cum
3156 2833 3286 2872 vero
3331 2834 3439 2873 non
3487 2835 3552 2874 ex

1949 2905 2064 2963 illo.
2097 2905 2190 2958 sed
2223 2904 2569 2974 permittente
2603 2904 2749 2972 justo
2793 2904 2964 2975 ipsius
3003 2905 3207 2973 judicio
3249 2923 3413 2978 reges
3469 2923 3554 2962 re-

1951 3010 2120 3065 gnare
2165 2993 2437 3058 videntur,
2492 2992 2728 3048 vindicta
2783 3001 2866 3047 est
2925 2994 3230 3063 peccatoris
3277 2995 3460 3066 populi
3501 3003 3556 3050 et

1954 3082 2235 3152 regnantis
2273 3081 2522 3136 cumulus
2552 3096 2746 3150 pruna).
2781 3080 2887 3134 Sed
2916 3079 3107 3135 fideles
3155 3073 3356 3153 quique
3402 3091 3554 3152 pote-

1955 3169 2077 3224 stati
2107 3177 2199 3222 aut
2228 3184 2260 3222 a
2289 3169 2405 3222 Deo
2435 3168 2665 3223 colllatai
2693 3175 2781 3221 aut
2813 3183 2845 3222 a
2868 3168 2982 3222 Deo
3009 3169 3294 3238 permissa:
3325 3186 3432 3224 non
3464 3187 3554 3226 re-

1955 3257 2171 3322 sistunt,
2205 3273 2328 3311 cum
2353 3257 2501 3325 juxta
2532 3256 2679 3310 Petri
2709 3272 2902 3312 vocem
2933 3273 2946 3308 :
2979 3257 3087 3311 Sub
3118 3274 3298 3313 manu
3323 3259 3424 3314 Dei
3449 3259 3554 3314 hu-

1953 3347 2264 3401 miliantur
2289 3345 2340 3414 (Ι
2365 3347 2516 3401 Petr.
2554 3345 2610 3415 ν)
2637 3352 2687 3399 et
2707 3345 2775 3399 de
2806 3344 2964 3399 bonis
2984 3345 3318 3416 principibus
3348 3348 3555 3420 gratias

1955 3433 2220 3499 referunt;
2255 3441 2308 3488 et
2355 3433 2424 3488 de
2455 3433 2540 3488 his
2571 3433 2662 3504 qui
2686 3433 2756 3487 ad
2775 3433 3159 3505 purgationem
3189 3451 3346 3490 suam
3377 3452 3406 3489 a
3438 3438 3554 3491 Deo

1955 3539 2190 3596 regnare
2233 3521 2488 3592 permissi
2550 3530 2694 3587 sunt,
2753 3529 3038 3592 gementes
3095 3518 3370 3588 exultant;
3421 3525 3557 3579 sicut

1955 3612 2218 3682 scriptum
2249 3618 2331 3666 est
2363 3628 2376 3664 :
2413 3611 2986 3680 Exultaveruntﬁliae
3014 3611 3170 3666 Iuda:
3201 3613 3264 3666 in
3297 3614 3556 3668 omnibus

1947 3701 2184 3772 judiciis
2217 3701 2350 3765 tuis,
2385 3700 2619 3755 Domine
2665 3699 2838 3768 (Psal.
2871 3700 3046 3770 xcvx).
3081 3699 3278 3772 Sicque
3322 3717 3433 3756 non
3462 3717 3553 3756 re-

1955 3789 2151 3842 sistunt
2181 3787 2506 3843 ordinationi
2537 3787 2656 3854 Dei,
2689 3787 2781 3859 qui
2813 3788 2979 3853 novit,
3015 3804 3124 3844 non
3166 3788 3308 3844 mala
3352 3789 3553 3854 facere,

1955 3877 2052 3931 sed
2105 3876 2375 3932 ordinare.
2440 3876 2722 3932 Resistunt
2774 3885 2953 3931 autem
3001 3876 3199 3948 iniquis
3249 3877 3557 3950 iniquorum

1955 3966 2214 4036 operibus
2252 3973 2306 4020 et
2361 3965 2650 4020 mandatis.
2704 3966 2860 4020 Unde
2904 3965 3163 4036 scriptum
3207 3974 3333 4020 est:
3394 3969 3559 4023 Verba

1955 4055 2303 4125 sapientium
2333 4056 2494 4126 quasi
2525 4054 2770 4119 stimuli,
2816 4057 2872 4108 et
2900 4056 3062 4125 quasi
3105 4055 3252 4108 clavi
3280 4057 3344 4109 in
3372 4056 3558 4111 altum

1958 4141 2134 4209 deﬁxi
2165 4142 2360 4212 (Eccii.
2396 4141 2519 4208 xu),
2553 4139 2674 4209 quia
2707 4139 2954 4194 nesciunt
2984 4141 3170 4208 culpas
3190 4141 3435 4210 palpare,
3460 4143 3556 4198 sed

1955 4245 2221 4300 pungere,
2248 4236 2300 4282 et
2323 4227 2551 4282 tolerant
2571 4226 2835 4296 patienter
2855 4235 3078 4296 propter
3097 4227 3386 4280 Dominum
3407 4228 3559 4282 illata

1956 4317 2096 4370 mala
2127 4315 2229 4370 sibi
2263 4331 2297 4370 a
2325 4314 2667 4386 principibus
2701 4313 2876 4369 malis.
2928 4312 3292 4386 Quapropter,
3328 4315 3421 4386 qui
3452 4331 3554 4370 no-

259 4405 571 4470 municatis,
605 4405 1053 4460 excommunicati
1087 4413 1140 4460 et
1168 4405 1273 4475 ipsi
1293 4405 1500 4475 pariter
1530 4405 1853 4460 habeantur.
1883 4397 1942 4460 D
1963 4405 2047 4459 bis
2075 4405 2339 4476 derogant
2368 4403 2632 4472 dicentes,
2675 4403 2820 4476 quod
2854 4403 3103 4460 volumus
3139 4411 3252 4459 tota
3290 4403 3378 4458 die
3407 4404 3558 4475 loqui

259 4494 379 4548 Non
409 4492 560 4548 enim
579 4493 736 4548 vobis
770 4493 858 4548 vel
884 4493 1044 4548 nobis
1071 4494 1515 4564 parvipendenda
1536 4503 1617 4548 est
1636 4501 1857 4548 senten-

263 4577 334 4631 tia
361 4577 508 4632 beati
540 4576 820 4647 Gregorii,
853 4594 957 4648 qua
1001 4577 1345 4632 concordans
1391 4578 1670 4647 Apostolo,
1705 4593 1854 4647 prae-

264 4665 443 4720 sertim
487 4665 559 4719 de
601 4672 928 4735 potestatem
973 4665 1294 4720 habentibus
1331 4665 1504 4721 dicit:
1546 4689 1567 4712 «
1603 4665 1708 4734 Qui
1752 4681 1862 4720 non

262 4753 489 4826 corrigit
517 4753 842 4820 resecanda,
877 4754 1164 4809 commttit.
1196 4774 1218 4803 »

329 4859 528 4914 Audivi
584 4829 821 4930 denique
866 4860 1130 4930 quosdam
1172 4859 1575 4930 reprehendere
1612 4875 1712 4914 nos
1743 4859 1858 4930 epi-

264 4963 460 5018 scopos
491 4955 547 5002 et
575 4947 779 5014 dicere,
816 4948 959 5018 quod
1004 4949 1257 5003 volumus
1304 4957 1416 5024 tota
1437 4949 1526 5003 die
1556 4965 1656 5018 per
1678 4947 1862 5018 Scrip-

263 5042 411 5091 turas
441 5034 793 5106 parabolare.
813 5033 971 5104 Quod
988 5035 1206 5091 devotio
1233 5035 1515 5108 religionis
1546 5043 1740 5090 vestrae
1755 5051 1864 5090 non

267 5118 402 5173 sinat
461 5119 576 5174 suis
629 5119 852 5173 auribus
913 5119 1201 5174 susurrari.
1277 5120 1570 5190 Apostolus
1626 5135 1862 5191 namque

265 5208 458 5277 plenus
498 5206 631 5262 dicit
669 5225 682 5261 :
713 5208 1062 5280 Quaecunque
1099 5210 1312 5280 scripta
1341 5213 1480 5264 sunt
1509 5208 1580 5264 ad
1607 5213 1865 5264 nostram

267 5295 591 5353 doctrinam
621 5297 833 5368 scripta
853 5300 1024 5352 sunt:
1042 5297 1256 5370 scripta
1272 5301 1408 5353 sunt
1429 5301 1622 5352 autem
1634 5301 1868 5370 propter

267 5402 363 5441 nos
385 5387 571 5454 (Rom.
612 5384 735 5454 xv).
759 5385 828 5440 Et
847 5385 1113 5441 Dominus
1130 5386 1199 5440 ad
1221 5385 1546 5456 prophetam
1571 5402 1582 5438 :
1619 5387 1866 5442 Audiens

265 5475 562 5531 nuntiabis
577 5474 660 5530 eis
671 5488 744 5530 ex
759 5475 849 5529 me
869 5475 1094 5542 (Jerem.
1116 5475 1225 5543 ιιι.)
1242 5475 1330 5530 Ea:
1344 5490 1453 5539 me,
1485 5473 1676 5545 inquit,
1709 5474 1766 5529 id
1784 5482 1868 5530 est

1959 4512 2058 4566 per
2087 4495 2437 4564 Scripturam,
2471 4493 2516 4547 si
2545 4494 2611 4550 de
2632 4496 2790 4550 omni
2822 4495 2977 4550 verbo
3009 4495 3183 4550 otioso
3205 4492 3442 4548 reddent
3464 4509 3562 4548 ra-

1965 4585 2174 4639 tionem
2201 4583 2264 4638 in
2307 4584 2456 4638 diem
2479 4583 2690 4654 judicii
2725 4583 2944 4652 (Matth.
2992 4582 3116 4651 xu),
3173 4581 3310 4634 sicut
3349 4580 3560 4639 Veritas

1962 4690 2074 4728 non
2101 4673 2394 4727 mentiente
2423 4688 2520 4727 ore
2551 4672 2697 4738 dicit,
2743 4670 2980 4732 videant,
3031 4667 3162 4738 quid
3191 4667 3554 4735 sustinebunt,

1963 4762 2031 4816 de
2061 4763 2166 4817 hoc
2195 4761 2490 4816 criminoso
2521 4757 2868 4816 detractionis
2909 4764 2959 4810 et
3017 4763 3208 4810 contra
3261 4772 3363 4812 nos
3401 4775 3558 4814 mur-

1963 4851 2284 4905 murationis
2313 4850 2500 4905 verbo.
2534 4852 2656 4904 Non
2694 4846 2838 4901 enim
2868 4861 2991 4900 cum
3019 4852 3204 4900 sancto
3233 4847 3419 4918 Moyse
3453 4848 3561 4902 illis

1965 4938 2231 4994 dicimus:
2257 4939 2364 4995 Nec
2390 4943 2586 4995 contra
2622 4952 2721 4990 nos
2750 4937 2839 4988 est
2875 4951 3136 4990 murmur
3156 4939 3426 5001 vestrum,
3460 4937 3558 4993 sed

1965 5031 2163 5083 contra
2175 5019 2494 5083 Dominum.
2510 5027 2615 5080 Nos
2627 5023 2784 5077 enim
2799 5022 3173 5094 quid'sumus?
3189 5024 3390 5095 (Exod.
3413 5026 3559 5093 xw.)

1965 5115 2185 5188 lllisque
2223 5133 2348 5171 cum
2379 5111 2634 5184 Apostolo
2663 5110 3032 5168 inculcamus:
3067 5115 3250 5186 Neque
3294 5130 3560 5170 murmu—

1966 5207 2229 5261 raveritis
2248 5207 2396 5260 sicut
2411 5201 2640 5274 quidam
2659 5205 3187 5264 murmuraverunt,
3210 5206 3267 5258 et
3283 5219 3317 5256 (ι
3330 5218 3560 5274 serpen-

1970 5295 2114 5350 tibus
2151 5293 2444 5363 perierunt
2481 5290 2536 5359 (Ι
2563 5289 2682 5346 Cor.
2725 5293 2808 5360 x).
2846 5290 3056 5359 Quibus
3103 5289 3249 5345 enim
3304 5289 3562 5346 increscit

1967 5383 2170 5452 legere,
2207 5379 2290 5434 vel
2337 5377 2574 5434 scribere
2618 5397 2738 5450 quae
2786 5379 2990 5451 scripta
3019 5387 3162 5445 sunt,
3194 5379 3279 5433 vel
3311 5378 3561 5434 scribun-

1967 5488 2070 5543 tur,
2106 5477 2295 5544 sciant,
2347 5476 2476 5548 quia
2522 5492 2630 5533 non
2672 5478 2740 5534 de
2781 5476 3091 5550 ignorantia
3127 5475 3557 5545 judicabuntur;
