4026 6328
477 288 546 349 99
1443 292 1784 352 HINCMARI
1811 286 2213 354 RHEMENSIS
2268 294 2818 356 ARCHLEPISCOPI.

3685 300 3786 357 100

484 416 583 472 sed
643 418 710 472 de
751 421 1064 490 contemptu
1121 434 1228 493 quo
1270 418 1459 474 nolunt
1516 421 1678 493 scire,
1739 437 1847 495 quo
1887 419 2078 478 nolunt
2103 416 2162 478 A
2181 419 2350 480 scitis.
2385 422 2454 477 Et
2499 420 2592 478 ille
2623 422 2789 495 enim,
2843 421 2981 478 sicut
3022 421 3128 495 ipsi
3158 420 3341 495 legitis
3375 422 3431 479 in
3459 423 3778 496 Scripturis,

482 502 688 578 legere,
736 505 825 562 vel
879 503 1072 562 audire
1127 508 1649 564 condemnabuntur.
1700 510 1781 565 De
1833 510 2076 583 qualium

479 593 650 650 choro
696 593 962 650 Dominus
1011 594 1140 652 dicit
1181 613 1194 650 :
1237 598 1430 653 Noluit
1461 597 1784 671 intelligere
1828 603 1895 656 ut
1941 599 2078 654 bene

477 687 691 755 ageret;
709 683 1076 757 iniquitatem
1089 685 1399 742 meditatus
1410 690 1498 742 est
1508 687 1569 742 in
1587 688 1762 743 cubili
1779 704 1881 744 suo
1895 687 2070 758 (Psal.

478 772 689 844 XXXV).
721 772 857 829 Cum
885 772 1028 827 enim
1057 789 1168 829 non
1209 772 1356 842 dicit,
1389 791 1501 829 non
1544 775 1715 846 potuit
1744 775 2072 848 intelligere,

480 859 577 914 sed
598 861 790 916 noluit
807 862 1147 934 intelligere,
1173 870 1360 934 aperte
1382 870 1592 918 reatum
1607 870 1951 936 contemptus
1971 865 2075 920 de-

480 946 709 1017 nuntiat,
757 965 860 1020 pro
916 949 1158 1022 quolibet
1215 958 1559 1024 contemptor
1615 952 1815 1008 merito
1861 952 2077 1010 debitas

483 1051 679 1107 pinnas
702 1035 877 1093 luet...

1008 1163 1348 1221 EPISTOLA
1394 1163 1541 1221 XVI.

963 1284 1037 1324 All
1064 1285 1326 1327 CLEIIIGOS
1351 1284 1589 1326 PALATII.

649 1376 724 1434 Ut
745 1374 1029 1433 hominem
1059 1392 1294 1433 suorum
1312 1378 1546 1450 rapinas
1564 1379 1902 1451 reprimant.

1020 1488 1202 1563 (Apud
1233 1490 1536 1563 Sirmond.)

542 1603 869 1660 Emensus
899 1603 1234 1661 Rhemorum
1260 1605 1552 1678 episcopus
1569 1605 1826 1662 fratribus
1852 1607 2072 1677 nostris,

468 1690 824 1763 presbyteris,
885 1692 1227 1760 diaconibus,
1272 1694 1720 1763 subdiaconibus,
1766 1703 1821 1750 et
1863 1695 2075 1752 caeteris

468 1779 685 1836 clericis
712 1779 770 1834 in
795 1781 995 1852 palatio
1019 1781 1223 1838 domno
1250 1790 1436 1838 nostro
1465 1783 1586 1854 regi
1615 1791 1668 1838 et
1719 1783 1937 1841 damna:
1981 1799 2076 1842 re-
2104 1770 2160 1834 Β

470 1867 658 1940 ginta,
686 1883 771 1940 ac,
799 1867 1016 1927 illorum
1063 1867 1322 1926 ﬁdelibus
1361 1871 1734 1928 ecclesiastico
1778 1872 2080 1930 ministerio

470 1939 904 1995 consulentibus.

540 2026 716 2084 Audio
743 2027 812 2083 de
841 2028 1154 2084 hominibus
1183 2028 1381 2086 vestris
1413 2031 1543 2102 quia
1572 2030 1742 2087 multa
1778 2032 1942 2103 mala,
1979 2048 2076 2088 ra-

467 2113 628 2185 pinas
660 2114 870 2172 scilicet
913 2124 968 2173 et
1015 2117 1467 2189 depraedationes,
1502 2127 1556 2174 et
1583 2118 1988 2189 fornicationes,
2022 2128 2077 2177 et

469 2202 733 2259 adulteria
760 2204 815 2258 in
845 2205 1106 2275 parochia
1134 2221 1259 2261 mea
1287 2205 1492 2262 faciunt
1523 2215 1578 2263 et
1607 2207 1773 2262 etiam
1811 2209 1882 2266 de
1920 2209 2076 2264 vobis

471 2291 635 2347 audio
665 2291 792 2364 quia
809 2291 916 2347 illis
937 2292 1141 2364 rapinis
1162 2294 1501 2363 consentitis,
1524 2295 1866 2353 ut.videlicet
1898 2297 1990 2375 qui
2005 2297 2075 2354 de

470 2377 578 2434 illis
606 2379 806 2451 vivitis,
838 2388 891 2436 et
911 2389 1126 2437 vestros
1152 2382 1402 2438 homines
1421 2391 1585 2456 atque
1615 2385 1857 2440 caballos
1877 2386 2074 2442 exinde

469 2467 714 2540 pascitis.
746 2469 904 2525 Unde
932 2469 1236 2526 timendum
1265 2479 1348 2526 est
1383 2487 1454 2526 ne
1492 2472 1563 2527 de
1594 2472 1751 2528 vobis
1779 2473 1923 2530 dicat
1954 2475 2071 2531 Do-

469 2555 650 2612 minus
678 2572 776 2628 per
802 2559 1122 2629 prophetam
1146 2575 1160 2614 :
1183 2561 1258 2615 Et
1282 2560 1394 2616 erit
1418 2560 1571 2617 sicut
1578 2562 1842 2634 populus,
1874 2563 1958 2619 sic
1973 2580 2070 2620 sa-

468 2644 660 2701 cerdos
680 2645 813 2716 (Isa.
837 2661 999 2717 xxxv,
1027 2646 1104 2717 2).
1138 2647 1246 2703 Sed
1275 2647 1408 2702 mihi
1437 2664 1548 2704 non
1577 2656 1661 2704 est
1688 2665 1918 2706 necesse
1938 2651 2070 2706 mul-

470 2739 585 2787 tum
611 2732 864 2788 laborare
895 2733 1241 2791 admonendo
1260 2735 1317 2790 in
1347 2736 1523 2806 vobis,
1559 2735 1651 2808 qui
1687 2744 1741 2792 et
1767 2738 2068 2796 ministerio

469 2827 524 2876 et
552 2820 796 2876 doctrina
814 2821 951 2877 tales
967 2822 1118 2891 estis,
1161 2830 1220 2877 ut
1249 2839 1358 2879 non
1398 2824 1577 2879 solum
1605 2841 1705 2880 vos
1731 2826 2005 2882 abstinere
2035 2842 2070 2884 a

468 2903 630 2974 malo,
664 2905 762 2961 sed
791 2905 955 2961 etiam
983 2905 1120 2961 alios
1147 2921 1182 2961 a
1208 2907 1350 2962 malo
1383 2907 1652 2963 divertere
1673 2916 1725 2965 et
1757 2909 1956 2965 bonum
1982 2909 2068 2966 fa-

2176 509 2232 564 in
2261 509 2566 584 exemplum
2601 511 2756 568 Judaa
2792 509 2963 567 ﬁlium
3004 511 3240 568 hominis
3284 512 3465 577 tradit,
3496 526 3607 568 non
3662 509 3786 583 qui-

2176 596 2302 652 dem
2351 598 2553 655 Iudaeis
2592 600 2992 672 peccatoribus,
3026 601 3123 656 sed
3153 608 3338 657 tamen
3376 599 3780 672 peccatoribus,

2175 686 2440 742 membris
2486 687 2740 744 videlicet
2783 688 2918 756 suis,
2960 689 3054 761 qui
3092 689 3224 744 illud
3267 688 3634 745 inestimabile
3660 690 3782 745 Do-

2176 773 2307 829 mini
2327 791 2528 848 corpus
2558 775 2766 833 violare
2797 777 3098 850 presumit.
3134 779 3204 834 Et
3232 794 3316 834 vae
3343 776 3421 832 illi
3453 777 3662 834 homini
3691 776 3785 850 qui
3856 827 3881 839 -

2174 862 2244 918 ad
2280 879 2526 919 mensam
2572 865 2789 921 Domini
2842 866 3119 940 malignus
3161 866 3392 933 accedit,
3445 866 3539 938 qui
3569 865 3784 922 insidiis

2175 959 2360 1008 mente
2407 953 2661 1024 conditis,
2699 954 2811 1026 qui,
2861 955 3182 1026 praecordiis
3211 955 3404 1026 rapina
3433 961 3525 1010 aut
3554 954 3788 1028 aliquod

2177 1039 2388 1096 scelere
2429 1041 2668 1112 pollutis,
2707 1042 3092 1114 mysteriorum
3122 1043 3322 1100 Christi
3353 1043 3585 1100 secretis
3604 1042 3783 1116 parti-

2176 1128 2356 1200 cipare
2383 1144 2494 1186 non
2519 1131 2731 1186 metuit.
2764 1133 2878 1197 Vae,
2924 1131 3165 1204 inquam,
3212 1130 3292 1188 illi
3321 1133 3665 1204 presbytero,
3699 1148 3784 1191 ve

2174 1216 2254 1272 illi
2283 1217 2536 1286 diacono,
2568 1235 2652 1274 vae
2695 1219 2776 1275 illi
2813 1219 3171 1288 subdiacono,
3204 1236 3288 1277 vae
3336 1221 3414 1276 illi
3441 1220 3667 1292 clerico,
3696 1236 3782 1279 va:

2174 1303 2252 1360 illi
2280 1306 2506 1374 homini,
2537 1308 2608 1364 de
2635 1324 2744 1380 quo
2761 1309 2942 1376 Iesus,
2977 1308 3070 1382 qui
3107 1309 3368 1365 altaribus
3408 1309 3784 1366 sacrosanctis

2176 1393 2316 1449 inter
2352 1390 2762 1464 immolandum,
2796 1404 2980 1468 utpote
3023 1397 3305 1470 proposita
3356 1406 3783 1455 consecraturus

2173 1496 2425 1550 munera,
2459 1484 2656 1540 adesse
2684 1500 2792 1541 non
2822 1485 3118 1554 dubitatur,
3149 1487 3452 1542 astantibus
3481 1487 3586 1542 sibi
3617 1485 3785 1542 mini-

2175 1570 2301 1624 stris
2343 1570 2674 1642 ccelestibus,
2722 1573 2877 1646 queri
2917 1575 3133 1647 cogitur
3161 1575 3307 1648 quod
3344 1574 3399 1630 in
3428 1591 3584 1632 coena
3615 1574 3786 1632 disci-

2173 1657 2316 1730 pulis
2347 1660 2416 1715 de
2439 1661 2581 1716 Juda
2601 1660 2769 1717 dixit:
2789 1664 2948 1732 Ecce,
2972 1662 3242 1736 inquiens,
3268 1680 3476 1721 manus
3493 1663 3784 1722 tradentis

2179 1764 2270 1804 me
2297 1764 2522 1805 mecum
2551 1754 2634 1807 est
2665 1751 2729 1806 in
2753 1767 2954 1808 mensa
2983 1750 3140 1823 (Luc.
3181 1766 3326 1820 χιιι,
3358 1752 3452 1825 21)
3475 1771 3491 1822 ;
3515 1760 3568 1809 et
3587 1768 3670 1809 vae
3700 1751 3786 1808 illi

2179 1835 2249 1891 de
2273 1852 2380 1909 quo
2400 1837 2530 1903 dicit
2545 1837 2745 1894 Paulus
2765 1838 3064 1910 apostolus,
3089 1841 3236 1912 quod
3257 1839 3415 1913 quasi
3425 1840 3650 1912 speciali
3669 1841 3787 1913 pri-

2177 1923 2380 1998 vilegio
2426 1925 2484 1980 in
2526 1941 2686 1988 cinna
2726 1927 2945 1983 Domini
2982 1928 3202 2001 quando
3242 1929 3361 1986 haec
3409 1937 3534 1985 sunt
3580 1929 3784 1986 tradita

2176 2012 2446 2085 legimus:
2475 2016 2800 2090 Quicunque
2819 2017 3133 2075 manducet
3156 2035 3369 2092 panem
3390 2018 3541 2075 hunc
3559 2021 3665 2075 aut
3686 2034 3785 2076 ca-

2179 2102 2346 2158 licem
2365 2105 2595 2163 Domini
2610 2105 2743 2160 bibit
2762 2105 3014 2178 indigne,
3035 2107 3313 2174 iudicium
3332 2109 3440 2164 sibi
3459 2105 3784 2164 manducat

2175 2194 2233 2246 et
2259 2192 2397 2248 bibit
2433 2208 2548 2249 non
2582 2192 2902 2265 dijudicans
2945 2211 3146 2267 corpus
3183 2197 3412 2252 Domini
3437 2196 3492 2267 (I
3519 2198 3639 2254 Cor.
3689 2210 3778 2263 χι,

2172 2279 2284 2342 29).
2309 2278 2419 2335 Sed
2449 2279 2528 2336 sic
2555 2281 2624 2336 ad
2652 2297 2901 2337 mensam
2939 2281 3158 2338 Domini
3201 2283 3427 2340 accedat
3466 2283 3583 2340 sine
3612 2299 3780 2341 reve-

2173 2367 2346 2423 rentia
2365 2375 2418 2424 et
2444 2368 2638 2426 timore
2669 2369 2739 2426 de
2768 2371 3010 2442 peccatis
3033 2371 3164 2438 suis,
3199 2372 3338 2429 sicut
3365 2372 3521 2428 laetus
3540 2370 3776 2441 accedit,

2170 2457 2390 2528 quando
2433 2457 2613 2514 socius
2663 2474 2794 2513 suus
2835 2458 2990 2514 illum
3041 2460 3204 2531 plena
3250 2476 3442 2516 mensa
3485 2460 3660 2532 pascit
3703 2459 3778 2518 de

2170 2544 2378 2616 rapinis
2425 2546 2556 2601 suis.
2607 2546 2678 2602 Et
2723 2547 2869 2619 quod
2916 2548 3063 2604 idem
3102 2548 3232 2605 dicit
3274 2548 3570 2621 Apostolus
3601 2566 3616 2604 :
3650 2549 3781 2608 Ideo

2170 2633 2326 2689 inter
2345 2649 2438 2690 vos
2465 2635 2642 2692 multi
2690 2636 2913 2705 inﬁrmi
2940 2640 2996 2692 et
3033 2637 3358 2704 imbecilles,
3403 2641 3460 2694 et
3481 2637 3783 2694 dormiunt

2173 2721 2354 2792 (ibid.,
2418 2723 2531 2793 30),
2588 2722 2643 2778 id
2693 2732 2775 2780 est
2824 2724 3148 2792 moriuntur,
3203 2726 3396 2794 multi,
3454 2726 3558 2781 hoc
3612 2740 3784 2781 mon-

2168 2815 2370 2865 stratur
2423 2810 2480 2866 in
2528 2811 2776 2883 exemplo
2825 2812 2894 2868 de
2951 2811 3361 2870 inﬁrmitatibus
3418 2821 3471 2870 et
3507 2813 3783 2870 mortibus

2167 2897 2544 2968 corporalibus
2583 2899 2907 2973 aliquorum,
2931 2902 3076 2974 quod
3103 2899 3162 2956 ﬁt
3180 2902 3234 2956 in
3263 2899 3445 2958 anima
3470 2903 3526 2957 in
3553 2902 3782 2974 spirita-

467 3008 594 3049 cere
620 2993 826 3049 debere
853 2994 1149 3050 admonere
1180 2995 1366 3051 sciatis
1395 2996 1720 3053 etdebeatis.
1747 2998 1949 3055 Tamen
1963 3015 2066 3070 pro
2165 2984 2309 3044 libus
2354 2985 2760 3044 inﬁrmitatibus
2811 2997 2975 3062 atque
3030 2991 3293 3046 morlibus
3329 2991 3570 3046 omnium
3626 2989 3781 3048 ίιὙεσ·

469 3075 770 3133 ministerio
782 3077 1035 3148 imposito
1051 3079 1318 3134 admoneo
1348 3095 1446 3136 vos
1467 3096 1592 3136 cum
1606 3080 1772 3136 Paulo
1795 3083 2060 3154 apostolo,

467 3173 523 3222 et
550 3165 795 3222 obtestor
813 3165 868 3220 in
884 3165 1101 3223 Christo
1117 3174 1169 3222 et
1184 3183 1283 3239 per
1301 3168 1596 3236 Christum,
1616 3168 1708 3242 qui
1722 3185 1822 3241 per
1838 3170 2066 3227 Paulum

2167 3073 2556 3130 verendorum.
2587 3075 2656 3130 Et
2684 3092 2790 3149 qua
2819 3074 2997 3131 fronte
3043 3075 3255 3134 accedit
3284 3077 3544 3134 sacerdos
3573 3077 3782 3136 immo-

2181 3122 2251 3126 .--
2271 3122 2556 3130 -_---__-
2587 3122 2655 3130 __-
2687 3122 2790 3149 γ-
2819 3122 2996 3131 ---ων
3043 3122 3255 3134 ηνννυ..-
3284 3122 3544 3134 ww..."
3573 3122 3743 3136 ...ω-ν

2094 3122 2146 3191 α
2166 3159 2298 3227 lare,
2318 3168 2373 3216 et
2406 3162 2664 3218 diaconus
2703 3163 3038 3235 ministrare,
3062 3166 3131 3220 ad
3163 3173 3410 3222 sanctum
3439 3164 3710 3235 altarium,
3727 3175 3793 3224 ut

466 3252 684 3310 locutus
704 3262 806 3321 est,
839 3258 906 3311 ut
927 3257 1241 3312 exhibeatis
1257 3273 1348 3312 vos
1368 3259 1518 3313 sicut
1532 3258 1634 3313 Dei
1660 3259 1975 3327 ministros,
1992 3277 2066 3316 ne

2172 3265 2269 3321 pro
2326 3249 2552 3308 aliorum
2609 3252 2848 3324 peccatis
2882 3252 3179 3310 Dominum
3241 3253 3516 3326 placatum
3560 3253 3784 3326 faciant,

469 3343 826 3415 vituperetur
844 3343 1230 3400 ministerium
1249 3349 1512 3401 nostrum
1527 3345 1606 3417 (ΙΙ
1622 3347 1742 3403 Cor.
1767 3363 1842 3413 v1,
1869 3351 1900 3402 3
1915 3353 1972 3404 et
1986 3349 2062 3421 4).

465 3430 534 3487 Et
579 3430 703 3502 quia
751 3429 958 3500 jejunis
1000 3431 1278 3502 paschalia
1326 3431 1644 3501 inchoastis,
1702 3441 1827 3490 ante
1881 3436 2069 3492 oculos

469 3516 663 3575 habete
695 3518 826 3590 quid
862 3517 922 3577 in
947 3520 1173 3587 Pascha,
1203 3519 1261 3576 id
1291 3529 1374 3576 est
1400 3519 1457 3575 in
1485 3521 1715 3577 transitu
1745 3538 1846 3578 suo
1866 3539 1932 3578 ex
1964 3524 2069 3581 hoc

466 3607 673 3664 mundo
702 3609 772 3663 ad
803 3609 1032 3677 Patrem,
1065 3609 1331 3665 Dominus
1366 3609 1528 3679 Iesus
1555 3610 1821 3667 tradendo
1867 3627 2068 3684 corpus

466 3704 520 3751 et
549 3695 872 3768 sanguinem
900 3710 1068 3751 suum
1097 3697 1379 3769 discipulis
1403 3698 1516 3754 suis
1545 3699 1614 3755 de
1634 3699 1872 3770 reprobo
1901 3700 2068 3756 disci-

467 3784 596 3856 pulo
626 3783 760 3840 dixit
792 3800 806 3839 :
840 3787 980 3840 Ecce
998 3802 1204 3842 manus
1227 3787 1509 3844 tradentis
1531 3804 1618 3844 me
1639 3805 1864 3845 mecum
1900 3795 1985 3846 est
2006 3786 2082 3846 in.

471 3889 704 3941 mensa;
737 3889 817 3928 me
833 3877 1027 3928 autem
1051 3875 1269 3930 homini
1288 3875 1381 3930 illi
1406 3891 1510 3948 per
1525 3892 1689 3949 quem
1712 3877 1869 3947 ﬁlius
1891 3878 2071 3936 homi-

469 3960 562 4016 nis
584 3961 843 4016 tradetur
871 3961 1025 4032 (Luc.
1051 3976 1194 4031 xxu,
1219 3965 1333 4031 2t).
1361 3963 1480 4020 Hoc
1501 3965 1703 4034 pascha
1717 3965 1958 4038 quotidie
1975 3983 2067 4022 sa-

469 4048 722 4104 cerdotes
760 4047 1112 4116 immolando,
1164 4050 1378 4107 diaconi
1422 4051 1801 4120 ministrando,
1843 4054 2066 4110 subdia-

470 4136 594 4193 coni
639 4136 1017 4210 obsequendo,
1059 4145 1111 4193 et
1167 4139 1352 4195 caeteri
1410 4139 1595 4197 clerici
1632 4145 1804 4198 Amen
1833 4158 2066 4214 respon-

468 4222 668 4295 dendo,
705 4225 989 4282 celebratis
1016 4225 1180 4298 pleno
1209 4243 1306 4284 ore
1333 4228 1402 4284 de
1437 4228 1651 4300 rapina,
1697 4229 1861 4300 pleno
1903 4229 2066 4287 corde

467 4313 537 4369 de
580 4313 878 4386 iniquitate.
930 4317 1014 4371 An
1055 4315 1208 4371 obliti
1247 4316 1378 4371 estis
1417 4318 1562 4388 quod
1609 4317 1870 4390 scriptum
1901 4327 1983 4374 est
2008 4318 2067 4374 in

467 4402 768 4474 Evangelio
787 4420 800 4456 :
833 4406 965 4459 Post
985 4404 1294 4460 buccellam
1310 4405 1575 4461 introivit
1590 4407 1654 4461 in
1673 4407 1877 4462 ludam
1896 4406 2065 4464 Sata-

2169 3338 2263 3410 qui
2289 3355 2401 3396 non
2437 3341 2616 3397 solum
2651 3341 2722 3398 de
2749 3341 3038 3414 praeteritis
3103 3341 3216 3398 suis
3263 3343 3504 3415 peccatis
3540 3342 3620 3398 illi
3665 3359 3785 3401 non

2170 3427 2528 3491 satisfaciunt.
2572 3430 2671 3486 sed
2713 3429 2937 3503 insuper
2982 3429 3312 3503 quotidianis
3356 3446 3425 3488 ac
3459 3430 3782 3490 recentibus

2169 3514 2324 3570 illum
2352 3517 2419 3572 ad
2450 3517 2794 3574 iracundiam
2822 3518 3175 3590 provocant?
3203 3526 3257 3575 et
3299 3535 3423 3576 cum
3463 3519 3610 3592 quali
3639 3518 3788 3578 ﬁdu-

2169 3603 2256 3660 cia
2301 3604 2501 3677 aliquis
2547 3606 2710 3662 homo
2754 3606 2920 3662 talem
2958 3606 3383 3664 intercessorem
3429 3624 3532 3680 pro
3596 3624 3658 3666 se
3705 3609 3783 3666 ad

2171 3692 2348 3748 Deum
2373 3693 2430 3748 in
2477 3692 2672 3749 altario
2710 3694 3069 3750 ministrando
3099 3696 3426 3764 transmittit,
3475 3697 3567 3770 qui
3597 3698 3778 3756 Deum

2173 3781 2414 3852 quotidie
2465 3798 2575 3837 non
2626 3781 2974 3840 mediocriter
3029 3781 3272 3852 offendit,
3330 3786 3550 3858 quando
3617 3787 3664 3843 si
3703 3788 3781 3844 ad

2174 3884 2332 3924 suum
2359 3885 2552 3941 parem
2580 3869 2731 3925 illum
2762 3871 3153 3928 transmitteret
3182 3872 3274 3945 qui
3293 3871 3400 3944 ipsi
3425 3873 3783 3934 intercessori

2172 3957 2343 4014 iratus
2373 3957 2647 4026 existeret,
2678 3946 2809 4030 plus.
2842 3959 2994 4015 illum
3038 3961 3109 4016 ad
3137 3960 3477 4017 iracundiam
3505 3978 3671 4035 quam
3704 3963 3782 4020 ad

2173 4046 2530 4118 placationem
2559 4047 2870 4104 excitaret?
2899 4049 3015 4106 Hoc
3044 4047 3191 4104 enim
3219 4050 3448 4119 Pascha,
3469 4051 3616 4123 quod
3645 4058 3784 4110 tunc

2175 4133 2439 4190 Dominus
2470 4135 2527 4190 in
2563 4151 2706 4192 novo
2751 4137 3012 4208 mysterio
3041 4137 3174 4211 egit,
3219 4138 3460 4210 quotidie
3517 4137 3780 4195 celebra-

2175 4222 2264 4291 tis,
2307 4223 2738 4296 quotiescunque
2783 4225 3010 4280 missam
3050 4224 3230 4298 agitis,
3279 4225 3418 4283 sicut
3473 4226 3592 4298 ipse
3649 4235 3782 4286 tunc

2175 4310 2428 4368 omnibus
2457 4312 2729 4384 episc0pis
2759 4321 2812 4368 et
2839 4313 3178 4385 presbyteris
3207 4320 3262 4370 et
3281 4315 3490 4370 caeteris
3518 4314 3776 4373 ﬁdelibus

2174 4400 2582 4456 celebrantibus
2611 4408 2773 4474 atque
2816 4402 3118 4457 astantibus
3158 4402 3230 4458 ad
3273 4403 3379 4460 hoc
3409 4403 3650 4459 terribile
3681 4418 3782 4461 sa-

466 4495 619 4546 nas?
657 4489 842 4562 (Joan.
889 4504 1014 4555 xm,
1065 4490 1182 4562 27.)
1229 4489 1285 4545 id
1347 4499 1432 4546 est
1481 4491 1537 4546 in
1579 4509 1742 4564 quem
1789 4482 2134 4553 introieratD
2164 4498 2503 4546 crumentum
2530 4489 2588 4544 in
2617 4491 2878 4562 apostolis
2900 4490 3014 4546 suis
3045 4489 3177 4546 dixit
3209 4507 3224 4546 :
3259 4492 3382 4548 ch
3415 4493 3781 4566 quotiescun-

464 4579 620 4650 prius
647 4586 706 4634 ut
741 4574 1036 4635 Dominum
1091 4578 1326 4634 traderet
1357 4579 1658 4644 suadendo,
1688 4589 1820 4638 tunc
1847 4581 1904 4636 in
1957 4599 2082 4639 eum
2180 4594 2304 4652 que,
2327 4577 2520 4650 inquit,
2552 4579 2826 4649 feceritis,
2869 4580 2933 4636 in
2962 4596 3151 4636 meam
3179 4581 3512 4636 memoriam
3542 4583 3782 4652 facietis

466 4665 679 4722 introiit
707 4665 1028 4738 plenissime
1054 4667 1387 4738 possidendo
1411 4685 1426 4735 ;
1458 4667 1598 4725 sicut
1647 4669 1916 4740 scriptum
1945 4680 2028 4727 est
2062 4687 2076 4724 :

2179 4667 2258 4738 (ΙΙ
2287 4667 2408 4722 Cor.
2437 4681 2517 4728 ιιι,
2537 4667 2649 4737 25).
2682 4666 2874 4723 Videte
2907 4668 3096 4739 quales
3134 4684 3259 4724 cum
3295 4668 3529 4724 Domino
3558 4666 3629 4724 ad
3659 4670 3782 4726 Do-

476 4752 725 4811 Intravit
743 4755 2080 4831 autemSatanasinJudamquidiciturScarioth
2176 4753 2309 4809 mini
2345 4754 2655 4826 passionem
2693 4754 3080 4811 celebrandam
3125 4756 3402 4824 acceditiS,
3446 4757 3539 4829 qui
3578 4757 3649 4814 de
3688 4766 3783 4816 ta-

472 4842 630 4914 (Luc.
665 4857 812 4909 xxn,
837 4845 893 4915 3)
915 4852 1003 4911 ,-et
1030 4843 1156 4900 item
1183 4863 1197 4898 :
1230 4846 1358 4902 Jam
1378 4847 1535 4902 enim
1563 4847 1805 4903 miserat
1823 4846 2078 4907 diabolus

467 4930 533 4985 in
555 4945 650 4987 cor
669 4930 844 4997 Iudae,
885 4936 951 4986 ut
981 4933 1231 4989 traderet
1255 4935 1560 4991 Dominum
1599 4935 1783 5006 (Joan.
1808 4949 1932 5004 xm,
1980 4936 2034 5006 2)
2058 4957 2074 5007 ;

466 5033 532 5074 ac
561 5017 766 5074 deinde
793 5019 997 5075 dictum
1027 5029 1110 5076 est
1142 5038 1156 5075 :
1189 5025 1323 5079 Post
1359 5023 1672 5080 buceellam
1712 5024 1972 5081 introivit
2010 5027 2074 5082 in

467 5121 598 5165 eum
642 5107 910 5165 Satanas.
967 5107 1108 5178 Quia
1141 5125 1266 5165 cum
1299 5110 1521 5166 intravit
1568 5119 1788 5168 sanctus
1831 5112 1988 5184 panis
2017 5112 2075 5170 in

463 5194 688 5268 plenum
717 5196 786 5253 de
823 5196 1104 5270 iniquitate
1147 5207 1414 5265 ventrem,
1464 5200 1683 5257 intravit
1719 5201 1892 5256 hostis
1929 5202 2074 5258 anti-

468 5301 626 5357 quus,
657 5285 750 5357 qui
770 5284 966 5342 dicitur
1012 5286 1266 5342 diabolus
1308 5296 1361 5344 et
1401 5289 1650 5358 Satanas,
1693 5288 1748 5344 in
1789 5291 2072 5348 crudelem

469 5381 520 5429 et
551 5372 771 5446 impiam
796 5383 1069 5444 mentem;
1099 5382 1153 5432 et
1181 5372 1250 5432 ad
1279 5393 1442 5448 quem
1483 5375 1648 5434 tinem
1695 5377 1784 5434 illa
1817 5395 2068 5436 commu-

463 5461 665 5519 nicatio
694 5462 745 5520 ei
785 5466 1051 5535 pervenit,
1103 5480 1269 5538 quam
1322 5464 1449 5521 ideo
1489 5467 1720 5541 accepit,
1775 5477 1832 5526 ut
1864 5468 2065 5528 malam

467 5550 859 5612 conscientiam
902 5551 1226 5618 mentiretur
1263 5559 1426 5627 atque
1467 5552 1683 5629 celaret,
1725 5555 1830 5630 ipsi
1870 5557 2066 5616 melius

2173 4842 2318 4898 libus
2347 4842 2582 4898 miseriis
2613 4842 2946 4916 coinquinati
2975 4843 3126 4910 estis,
3161 4844 3206 4899 si
3237 4853 3437 4913 tamen,
3468 4845 3544 4901 ita
3588 4855 3648 4902 ut
3677 4862 3783 4906 au-

2175 4930 2306 4999 divi,
2352 4932 2550 4988 vestris
2593 4931 2906 4987 hominibus
2961 4932 3300 4989 consentitis.
3333 4934 3491 4991 Unde
3533 4934 3640 4990 nisi
3672 4951 3778 4992 vos

2173 5020 2544 5087 correxeritis,
2592 5019 2899 5092 quicunque
2950 5020 3020 5077 de
3048 5036 3174 5078 mea
3209 5021 3436 5080 dioecesi
3475 5030 3622 5091 sunt,
3654 5023 3780 5082 sine

2172 5108 2339 5164 dubio
2371 5123 2546 5181 usque
2577 5108 2646 5163 ad
2682 5109 2950 5179 synodum
2979 5111 3048 5164 ab
3077 5108 3255 5168 ofﬁcio
3302 5119 3356 5167 et
3389 5111 3777 5170 communione

2169 5196 2436 5269 privabo;
2469 5204 2523 5251 et
2564 5195 2657 5268 qui
2698 5197 2767 5253 de
2800 5214 2924 5254 mea
2961 5197 3187 5254 dimcesi
3224 5212 3336 5256 non
3376 5208 3520 5272 sunt,
3552 5201 3622 5256 de
3650 5214 3783 5259 mea

2168 5285 2432 5357 parochia
2461 5293 2515 5340 et
2543 5284 2769 5342 dioecesi
2805 5303 2900 5343 eos
2929 5288 3435 5356 excommunicabo,
3468 5296 3524 5344 et
3552 5288 3624 5345 ad
3644 5304 3776 5347 suos

2169 5373 2477 5446 episcopos,
2536 5375 2629 5448 qui
2661 5390 2757 5432 eos
2806 5375 3084 5448 corrigant
3130 5384 3293 5450 atque
3325 5376 3641 5447 dijudicent,
3682 5377 3780 5435 di-

2166 5462 2294 5519 vina
2332 5460 2653 5520 auctoritate
2690 5463 2867 5520 redire
2897 5462 3192 5521 mandabo.
3247 5463 3409 5534 Quod
3455 5472 3513 5522 ut
3542 5480 3779 5527 necesse

2165 5564 2277 5609 non
2314 5550 2380 5608 sit
2399 5548 2534 5622 ﬂeti,
2567 5548 2764 5610 fratres
2792 5558 2847 5610 et
2873 5549 2988 5620 ﬁlii,
3037 5560 3093 5610 et
3120 5566 3219 5613 vos
3249 5564 3317 5612 ac
3345 5559 3558 5618 vestros
3597 5555 3778 5615 corri-
