4026 6322
235 252 332 308 1M

1737 241 2110 302 EPIBTOLE.

3455 247 3556 309 108

227 380 366 452 gite,
400 385 457 434 et
484 377 624 433 alios
653 377 962 445 admonete,
997 376 1125 448 quia
1163 376 1302 432 sicut
1356 374 1531 443 majus
1559 377 1842 443 peccatum
1861 370 1920 432 A
1949 370 2444 442 depmdationibus
2472 379 2526 426 et
2539 368 3002 438 fornicationibus,
3039 381 3094 428 et
3139 373 3260 428 aliis
3291 373 3541 429 crimini-

229 484 336 524 vos
364 474 665 538 peccantes
694 465 904 520 habetis
935 481 1098 536 quam
1151 463 1404 535 p0pulus,
1449 463 1530 518 sic
1585 459 1850 528 majorem

229 555 468 630 gloriam
529 554 681 626 apud
739 555 912 609 Deum
959 553 1248 618 habebitis,
1291 552 1338 606 si
1381 567 1480 606 vos
1527 565 1591 605 ac
1640 555 1852 603 vestros

229 643 633 713 custodieritis,
693 651 746 698 et
795 643 928 698 alios
987 640 1396 708 admonueritis,
1449 639 1682 698 scientes
1723 635 1852 706 quia

234 732 330 806 qui
357 733 609 788 converti
642 731 767 786 facit
815 747 982 786 unum
1012 738 1358 802 peccatorem
1402 729 1473 784 ab
1513 740 1701 783 errore
1749 723 1852 777 viae

231 838 368 890 sum,
403 820 536 892 quid
570 820 700 875 inde
739 820 999 892 sequitur,
1035 826 1235 892 quanto
1267 818 1440 890 magis
1487 815 1536 870 si
1589 813 1745 870 vobis
1800 818 1854 865 et

233 909 460 975 vestris,
523 909 592 964 de
635 908 836 981 quibus
892 909 1156 963 rationem
1215 907 1480 975 reddetis,
1516 904 1586 959 ad
1617 901 1850 957 salutem

236 997 532 1054 consulere
562 997 923 1052 studueritis?
952 997 1184 1052 Domino
1217 996 1379 1052 etiam
1425 1001 1613 1050 nostro
1649 989 1770 1062 regi
1799 995 1853 1043 et

237 1086 592 1142 amabiliores
621 1095 676 1142 et
712 1086 1136 1142 venerabiliores
1166 1087 1334 1154 eritis,
1370 1093 1420 1141 et
1462 1081 1706 1139 securius
1749 1091 1850 1132 vos

239 1175 331 1232 ille
360 1175 628 1232 Ecclesiis
672 1173 975 1246 praeficere,
1010 1175 1227 1247 quando
1285 1176 1438 1230 locus
1496 1165 1760 1230 evenerit,
1793 1188 1847 1236 et

232 1277 342 1339 Inos
373 1280 474 1320 vos
505 1264 772 1320 audacius
801 1273 853 1319 et
901 1263 1208 1330 amabilius,
1249 1273 1382 1319 nutu
1431 1264 1530 1320 Dei
1577 1275 1630 1321 et
1677 1268 1849 1340 ipsius

241 1351 450 1409 domini
479 1353 657 1408 nostri
683 1352 888 1421 favore,
923 1351 1176 1408 ordinare
1205 1352 1524 1409 valebimus.

777 1503 1118 1560 EPISTOLA
1147 1503 1320 1560 XVII.

451 1635 524 1676 AD
565 1633 958 1675 PRESBYTEROS
987 1632 1265 1673 DICECESIS
1302 1633 1639 1675 RHEBIENSIS.

249 1736 319 1794 Ut
365 1737 1022 1808 excommunicationem
1043 1733 1388 1808 denuntient
1418 1735 1490 1808 iis
1520 1737 1616 1808 qui
1642 1752 1714 1808 ac
1744 1735 1844 1793 de-

369 1807 822 1879 prcecationibus
865 1805 1144 1860 admoniti
1173 1821 1290 1862 non
1333 1805 1740 1862 abstinuerint.

806 1920 986 1993 (Apud
1025 1919 1322 1991 eumdem.)

317 2045 1004 2119 Hmamausjllhemorum
1033 2043 1324 2115 episcOpus
1351 2045 1602 2100 omnibus
1622 2045 1854 2118 presby-

248 2137 384 2192 teris
412 2136 469 2191 in
499 2135 760 2207 parochia
793 2141 980 2189 nostra
1011 2132 1450 2188 consistentibus.

321 2225 472 2280 Sicut
499 2224 657 2279 vobis
688 2239 834 2293 saepe
863 2222 993 2286 dixi,
1017 2221 1328 2276 sacerdotes
1358 2221 1552 2276 medici
1583 2230 1706 2276 sunt
1733 2223 1850 2293 spi-

247 2313 449 2382 ritales,
484 2319 538 2367 et
570 2311 772 2366 inﬁrmi
802 2309 1050 2366 homines
1081 2317 1206 2364 sunt
1235 2317 1567 2379 peccatores.
1614 2311 1682 2364 Et
1725 2310 1853 2366 licet

247 2417 350 2457 nos
379 2407 705 2472 peccatores
725 2399 914 2469 simus,
948 2406 1130 2454 tamen
1158 2398 1472 2470 dignatione
1503 2399 1602 2453 Dei
1621 2397 1852 2454 ofﬁcium

251 2490 481 2547 sanandi
510 2497 829 2561 peccatores
862 2487 1240 2558 suscepimus;
1291 2486 1429 2542 sicut
1451 2503 1597 2557 saepe
1653 2487 1853 2544 medici

248 2593 476 2650 corpore
506 2577 708 2632 inﬁrmi
747 2592 848 2648 per
876 2575 1248 2648 magisterium
1293 2575 1577 2630 medicinae
1606 2575 1852 2631 inﬁrmos

251 2668 426 2724 solent
453 2683 665 2722 sanare.
699 2668 768 2720 Et
798 2665 1012 2736 quando
1037 2664 1234 2718 usitata
1279 2662 1564 2718 inﬁrmitas
1609 2664 1770 2719 venit.
1797 2665 1852 2718 in

247 2757 416 2828 liquo,
447 2756 705 2810 usitatem
735 2753 939 2810 faciunt
978 2752 1309 2808 medicinam
1341 2771 1354 2817 ;
1391 2753 1608 2822 quando
1670 2761 1851 2808 autem

251 2845 512 2900 inusitata
569 2841 854 2897 infirmitas
910 2841 1156 2896 nascitur
1206 2839 1440 2909 inﬁrmo,
1471 2840 1542 2895 de
1570 2840 1854 2896 medicinae

253 2919 628 3004 experimentb
656 2929 966 2984 inusitatam
1012 2927 1213 2984 medici
1242 2927 1442 2984 faciunt
1497 2929 1842 2984 medicinam.

255 3020 576 3093 Propterea,
637 3019 850 3086 fratres,
904 3017 1277 3088 unusquisque
1306 3025 1548 3072 vestrum
1606 3017 1850 3088 quoties-

253 3125 470 3182 cunque
503 3115 683 3164 cantat
710 3107 956 3171 missam,
989 3121 1162 3178 usque
1192 3105 1323 3159 dum
1377 3105 1482 3160 ista
1513 3121 1675 3176 quam
1711 3107 1851 3176 pati-

251 3215 374 3254 mur
403 3199 623 3254 miseria
655 3197 709 3250 in
738 3195 998 3268 parochia
1023 3201 1210 3250 nostra
1237 3193 1552 3260 cessaverit,
1598 3195 1850 3265 quoniam

251 3290 388 3344 tales
416 3287 668 3343 homines
721 3292 848 3339 sunt
889 3283 983 3355 qui
1039 3299 1150 3338 non
1177 3291 1402 3353 propter
1457 3282 1710 3351 salutem,
1755 3283 1853 3338 sed

253 3385 484 3449 propter
513 3372 984 3442 consuetudinem,
1028 3371 1098 3426 ad
1155 3371 1442 3426 ecclesiam
1498 3369 1740 3436 veniunt,
1801 3378 1854 3426 et

253 3483 427 3538 usque
456 3465 528 3520 ad
556 3461 939 3535 Evangelium,
966 3461 1120 3531 juxta
1149 3461 1296 3532 quod
1323 3459 1425 3514 ista
1441 3458 1742 3530 praedicare
1757 3457 1854 3514 de-

253 3554 518 3621 bueratis,
552 3552 610 3607 in
637 3551 802 3608 missa
833 3558 978 3605 stare
1023 3549 1200 3605 solent
1247 3557 1300 3605 et
1347 3549 1627 3615 recedunt,
1677 3549 1854 3603 statim

251 3651 374 3716 post
403 3642 746 3714 Apostolum,
778 3639 830 3694 id
863 3646 944 3694 est
971 3647 1095 3710 post
1125 3639 1440 3710 Epistolam,
1477 3638 1620 3692 hanc
1665 3637 1856 3693 admo-

251 3732 519 3789 nitionem
545 3737 789 3787 nostram
819 3729 889 3784 ab
947 3727 1098 3782 initio
1140 3742 1314 3798 usque
1361 3727 1431 3782 ad
1489 3724 1674 3794 tinem,
1733 3742 1856 3782 cum

255 3821 436 3877 verbis
462 3819 746 3891 propheta
789 3816 881 3872 vel
935 3815 1180 3887 Apostoli
1233 3815 1420 3888 legite,
1483 3815 1606 3887 quia
1652 3815 1856 3870 utinam

256 3927 366 3966 non
395 3909 468 3965 ad
493 3907 758 3977 judicium
787 3913 1030 3960 nostrum
1059 3905 1322 3974 dicamus,
1369 3912 1422 3959 et
1449 3921 1549 3960 nos
1595 3905 1696 3960 Dei
1724 3919 1856 3975 apo-

259 3979 400 4064 stoli,
433 3997 493 4052 id
519 4003 603 4052 est
632 3993 734 4049 Dei
762 3993 916 4048 missi
943 4009 1148 4047 sumus.
1181 3993 1252 4048 Ut
1299 3992 1554 4064 quoniam
1600 3993 1718 4064 ipse
1757 4009 1858 4063 per

255 4085 597 4158 corporalem
625 4081 969 4154 praesentiam
1011 4080 1091 4136 eis
1120 4081 1210 4152 qui
1265 4079 1320 4134 in
1374 4081 1630 4151 parochia
1675 4089 1857 4136 nostra

259 4183 410 4232 tanta
427 4174 576 4229 mala
605 4171 808 4228 faciunt
824 4169 1146 4226 annuntiare
1177 4185 1286 4224 non
1340 4184 1586 4239 possum,
1632 4170 1858 4225 verbum

258 4265 356 4321 Dei
386 4279 490 4336 per
517 4278 620 4316 nos
651 4260 721 4316 ad
751 4259 873 4314 illos
889 4257 1286 4323 transmissum,
1321 4258 1467 4328 quod
1497 4257 1706 4330 alligari
1729 4273 1858 4329 qua-

259 4369 477 4424 cunque
533 4347 845 4405 inﬁrmitate
895 4363 1004 4402 non
1049 4355 1256 4417 potest,
1320 4345 1426 4400 illis
1482 4362 1668 4401 eorum
1715 4346 1859 4400 salu-

1951 459 2052 514 bus
2080 475 2201 531 quas
2229 467 2482 532 mergunt
2517 474 2612 514 eos
2632 458 2724 532 qui
2760 459 2854 513 illa
2881 459 3091 516 faciunt
3143 461 3200 516 in
3251 461 3544 527 infernum,

1953 547 2093 603 etde
2120 547 2228 602 illis
2259 564 2380 620 quae
2399 547 2456 602 in
2483 563 2602 603 mea
2643 547 2906 618 parochia
2952 547 3094 603 facta
3130 549 3362 616 habetis,
3413 566 3551 606 con-

1952 634 2249 692 fessionem
2294 651 2490 708 puram
2534 644 2586 691 et
2640 636 2859 709 dignam
2901 637 3273 706 paenitentiam
3313 637 3547 695 faciatis.

1953 723 2087 793 Quae
2117 726 2258 780 mala
2287 725 2444 780 vobis
2491 733 2546 780 et
2565 725 2814 780 omnibus
2845 725 3166 780 Christianis
3195 727 3396 782 Paulus
3426 744 3550 799 apo-

1952 814 2126 868 stolus
2147 821 2430 869 enumerat
2459 814 2650 870 dicens
2683 832 2696 868 :
2731 815 2912 870 Nolite
2943 831 3154 881 errare,
3181 832 3359 888 neque
3386 816 3552 872 idolis

1951 903 2280 968 servientes,
2294 919 2474 975 neque
2495 903 2764 968 adulteri,
2779 919 2957 975 neque
2973 904 3192 970 molles,
3214 921 3390 976 neque
3406 921 3557 960 mas-

1952 991 2217 1047 culorum
2233 992 2638 1057 concubitores,
2670 1007 2847 1064 neque
2863 994 3042 1063 fures,
3071 1009 3249 1065 neque
3266 993 3443 1062 avari,
3467 1009 3560 1051 ne-

1951 1097 2055 1154 que
2075 1081 2292 1146 ebriosi,
2330 1096 2510 1152 neque
2545 1081 2830 1146 maledici,
2872 1097 3050 1154 neque
3070 1098 3302 1154 rapaces
3317 1099 3558 1155 regnum

1949 1169 2050 1224 Dei
2070 1169 2437 1241 possidebunt
2463 1169 2514 1240 (Ι
2535 1169 2655 1226 Cor.
2681 1183 2756 1232 vi,
2791 1170 2867 1235 9),
2902 1169 2947 1222 si
2975 1169 3062 1224 vel
3091 1169 3147 1224 in
3193 1186 3302 1226 uno
3339 1171 3408 1226 de
3435 1171 3554 1226 istis

1948 1256 2190 1326 peccatis
2221 1257 2534 1328 quicunque
2586 1257 2836 1312 homines
2865 1256 3034 1312 vitam
3091 1257 3254 1313 istam
3294 1257 3552 1326 ﬁnierint,

1948 1341 2017 1394 Et
2044 1341 2242 1395 iterum
2280 1341 2426 1396 idem
2457 1340 2652 1396 Paulus
2683 1341 2962 1412 apostolus
2989 1341 3159 1398 dicit:
3194 1343 3254 1399 Si
3283 1344 3406 1415 quis
3441 1347 3559 1415 [rar-

1951 1431 2056 1494 ter,
2077 1428 2134 1483 id
2153 1437 2234 1484 est
2264 1429 2311 1484 si
2339 1429 2462 1500 quis
2483 1429 2842 1495 Christianus,
2874 1432 3231 1496 nominatur,
3254 1435 3311 1486 et
3327 1435 3415 1488 est
3429 1435 3554 1503 for-

1947 1519 2188 1582 nicator,
2207 1521 2310 1573 aut
2329 1535 2555 1583 avarus,
2582 1522 2688 1574 aut
2713 1519 2878 1574 idolis
2893 1520 3166 1588 serviens,
3183 1524 3286 1574 aut
3306 1521 3554 1579 ebriosus

1947 1609 2050 1660 aut
2069 1606 2398 1676 maledicus,
2422 1611 2524 1662 aut
2547 1623 2748 1678 rapax,
2775 1622 2897 1662 cum
2925 1607 3021 1662 tali
3055 1606 3275 1662 homine
3331 1624 3432 1665 nec
3468 1609 3552 1664 ci-

1873 1721 1928 1782 B
1949 1693 2078 1782 bum
2104 1693 2268 1749 debet
2294 1711 2457 1782 verus
2488 1693 2826 1750 Christianus
2845 1694 3096 1766 accipere
3118 1697 3168 1766 (Ι
3193 1697 3313 1752 Cor.
3348 1711 3405 1763 v,
3441 1697 3552 1768 ll).

1953 1783 2020 1836 Et
2047 1781 2246 1836 iterum
2268 1781 2398 1837 dicit
2429 1799 2442 1836 :
2479 1783 2600 1840 Non
2627 1785 2811 1839 solum
2831 1783 2927 1854 qui
2941 1784 3189 1854 faciunt,
3213 1784 3309 1839 sed
3358 1788 3416 1839 et
3457 1785 3554 1857 qui

1951 1873 2318 1926 consentiunt
2347 1871 2707 1942 facientibus,
2733 1871 2890 1942 digni
2907 1875 3046 1926 sunt
3082 1876 3264 1928 morte
3283 1873 3462 1941 (Rom.
3510 1887 3548 1940 ι,

1953 1959 2062 2030 32).
2087 1959 2358 2027 Quoniam
2380 1959 2517 2015 sicut
2545 1960 2880 2015 demonstrat
2901 1969 3120 2016 sanctus
3139 1961 3378 2016 Joannes
3392 1976 3556 2032 apos-

1950 2047 2116 2112 tolus,
2149 2047 2242 2118 qui
2263 2047 2427 2103 alicui
2455 2048 2728 2103 consentit
2755 2047 2880 2102 talia
2910 2048 3052 2103 mala
3078 2047 3283 2115 facere,
3315 2049 3372 2104 id
3402 2057 3485 2105 est
3505 2050 3553 2105 si

1953 2136 2010 2190 in
2030 2153 2154 2191 eum
2185 2137 2477 2194 emendare
2500 2144 2696 2207 potest,
2729 2144 2823 2192 aut
2836 2136 2914 2190 illi
2944 2144 3125 2207 potest
3155 2145 3339 2193 vetare
3357 2146 3414 2194 ut
3443 2155 3556 2194 non

1952 2224 2134 2290 faciat,
2167 2233 2256 2279 aut
2279 2225 2326 2278 si
2353 2225 2520 2280 talem
2547 2241 2658 2280 non
2689 2233 2869 2295 potest
2915 2225 3217 2298 corrigere,
3251 2234 3304 2281 et
3334 2227 3402 2280 ab
3431 2227 3556 2282 illus

1953 2330 2014 2369 se
2041 2321 2220 2385 potest
2239 2313 2620 2369 communione
2651 2329 2928 2384 separare,
2961 2321 3016 2368 et
3060 2330 3169 2369 non
3207 2313 3351 2381 facit,
3399 2331 3554 2372 com-

1953 2403 2218 2458 municat
2277 2409 2329 2457 et
2367 2402 2638 2472 particeps
2676 2409 2758 2456 est
2799 2403 3055 2473 operibus
3095 2404 3255 2458 illius
3289 2404 3556 2476 malignis

1953 2492 2028 2562 (Il
2047 2493 2208 2547 Joan.
2242 2489 2348 2560 ιιι).
2375 2492 2444 2544 Ει
2464 2490 2616 2558 ideo,
2656 2489 2853 2544 fratres
2881 2499 2933 2544 et
2978 2489 3092 2556 ﬁlii,
3126 2490 3310 2546 videte
3343 2500 3559 2563 quantas

1953 2579 2187 2634 miseriae
2218 2585 2271 2632 et
2299 2579 2368 2633 de
2416 2577 2645 2650 paganis
2666 2586 2720 2633 et
2748 2578 2817 2632 de
2866 2577 2988 2632 aliis
3025 2578 3185 2633 malis
3229 2579 3551 2636 Christianis

1954 2683 2120 2738 super
2149 2683 2250 2722 nos
2279 2666 2521 2732 veniunt,
2553 2674 2607 2721 et
2635 2665 2875 2738 quotidie
2905 2666 2997 2736 qui
3024 2665 3125 2722 ista
3153 2667 3296 2722 mala
3324 2667 3548 2736 faciunt,

1954 2755 2024 2810 de
2053 2754 2155 2809 isto
2185 2753 2386 2810 saeculo
2419 2770 2485 2808 ex
2523 2753 2717 2823 majori
2745 2761 2900 2824 parte
2954 2754 3025 2810 ad
3083 2761 3374 2825 tormenta,
3433 2772 3554 2827 quae

1954 2843 2072 2898 sine
2103 2841 2230 2908 ﬁne,
2261 2858 2360 2913 pro
2390 2841 2694 2898 malefactis
2735 2859 2858 2912 qua:
2901 2842 2955 2896 in
2977 2858 3146 2913 parvo
3185 2851 3432 2914 tempore
3469 2843 3556 2900 fe-

1954 2939 2144 2988 cerunt
2163 2931 2365 2987 mortui
2395 2931 2634 2997 vadunt;
2667 2938 2719 2985 et
2749 2931 3002 2986 timentes
3022 2931 3122 2986 Dei
3147 2932 3432 3002 judicium,
3466 2949 3560 2989 re-

1953 3021 2156 3075 trahite
2187 3034 2287 3075 vos
2318 3019 2387 3073 ab
2423 3018 2528 3074 ista
2557 3019 2744 3089 rapina
2789 3027 2860 3073 et.
2889 3033 2923 3074 a
2961 3019 3176 3074 caeteris
3228 3019 3552 3076 malefactis.

1954 3109 2184 3163 Maxime
2215 3107 2269 3160 in
2299 3107 2405 3162 isto
2436 3114 2699 3176 tempore,
2733 3106 2950 3176 quando
3005 3107 3114 3161 alia
3161 3116 3402 3177 peccata,
3428 3124 3552 3179 quas

1951 3212 2052 3268 per
2080 3204 2251 3250 totum
2281 3210 2481 3249 annum
2511 3193 2652 3250 sicut
2689 3193 2915 3266 fragiles
2929 3194 3178 3250 homines
3195 3196 3548 3263 committitis,

1951 3285 2211 3356 paenitere
2241 3291 2294 3338 et
2322 3282 2636 3338 satisfacere
2681 3283 2799 3339 Deo
2851 3281 2979 3337 inde
3033 3282 3263 3350 debetis,
3297 3291 3355 3338 ut
3409 3300 3558 3340 com-

1952 3373 2268 3428 munionem
2296 3371 2544 3442 corporis
2574 3378 2628 3426 et
2673 3370 2954 3443 sanguinis
2983 3371 3201 3426 Domini
3229 3372 3286 3426 in
3315 3373 3550 3429 sanctis-

1955 3461 2094 3517 simo
2123 3461 2212 3516 die
2231 3459 2622 3532 redemptionis
2651 3467 2854 3516 nostrae
2883 3476 2994 3514 non
3032 3459 3100 3515 ad
3125 3460 3408 3529 judicium,
3456 3462 3554 3518 sed

1955 3551 2026 3605 ad
2045 3550 2273 3606 salutem
2302 3549 2550 3620 accipere
2579 3548 2821 3620 possitis.
2855 3547 2997 3616 Quia
3045 3548 3092 3602 si
3143 3549 3264 3620 quis
3319 3551 3386 3605 de
3434 3550 3554 3606 istis

1954 3639 2192 3710 peccatis
2249 3639 2442 3708 plenus
2489 3637 2558 3692 ad
2615 3637 2764 3692 illam
2815 3645 3063 3693 sanctam
3110 3637 3552 3694 communionem

1955 3727 2270 3796 accesserit,
2303 3727 2422 3781 sine
2450 3725 2616 3781 dubio
2665 3741 2819 3780 suam
2873 3725 3240 3796 perditionem
3297 3727 3548 3798 accipiet,

1957 3817 2094 3872 sicut
2117 3823 2170 3871 et
2197 3815 2366 3870 Judas
2389 3814 2532 3883 fecit,
2557 3814 2650 3886 qui
2679 3813 2972 3876 Dominum
3001 3803 3241 3880 tradidit,
3275 3822 3328 3870 et
3356 3815 3554 3888 laqueo

1957 3904 2324 3978 strangulatus
2363 3921 2471 3976 quo
2515 3919 2575 3958 se
2632 3902 2914 3974 suspendit
2967 3903 3182 3959 medius
3221 3903 3450 3975 crepuit,
3502 3912 3560 3962 et

1957 3992 2167 4048 diﬁusis
2196 3993 2500 4048 visceribus
2535 3991 2590 4046 in
2645 3991 2916 4048 infernum
2972 3991 3234 4062 perrexit.
3285 3991 3554 4070 Quoniam

1959 4082 2100 4138 sicut
2123 4081 2214 4135 ille
2243 4080 2536 4136 Dominum
2561 4079 2765 4134 Judaeis
2812 4079 3054 4149 tradidit,
3085 4081 3160 4134 ita
3207 4079 3310 4136 iste
3358 4069 3555 4152 corpus

1959 4177 2012 4224 et
2057 4167 2380 4238 sanguinem
2434 4166 2630 4221 Christi
2676 4165 2953 4234 accipiens
3007 4167 3389 4235 peccatoribus
3438 4169 3552 4224 suis

1959 4255 2218 4311 membris
2246 4255 2300 4309 in
2347 4253 2858 4310 condemnationem
2889 4253 3068 4307 tradit.
3088 4255 3157 4308 Et
3175 4255 3244 4308 de
3271 4255 3376 4309 hoc
3407 4255 3556 4325 quod

1959 4345 2051 4400 ille
2079 4359 2273 4415 passus
2293 4351 2376 4398 est
2417 4343 2473 4397 in
2502 4341 2686 4397 anima
2724 4341 2890 4397 simul
2945 4349 2998 4397 et
3054 4357 3306 4410 corpore,
3353 4343 3552 4400 multos

259 4450 367 4498 tem
395 4438 699 4496 annuntiat.
731 4439 798 4492 Et
825 4444 976 4491 orate
1021 4451 1118 4506 pro
1149 4434 1254 4488 illis
1283 4443 1336 4488 et
1363 4449 1464 4505 pro
1493 4434 1651 4489 nobis
1681 4428 1926 4491 omni-D
1957 4441 2240 4504 exspectat
2269 4431 2533 4488 Dominus
2562 4431 2632 4486 ad
2675 4431 3068 4502 paenitentiam,
3119 4439 3176 4486 ut
3205 4447 3314 4486 non
3351 4429 3556 4502 patian-

260 4530 378 4594 bus,
411 4537 472 4584 ut
498 4526 604 4599 ipsi
633 4525 781 4596 resip
804 4531 956 4579 scant
977 4538 1008 4578 a
1036 4521 1248 4594 laqueis
1277 4523 1496 4589 diaboli,
1531 4539 1563 4578 a
1591 4538 1698 4595 quo
1719 4523 1861 4593 capti

262 4615 592 4674 tenenturad
624 4613 721 4670 Dei
765 4614 1116 4678 voluntatem,
1161 4619 1214 4666 et
1270 4612 1416 4666 Deus
1447 4611 1606 4666 nobis
1652 4612 1862 4682 patien-

262 4708 385 4762 tiam
418 4703 718 4761 suﬁ'erendi
761 4703 944 4768 donet,
984 4709 1038 4756 et
1087 4701 1279 4756 liberet
1309 4717 1409 4756 nos
1451 4717 1482 4755 a
1537 4701 1692 4755 malis
1739 4717 1862 4772 quae

259 4805 493 4876 patimur
521 4809 748 4873 propter
775 4805 998 4870 peccata
1027 4805 1234 4863 nostra,
1295 4807 1347 4852 et
1410 4797 1502 4852 det
1557 4813 1750 4868 pacem
1807 4797 1864 4852 in

263 4893 452 4948 diebus
509 4888 732 4946 nostris.
791 4887 861 4942 Et
916 4886 1212 4942 admonitio
1259 4894 1448 4942 nostra
1491 4886 1559 4942 ad
1611 4885 1735 4941 illos
1773 4891 1862 4941 ta-

251 4979 318 5039 lis
349 4987 451 5038 est.

331 5072 540 5126 Precor
565 5083 664 5124 vos
695 5081 886 5122 omnes
913 5065 969 5120 in
1013 5079 1198 5120 amore
1218 5063 1338 5131 Dei,
1375 5062 1710 5137 legationem
1741 5063 1860 5133 ejus

263 5167 510 5232 portans,
542 5173 642 5227 per
660 5154 949 5220 Christum,
982 5153 1074 5225 qui
1100 5169 1202 5224 pro
1231 5152 1387 5209 vobis
1427 5151 1714 5208 cruciﬁxus
1760 5159 1859 5218 est,

266 5253 317 5304 et
343 5264 443 5320 per
473 5244 733 5316 Spiritum
771 5251 1032 5308 sanctum,
1082 5258 1182 5314 per
1229 5258 1391 5314 quem
1445 5240 1502 5295 in
1543 5241 1863 5312 baptismate

267 5333 589 5392 sanctiﬁcati
645 5331 794 5400 estis,
842 5341 948 5387 tam
986 5331 1078 5404 qui
1125 5331 1194 5388 de
1249 5329 1506 5402 parochia
1559 5345 1686 5386 mea
1733 5329 1862 5385 estis

271 5439 434 5499 quam
463 5431 518 5480 et
546 5435 646 5480 vos
693 5421 785 5495 qui
839 5421 910 5479 de
953 5420 1075 5477 aliis
1127 5418 1403 5492 parocbiis
1455 5418 1512 5472 in
1552 5419 1862 5490 parochiam

267 5514 428 5574 istam
456 5509 686 5572 venistis
719 5517 772 5568 et
797 5508 1015 5579 venitis,
1045 5515 1108 5568 ut
1135 5505 1456 5566 abstineatis
1482 5518 1584 5565 vos
1613 5507 1683 5564 ab
1743 5507 1862 5563 istis

1958 4529 2044 4577 tur
2070 4521 2124 4576 in
2155 4537 2404 4592 corpore.
2437 4521 2642 4576 Omnes
2673 4528 2854 4576 autem
2883 4520 3024 4576 male
3041 4521 3180 4575 hanc
3218 4519 3556 4576 communio-

1957 4627 2085 4666 nem
2123 4610 2454 4682 accipientes
2481 4610 2762 4680 patiuntur
2782 4609 2838 4663 in
2895 4609 3074 4664 anima
3117 4616 3169 4662 et
3197 4607 3452 4678 peribunt
3497 4608 3554 4664 in

1959 4708 2244 4765 aeternum,
2276 4699 2381 4754 nisi
2424 4699 2524 4754 Dei
2551 4699 2726 4772 gratia
2771 4696 2968 4752 fuerint
3022 4695 3236 4750 liberati
3287 4711 3386 4766 per
3436 4713 3554 4770 pat-

1960 4789 2255 4843 nitentiam.
2282 4790 2362 4843 De
2403 4787 2521 4842 istis
2568 4804 2690 4860 quae
2709 4787 2831 4840 dico
2851 4790 3030 4854 potest
3059 4781 3176 4838 ﬁeri
3205 4791 3264 4838 ut
3299 4783 3554 4842 diabolus

1960 4878 2208 4932 humanae
2236 4877 2422 4931 salutis
2464 4875 2714 4931 inimicus
2768 4872 3017 4926 immittat
3071 4871 3128 4927 in
3155 4874 3323 4929 corda
3369 4882 3555 4931 vestra

1961 4982 2086 5022 cum
2105 4965 2301 5020 auditis
2331 4965 2476 5038 quod
2521 4965 2627 5019 tale
2674 4959 2976 5032 periculum
3029 4961 3098 5016 sit
3125 4963 3270 5019 hanc
3312 4973 3552 5020 sanctam

1962 5055 2399 5111 communionem
2443 5053 2691 5122 accipere
2713 5090 2728 5115 ,
2787 5049 2832 5104 si
2855 5050 2925 5105 ab
2953 5051 3324 5124 iniquitatibus
3355 5052 3552 5110 vestris

1962 5160 2061 5200 vos
2089 5159 2198 5198 non
2227 5143 2388 5198 vultis
2419 5141 2713 5205 retrahere,
2751 5147 2804 5194 et
2821 5139 3014 5196 dicatis
3043 5157 3056 5196 :
3091 5141 3147 5195 Si
3177 5141 3285 5196 tale
3329 5141 3552 5212 pericu-

1962 5233 2075 5288 lum
2091 5242 2172 5288 est
2204 5232 2378 5296 nobis,
2414 5228 2553 5283 sicut
2593 5227 2698 5282 iste
2745 5229 3034 5300 episcopus
3063 5229 3211 5296 dicit,
3243 5230 3552 5286 communi-

1961 5338 2110 5387 care,
2143 5317 2533 5375 abstinebimus
2550 5332 2650 5372 nos
2666 5317 2734 5372 ab
2754 5318 2848 5373 illa
2869 5318 3268 5389 communione,
3293 5319 3420 5390 quia
3441 5335 3551 5376 non

1963 5408 2288 5466 retrahimus
2307 5420 2408 5461 nos
2436 5420 2472 5461 a
2501 5406 2648 5462 mala
2675 5405 3014 5480 operatione.
3048 5407 3205 5465 Unde
3233 5407 3431 5463 iterum
3459 5423 3554 5464 au-

1963 5504 2072 5560 dite
2089 5501 2502 5574 quibuscumque
2529 5501 2781 5566 diabolus
2822 5501 2929 5561 ista
2974 5509 3238 5561 susurrat.
3279 5501 3551 5572 Quoniam
