  <div class='ocr_page' id='page_1' title='image "/cluster/home/n/w/nwhite01/storage/ocr_20150623/126/umn.31951002477419r/071.png"; bbox 0 0 4026 6302; ppageno 0'>
   <div class='ocr_carea' id='block_1_1' title="bbox 531 242 629 293">
    <p class='ocr_par' dir='ltr' id='par_1_1' title="bbox 531 242 629 293">
     <span class='ocr_line' id='line_1_1' title="bbox 531 242 629 293; baseline 0.01 -1"><span class='ocrx_word' id='word_1_1' title='bbox 531 242 629 293; x_wconf 83' lang='grc'><strong>103</strong></span> 
     </span>
    </p>
   </div>
   <div class='ocr_carea' id='block_1_2' title="bbox 1490 234 2828 292">
    <p class='ocr_par' dir='ltr' id='par_1_2' title="bbox 1490 234 2828 292">
     <span class='ocr_line' id='line_1_2' title="bbox 1490 234 2828 292; baseline -0.001 -2"><span class='ocrx_word' id='word_1_2' title='bbox 1490 235 1829 292; x_wconf 78' lang='lat' dir='ltr'><strong>HINCMAIU</strong></span> <span class='ocrx_word' id='word_1_3' title='bbox 1856 234 2254 292; x_wconf 77' lang='lat' dir='ltr'><strong>RHEMENSIS</strong></span> <span class='ocrx_word' id='word_1_4' title='bbox 2281 234 2828 292; x_wconf 78' lang='lat' dir='ltr'><strong>ARCHIEPISCOPI.</strong></span> 
     </span>
    </p>
   </div>
   <div class='ocr_carea' id='block_1_3' title="bbox 3725 238 3836 292">
    <p class='ocr_par' dir='ltr' id='par_1_3' title="bbox 3725 238 3836 292">
     <span class='ocr_line' id='line_1_3' title="bbox 3725 238 3836 292; baseline -0.018 0"><span class='ocrx_word' id='word_1_5' title='bbox 3725 238 3836 292; x_wconf 74' lang='grc'><strong>104</strong></span> 
     </span>
    </p>
   </div>
   <div class='ocr_carea' id='block_1_4' title="bbox 522 357 3834 430">
    <p class='ocr_par' dir='ltr' id='par_1_4' title="bbox 522 357 3834 430">
     <span class='ocr_line' id='line_1_4' title="bbox 522 357 3834 430; baseline -0 -14"><span class='ocrx_word' id='word_1_6' title='bbox 522 362 660 417; x_wconf 81' lang='lat' dir='ltr'><strong>sicut</strong></span> <span class='ocrx_word' id='word_1_7' title='bbox 686 359 948 414; x_wconf 85' lang='lat' dir='ltr'><strong>Dominus</strong></span> <span class='ocrx_word' id='word_1_8' title='bbox 979 357 1112 414; x_wconf 91' lang='lat' dir='ltr'><strong>dixit</strong></span> <span class='ocrx_word' id='word_1_9' title='bbox 1138 359 1208 412; x_wconf 90' lang='lat' dir='ltr'><strong>de</strong></span> <span class='ocrx_word' id='word_1_10' title='bbox 1240 358 1507 428; x_wconf 89' lang='lat' dir='ltr'><strong>baptismo</strong></span> <span class='ocrx_word' id='word_1_11' title='bbox 1535 359 1683 430; x_wconf 90' lang='lat' dir='ltr'><strong>quod</strong></span> <span class='ocrx_word' id='word_1_12' title='bbox 1703 358 1883 414; x_wconf 92' lang='lat' dir='ltr'><strong>nullus</strong></span> <span class='ocrx_word' id='word_1_13' title='bbox 1931 365 2111 429; x_wconf 81' lang='lat' dir='ltr'><strong>potest</strong></span> <span class='ocrx_word' id='word_1_14' title='bbox 2141 360 2198 419; x_wconf 86' lang='lat' dir='ltr'><strong>A</strong></span> <span class='ocrx_word' id='word_1_15' title='bbox 2215 373 2340 413; x_wconf 90' lang='lat' dir='ltr'><strong>nem</strong></span> <span class='ocrx_word' id='word_1_16' title='bbox 2368 358 2437 412; x_wconf 86' lang='lat' dir='ltr'><strong>ab</strong></span> <span class='ocrx_word' id='word_1_17' title='bbox 2467 359 2550 413; x_wconf 89' lang='lat' dir='ltr'><strong>bis</strong></span> <span class='ocrx_word' id='word_1_18' title='bbox 2579 359 2736 414; x_wconf 90' lang='lat' dir='ltr'><strong>malis</strong></span> <span class='ocrx_word' id='word_1_19' title='bbox 2766 374 2876 414; x_wconf 90' lang='lat' dir='ltr'><strong>non</strong></span> <span class='ocrx_word' id='word_1_20' title='bbox 2903 359 3136 414; x_wconf 88' lang='lat' dir='ltr'><strong>cessavit</strong></span> <span class='ocrx_word' id='word_1_21' title='bbox 3151 361 3221 414; x_wconf 89' lang='lat' dir='ltr'><strong>ad</strong></span> <span class='ocrx_word' id='word_1_22' title='bbox 3248 359 3688 416; x_wconf 84' lang='lat' dir='ltr'><strong>communionem</strong></span> <span class='ocrx_word' id='word_1_23' title='bbox 3713 377 3834 416; x_wconf 88' lang='lat' dir='ltr'><strong>non</strong></span> 
     </span>
    </p>
   </div>
   <div class='ocr_carea' id='block_1_5' title="bbox 525 446 2124 520">
    <p class='ocr_par' dir='ltr' id='par_1_5' title="bbox 525 446 2124 520">
     <span class='ocr_line' id='line_1_5' title="bbox 525 446 2124 520; baseline 0 -18"><span class='ocrx_word' id='word_1_24' title='bbox 525 446 646 504; x_wconf 83' lang='lat' dir='ltr'><strong>ﬁeri</strong></span> <span class='ocrx_word' id='word_1_25' title='bbox 658 447 983 512; x_wconf 89' lang='lat' dir='ltr'><strong>salvus,nisi</strong></span> <span class='ocrx_word' id='word_1_26' title='bbox 997 449 1121 520; x_wconf 83' lang='lat' dir='ltr'><strong>quis</strong></span> <span class='ocrx_word' id='word_1_27' title='bbox 1133 451 1367 502; x_wconf 85' lang='lat' dir='ltr'><strong>renatus</strong></span> <span class='ocrx_word' id='word_1_28' title='bbox 1386 447 1568 518; x_wconf 80' lang='lat' dir='ltr'><strong>fuerit</strong></span> <span class='ocrx_word' id='word_1_29' title='bbox 1576 463 1650 502; x_wconf 73' lang='lat' dir='ltr'><strong>ex</strong></span> <span class='ocrx_word' id='word_1_30' title='bbox 1666 463 1813 518; x_wconf 90' lang='lat' dir='ltr'><strong>aqua</strong></span> <span class='ocrx_word' id='word_1_31' title='bbox 1829 451 1887 502; x_wconf 87' lang='lat' dir='ltr'><strong>et</strong></span> <span class='ocrx_word' id='word_1_32' title='bbox 1902 448 2124 519; x_wconf 87' lang='lat' dir='ltr'><strong>Spiritu</strong></span> 
     </span>
    </p>
   </div>
   <div class='ocr_carea' id='block_1_6' title="bbox 524 535 2122 605">
    <p class='ocr_par' dir='ltr' id='par_1_6' title="bbox 524 535 2122 605">
     <span class='ocr_line' id='line_1_6' title="bbox 524 535 2122 605; baseline -0.001 -13"><span class='ocrx_word' id='word_1_33' title='bbox 524 541 720 592; x_wconf 87' lang='lat' dir='ltr'><strong>sancto</strong></span> <span class='ocrx_word' id='word_1_34' title='bbox 737 536 920 602; x_wconf 86' lang='lat' dir='ltr'><strong>(Joan.</strong></span> <span class='ocrx_word' id='word_1_35' title='bbox 957 551 1038 605; x_wconf 88' lang='grc' dir='ltr'>ιιι,</span> <span class='ocrx_word' id='word_1_36' title='bbox 1071 537 1146 601; x_wconf 80' lang='lat'><strong>5),</strong></span> <span class='ocrx_word' id='word_1_37' title='bbox 1178 535 1254 590; x_wconf 86' lang='lat' dir='ltr'><strong>ita</strong></span> <span class='ocrx_word' id='word_1_38' title='bbox 1284 535 1351 590; x_wconf 91' lang='lat' dir='ltr'><strong>de</strong></span> <span class='ocrx_word' id='word_1_39' title='bbox 1381 536 1483 590; x_wconf 91' lang='lat' dir='ltr'><strong>hac</strong></span> <span class='ocrx_word' id='word_1_40' title='bbox 1517 543 1698 590; x_wconf 87' lang='lat' dir='ltr'><strong>sancta</strong></span> <span class='ocrx_word' id='word_1_41' title='bbox 1738 535 2122 590; x_wconf 81' lang='lat' dir='ltr'><strong>communione</strong></span> 
     </span>
    </p>
   </div>
   <div class='ocr_carea' id='block_1_7' title="bbox 525 624 2122 693">
    <p class='ocr_par' dir='ltr' id='par_1_7' title="bbox 525 624 2122 693">
     <span class='ocr_line' id='line_1_7' title="bbox 525 624 2122 693; baseline 0 -14"><span class='ocrx_word' id='word_1_42' title='bbox 525 625 661 679; x_wconf 86' lang='lat' dir='ltr'><strong>dixit</strong></span> <span class='ocrx_word' id='word_1_43' title='bbox 693 643 706 678; x_wconf 94' lang='lat'>:</span> <span class='ocrx_word' id='word_1_44' title='bbox 743 626 862 680; x_wconf 87' lang='lat' dir='ltr'><strong>Nisi</strong></span> <span class='ocrx_word' id='word_1_45' title='bbox 891 624 1372 680; x_wconf 86' lang='lat' dir='ltr'><strong>manducaveritis</strong></span> <span class='ocrx_word' id='word_1_46' title='bbox 1393 640 1624 680; x_wconf 85' lang='lat' dir='ltr'><strong>carnem</strong></span> <span class='ocrx_word' id='word_1_47' title='bbox 1652 624 1762 693; x_wconf 84' lang='lat' dir='ltr'><strong>ﬁlii</strong></span> <span class='ocrx_word' id='word_1_48' title='bbox 1779 625 2044 689; x_wconf 76' lang='lat' dir='ltr'><strong>hominis,</strong></span> <span class='ocrx_word' id='word_1_49' title='bbox 2065 627 2122 679; x_wconf 88' lang='lat' dir='ltr'><strong>et</strong></span> 
     </span>
    </p>
   </div>
   <div class='ocr_carea' id='block_1_8' title="bbox 524 712 2122 785">
    <p class='ocr_par' dir='ltr' id='par_1_8' title="bbox 524 712 2122 785">
     <span class='ocr_line' id='line_1_8' title="bbox 524 712 2122 785; baseline 0 -19"><span class='ocrx_word' id='word_1_50' title='bbox 524 713 775 768; x_wconf 83' lang='lat' dir='ltr'><strong>biberitis</strong></span> <span class='ocrx_word' id='word_1_51' title='bbox 793 715 913 785; x_wconf 83' lang='lat' dir='ltr'><strong>ejus</strong></span> <span class='ocrx_word' id='word_1_52' title='bbox 929 714 1286 784; x_wconf 87' lang='lat' dir='ltr'><strong>sanguinem,</strong></span> <span class='ocrx_word' id='word_1_53' title='bbox 1305 729 1419 768; x_wconf 88' lang='lat' dir='ltr'><strong>non</strong></span> <span class='ocrx_word' id='word_1_54' title='bbox 1432 712 1702 768; x_wconf 75' lang='lat' dir='ltr'><strong>habebitis</strong></span> <span class='ocrx_word' id='word_1_55' title='bbox 1713 713 1963 767; x_wconf 90' lang='lat' dir='ltr'><strong>vitamin</strong></span> <span class='ocrx_word' id='word_1_56' title='bbox 1975 713 2122 768; x_wconf 89' lang='lat' dir='ltr'><strong>vobis</strong></span> 
     </span>
    </p>
   </div>
   <div class='ocr_carea' id='block_1_9' title="bbox 520 799 2120 872">
    <p class='ocr_par' dir='ltr' id='par_1_9' title="bbox 520 799 2120 872">
     <span class='ocr_line' id='line_1_9' title="bbox 520 799 2120 872; baseline -0.001 -16"><span class='ocrx_word' id='word_1_57' title='bbox 520 801 706 871; x_wconf 84' lang='lat' dir='ltr'><strong>(Joan.</strong></span> <span class='ocrx_word' id='word_1_58' title='bbox 731 817 808 866; x_wconf 78' lang='lat' dir='ltr'><strong>vr,</strong></span> <span class='ocrx_word' id='word_1_59' title='bbox 842 800 954 872; x_wconf 73' lang='grc'><strong>54).</strong></span> <span class='ocrx_word' id='word_1_60' title='bbox 972 802 1041 855; x_wconf 91' lang='lat' dir='ltr'><strong>Et</strong></span> <span class='ocrx_word' id='word_1_61' title='bbox 1063 800 1202 856; x_wconf 88' lang='lat' dir='ltr'><strong>sicut</strong></span> <span class='ocrx_word' id='word_1_62' title='bbox 1221 800 1354 854; x_wconf 82' lang='lat' dir='ltr'><strong>dixit</strong></span> <span class='ocrx_word' id='word_1_63' title='bbox 1377 816 1388 854; x_wconf 95' lang='lat'>:</span> <span class='ocrx_word' id='word_1_64' title='bbox 1416 799 1837 867; x_wconf 85' lang='lat' dir='ltr'><strong>Quicrediderit</strong></span> <span class='ocrx_word' id='word_1_65' title='bbox 1857 804 1913 856; x_wconf 90' lang='lat' dir='ltr'><strong>et</strong></span> <span class='ocrx_word' id='word_1_66' title='bbox 1930 801 2120 872; x_wconf 87' lang='lat' dir='ltr'><strong>bapti-</strong></span> 
     </span>
    </p>
   </div>
   <div class='ocr_carea' id='block_1_10' title="bbox 520 887 2121 961">
    <p class='ocr_par' dir='ltr' id='par_1_10' title="bbox 520 887 2121 961">
     <span class='ocr_line' id='line_1_10' title="bbox 520 887 2121 961; baseline -0.001 -17"><span class='ocrx_word' id='word_1_67' title='bbox 520 894 685 946; x_wconf 69' lang='lat' dir='ltr'><strong>zatus</strong></span> <span class='ocrx_word' id='word_1_68' title='bbox 705 891 889 961; x_wconf 81' lang='lat' dir='ltr'><strong>fuerit</strong></span> <span class='ocrx_word' id='word_1_69' title='bbox 917 891 1105 946; x_wconf 85' lang='lat' dir='ltr'><strong>salvus</strong></span> <span class='ocrx_word' id='word_1_70' title='bbox 1125 889 1234 944; x_wconf 87' lang='lat' dir='ltr'><strong>erit</strong></span> <span class='ocrx_word' id='word_1_71' title='bbox 1255 889 1425 959; x_wconf 80' lang='lat' dir='ltr'><strong>(Marc</strong></span> <span class='ocrx_word' id='word_1_72' title='bbox 1458 904 1579 954; x_wconf 79' lang='lat' dir='ltr'><strong>xw,</strong></span> <span class='ocrx_word' id='word_1_73' title='bbox 1606 889 1718 954; x_wconf 78' lang='lat'><strong>16);</strong></span> <span class='ocrx_word' id='word_1_74' title='bbox 1732 888 1787 942; x_wconf 91' lang='lat' dir='ltr'><strong>id</strong></span> <span class='ocrx_word' id='word_1_75' title='bbox 1804 896 1888 944; x_wconf 89' lang='lat' dir='ltr'><strong>est</strong></span> <span class='ocrx_word' id='word_1_76' title='bbox 1909 888 1956 942; x_wconf 90' lang='lat' dir='ltr'><strong>si</strong></span> <span class='ocrx_word' id='word_1_77' title='bbox 1973 887 2121 959; x_wconf 88' lang='lat' dir='ltr'><strong>quod</strong></span> 
     </span>
    </p>
   </div>
   <div class='ocr_carea' id='block_1_11' title="bbox 522 975 2121 1048">
    <p class='ocr_par' dir='ltr' id='par_1_11' title="bbox 522 975 2121 1048">
     <span class='ocr_line' id='line_1_11' title="bbox 522 975 2121 1048; baseline -0.003 -15"><span class='ocrx_word' id='word_1_78' title='bbox 522 977 772 1048; x_wconf 82' lang='lat' dir='ltr'><strong>promisit</strong></span> <span class='ocrx_word' id='word_1_79' title='bbox 798 977 854 1031; x_wconf 90' lang='lat' dir='ltr'><strong>in</strong></span> <span class='ocrx_word' id='word_1_80' title='bbox 883 977 1226 1048; x_wconf 86' lang='lat' dir='ltr'><strong>baptismate.</strong></span> <span class='ocrx_word' id='word_1_81' title='bbox 1259 975 1478 1031; x_wconf 87' lang='lat' dir='ltr'><strong>diabolo</strong></span> <span class='ocrx_word' id='word_1_82' title='bbox 1507 983 1560 1031; x_wconf 89' lang='lat' dir='ltr'><strong>et</strong></span> <span class='ocrx_word' id='word_1_83' title='bbox 1592 976 1710 1045; x_wconf 89' lang='lat' dir='ltr'><strong>ejus</strong></span> <span class='ocrx_word' id='word_1_84' title='bbox 1739 975 2000 1047; x_wconf 87' lang='lat' dir='ltr'><strong>operibus</strong></span> <span class='ocrx_word' id='word_1_85' title='bbox 2025 977 2121 1030; x_wconf 88' lang='lat' dir='ltr'><strong>ab-</strong></span> 
     </span>
    </p>
   </div>
   <div class='ocr_carea' id='block_1_12' title="bbox 522 1063 2121 1136">
    <p class='ocr_par' dir='ltr' id='par_1_12' title="bbox 522 1063 2121 1136">
     <span class='ocr_line' id='line_1_12' title="bbox 522 1063 2121 1136; baseline 0 -18"><span class='ocrx_word' id='word_1_86' title='bbox 522 1065 896 1130; x_wconf 89' lang='lat' dir='ltr'><strong>renuntiando,</strong></span> <span class='ocrx_word' id='word_1_87' title='bbox 922 1072 975 1122; x_wconf 90' lang='lat' dir='ltr'><strong>et</strong></span> <span class='ocrx_word' id='word_1_88' title='bbox 1001 1065 1057 1120; x_wconf 92' lang='lat' dir='ltr'><strong>in</strong></span> <span class='ocrx_word' id='word_1_89' title='bbox 1085 1067 1257 1120; x_wconf 90' lang='lat' dir='ltr'><strong>Deum</strong></span> <span class='ocrx_word' id='word_1_90' title='bbox 1299 1063 1405 1120; x_wconf 85' lang='lat' dir='ltr'><strong>fide</strong></span> <span class='ocrx_word' id='word_1_91' title='bbox 1461 1080 1584 1136; x_wconf 72' lang='lat' dir='ltr'><strong>quae</strong></span> <span class='ocrx_word' id='word_1_92' title='bbox 1629 1080 1728 1134; x_wconf 90' lang='lat' dir='ltr'><strong>per</strong></span> <span class='ocrx_word' id='word_1_93' title='bbox 1773 1063 2121 1119; x_wconf 83' lang='lat' dir='ltr'><strong>dilectionem</strong></span> 
     </span>
    </p>
   </div>
   <div class='ocr_carea' id='block_1_13' title="bbox 518 1151 2120 1224">
    <p class='ocr_par' dir='ltr' id='par_1_13' title="bbox 518 1151 2120 1224">
     <span class='ocr_line' id='line_1_13' title="bbox 518 1151 2120 1224; baseline -0.001 -15"><span class='ocrx_word' id='word_1_94' title='bbox 518 1162 601 1209; x_wconf 87' lang='lat' dir='ltr'><strong>est</strong></span> <span class='ocrx_word' id='word_1_95' title='bbox 627 1154 920 1219; x_wconf 88' lang='lat' dir='ltr'><strong>credendo,</strong></span> <span class='ocrx_word' id='word_1_96' title='bbox 953 1153 1100 1224; x_wconf 90' lang='lat' dir='ltr'><strong>quod</strong></span> <span class='ocrx_word' id='word_1_97' title='bbox 1130 1161 1214 1208; x_wconf 90' lang='lat' dir='ltr'><strong>est</strong></span> <span class='ocrx_word' id='word_1_98' title='bbox 1242 1160 1297 1208; x_wconf 88' lang='lat' dir='ltr'><strong>ut</strong></span> <span class='ocrx_word' id='word_1_99' title='bbox 1333 1152 1386 1206; x_wconf 92' lang='lat' dir='ltr'><strong>in</strong></span> <span class='ocrx_word' id='word_1_100' title='bbox 1419 1151 1526 1206; x_wconf 81' lang='lat' dir='ltr'><strong>fide</strong></span> <span class='ocrx_word' id='word_1_101' title='bbox 1555 1161 1609 1206; x_wconf 90' lang='lat' dir='ltr'><strong>et</strong></span> <span class='ocrx_word' id='word_1_102' title='bbox 1656 1152 1814 1207; x_wconf 88' lang='lat' dir='ltr'><strong>bonis</strong></span> <span class='ocrx_word' id='word_1_103' title='bbox 1861 1152 2120 1222; x_wconf 86' lang='lat' dir='ltr'><strong>operibus</strong></span> 
     </span>
    </p>
   </div>
   <div class='ocr_carea' id='block_1_14' title="bbox 517 1240 2122 1312">
    <p class='ocr_par' dir='ltr' id='par_1_14' title="bbox 517 1240 2122 1312">
     <span class='ocr_line' id='line_1_14' title="bbox 517 1240 2122 1312; baseline -0.002 -14"><span class='ocrx_word' id='word_1_104' title='bbox 517 1250 858 1312; x_wconf 89' lang='lat' dir='ltr'><strong>permaneat,</strong></span> <span class='ocrx_word' id='word_1_105' title='bbox 908 1248 959 1296; x_wconf 93' lang='lat' dir='ltr'><strong>et</strong></span> <span class='ocrx_word' id='word_1_106' title='bbox 999 1241 1046 1296; x_wconf 90' lang='lat' dir='ltr'><strong>si</strong></span> <span class='ocrx_word' id='word_1_107' title='bbox 1076 1249 1198 1312; x_wconf 91' lang='lat' dir='ltr'><strong>post</strong></span> <span class='ocrx_word' id='word_1_108' title='bbox 1256 1240 1588 1310; x_wconf 84' lang='lat' dir='ltr'><strong>baptismum</strong></span> <span class='ocrx_word' id='word_1_109' title='bbox 1635 1240 1972 1310; x_wconf 90' lang='lat' dir='ltr'><strong>peccaverit,</strong></span> <span class='ocrx_word' id='word_1_110' title='bbox 2023 1256 2122 1312; x_wconf 91' lang='lat' dir='ltr'><strong>per</strong></span> 
     </span>
    </p>
   </div>
   <div class='ocr_carea' id='block_1_15' title="bbox 517 1327 2119 1402">
    <p class='ocr_par' dir='ltr' id='par_1_15' title="bbox 517 1327 2119 1402">
     <span class='ocr_line' id='line_1_15' title="bbox 517 1327 2119 1402; baseline -0.002 -16"><span class='ocrx_word' id='word_1_111' title='bbox 517 1329 917 1386; x_wconf 85' lang='lat' dir='ltr'><strong>confessionem</strong></span> <span class='ocrx_word' id='word_1_112' title='bbox 952 1337 1006 1384; x_wconf 92' lang='lat' dir='ltr'><strong>et</strong></span> <span class='ocrx_word' id='word_1_113' title='bbox 1047 1329 1275 1402; x_wconf 81' lang='lat' dir='ltr'><strong>dignam</strong></span> <span class='ocrx_word' id='word_1_114' title='bbox 1327 1327 1704 1398; x_wconf 80' lang='lat' dir='ltr'><strong>paenitentiam</strong></span> <span class='ocrx_word' id='word_1_115' title='bbox 1754 1327 1862 1382; x_wconf 88' lang='lat' dir='ltr'><strong>illis</strong></span> <span class='ocrx_word' id='word_1_116' title='bbox 1912 1329 2003 1399; x_wconf 88' lang='lat' dir='ltr'><strong>qui</strong></span> <span class='ocrx_word' id='word_1_117' title='bbox 2063 1329 2119 1383; x_wconf 91' lang='lat' dir='ltr'><strong>in</strong></span> 
     </span>
    </p>
   </div>
   <div class='ocr_carea' id='block_1_16' title="bbox 521 1415 2121 1488">
    <p class='ocr_par' dir='ltr' id='par_1_16' title="bbox 521 1415 2121 1488">
     <span class='ocr_line' id='line_1_16' title="bbox 521 1415 2121 1488; baseline -0.003 -15"><span class='ocrx_word' id='word_1_118' title='bbox 521 1435 646 1473; x_wconf 92' lang='lat' dir='ltr'><strong>eum</strong></span> <span class='ocrx_word' id='word_1_119' title='bbox 668 1424 1034 1488; x_wconf 89' lang='lat' dir='ltr'><strong>peccaverunt</strong></span> <span class='ocrx_word' id='word_1_120' title='bbox 1088 1416 1432 1482; x_wconf 89' lang='lat' dir='ltr'><strong>dimittendo,</strong></span> <span class='ocrx_word' id='word_1_121' title='bbox 1467 1423 1521 1471; x_wconf 91' lang='lat' dir='ltr'><strong>et</strong></span> <span class='ocrx_word' id='word_1_122' title='bbox 1550 1415 1709 1471; x_wconf 90' lang='lat' dir='ltr'><strong>bonis</strong></span> <span class='ocrx_word' id='word_1_123' title='bbox 1739 1415 1998 1486; x_wconf 88' lang='lat' dir='ltr'><strong>operibus</strong></span> <span class='ocrx_word' id='word_1_124' title='bbox 2037 1416 2121 1470; x_wconf 92' lang='lat' dir='ltr'><strong>in-</strong></span> 
     </span>
    </p>
   </div>
   <div class='ocr_carea' id='block_1_17' title="bbox 523 1503 2121 1576">
    <p class='ocr_par' dir='ltr' id='par_1_17' title="bbox 523 1503 2121 1576">
     <span class='ocr_line' id='line_1_17' title="bbox 523 1503 2121 1576; baseline -0.001 -16"><span class='ocrx_word' id='word_1_125' title='bbox 523 1506 785 1572; x_wconf 90' lang='lat' dir='ltr'><strong>sistendo,</strong></span> <span class='ocrx_word' id='word_1_126' title='bbox 817 1507 922 1561; x_wconf 93' lang='lat' dir='ltr'><strong>hoc</strong></span> <span class='ocrx_word' id='word_1_127' title='bbox 947 1505 1095 1576; x_wconf 89' lang='lat' dir='ltr'><strong>quod</strong></span> <span class='ocrx_word' id='word_1_128' title='bbox 1123 1503 1266 1559; x_wconf 89' lang='lat' dir='ltr'><strong>male</strong></span> <span class='ocrx_word' id='word_1_129' title='bbox 1307 1503 1434 1559; x_wconf 86' lang='lat' dir='ltr'><strong>fecit</strong></span> <span class='ocrx_word' id='word_1_130' title='bbox 1490 1504 1762 1559; x_wconf 90' lang='lat' dir='ltr'><strong>emendet.</strong></span> <span class='ocrx_word' id='word_1_131' title='bbox 1823 1505 1903 1558; x_wconf 89' lang='lat' dir='ltr'><strong>Ita</strong></span> <span class='ocrx_word' id='word_1_132' title='bbox 1959 1504 2121 1559; x_wconf 89' lang='lat' dir='ltr'><strong>etiam</strong></span> 
     </span>
    </p>
   </div>
   <div class='ocr_carea' id='block_1_18' title="bbox 519 1591 2120 1659">
    <p class='ocr_par' dir='ltr' id='par_1_18' title="bbox 519 1591 2120 1659">
     <span class='ocr_line' id='line_1_18' title="bbox 519 1591 2120 1659; baseline -0.001 -11"><span class='ocrx_word' id='word_1_133' title='bbox 519 1594 586 1648; x_wconf 90' lang='lat' dir='ltr'><strong>de</strong></span> <span class='ocrx_word' id='word_1_134' title='bbox 632 1595 738 1649; x_wconf 91' lang='lat' dir='ltr'><strong>hac</strong></span> <span class='ocrx_word' id='word_1_135' title='bbox 790 1601 978 1649; x_wconf 87' lang='lat' dir='ltr'><strong>sancta</strong></span> <span class='ocrx_word' id='word_1_136' title='bbox 1032 1592 1414 1648; x_wconf 88' lang='lat' dir='ltr'><strong>communione</strong></span> <span class='ocrx_word' id='word_1_137' title='bbox 1456 1591 1590 1646; x_wconf 85' lang='lat' dir='ltr'><strong>dixit</strong></span> <span class='ocrx_word' id='word_1_138' title='bbox 1621 1609 1636 1645; x_wconf 90' lang='lat'><strong>:</strong></span> <span class='ocrx_word' id='word_1_139' title='bbox 1671 1592 1774 1659; x_wconf 81' lang='lat' dir='ltr'><strong>Qui</strong></span> <span class='ocrx_word' id='word_1_140' title='bbox 1808 1593 2120 1648; x_wconf 85' lang='lat' dir='ltr'><strong>manducat</strong></span> 
     </span>
    </p>
   </div>
   <div class='ocr_carea' id='block_1_19' title="bbox 2224 447 3834 520">
    <p class='ocr_par' dir='ltr' id='par_1_19' title="bbox 2224 447 3834 520">
     <span class='ocr_line' id='line_1_19' title="bbox 2224 447 3834 520; baseline 0.002 -19"><span class='ocrx_word' id='word_1_141' title='bbox 2224 447 2468 513; x_wconf 88' lang='lat' dir='ltr'><strong>accedat,</strong></span> <span class='ocrx_word' id='word_1_142' title='bbox 2506 447 2686 503; x_wconf 89' lang='lat' dir='ltr'><strong>sciens</strong></span> <span class='ocrx_word' id='word_1_143' title='bbox 2717 447 2810 518; x_wconf 85' lang='lat' dir='ltr'><strong>qui</strong></span> <span class='ocrx_word' id='word_1_144' title='bbox 2839 447 3348 503; x_wconf 84' lang='lat' dir='ltr'><strong>condemnationem</strong></span> <span class='ocrx_word' id='word_1_145' title='bbox 3377 447 3627 520; x_wconf 85' lang='lat' dir='ltr'><strong>accipiet.</strong></span> <span class='ocrx_word' id='word_1_146' title='bbox 3660 449 3732 503; x_wconf 89' lang='lat' dir='ltr'><strong>Et</strong></span> <span class='ocrx_word' id='word_1_147' title='bbox 3757 465 3834 504; x_wconf 86' lang='lat' dir='ltr'><strong>ex</strong></span> 
     </span>
    </p>
   </div>
   <div class='ocr_carea' id='block_1_20' title="bbox 2222 535 3828 607">
    <p class='ocr_par' dir='ltr' id='par_1_20' title="bbox 2222 535 3828 607">
     <span class='ocr_line' id='line_1_20' title="bbox 2222 535 3828 607; baseline 0.002 -17"><span class='ocrx_word' id='word_1_148' title='bbox 2222 535 2392 590; x_wconf 88' lang='lat' dir='ltr'><strong>verbo</strong></span> <span class='ocrx_word' id='word_1_149' title='bbox 2421 535 2523 590; x_wconf 90' lang='lat' dir='ltr'><strong>Dei</strong></span> <span class='ocrx_word' id='word_1_150' title='bbox 2550 535 2844 602; x_wconf 89' lang='lat' dir='ltr'><strong>mandabo,</strong></span> <span class='ocrx_word' id='word_1_151' title='bbox 2876 542 2934 590; x_wconf 92' lang='lat' dir='ltr'><strong>ut</strong></span> <span class='ocrx_word' id='word_1_152' title='bbox 2962 535 3142 590; x_wconf 91' lang='lat' dir='ltr'><strong>nullus</strong></span> <span class='ocrx_word' id='word_1_153' title='bbox 3170 536 3462 607; x_wconf 80' lang='lat' dir='ltr'><strong>presbyter</strong></span> <span class='ocrx_word' id='word_1_154' title='bbox 3491 536 3546 590; x_wconf 90' lang='lat' dir='ltr'><strong>in</strong></span> <span class='ocrx_word' id='word_1_155' title='bbox 3575 551 3702 592; x_wconf 90' lang='lat' dir='ltr'><strong>mea</strong></span> <span class='ocrx_word' id='word_1_156' title='bbox 3730 552 3828 607; x_wconf 77' lang='lat' dir='ltr'><strong>pa-</strong></span> 
     </span>
    </p>
   </div>
   <div class='ocr_carea' id='block_1_21' title="bbox 2222 623 3829 694">
    <p class='ocr_par' dir='ltr' id='par_1_21' title="bbox 2222 623 3829 694">
     <span class='ocr_line' id='line_1_21' title="bbox 2222 623 3829 694; baseline 0.001 -17"><span class='ocrx_word' id='word_1_157' title='bbox 2222 623 2408 677; x_wconf 85' lang='lat' dir='ltr'><strong>rochia</strong></span> <span class='ocrx_word' id='word_1_158' title='bbox 2435 623 2505 690; x_wconf 81' lang='lat' dir='ltr'><strong>de</strong></span> <span class='ocrx_word' id='word_1_159' title='bbox 2535 623 2638 678; x_wconf 84' lang='lat' dir='ltr'><strong>alia</strong></span> <span class='ocrx_word' id='word_1_160' title='bbox 2667 623 2928 694; x_wconf 88' lang='lat' dir='ltr'><strong>parochia</strong></span> <span class='ocrx_word' id='word_1_161' title='bbox 2957 623 3182 680; x_wconf 89' lang='lat' dir='ltr'><strong>veniens</strong></span> <span class='ocrx_word' id='word_1_162' title='bbox 3227 624 3336 678; x_wconf 89' lang='lat' dir='ltr'><strong>illis</strong></span> <span class='ocrx_word' id='word_1_163' title='bbox 3363 624 3586 679; x_wconf 88' lang='lat' dir='ltr'><strong>missam</strong></span> <span class='ocrx_word' id='word_1_164' title='bbox 3637 632 3829 681; x_wconf 86' lang='lat' dir='ltr'><strong>cantet</strong></span> 
     </span>
    </p>
   </div>
   <div class='ocr_carea' id='block_1_22' title="bbox 2222 710 3827 783">
    <p class='ocr_par' dir='ltr' id='par_1_22' title="bbox 2222 710 3827 783">
     <span class='ocr_line' id='line_1_22' title="bbox 2222 710 3827 783; baseline 0.003 -19"><span class='ocrx_word' id='word_1_165' title='bbox 2222 710 2315 783; x_wconf 87' lang='lat' dir='ltr'><strong>qui</strong></span> <span class='ocrx_word' id='word_1_166' title='bbox 2343 726 2403 766; x_wconf 88' lang='lat' dir='ltr'><strong>se</strong></span> <span class='ocrx_word' id='word_1_167' title='bbox 2429 711 2497 764; x_wconf 92' lang='lat' dir='ltr'><strong>ab</strong></span> <span class='ocrx_word' id='word_1_168' title='bbox 2525 710 2644 765; x_wconf 88' lang='lat' dir='ltr'><strong>istis</strong></span> <span class='ocrx_word' id='word_1_169' title='bbox 2673 711 2828 765; x_wconf 89' lang='lat' dir='ltr'><strong>malis</strong></span> <span class='ocrx_word' id='word_1_170' title='bbox 2857 727 2966 766; x_wconf 91' lang='lat' dir='ltr'><strong>non</strong></span> <span class='ocrx_word' id='word_1_171' title='bbox 2997 711 3358 776; x_wconf 87' lang='lat' dir='ltr'><strong>correxerint,</strong></span> <span class='ocrx_word' id='word_1_172' title='bbox 3390 711 3530 768; x_wconf 84' lang='lat' dir='ltr'><strong>sicut</strong></span> <span class='ocrx_word' id='word_1_173' title='bbox 3569 712 3627 766; x_wconf 89' lang='lat' dir='ltr'><strong>in</strong></span> <span class='ocrx_word' id='word_1_174' title='bbox 3657 713 3827 768; x_wconf 89' lang='lat' dir='ltr'><strong>Chri-</strong></span> 
     </span>
    </p>
   </div>
   <div class='ocr_carea' id='block_1_23' title="bbox 2222 799 3822 872">
    <p class='ocr_par' dir='ltr' id='par_1_23' title="bbox 2222 799 3822 872">
     <span class='ocr_line' id='line_1_23' title="bbox 2222 799 3822 872; baseline 0.003 -20"><span class='ocrx_word' id='word_1_175' title='bbox 2222 799 2290 852; x_wconf 92' lang='lat' dir='ltr'><strong>sti</strong></span> <span class='ocrx_word' id='word_1_176' title='bbox 2319 814 2507 854; x_wconf 89' lang='lat' dir='ltr'><strong>amore</strong></span> <span class='ocrx_word' id='word_1_177' title='bbox 2537 814 2636 854; x_wconf 89' lang='lat' dir='ltr'><strong>vos</strong></span> <span class='ocrx_word' id='word_1_178' title='bbox 2655 799 2944 870; x_wconf 90' lang='lat' dir='ltr'><strong>deprecor.</strong></span> <span class='ocrx_word' id='word_1_179' title='bbox 2977 800 3046 854; x_wconf 90' lang='lat' dir='ltr'><strong>Et</strong></span> <span class='ocrx_word' id='word_1_180' title='bbox 3073 816 3235 856; x_wconf 90' lang='lat' dir='ltr'><strong>nemo</strong></span> <span class='ocrx_word' id='word_1_181' title='bbox 3265 801 3531 872; x_wconf 85' lang='lat' dir='ltr'><strong>despiciat</strong></span> <span class='ocrx_word' id='word_1_182' title='bbox 3578 801 3770 856; x_wconf 90' lang='lat' dir='ltr'><strong>dicens</strong></span> <span class='ocrx_word' id='word_1_183' title='bbox 3805 819 3822 856; x_wconf 89' lang='lat'><strong>:</strong></span> 
     </span>
    </p>
   </div>
   <div class='ocr_carea' id='block_1_24' title="bbox 2223 884 3830 958">
    <p class='ocr_par' dir='ltr' id='par_1_24' title="bbox 2223 884 3830 958">
     <span class='ocr_line' id='line_1_24' title="bbox 2223 884 3830 958; baseline 0.002 -18"><span class='ocrx_word' id='word_1_184' title='bbox 2223 884 2368 954; x_wconf 87' lang='lat' dir='ltr'><strong>Quid</strong></span> <span class='ocrx_word' id='word_1_185' title='bbox 2397 887 2444 940; x_wconf 89' lang='lat' dir='ltr'><strong>si</strong></span> <span class='ocrx_word' id='word_1_186' title='bbox 2471 887 2574 942; x_wconf 90' lang='lat' dir='ltr'><strong>iste</strong></span> <span class='ocrx_word' id='word_1_187' title='bbox 2607 887 2894 958; x_wconf 82' lang='lat' dir='ltr'><strong>episcOpus</strong></span> <span class='ocrx_word' id='word_1_188' title='bbox 2949 887 3076 942; x_wconf 89' lang='lat' dir='ltr'><strong>talia</strong></span> <span class='ocrx_word' id='word_1_189' title='bbox 3125 889 3632 944; x_wconf 84' lang='lat' dir='ltr'><strong>commendaverit?</strong></span> <span class='ocrx_word' id='word_1_190' title='bbox 3676 889 3830 945; x_wconf 87' lang='lat' dir='ltr'><strong>Sciat</strong></span> 
     </span>
    </p>
   </div>
   <div class='ocr_carea' id='block_1_25' title="bbox 2220 975 3830 1048">
    <p class='ocr_par' dir='ltr' id='par_1_25' title="bbox 2220 975 3830 1048">
     <span class='ocr_line' id='line_1_25' title="bbox 2220 975 3830 1048; baseline 0.002 -19"><span class='ocrx_word' id='word_1_191' title='bbox 2220 989 2318 1044; x_wconf 92' lang='lat' dir='ltr'><strong>pro</strong></span> <span class='ocrx_word' id='word_1_192' title='bbox 2346 982 2496 1030; x_wconf 90' lang='lat' dir='ltr'><strong>certo</strong></span> <span class='ocrx_word' id='word_1_193' title='bbox 2524 975 2653 1047; x_wconf 90' lang='lat' dir='ltr'><strong>quia</strong></span> <span class='ocrx_word' id='word_1_194' title='bbox 2683 975 3072 1048; x_wconf 87' lang='lat' dir='ltr'><strong>qualiscunque</strong></span> <span class='ocrx_word' id='word_1_195' title='bbox 3101 991 3207 1048; x_wconf 85' lang='lat' dir='ltr'><strong>ego</strong></span> <span class='ocrx_word' id='word_1_196' title='bbox 3237 976 3360 1043; x_wconf 89' lang='lat' dir='ltr'><strong>sim,</strong></span> <span class='ocrx_word' id='word_1_197' title='bbox 3394 978 3542 1032; x_wconf 91' lang='lat' dir='ltr'><strong>Deus</strong></span> <span class='ocrx_word' id='word_1_198' title='bbox 3569 991 3740 1033; x_wconf 84' lang='lat' dir='ltr'><strong>verax</strong></span> <span class='ocrx_word' id='word_1_199' title='bbox 3769 984 3830 1033; x_wconf 89' lang='lat' dir='ltr'><strong>et</strong></span> 
     </span>
    </p>
   </div>
   <div class='ocr_carea' id='block_1_26' title="bbox 2221 1063 3840 1138">
    <p class='ocr_par' dir='ltr' id='par_1_26' title="bbox 2221 1063 3840 1138">
     <span class='ocr_line' id='line_1_26' title="bbox 2221 1063 3840 1138; baseline 0.004 -22"><span class='ocrx_word' id='word_1_200' title='bbox 2221 1063 2564 1133; x_wconf 89' lang='lat' dir='ltr'><strong>omnipotens</strong></span> <span class='ocrx_word' id='word_1_201' title='bbox 2592 1073 2675 1119; x_wconf 89' lang='lat' dir='ltr'><strong>est</strong></span> <span class='ocrx_word' id='word_1_202' title='bbox 2699 1063 2791 1135; x_wconf 90' lang='lat' dir='ltr'><strong>qui</strong></span> <span class='ocrx_word' id='word_1_203' title='bbox 2821 1064 2955 1119; x_wconf 82' lang='lat' dir='ltr'><strong>dixit</strong></span> <span class='ocrx_word' id='word_1_204' title='bbox 2981 1065 3140 1120; x_wconf 89' lang='lat' dir='ltr'><strong>nobis</strong></span> <span class='ocrx_word' id='word_1_205' title='bbox 3171 1081 3184 1118; x_wconf 91' lang='lat'><strong>:</strong></span> <span class='ocrx_word' id='word_1_206' title='bbox 3221 1065 3572 1138; x_wconf 64' lang='lat' dir='ltr'><strong>Quaecunque</strong></span> <span class='ocrx_word' id='word_1_207' title='bbox 3608 1067 3840 1138; x_wconf 84' lang='lat' dir='ltr'><strong>ligave—</strong></span> 
     </span>
    </p>
   </div>
   <div class='ocr_carea' id='block_1_27' title="bbox 2221 1151 3822 1225">
    <p class='ocr_par' dir='ltr' id='par_1_27' title="bbox 2221 1151 3822 1225">
     <span class='ocr_line' id='line_1_27' title="bbox 2221 1151 3822 1225; baseline 0.001 -19"><span class='ocrx_word' id='word_1_208' title='bbox 2221 1151 2352 1206; x_wconf 87' lang='lat' dir='ltr'><strong>ritis</strong></span> <span class='ocrx_word' id='word_1_209' title='bbox 2373 1168 2542 1224; x_wconf 85' lang='lat' dir='ltr'><strong>super</strong></span> <span class='ocrx_word' id='word_1_210' title='bbox 2572 1155 2806 1220; x_wconf 88' lang='lat' dir='ltr'><strong>terram,</strong></span> <span class='ocrx_word' id='word_1_211' title='bbox 2841 1157 3013 1208; x_wconf 89' lang='lat' dir='ltr'><strong>erunt</strong></span> <span class='ocrx_word' id='word_1_212' title='bbox 3034 1154 3209 1224; x_wconf 81' lang='lat' dir='ltr'><strong>ligata</strong></span> <span class='ocrx_word' id='word_1_213' title='bbox 3227 1157 3284 1208; x_wconf 87' lang='lat' dir='ltr'><strong>et</strong></span> <span class='ocrx_word' id='word_1_214' title='bbox 3302 1153 3383 1225; x_wconf 45' lang='lat' dir='ltr'><strong>Lin</strong></span> <span class='ocrx_word' id='word_1_215' title='bbox 3424 1154 3558 1209; x_wconf 71' lang='lat' dir='ltr'><strong>creto</strong></span> <span class='ocrx_word' id='word_1_216' title='bbox 3594 1154 3822 1224; x_wconf 79' lang='lat' dir='ltr'><strong>(Matth.</strong></span> 
     </span>
    </p>
   </div>
   <div class='ocr_carea' id='block_1_28' title="bbox 2221 1239 3829 1310">
    <p class='ocr_par' dir='ltr' id='par_1_28' title="bbox 2221 1239 3829 1310">
     <span class='ocr_line' id='line_1_28' title="bbox 2221 1239 3829 1310; baseline 0.003 -18"><span class='ocrx_word' id='word_1_217' title='bbox 2221 1253 2386 1308; x_wconf 87' lang='lat' dir='ltr'><strong>xvm,</strong></span> <span class='ocrx_word' id='word_1_218' title='bbox 2418 1243 2526 1310; x_wconf 75' lang='lat'><strong>18).</strong></span> <span class='ocrx_word' id='word_1_219' title='bbox 2558 1240 2629 1294; x_wconf 88' lang='lat' dir='ltr'><strong>Et</strong></span> <span class='ocrx_word' id='word_1_220' title='bbox 2658 1239 2704 1293; x_wconf 92' lang='lat' dir='ltr'><strong>si</strong></span> <span class='ocrx_word' id='word_1_221' title='bbox 2733 1239 2928 1310; x_wconf 90' lang='lat' dir='ltr'><strong>aliquis</strong></span> <span class='ocrx_word' id='word_1_222' title='bbox 2955 1240 3186 1295; x_wconf 83' lang='lat' dir='ltr'><strong>dixerit:</strong></span> <span class='ocrx_word' id='word_1_223' title='bbox 3221 1241 3306 1296; x_wconf 78' lang='lat' dir='ltr'><strong>Ad</strong></span> <span class='ocrx_word' id='word_1_224' title='bbox 3336 1240 3462 1296; x_wconf 90' lang='lat' dir='ltr'><strong>illos</strong></span> <span class='ocrx_word' id='word_1_225' title='bbox 3490 1240 3608 1296; x_wconf 90' lang='lat' dir='ltr'><strong>dies</strong></span> <span class='ocrx_word' id='word_1_226' title='bbox 3653 1242 3710 1296; x_wconf 90' lang='lat' dir='ltr'><strong>in</strong></span> <span class='ocrx_word' id='word_1_227' title='bbox 3742 1241 3829 1297; x_wconf 78' lang='lat' dir='ltr'><strong>ai-</strong></span> 
     </span>
    </p>
   </div>
   <div class='ocr_carea' id='block_1_29' title="bbox 2221 1327 3828 1400">
    <p class='ocr_par' dir='ltr' id='par_1_29' title="bbox 2221 1327 3828 1400">
     <span class='ocr_line' id='line_1_29' title="bbox 2221 1327 3828 1400; baseline 0.002 -19"><span class='ocrx_word' id='word_1_228' title='bbox 2221 1333 2393 1382; x_wconf 88' lang='lat' dir='ltr'><strong>teram</strong></span> <span class='ocrx_word' id='word_1_229' title='bbox 2423 1327 2515 1382; x_wconf 92' lang='lat' dir='ltr'><strong>ibo</strong></span> <span class='ocrx_word' id='word_1_230' title='bbox 2545 1329 2878 1398; x_wconf 86' lang='lat' dir='ltr'><strong>parochiam,</strong></span> <span class='ocrx_word' id='word_1_231' title='bbox 2912 1328 3049 1384; x_wconf 87' lang='lat' dir='ltr'><strong>sciat</strong></span> <span class='ocrx_word' id='word_1_232' title='bbox 3077 1328 3418 1400; x_wconf 90' lang='lat' dir='ltr'><strong>quiscunque</strong></span> <span class='ocrx_word' id='word_1_233' title='bbox 3469 1328 3560 1384; x_wconf 90' lang='lat' dir='ltr'><strong>ille</strong></span> <span class='ocrx_word' id='word_1_234' title='bbox 3589 1345 3701 1385; x_wconf 89' lang='lat' dir='ltr'><strong>non</strong></span> <span class='ocrx_word' id='word_1_235' title='bbox 3731 1331 3828 1386; x_wconf 88' lang='lat' dir='ltr'><strong>ho-</strong></span> 
     </span>
    </p>
   </div>
   <div class='ocr_carea' id='block_1_30' title="bbox 2220 1414 3828 1489">
    <p class='ocr_par' dir='ltr' id='par_1_30' title="bbox 2220 1414 3828 1489">
     <span class='ocr_line' id='line_1_30' title="bbox 2220 1414 3828 1489; baseline 0.002 -21"><span class='ocrx_word' id='word_1_236' title='bbox 2220 1414 2380 1469; x_wconf 90' lang='lat' dir='ltr'><strong>minis</strong></span> <span class='ocrx_word' id='word_1_237' title='bbox 2413 1415 2512 1470; x_wconf 90' lang='lat' dir='ltr'><strong>sed</strong></span> <span class='ocrx_word' id='word_1_238' title='bbox 2539 1415 2639 1471; x_wconf 91' lang='lat' dir='ltr'><strong>Dei</strong></span> <span class='ocrx_word' id='word_1_239' title='bbox 2668 1416 2860 1472; x_wconf 91' lang='lat' dir='ltr'><strong>illusor</strong></span> <span class='ocrx_word' id='word_1_240' title='bbox 2889 1424 2943 1472; x_wconf 92' lang='lat' dir='ltr'><strong>et</strong></span> <span class='ocrx_word' id='word_1_241' title='bbox 2974 1433 3107 1470; x_wconf 91' lang='lat' dir='ltr'><strong>suus</strong></span> <span class='ocrx_word' id='word_1_242' title='bbox 3137 1417 3255 1488; x_wconf 91' lang='lat' dir='ltr'><strong>ipse</strong></span> <span class='ocrx_word' id='word_1_243' title='bbox 3283 1417 3564 1488; x_wconf 86' lang='lat' dir='ltr'><strong>deceptor,</strong></span> <span class='ocrx_word' id='word_1_244' title='bbox 3605 1419 3734 1489; x_wconf 91' lang='lat' dir='ltr'><strong>quia</strong></span> <span class='ocrx_word' id='word_1_245' title='bbox 3776 1418 3828 1472; x_wconf 91' lang='lat' dir='ltr'><strong>si</strong></span> 
     </span>
    </p>
   </div>
   <div class='ocr_carea' id='block_1_31' title="bbox 2220 1503 3824 1574">
    <p class='ocr_par' dir='ltr' id='par_1_31' title="bbox 2220 1503 3824 1574">
     <span class='ocr_line' id='line_1_31' title="bbox 2220 1503 3824 1574; baseline 0.002 -18"><span class='ocrx_word' id='word_1_246' title='bbox 2220 1503 2276 1556; x_wconf 92' lang='lat' dir='ltr'><strong>in</strong></span> <span class='ocrx_word' id='word_1_247' title='bbox 2304 1503 2530 1558; x_wconf 89' lang='lat' dir='ltr'><strong>alteram</strong></span> <span class='ocrx_word' id='word_1_248' title='bbox 2559 1505 2873 1574; x_wconf 88' lang='lat' dir='ltr'><strong>parochiam</strong></span> <span class='ocrx_word' id='word_1_249' title='bbox 2909 1505 3316 1561; x_wconf 88' lang='lat' dir='ltr'><strong>communicare</strong></span> <span class='ocrx_word' id='word_1_250' title='bbox 3371 1505 3454 1560; x_wconf 91' lang='lat' dir='ltr'><strong>sic</strong></span> <span class='ocrx_word' id='word_1_251' title='bbox 3510 1520 3824 1562; x_wconf 88' lang='lat' dir='ltr'><strong>excommu-</strong></span> 
     </span>
    </p>
   </div>
   <div class='ocr_carea' id='block_1_32' title="bbox 2220 1591 3827 1665">
    <p class='ocr_par' dir='ltr' id='par_1_32' title="bbox 2220 1591 3827 1665">
     <span class='ocr_line' id='line_1_32' title="bbox 2220 1591 3827 1665; baseline 0.004 -21"><span class='ocrx_word' id='word_1_252' title='bbox 2220 1591 2430 1647; x_wconf 90' lang='lat' dir='ltr'><strong>nicatus</strong></span> <span class='ocrx_word' id='word_1_253' title='bbox 2447 1592 2770 1662; x_wconf 89' lang='lat' dir='ltr'><strong>perrexerit,</strong></span> <span class='ocrx_word' id='word_1_254' title='bbox 2831 1593 3091 1665; x_wconf 88' lang='lat' dir='ltr'><strong>quoniam</strong></span> <span class='ocrx_word' id='word_1_255' title='bbox 3146 1593 3318 1662; x_wconf 85' lang='lat' dir='ltr'><strong>majus</strong></span> <span class='ocrx_word' id='word_1_256' title='bbox 3355 1593 3521 1648; x_wconf 91' lang='lat' dir='ltr'><strong>etiam</strong></span> <span class='ocrx_word' id='word_1_257' title='bbox 3553 1593 3827 1663; x_wconf 88' lang='lat' dir='ltr'><strong>judicium</strong></span> 
     </span>
    </p>
   </div>
   <div class='ocr_carea' id='block_1_33' title="bbox 519 1679 3829 1770">
    <p class='ocr_par' dir='ltr' id='par_1_33' title="bbox 519 1679 3829 1770">
     <span class='ocr_line' id='line_1_33' title="bbox 519 1679 3829 1770; baseline 0 -33"><span class='ocrx_word' id='word_1_258' title='bbox 519 1698 750 1737; x_wconf 86' lang='lat' dir='ltr'><strong>carnem</strong></span> <span class='ocrx_word' id='word_1_259' title='bbox 778 1697 964 1737; x_wconf 87' lang='lat' dir='ltr'><strong>meam</strong></span> <span class='ocrx_word' id='word_1_260' title='bbox 983 1685 1040 1736; x_wconf 90' lang='lat' dir='ltr'><strong>et</strong></span> <span class='ocrx_word' id='word_1_261' title='bbox 1064 1681 1202 1736; x_wconf 80' lang='lat' dir='ltr'><strong>bibit</strong></span> <span class='ocrx_word' id='word_1_262' title='bbox 1219 1697 1410 1736; x_wconf 84' lang='lat' dir='ltr'><strong>meum</strong></span> <span class='ocrx_word' id='word_1_263' title='bbox 1429 1681 1786 1752; x_wconf 81' lang='lat' dir='ltr'><strong>sanguinem,</strong></span> <span class='ocrx_word' id='word_1_264' title='bbox 1801 1681 1864 1735; x_wconf 91' lang='lat' dir='ltr'><strong>in</strong></span> <span class='ocrx_word' id='word_1_265' title='bbox 1883 1697 1974 1736; x_wconf 85' lang='lat' dir='ltr'><strong>me</strong></span> <span class='ocrx_word' id='word_1_266' title='bbox 1990 1697 2118 1736; x_wconf 88' lang='lat' dir='ltr'><strong>ma-</strong></span> <span class='ocrx_word' id='word_1_267' title='bbox 2138 1709 2192 1770; x_wconf 82' lang='grc' dir='ltr'>Β</span> <span class='ocrx_word' id='word_1_268' title='bbox 2222 1694 2410 1734; x_wconf 91' lang='lat' dir='ltr'><strong>coram</strong></span> <span class='ocrx_word' id='word_1_269' title='bbox 2459 1681 2576 1736; x_wconf 89' lang='lat' dir='ltr'><strong>Deo</strong></span> <span class='ocrx_word' id='word_1_270' title='bbox 2606 1681 2910 1747; x_wconf 89' lang='lat' dir='ltr'><strong>sustinebit,</strong></span> <span class='ocrx_word' id='word_1_271' title='bbox 2946 1681 3074 1753; x_wconf 87' lang='lat' dir='ltr'><strong>quia</strong></span> <span class='ocrx_word' id='word_1_272' title='bbox 3100 1689 3252 1753; x_wconf 88' lang='lat' dir='ltr'><strong>putat</strong></span> <span class='ocrx_word' id='word_1_273' title='bbox 3293 1697 3352 1736; x_wconf 89' lang='lat' dir='ltr'><strong>se</strong></span> <span class='ocrx_word' id='word_1_274' title='bbox 3379 1681 3530 1736; x_wconf 90' lang='lat' dir='ltr'><strong>illum</strong></span> <span class='ocrx_word' id='word_1_275' title='bbox 3575 1679 3829 1755; x_wconf 74' lang='lat' dir='ltr'><strong>eﬁ&#39;ugere</strong></span> 
     </span>
    </p>
   </div>
   <div class='ocr_carea' id='block_1_34' title="bbox 518 1768 2120 1842">
    <p class='ocr_par' dir='ltr' id='par_1_34' title="bbox 518 1768 2120 1842">
     <span class='ocr_line' id='line_1_34' title="bbox 518 1768 2120 1842; baseline 0 -18"><span class='ocrx_word' id='word_1_276' title='bbox 518 1773 618 1825; x_wconf 87' lang='lat' dir='ltr'><strong>net</strong></span> <span class='ocrx_word' id='word_1_277' title='bbox 647 1773 702 1824; x_wconf 88' lang='lat' dir='ltr'><strong>et</strong></span> <span class='ocrx_word' id='word_1_278' title='bbox 722 1787 820 1842; x_wconf 84' lang='lat' dir='ltr'><strong>ego</strong></span> <span class='ocrx_word' id='word_1_279' title='bbox 841 1769 904 1824; x_wconf 89' lang='lat' dir='ltr'><strong>in</strong></span> <span class='ocrx_word' id='word_1_280' title='bbox 933 1786 995 1824; x_wconf 88' lang='lat' dir='ltr'><strong>eo</strong></span> <span class='ocrx_word' id='word_1_281' title='bbox 1015 1771 1200 1840; x_wconf 85' lang='lat' dir='ltr'><strong>(Joan.</strong></span> <span class='ocrx_word' id='word_1_282' title='bbox 1225 1784 1302 1834; x_wconf 80' lang='lat' dir='ltr'><strong>vr,</strong></span> <span class='ocrx_word' id='word_1_283' title='bbox 1335 1770 1467 1838; x_wconf 78' lang='lat'><strong>5&#39;7);</strong></span> <span class='ocrx_word' id='word_1_284' title='bbox 1501 1775 1554 1822; x_wconf 90' lang='lat' dir='ltr'><strong>et</strong></span> <span class='ocrx_word' id='word_1_285' title='bbox 1585 1784 1600 1821; x_wconf 87' lang='lat'><strong>:</strong></span> <span class='ocrx_word' id='word_1_286' title='bbox 1631 1768 1692 1824; x_wconf 91' lang='lat' dir='ltr'><strong>Si</strong></span> <span class='ocrx_word' id='word_1_287' title='bbox 1720 1770 1843 1840; x_wconf 87' lang='lat' dir='ltr'><strong>quis</strong></span> <span class='ocrx_word' id='word_1_288' title='bbox 1871 1769 2120 1824; x_wconf 86' lang='lat' dir='ltr'><strong>mandu-</strong></span> 
     </span>
    </p>
   </div>
   <div class='ocr_carea' id='block_1_35' title="bbox 518 1857 2123 1928">
    <p class='ocr_par' dir='ltr' id='par_1_35' title="bbox 518 1857 2123 1928">
     <span class='ocr_line' id='line_1_35' title="bbox 518 1857 2123 1928; baseline 0 -16"><span class='ocrx_word' id='word_1_289' title='bbox 518 1859 736 1913; x_wconf 79' lang='lat' dir='ltr'><strong>cauerit</strong></span> <span class='ocrx_word' id='word_1_290' title='bbox 765 1874 845 1913; x_wconf 73' lang='lat' dir='ltr'><strong>ea:</strong></span> <span class='ocrx_word' id='word_1_291' title='bbox 867 1858 967 1913; x_wconf 83' lang='lat' dir='ltr'><strong>hoc</strong></span> <span class='ocrx_word' id='word_1_292' title='bbox 999 1873 1167 1928; x_wconf 84' lang='lat' dir='ltr'><strong>pane,</strong></span> <span class='ocrx_word' id='word_1_293' title='bbox 1199 1857 1347 1912; x_wconf 82' lang='lat' dir='ltr'><strong>vivet</strong></span> <span class='ocrx_word' id='word_1_294' title='bbox 1373 1857 1436 1911; x_wconf 84' lang='lat' dir='ltr'><strong>iu</strong></span> <span class='ocrx_word' id='word_1_295' title='bbox 1455 1861 1756 1921; x_wconf 62' lang='lat' dir='ltr'><strong>externum,</strong></span> <span class='ocrx_word' id='word_1_296' title='bbox 1791 1860 1847 1912; x_wconf 91' lang='lat' dir='ltr'><strong>et</strong></span> <span class='ocrx_word' id='word_1_297' title='bbox 1885 1873 1982 1928; x_wconf 85' lang='lat' dir='ltr'><strong>ego</strong></span> <span class='ocrx_word' id='word_1_298' title='bbox 2026 1872 2123 1912; x_wconf 85' lang='lat' dir='ltr'><strong>re-</strong></span> 
     </span>
    </p>
   </div>
   <div class='ocr_carea' id='block_1_36' title="bbox 517 1943 2116 2015">
    <p class='ocr_par' dir='ltr' id='par_1_36' title="bbox 517 1943 2116 2015">
     <span class='ocr_line' id='line_1_36' title="bbox 517 1943 2116 2015; baseline -0.001 -14"><span class='ocrx_word' id='word_1_299' title='bbox 517 1947 799 2001; x_wconf 86' lang='lat' dir='ltr'><strong>suscitabo</strong></span> <span class='ocrx_word' id='word_1_300' title='bbox 837 1961 966 2000; x_wconf 88' lang='lat' dir='ltr'><strong>eum</strong></span> <span class='ocrx_word' id='word_1_301' title='bbox 1023 1945 1086 2000; x_wconf 85' lang='lat' dir='ltr'><strong>in</strong></span> <span class='ocrx_word' id='word_1_302' title='bbox 1128 1945 1431 2001; x_wconf 84' lang='lat' dir='ltr'><strong>novissimo</strong></span> <span class='ocrx_word' id='word_1_303' title='bbox 1488 1945 1578 2000; x_wconf 85' lang='lat' dir='ltr'><strong>die</strong></span> <span class='ocrx_word' id='word_1_304' title='bbox 1629 1945 1812 2014; x_wconf 85' lang='lat' dir='ltr'><strong>(ibid.,</strong></span> <span class='ocrx_word' id='word_1_305' title='bbox 1875 1947 1964 2011; x_wconf 74' lang='lat'><strong>52,</strong></span> <span class='ocrx_word' id='word_1_306' title='bbox 2005 1943 2116 2015; x_wconf 78' lang='grc'>55).</span> 
     </span>
    </p>
   </div>
   <div class='ocr_carea' id='block_1_37' title="bbox 516 2032 2121 2104">
    <p class='ocr_par' dir='ltr' id='par_1_37' title="bbox 516 2032 2121 2104">
     <span class='ocr_line' id='line_1_37' title="bbox 516 2032 2121 2104; baseline 0 -16"><span class='ocrx_word' id='word_1_307' title='bbox 516 2035 813 2104; x_wconf 80' lang='lat' dir='ltr'><strong>Pmpterea</strong></span> <span class='ocrx_word' id='word_1_308' title='bbox 867 2033 1145 2102; x_wconf 89' lang='lat' dir='ltr'><strong>attendite,</strong></span> <span class='ocrx_word' id='word_1_309' title='bbox 1204 2049 1396 2088; x_wconf 90' lang='lat' dir='ltr'><strong>omnes</strong></span> <span class='ocrx_word' id='word_1_310' title='bbox 1452 2033 1764 2101; x_wconf 88' lang='lat' dir='ltr'><strong>Christiani,</strong></span> <span class='ocrx_word' id='word_1_311' title='bbox 1823 2033 1950 2104; x_wconf 90' lang='lat' dir='ltr'><strong>quia</strong></span> <span class='ocrx_word' id='word_1_312' title='bbox 2003 2032 2121 2088; x_wconf 89' lang='lat' dir='ltr'><strong>sine</strong></span> 
     </span>
    </p>
   </div>
   <div class='ocr_carea' id='block_1_38' title="bbox 515 2120 2120 2192">
    <p class='ocr_par' dir='ltr' id='par_1_38' title="bbox 515 2120 2120 2192">
     <span class='ocr_line' id='line_1_38' title="bbox 515 2120 2120 2192; baseline -0.001 -16"><span class='ocrx_word' id='word_1_313' title='bbox 515 2121 617 2176; x_wconf 86' lang='lat' dir='ltr'><strong>ista</strong></span> <span class='ocrx_word' id='word_1_314' title='bbox 653 2122 1034 2177; x_wconf 90' lang='lat' dir='ltr'><strong>communione</strong></span> <span class='ocrx_word' id='word_1_315' title='bbox 1062 2137 1165 2176; x_wconf 91' lang='lat' dir='ltr'><strong>nec</strong></span> <span class='ocrx_word' id='word_1_316' title='bbox 1194 2120 1576 2176; x_wconf 90' lang='lat' dir='ltr'><strong>remissionem</strong></span> <span class='ocrx_word' id='word_1_317' title='bbox 1624 2129 1974 2191; x_wconf 88' lang='lat' dir='ltr'><strong>peccatorum</strong></span> <span class='ocrx_word' id='word_1_318' title='bbox 2021 2137 2120 2192; x_wconf 91' lang='lat' dir='ltr'><strong>po—</strong></span> 
     </span>
    </p>
   </div>
   <div class='ocr_carea' id='block_1_39' title="bbox 515 2209 2118 2282">
    <p class='ocr_par' dir='ltr' id='par_1_39' title="bbox 515 2209 2118 2282">
     <span class='ocr_line' id='line_1_39' title="bbox 515 2209 2118 2282; baseline -0.001 -18"><span class='ocrx_word' id='word_1_319' title='bbox 515 2209 672 2265; x_wconf 88' lang='lat' dir='ltr'><strong>testis</strong></span> <span class='ocrx_word' id='word_1_320' title='bbox 687 2209 958 2280; x_wconf 90' lang='lat' dir='ltr'><strong>accipere,</strong></span> <span class='ocrx_word' id='word_1_321' title='bbox 975 2224 1077 2265; x_wconf 91' lang='lat' dir='ltr'><strong>nec</strong></span> <span class='ocrx_word' id='word_1_322' title='bbox 1095 2209 1164 2264; x_wconf 89' lang='lat' dir='ltr'><strong>de</strong></span> <span class='ocrx_word' id='word_1_323' title='bbox 1186 2209 1402 2264; x_wconf 89' lang='lat' dir='ltr'><strong>inferno</strong></span> <span class='ocrx_word' id='word_1_324' title='bbox 1418 2209 1658 2279; x_wconf 89' lang='lat' dir='ltr'><strong>liberari,</strong></span> <span class='ocrx_word' id='word_1_325' title='bbox 1679 2224 1780 2264; x_wconf 94' lang='lat' dir='ltr'><strong>nec</strong></span> <span class='ocrx_word' id='word_1_326' title='bbox 1800 2209 1868 2263; x_wconf 87' lang='lat' dir='ltr'><strong>ad</strong></span> <span class='ocrx_word' id='word_1_327' title='bbox 1884 2225 2118 2282; x_wconf 85' lang='lat' dir='ltr'><strong>regnum</strong></span> 
     </span>
    </p>
   </div>
   <div class='ocr_carea' id='block_1_40' title="bbox 518 2297 2116 2369">
    <p class='ocr_par' dir='ltr' id='par_1_40' title="bbox 518 2297 2116 2369">
     <span class='ocr_line' id='line_1_40' title="bbox 518 2297 2116 2369; baseline -0.001 -16"><span class='ocrx_word' id='word_1_328' title='bbox 518 2298 618 2353; x_wconf 89' lang='lat' dir='ltr'><strong>Dei</strong></span> <span class='ocrx_word' id='word_1_329' title='bbox 645 2297 872 2369; x_wconf 87' lang='lat' dir='ltr'><strong>potestis</strong></span> <span class='ocrx_word' id='word_1_330' title='bbox 899 2297 1202 2368; x_wconf 86' lang='lat' dir='ltr'><strong>pervenire.</strong></span> <span class='ocrx_word' id='word_1_331' title='bbox 1236 2299 1303 2352; x_wconf 91' lang='lat' dir='ltr'><strong>Et</strong></span> <span class='ocrx_word' id='word_1_332' title='bbox 1333 2297 1428 2369; x_wconf 91' lang='lat' dir='ltr'><strong>qui</strong></span> <span class='ocrx_word' id='word_1_333' title='bbox 1473 2297 1638 2352; x_wconf 86' lang='lat' dir='ltr'><strong>istam</strong></span> <span class='ocrx_word' id='word_1_334' title='bbox 1675 2298 2116 2353; x_wconf 86' lang='lat' dir='ltr'><strong>communionem</strong></span> 
     </span>
    </p>
   </div>
   <div class='ocr_carea' id='block_1_41' title="bbox 513 2385 2116 2457">
    <p class='ocr_par' dir='ltr' id='par_1_41' title="bbox 513 2385 2116 2457">
     <span class='ocr_line' id='line_1_41' title="bbox 513 2385 2116 2457; baseline -0.001 -16"><span class='ocrx_word' id='word_1_335' title='bbox 513 2401 638 2441; x_wconf 91' lang='lat' dir='ltr'><strong>cum</strong></span> <span class='ocrx_word' id='word_1_336' title='bbox 665 2385 792 2441; x_wconf 90' lang='lat' dir='ltr'><strong>odio</strong></span> <span class='ocrx_word' id='word_1_337' title='bbox 821 2393 874 2440; x_wconf 90' lang='lat' dir='ltr'><strong>et</strong></span> <span class='ocrx_word' id='word_1_338' title='bbox 901 2386 1070 2442; x_wconf 92' lang='lat' dir='ltr'><strong>corde</strong></span> <span class='ocrx_word' id='word_1_339' title='bbox 1097 2385 1261 2456; x_wconf 91' lang='lat' dir='ltr'><strong>pleno</strong></span> <span class='ocrx_word' id='word_1_340' title='bbox 1293 2385 1362 2440; x_wconf 90' lang='lat' dir='ltr'><strong>de</strong></span> <span class='ocrx_word' id='word_1_341' title='bbox 1394 2385 1700 2457; x_wconf 89' lang='lat' dir='ltr'><strong>iniquitate,</strong></span> <span class='ocrx_word' id='word_1_342' title='bbox 1735 2385 1873 2441; x_wconf 88' lang='lat' dir='ltr'><strong>sicut</strong></span> <span class='ocrx_word' id='word_1_343' title='bbox 1893 2385 2023 2452; x_wconf 88' lang='lat' dir='ltr'><strong>dixi,</strong></span> <span class='ocrx_word' id='word_1_344' title='bbox 2063 2393 2116 2441; x_wconf 88' lang='lat' dir='ltr'><strong>et</strong></span> 
     </span>
    </p>
   </div>
   <div class='ocr_carea' id='block_1_42' title="bbox 514 2473 2114 2546">
    <p class='ocr_par' dir='ltr' id='par_1_42' title="bbox 514 2473 2114 2546">
     <span class='ocr_line' id='line_1_42' title="bbox 514 2473 2114 2546; baseline -0.001 -16"><span class='ocrx_word' id='word_1_345' title='bbox 514 2489 640 2530; x_wconf 91' lang='lat' dir='ltr'><strong>cum</strong></span> <span class='ocrx_word' id='word_1_346' title='bbox 661 2475 938 2530; x_wconf 84' lang='lat' dir='ltr'><strong>voluntate</strong></span> <span class='ocrx_word' id='word_1_347' title='bbox 964 2474 1232 2546; x_wconf 89' lang='lat' dir='ltr'><strong>peccandi</strong></span> <span class='ocrx_word' id='word_1_348' title='bbox 1256 2473 1587 2544; x_wconf 89' lang='lat' dir='ltr'><strong>acceperint,</strong></span> <span class='ocrx_word' id='word_1_349' title='bbox 1614 2473 1877 2542; x_wconf 90' lang='lat' dir='ltr'><strong>judicium</strong></span> <span class='ocrx_word' id='word_1_350' title='bbox 1897 2481 1950 2529; x_wconf 90' lang='lat' dir='ltr'><strong>et</strong></span> <span class='ocrx_word' id='word_1_351' title='bbox 1977 2490 2114 2529; x_wconf 89' lang='lat' dir='ltr'><strong>con-</strong></span> 
     </span>
    </p>
   </div>
   <div class='ocr_carea' id='block_1_43' title="bbox 516 2561 2114 2633">
    <p class='ocr_par' dir='ltr' id='par_1_43' title="bbox 516 2561 2114 2633">
     <span class='ocr_line' id='line_1_43' title="bbox 516 2561 2114 2633; baseline -0.001 -15"><span class='ocrx_word' id='word_1_352' title='bbox 516 2562 920 2618; x_wconf 88' lang='lat' dir='ltr'><strong>demnationem</strong></span> <span class='ocrx_word' id='word_1_353' title='bbox 949 2562 1052 2616; x_wconf 90' lang='lat' dir='ltr'><strong>sibi</strong></span> <span class='ocrx_word' id='word_1_354' title='bbox 1082 2561 1368 2633; x_wconf 86' lang='lat' dir='ltr'><strong>accipient.</strong></span> <span class='ocrx_word' id='word_1_355' title='bbox 1417 2563 1486 2616; x_wconf 91' lang='lat' dir='ltr'><strong>Et</strong></span> <span class='ocrx_word' id='word_1_356' title='bbox 1527 2561 1650 2616; x_wconf 90' lang='lat' dir='ltr'><strong>ideo</strong></span> <span class='ocrx_word' id='word_1_357' title='bbox 1687 2561 1894 2616; x_wconf 88' lang='lat' dir='ltr'><strong>nullum</strong></span> <span class='ocrx_word' id='word_1_358' title='bbox 1934 2562 2114 2618; x_wconf 91' lang='lat' dir='ltr'><strong>consi-</strong></span> 
     </span>
    </p>
   </div>
   <div class='ocr_carea' id='block_1_44' title="bbox 511 2649 2113 2722">
    <p class='ocr_par' dir='ltr' id='par_1_44' title="bbox 511 2649 2113 2722">
     <span class='ocr_line' id='line_1_44' title="bbox 511 2649 2113 2722; baseline 0 -17"><span class='ocrx_word' id='word_1_359' title='bbox 511 2650 644 2705; x_wconf 90' lang='lat' dir='ltr'><strong>lium</strong></span> <span class='ocrx_word' id='word_1_360' title='bbox 675 2651 820 2706; x_wconf 88' lang='lat' dir='ltr'><strong>aliud</strong></span> <span class='ocrx_word' id='word_1_361' title='bbox 849 2659 1022 2706; x_wconf 88' lang='lat' dir='ltr'><strong>restat</strong></span> <span class='ocrx_word' id='word_1_362' title='bbox 1043 2651 1092 2705; x_wconf 90' lang='lat' dir='ltr'><strong>ei</strong></span> <span class='ocrx_word' id='word_1_363' title='bbox 1121 2650 1430 2722; x_wconf 88' lang='lat' dir='ltr'><strong>quicunque</strong></span> <span class='ocrx_word' id='word_1_364' title='bbox 1458 2649 1573 2704; x_wconf 92' lang='lat' dir='ltr'><strong>vult</strong></span> <span class='ocrx_word' id='word_1_365' title='bbox 1602 2651 1786 2706; x_wconf 92' lang='lat' dir='ltr'><strong>salvus</strong></span> <span class='ocrx_word' id='word_1_366' title='bbox 1839 2649 1976 2716; x_wconf 87' lang='lat' dir='ltr'><strong>fieri,</strong></span> <span class='ocrx_word' id='word_1_367' title='bbox 2007 2651 2113 2705; x_wconf 88' lang='lat' dir='ltr'><strong>nisi</strong></span> 
     </span>
    </p>
   </div>
   <div class='ocr_carea' id='block_1_45' title="bbox 509 2737 2113 2810">
    <p class='ocr_par' dir='ltr' id='par_1_45' title="bbox 509 2737 2113 2810">
     <span class='ocr_line' id='line_1_45' title="bbox 509 2737 2113 2810; baseline -0.001 -16"><span class='ocrx_word' id='word_1_368' title='bbox 509 2745 568 2794; x_wconf 86' lang='lat' dir='ltr'><strong>ut</strong></span> <span class='ocrx_word' id='word_1_369' title='bbox 587 2739 656 2792; x_wconf 88' lang='lat' dir='ltr'><strong>ab</strong></span> <span class='ocrx_word' id='word_1_370' title='bbox 686 2738 1062 2810; x_wconf 87' lang='lat' dir='ltr'><strong>iniquitatibus</strong></span> <span class='ocrx_word' id='word_1_371' title='bbox 1093 2746 1290 2804; x_wconf 87' lang='lat' dir='ltr'><strong>cesset,</strong></span> <span class='ocrx_word' id='word_1_372' title='bbox 1323 2746 1376 2792; x_wconf 92' lang='lat' dir='ltr'><strong>et</strong></span> <span class='ocrx_word' id='word_1_373' title='bbox 1404 2737 1530 2793; x_wconf 91' lang='lat' dir='ltr'><strong>inde</strong></span> <span class='ocrx_word' id='word_1_374' title='bbox 1546 2738 1807 2808; x_wconf 87' lang='lat' dir='ltr'><strong>poeniteat</strong></span> <span class='ocrx_word' id='word_1_375' title='bbox 1837 2747 1890 2793; x_wconf 92' lang='lat' dir='ltr'><strong>et</strong></span> <span class='ocrx_word' id='word_1_376' title='bbox 1920 2738 2113 2793; x_wconf 70' lang='lat' dir='ltr'><strong>offerat</strong></span> 
     </span>
    </p>
   </div>
   <div class='ocr_carea' id='block_1_46' title="bbox 513 2825 2110 2896">
    <p class='ocr_par' dir='ltr' id='par_1_46' title="bbox 513 2825 2110 2896">
     <span class='ocr_line' id='line_1_46' title="bbox 513 2825 2110 2896; baseline -0.001 -15"><span class='ocrx_word' id='word_1_377' title='bbox 513 2827 632 2881; x_wconf 90' lang='lat' dir='ltr'><strong>Deo</strong></span> <span class='ocrx_word' id='word_1_378' title='bbox 653 2826 1052 2881; x_wconf 87' lang='lat' dir='ltr'><strong>confessionem</strong></span> <span class='ocrx_word' id='word_1_379' title='bbox 1082 2826 1152 2880; x_wconf 89' lang='lat' dir='ltr'><strong>de</strong></span> <span class='ocrx_word' id='word_1_380' title='bbox 1195 2825 1484 2896; x_wconf 67' lang='lat' dir='ltr'><strong>praeteritis</strong></span> <span class='ocrx_word' id='word_1_381' title='bbox 1511 2825 1751 2896; x_wconf 88' lang='lat' dir='ltr'><strong>peccatis</strong></span> <span class='ocrx_word' id='word_1_382' title='bbox 1793 2833 1844 2881; x_wconf 89' lang='lat' dir='ltr'><strong>et</strong></span> <span class='ocrx_word' id='word_1_383' title='bbox 1890 2825 2110 2896; x_wconf 85' lang='lat' dir='ltr'><strong>profes-</strong></span> 
     </span>
    </p>
   </div>
   <div class='ocr_carea' id='block_1_47' title="bbox 512 2913 2109 2986">
    <p class='ocr_par' dir='ltr' id='par_1_47' title="bbox 512 2913 2109 2986">
     <span class='ocr_line' id='line_1_47' title="bbox 512 2913 2109 2986; baseline 0 -18"><span class='ocrx_word' id='word_1_384' title='bbox 512 2914 742 2982; x_wconf 90' lang='lat' dir='ltr'><strong>sionem,</strong></span> <span class='ocrx_word' id='word_1_385' title='bbox 777 2914 915 2969; x_wconf 90' lang='lat' dir='ltr'><strong>utin</strong></span> <span class='ocrx_word' id='word_1_386' title='bbox 947 2914 1217 2986; x_wconf 91' lang='lat' dir='ltr'><strong>reliquum</strong></span> <span class='ocrx_word' id='word_1_387' title='bbox 1264 2921 1443 2969; x_wconf 90' lang='lat' dir='ltr'><strong>cesset</strong></span> <span class='ocrx_word' id='word_1_388' title='bbox 1469 2929 1500 2968; x_wconf 89' lang='lat' dir='ltr'><strong>a</strong></span> <span class='ocrx_word' id='word_1_389' title='bbox 1527 2913 1786 2984; x_wconf 90' lang='lat' dir='ltr'><strong>peccatis,</strong></span> <span class='ocrx_word' id='word_1_390' title='bbox 1845 2921 2109 2985; x_wconf 86' lang='lat' dir='ltr'><strong>quantum</strong></span> 
     </span>
    </p>
   </div>
   <div class='ocr_carea' id='block_1_48' title="bbox 2219 1767 3827 1842">
    <p class='ocr_par' dir='ltr' id='par_1_48' title="bbox 2219 1767 3827 1842">
     <span class='ocr_line' id='line_1_48' title="bbox 2219 1767 3827 1842; baseline 0.002 -20"><span class='ocrx_word' id='word_1_391' title='bbox 2219 1783 2384 1838; x_wconf 88' lang='lat' dir='ltr'><strong>posse</strong></span> <span class='ocrx_word' id='word_1_392' title='bbox 2414 1767 2505 1840; x_wconf 92' lang='lat' dir='ltr'><strong>qui</strong></span> <span class='ocrx_word' id='word_1_393' title='bbox 2536 1768 2738 1840; x_wconf 88' lang='lat' dir='ltr'><strong>ubique</strong></span> <span class='ocrx_word' id='word_1_394' title='bbox 2774 1776 2876 1836; x_wconf 88' lang='lat' dir='ltr'><strong>est,</strong></span> <span class='ocrx_word' id='word_1_395' title='bbox 2925 1777 2979 1824; x_wconf 89' lang='lat' dir='ltr'><strong>et</strong></span> <span class='ocrx_word' id='word_1_396' title='bbox 3007 1769 3162 1840; x_wconf 88' lang='lat' dir='ltr'><strong>cujus</strong></span> <span class='ocrx_word' id='word_1_397' title='bbox 3190 1769 3376 1837; x_wconf 92' lang='lat' dir='ltr'><strong>verbo,</strong></span> <span class='ocrx_word' id='word_1_398' title='bbox 3438 1785 3549 1825; x_wconf 91' lang='lat' dir='ltr'><strong>non</strong></span> <span class='ocrx_word' id='word_1_399' title='bbox 3573 1785 3700 1826; x_wconf 84' lang='lat' dir='ltr'><strong>mea</strong></span> <span class='ocrx_word' id='word_1_400' title='bbox 3726 1785 3827 1842; x_wconf 88' lang='lat' dir='ltr'><strong>po-</strong></span> 
     </span>
    </p>
   </div>
   <div class='ocr_carea' id='block_1_49' title="bbox 2218 1857 3826 1926">
    <p class='ocr_par' dir='ltr' id='par_1_49' title="bbox 2218 1857 3826 1926">
     <span class='ocr_line' id='line_1_49' title="bbox 2218 1857 3826 1926; baseline 0.003 -17"><span class='ocrx_word' id='word_1_401' title='bbox 2218 1861 2414 1911; x_wconf 89' lang='lat' dir='ltr'><strong>testate</strong></span> <span class='ocrx_word' id='word_1_402' title='bbox 2445 1857 2740 1912; x_wconf 90' lang='lat' dir='ltr'><strong>secundum</strong></span> <span class='ocrx_word' id='word_1_403' title='bbox 2769 1857 3046 1914; x_wconf 89' lang='lat' dir='ltr'><strong>hominem</strong></span> <span class='ocrx_word' id='word_1_404' title='bbox 3067 1900 3080 1926; x_wconf 96' lang='lat'><strong>,</strong></span> <span class='ocrx_word' id='word_1_405' title='bbox 3115 1858 3213 1914; x_wconf 89' lang='lat' dir='ltr'><strong>sed</strong></span> <span class='ocrx_word' id='word_1_406' title='bbox 3241 1857 3538 1914; x_wconf 89' lang='lat' dir='ltr'><strong>secundum</strong></span> <span class='ocrx_word' id='word_1_407' title='bbox 3575 1858 3826 1914; x_wconf 88' lang='lat' dir='ltr'><strong>divinum</strong></span> 
     </span>
    </p>
   </div>
   <div class='ocr_carea' id='block_1_50' title="bbox 2219 1943 3826 2012">
    <p class='ocr_par' dir='ltr' id='par_1_50' title="bbox 2219 1943 3826 2012">
     <span class='ocr_line' id='line_1_50' title="bbox 2219 1943 3826 2012; baseline 0.002 -14"><span class='ocrx_word' id='word_1_408' title='bbox 2219 1943 2601 2012; x_wconf 89' lang='lat' dir='ltr'><strong>ministerium,</strong></span> <span class='ocrx_word' id='word_1_409' title='bbox 2635 1945 2786 2000; x_wconf 91' lang='lat' dir='ltr'><strong>illum</strong></span> <span class='ocrx_word' id='word_1_410' title='bbox 2826 1946 3326 2002; x_wconf 87' lang='lat' dir='ltr'><strong>excommunicabo.</strong></span> <span class='ocrx_word' id='word_1_411' title='bbox 3359 1948 3428 2001; x_wconf 91' lang='lat' dir='ltr'><strong>Et</strong></span> <span class='ocrx_word' id='word_1_412' title='bbox 3463 1962 3574 2002; x_wconf 89' lang='lat' dir='ltr'><strong>non</strong></span> <span class='ocrx_word' id='word_1_413' title='bbox 3631 1947 3826 2003; x_wconf 86' lang='lat' dir='ltr'><strong>irasci-</strong></span> 
     </span>
    </p>
   </div>
   <div class='ocr_carea' id='block_1_51' title="bbox 2219 2031 3826 2106">
    <p class='ocr_par' dir='ltr' id='par_1_51' title="bbox 2219 2031 3826 2106">
     <span class='ocr_line' id='line_1_51' title="bbox 2219 2031 3826 2106; baseline 0.002 -20"><span class='ocrx_word' id='word_1_414' title='bbox 2219 2031 2370 2101; x_wconf 89' lang='lat' dir='ltr'><strong>mini,</strong></span> <span class='ocrx_word' id='word_1_415' title='bbox 2403 2032 2586 2089; x_wconf 89' lang='lat' dir='ltr'><strong>dilecti</strong></span> <span class='ocrx_word' id='word_1_416' title='bbox 2617 2033 2812 2089; x_wconf 86' lang='lat' dir='ltr'><strong>fratres</strong></span> <span class='ocrx_word' id='word_1_417' title='bbox 2840 2043 2896 2090; x_wconf 91' lang='lat' dir='ltr'><strong>et</strong></span> <span class='ocrx_word' id='word_1_418' title='bbox 2923 2033 3037 2101; x_wconf 83' lang='lat' dir='ltr'><strong>filii,</strong></span> <span class='ocrx_word' id='word_1_419' title='bbox 3099 2034 3225 2106; x_wconf 88' lang='lat' dir='ltr'><strong>quia</strong></span> <span class='ocrx_word' id='word_1_420' title='bbox 3270 2041 3503 2106; x_wconf 87' lang='lat' dir='ltr'><strong>paterna</strong></span> <span class='ocrx_word' id='word_1_421' title='bbox 3527 2035 3826 2091; x_wconf 87' lang='lat' dir='ltr'><strong>dilectione</strong></span> 
     </span>
    </p>
   </div>
   <div class='ocr_carea' id='block_1_52' title="bbox 2217 2122 3825 2196">
    <p class='ocr_par' dir='ltr' id='par_1_52' title="bbox 2217 2122 3825 2196">
     <span class='ocr_line' id='line_1_52' title="bbox 2217 2122 3825 2196; baseline 0.003 -23"><span class='ocrx_word' id='word_1_422' title='bbox 2217 2136 2316 2176; x_wconf 90' lang='lat' dir='ltr'><strong>vos</strong></span> <span class='ocrx_word' id='word_1_423' title='bbox 2346 2136 2561 2176; x_wconf 91' lang='lat' dir='ltr'><strong>moneo.</strong></span> <span class='ocrx_word' id='word_1_424' title='bbox 2612 2122 2719 2177; x_wconf 91' lang='lat' dir='ltr'><strong>Sed</strong></span> <span class='ocrx_word' id='word_1_425' title='bbox 2749 2122 3011 2196; x_wconf 87' lang='lat' dir='ltr'><strong>corrigite</strong></span> <span class='ocrx_word' id='word_1_426' title='bbox 3055 2139 3174 2188; x_wconf 90' lang='lat' dir='ltr'><strong>vos,</strong></span> <span class='ocrx_word' id='word_1_427' title='bbox 3215 2123 3550 2178; x_wconf 81' lang='lat' dir='ltr'><strong>attendentes</strong></span> <span class='ocrx_word' id='word_1_428' title='bbox 3591 2123 3825 2180; x_wconf 88' lang='lat' dir='ltr'><strong>commi-</strong></span> 
     </span>
    </p>
   </div>
   <div class='ocr_carea' id='block_1_53' title="bbox 2217 2209 3824 2270">
    <p class='ocr_par' dir='ltr' id='par_1_53' title="bbox 2217 2209 3824 2270">
     <span class='ocr_line' id='line_1_53' title="bbox 2217 2209 3824 2270; baseline 0.003 -7"><span class='ocrx_word' id='word_1_429' title='bbox 2217 2209 2488 2264; x_wconf 88' lang='lat' dir='ltr'><strong>nationem</strong></span> <span class='ocrx_word' id='word_1_430' title='bbox 2517 2209 2620 2266; x_wconf 91' lang='lat' dir='ltr'><strong>Dei</strong></span> <span class='ocrx_word' id='word_1_431' title='bbox 2648 2218 2701 2266; x_wconf 90' lang='lat' dir='ltr'><strong>et</strong></span> <span class='ocrx_word' id='word_1_432' title='bbox 2729 2211 2800 2266; x_wconf 88' lang='lat' dir='ltr'><strong>ad</strong></span> <span class='ocrx_word' id='word_1_433' title='bbox 2829 2227 2916 2266; x_wconf 91' lang='lat' dir='ltr'><strong>me</strong></span> <span class='ocrx_word' id='word_1_434' title='bbox 2946 2220 3000 2267; x_wconf 89' lang='lat' dir='ltr'><strong>et</strong></span> <span class='ocrx_word' id='word_1_435' title='bbox 3047 2212 3118 2267; x_wconf 89' lang='lat' dir='ltr'><strong>ad</strong></span> <span class='ocrx_word' id='word_1_436' title='bbox 3145 2227 3245 2267; x_wconf 93' lang='lat' dir='ltr'><strong>vos</strong></span> <span class='ocrx_word' id='word_1_437' title='bbox 3276 2211 3494 2270; x_wconf 73' lang='lat' dir='ltr'><strong>iactam.</strong></span> <span class='ocrx_word' id='word_1_438' title='bbox 3527 2212 3616 2268; x_wconf 81' lang='lat' dir='ltr'><strong>Ait</strong></span> <span class='ocrx_word' id='word_1_439' title='bbox 3670 2213 3824 2268; x_wconf 88' lang='lat' dir='ltr'><strong>enim</strong></span> 
     </span>
    </p>
   </div>
   <div class='ocr_carea' id='block_1_54' title="bbox 2216 2297 3824 2371">
    <p class='ocr_par' dir='ltr' id='par_1_54' title="bbox 2216 2297 3824 2371">
     <span class='ocr_line' id='line_1_54' title="bbox 2216 2297 3824 2371; baseline 0.002 -19"><span class='ocrx_word' id='word_1_440' title='bbox 2216 2298 2481 2352; x_wconf 90' lang='lat' dir='ltr'><strong>Dominus</strong></span> <span class='ocrx_word' id='word_1_441' title='bbox 2507 2297 2796 2370; x_wconf 89' lang='lat' dir='ltr'><strong>unicuique</strong></span> <span class='ocrx_word' id='word_1_442' title='bbox 2825 2299 2916 2371; x_wconf 91' lang='lat' dir='ltr'><strong>qui</strong></span> <span class='ocrx_word' id='word_1_443' title='bbox 2945 2299 3178 2355; x_wconf 78' lang='lat' dir='ltr'><strong>ofﬁcium</strong></span> <span class='ocrx_word' id='word_1_444' title='bbox 3236 2299 3572 2355; x_wconf 89' lang='lat' dir='ltr'><strong>sacerdotale</strong></span> <span class='ocrx_word' id='word_1_445' title='bbox 3626 2315 3824 2356; x_wconf 86' lang='lat' dir='ltr'><strong>susce-</strong></span> 
     </span>
    </p>
   </div>
   <div class='ocr_carea' id='block_1_55' title="bbox 2215 2386 3828 2460">
    <p class='ocr_par' dir='ltr' id='par_1_55' title="bbox 2215 2386 3828 2460">
     <span class='ocr_line' id='line_1_55' title="bbox 2215 2386 3828 2460; baseline 0.002 -20"><span class='ocrx_word' id='word_1_446' title='bbox 2215 2386 2290 2457; x_wconf 89' lang='lat' dir='ltr'><strong>pit</strong></span> <span class='ocrx_word' id='word_1_447' title='bbox 2315 2403 2328 2440; x_wconf 90' lang='lat'><strong>:</strong></span> <span class='ocrx_word' id='word_1_448' title='bbox 2353 2387 2411 2444; x_wconf 91' lang='lat' dir='ltr'><strong>Si</strong></span> <span class='ocrx_word' id='word_1_449' title='bbox 2430 2389 2919 2444; x_wconf 88' lang='lat' dir='ltr'><strong>annuntiaveritis</strong></span> <span class='ocrx_word' id='word_1_450' title='bbox 2939 2389 3132 2460; x_wconf 88' lang='lat' dir='ltr'><strong>iniquo</strong></span> <span class='ocrx_word' id='word_1_451' title='bbox 3147 2389 3514 2460; x_wconf 79' lang='lat' dir='ltr'><strong>iniquitatem</strong></span> <span class='ocrx_word' id='word_1_452' title='bbox 3533 2405 3716 2456; x_wconf 87' lang='lat' dir='ltr'><strong>suam,</strong></span> <span class='ocrx_word' id='word_1_453' title='bbox 3761 2393 3828 2444; x_wconf 89' lang='lat' dir='ltr'><strong>et</strong></span> 
     </span>
    </p>
   </div>
   <div class='ocr_carea' id='block_1_56' title="bbox 2213 2476 3824 2548">
    <p class='ocr_par' dir='ltr' id='par_1_56' title="bbox 2213 2476 3824 2548">
     <span class='ocr_line' id='line_1_56' title="bbox 2213 2476 3824 2548; baseline 0.002 -18"><span class='ocrx_word' id='word_1_454' title='bbox 2213 2491 2510 2531; x_wconf 80' lang='lat' dir='ltr'><strong>conversus</strong></span> <span class='ocrx_word' id='word_1_455' title='bbox 2522 2477 2705 2546; x_wconf 79' lang='lat' dir='ltr'><strong>fuerit</strong></span> <span class='ocrx_word' id='word_1_456' title='bbox 2722 2476 2820 2531; x_wconf 87' lang='lat' dir='ltr'><strong>ille</strong></span> <span class='ocrx_word' id='word_1_457' title='bbox 2836 2477 3064 2548; x_wconf 88' lang='lat' dir='ltr'><strong>iniquus</strong></span> <span class='ocrx_word' id='word_1_458' title='bbox 3076 2477 3142 2532; x_wconf 93' lang='lat' dir='ltr'><strong>ab</strong></span> <span class='ocrx_word' id='word_1_459' title='bbox 3155 2477 3680 2548; x_wconf 83' lang='lat' dir='ltr'><strong>impietatesua,ille</strong></span> <span class='ocrx_word' id='word_1_460' title='bbox 3695 2479 3824 2533; x_wconf 82' lang='lat' dir='ltr'><strong>vita</strong></span> 
     </span>
    </p>
   </div>
   <div class='ocr_carea' id='block_1_57' title="bbox 2211 2564 3820 2629">
    <p class='ocr_par' dir='ltr' id='par_1_57' title="bbox 2211 2564 3820 2629">
     <span class='ocr_line' id='line_1_57' title="bbox 2211 2564 3820 2629; baseline 0.001 -11"><span class='ocrx_word' id='word_1_461' title='bbox 2211 2565 2374 2629; x_wconf 83' lang='lat' dir='ltr'><strong>vivet,</strong></span> <span class='ocrx_word' id='word_1_462' title='bbox 2401 2567 2457 2618; x_wconf 83' lang='lat' dir='ltr'><strong>et</strong></span> <span class='ocrx_word' id='word_1_463' title='bbox 2474 2567 2538 2618; x_wconf 88' lang='lat' dir='ltr'><strong>tu</strong></span> <span class='ocrx_word' id='word_1_464' title='bbox 2553 2565 2808 2620; x_wconf 88' lang='lat' dir='ltr'><strong>animam</strong></span> <span class='ocrx_word' id='word_1_465' title='bbox 2827 2568 2990 2620; x_wconf 88' lang='lat' dir='ltr'><strong>tuam</strong></span> <span class='ocrx_word' id='word_1_466' title='bbox 3007 2564 3282 2620; x_wconf 86' lang='lat' dir='ltr'><strong>liberasti.</strong></span> <span class='ocrx_word' id='word_1_467' title='bbox 3303 2566 3374 2620; x_wconf 87' lang='lat' dir='ltr'><strong>Et</strong></span> <span class='ocrx_word' id='word_1_468' title='bbox 3388 2567 3441 2620; x_wconf 87' lang='lat' dir='ltr'><strong>si</strong></span> <span class='ocrx_word' id='word_1_469' title='bbox 3455 2581 3570 2621; x_wconf 89' lang='lat' dir='ltr'><strong>non</strong></span> <span class='ocrx_word' id='word_1_470' title='bbox 3587 2581 3820 2620; x_wconf 83' lang='lat' dir='ltr'><strong>annun-</strong></span> 
     </span>
    </p>
   </div>
   <div class='ocr_carea' id='block_1_58' title="bbox 2213 2652 3822 2724">
    <p class='ocr_par' dir='ltr' id='par_1_58' title="bbox 2213 2652 3822 2724">
     <span class='ocr_line' id='line_1_58' title="bbox 2213 2652 3822 2724; baseline 0.002 -19"><span class='ocrx_word' id='word_1_471' title='bbox 2213 2652 2444 2707; x_wconf 87' lang='lat' dir='ltr'><strong>tiaveris</strong></span> <span class='ocrx_word' id='word_1_472' title='bbox 2464 2653 2656 2724; x_wconf 88' lang='lat' dir='ltr'><strong>iniquo</strong></span> <span class='ocrx_word' id='word_1_473' title='bbox 2684 2653 3051 2724; x_wconf 82' lang='lat' dir='ltr'><strong>iniquitatem</strong></span> <span class='ocrx_word' id='word_1_474' title='bbox 3067 2670 3251 2719; x_wconf 87' lang='lat' dir='ltr'><strong>suam,</strong></span> <span class='ocrx_word' id='word_1_475' title='bbox 3271 2657 3328 2708; x_wconf 89' lang='lat' dir='ltr'><strong>et</strong></span> <span class='ocrx_word' id='word_1_476' title='bbox 3347 2670 3462 2709; x_wconf 88' lang='lat' dir='ltr'><strong>non</strong></span> <span class='ocrx_word' id='word_1_477' title='bbox 3479 2655 3660 2724; x_wconf 84' lang='lat' dir='ltr'><strong>fuerit</strong></span> <span class='ocrx_word' id='word_1_478' title='bbox 3677 2668 3822 2709; x_wconf 86' lang='lat' dir='ltr'><strong>con-</strong></span> 
     </span>
    </p>
   </div>
   <div class='ocr_carea' id='block_1_59' title="bbox 2209 2733 3821 2814">
    <p class='ocr_par' dir='ltr' id='par_1_59' title="bbox 2209 2733 3821 2814">
     <span class='ocr_line' id='line_1_59' title="bbox 2209 2733 3821 2814; baseline 0.002 -20"><span class='ocrx_word' id='word_1_479' title='bbox 2209 2755 2402 2795; x_wconf 83' lang='lat' dir='ltr'><strong>versus</strong></span> <span class='ocrx_word' id='word_1_480' title='bbox 2422 2741 2522 2795; x_wconf 84' lang='lat' dir='ltr'><strong>ille</strong></span> <span class='ocrx_word' id='word_1_481' title='bbox 2543 2742 2752 2812; x_wconf 86' lang='lat' dir='ltr'><strong>impius</strong></span> <span class='ocrx_word' id='word_1_482' title='bbox 2774 2741 2840 2796; x_wconf 89' lang='lat' dir='ltr'><strong>ab</strong></span> <span class='ocrx_word' id='word_1_483' title='bbox 2869 2742 3163 2813; x_wconf 84' lang='lat' dir='ltr'><strong>impietate</strong></span> <span class='ocrx_word' id='word_1_484' title='bbox 3180 2733 3303 2807; x_wconf 82' lang='lat' dir='ltr'><strong>sua,</strong></span> <span class='ocrx_word' id='word_1_485' title='bbox 3347 2743 3465 2814; x_wconf 85' lang='lat' dir='ltr'><strong>ipse</strong></span> <span class='ocrx_word' id='word_1_486' title='bbox 3484 2743 3712 2814; x_wconf 83' lang='lat' dir='ltr'><strong>iniquus</strong></span> <span class='ocrx_word' id='word_1_487' title='bbox 3750 2745 3821 2798; x_wconf 78' lang='lat' dir='ltr'><strong>in</strong></span> 
     </span>
    </p>
   </div>
   <div class='ocr_carea' id='block_1_60' title="bbox 2209 2823 3820 2902">
    <p class='ocr_par' dir='ltr' id='par_1_60' title="bbox 2209 2823 3820 2902">
     <span class='ocr_line' id='line_1_60' title="bbox 2209 2823 3820 2902; baseline 0.002 -20"><span class='ocrx_word' id='word_1_488' title='bbox 2209 2829 2516 2900; x_wconf 85' lang='lat' dir='ltr'><strong>iniquitate</strong></span> <span class='ocrx_word' id='word_1_489' title='bbox 2535 2845 2640 2884; x_wconf 89' lang='lat' dir='ltr'><strong>sua</strong></span> <span class='ocrx_word' id='word_1_490' title='bbox 2659 2831 2954 2895; x_wconf 88' lang='lat' dir='ltr'><strong>morietur,</strong></span> <span class='ocrx_word' id='word_1_491' title='bbox 2989 2830 3328 2901; x_wconf 75' lang='lat' dir='ltr'><strong>sanguinem</strong></span> <span class='ocrx_word' id='word_1_492' title='bbox 3363 2833 3557 2885; x_wconf 87' lang='lat' dir='ltr'><strong>autem</strong></span> <span class='ocrx_word' id='word_1_493' title='bbox 3584 2823 3725 2902; x_wconf 41' lang='lat' dir='ltr'><strong>ejus.</strong></span> <span class='ocrx_word' id='word_1_494' title='bbox 3742 2831 3820 2886; x_wconf 86' lang='lat' dir='ltr'><strong>de</strong></span> 
     </span>
    </p>
   </div>
   <div class='ocr_carea' id='block_1_61' title="bbox 2207 2917 3812 2990">
    <p class='ocr_par' dir='ltr' id='par_1_61' title="bbox 2207 2917 3812 2990">
     <span class='ocr_line' id='line_1_61' title="bbox 2207 2917 3812 2990; baseline 0.001 -20"><span class='ocrx_word' id='word_1_495' title='bbox 2207 2932 2386 2971; x_wconf 85' lang='lat' dir='ltr'><strong>manu</strong></span> <span class='ocrx_word' id='word_1_496' title='bbox 2433 2920 2532 2972; x_wconf 88' lang='lat' dir='ltr'><strong>tua</strong></span> <span class='ocrx_word' id='word_1_497' title='bbox 2579 2918 2865 2989; x_wconf 85' lang='lat' dir='ltr'><strong>requiram</strong></span> <span class='ocrx_word' id='word_1_498' title='bbox 2910 2918 3132 2988; x_wconf 68' lang='lat' dir='ltr'><strong>(Ezech.</strong></span> <span class='ocrx_word' id='word_1_499' title='bbox 3181 2933 3260 2986; x_wconf 84' lang='grc' dir='ltr'>ιιι,</span> <span class='ocrx_word' id='word_1_500' title='bbox 3294 2918 3405 2988; x_wconf 89' lang='lat'><strong>39).</strong></span> <span class='ocrx_word' id='word_1_501' title='bbox 3439 2917 3812 2990; x_wconf 86' lang='lat' dir='ltr'><strong>Quapropter,</strong></span> 
     </span>
    </p>
   </div>
   <div class='ocr_carea' id='block_1_62' title="bbox 509 3001 3820 3078">
    <p class='ocr_par' dir='ltr' id='par_1_62' title="bbox 509 3001 3820 3078">
     <span class='ocr_line' id='line_1_62' title="bbox 509 3001 3820 3078; baseline 0.001 -20"><span class='ocrx_word' id='word_1_502' title='bbox 509 3003 560 3058; x_wconf 90' lang='lat' dir='ltr'><strong>ei</strong></span> <span class='ocrx_word' id='word_1_503' title='bbox 590 3004 737 3059; x_wconf 92' lang='lat' dir='ltr'><strong>Deus</strong></span> <span class='ocrx_word' id='word_1_504' title='bbox 763 3003 1094 3072; x_wconf 88' lang='lat' dir='ltr'><strong>adjutorium</strong></span> <span class='ocrx_word' id='word_1_505' title='bbox 1123 3002 1358 3070; x_wconf 79' lang='lat' dir='ltr'><strong>dederit,</strong></span> <span class='ocrx_word' id='word_1_506' title='bbox 1392 3009 1446 3057; x_wconf 91' lang='lat' dir='ltr'><strong>et</strong></span> <span class='ocrx_word' id='word_1_507' title='bbox 1473 3001 1632 3056; x_wconf 91' lang='lat' dir='ltr'><strong>bonis</strong></span> <span class='ocrx_word' id='word_1_508' title='bbox 1653 3001 1867 3056; x_wconf 90' lang='lat' dir='ltr'><strong>insistat</strong></span> <span class='ocrx_word' id='word_1_509' title='bbox 1922 3002 2106 3072; x_wconf 90' lang='lat' dir='ltr'><strong>operi-</strong></span> <span class='ocrx_word' id='word_1_510' title='bbox 2132 3062 2176 3078; x_wconf 52' lang='grc' dir='ltr'><strong><em>η</em></strong></span> <span class='ocrx_word' id='word_1_511' title='bbox 2206 3002 2406 3059; x_wconf 87' lang='lat' dir='ltr'><strong>fratres</strong></span> <span class='ocrx_word' id='word_1_512' title='bbox 2434 3013 2488 3059; x_wconf 90' lang='lat' dir='ltr'><strong>et</strong></span> <span class='ocrx_word' id='word_1_513' title='bbox 2512 3003 2627 3073; x_wconf 83' lang='lat' dir='ltr'><strong>filii,</strong></span> <span class='ocrx_word' id='word_1_514' title='bbox 2660 3005 2942 3073; x_wconf 87' lang='lat' dir='ltr'><strong>attendite,</strong></span> <span class='ocrx_word' id='word_1_515' title='bbox 2977 3005 3102 3078; x_wconf 90' lang='lat' dir='ltr'><strong>quia</strong></span> <span class='ocrx_word' id='word_1_516' title='bbox 3152 3007 3297 3062; x_wconf 90' lang='lat' dir='ltr'><strong>Deus</strong></span> <span class='ocrx_word' id='word_1_517' title='bbox 3334 3006 3677 3077; x_wconf 85' lang='lat' dir='ltr'><strong>omnipotens</strong></span> <span class='ocrx_word' id='word_1_518' title='bbox 3723 3015 3820 3062; x_wconf 87' lang='lat' dir='ltr'><strong>est</strong></span> 
     </span>
    </p>
   </div>
   <div class='ocr_carea' id='block_1_63' title="bbox 509 3062 3814 3166">
    <p class='ocr_par' dir='ltr' id='par_1_63' title="bbox 509 3062 3814 3166">
     <span class='ocr_line' id='line_1_63' title="bbox 509 3062 3814 3166; baseline 0.002 -20"><span class='ocrx_word' id='word_1_519' title='bbox 509 3092 630 3160; x_wconf 92' lang='lat' dir='ltr'><strong>bus,</strong></span> <span class='ocrx_word' id='word_1_520' title='bbox 655 3099 708 3146; x_wconf 92' lang='lat' dir='ltr'><strong>et</strong></span> <span class='ocrx_word' id='word_1_521' title='bbox 738 3062 978 3148; x_wconf 73' lang='lat' dir='ltr'><strong>confisus</strong></span> <span class='ocrx_word' id='word_1_522' title='bbox 1005 3091 1074 3146; x_wconf 92' lang='lat' dir='ltr'><strong>de</strong></span> <span class='ocrx_word' id='word_1_523' title='bbox 1103 3062 1476 3146; x_wconf 82' lang='lat' dir='ltr'><strong>misericordia</strong></span> <span class='ocrx_word' id='word_1_524' title='bbox 1505 3091 1626 3160; x_wconf 90' lang='lat' dir='ltr'><strong>Dei,</strong></span> <span class='ocrx_word' id='word_1_525' title='bbox 1644 3091 1848 3146; x_wconf 90' lang='lat' dir='ltr'><strong>mundo</strong></span> <span class='ocrx_word' id='word_1_526' title='bbox 1877 3062 2108 3161; x_wconf 67' lang='lat' dir='ltr'><strong>corpore</strong></span> <span class='ocrx_word' id='word_1_527' title='bbox 2127 3062 2178 3124; x_wconf 67' lang='grc' dir='ltr'>Ο</span> <span class='ocrx_word' id='word_1_528' title='bbox 2208 3091 2300 3164; x_wconf 89' lang='lat' dir='ltr'><strong>qui</strong></span> <span class='ocrx_word' id='word_1_529' title='bbox 2323 3097 2424 3147; x_wconf 89' lang='lat' dir='ltr'><strong>ista</strong></span> <span class='ocrx_word' id='word_1_530' title='bbox 2444 3092 2598 3160; x_wconf 90' lang='lat' dir='ltr'><strong>dixit,</strong></span> <span class='ocrx_word' id='word_1_531' title='bbox 2613 3062 2674 3148; x_wconf 76' lang='lat' dir='ltr'><strong>et</strong></span> <span class='ocrx_word' id='word_1_532' title='bbox 2692 3093 2810 3164; x_wconf 89' lang='lat' dir='ltr'><strong>ipse</strong></span> <span class='ocrx_word' id='word_1_533' title='bbox 2836 3062 2942 3150; x_wconf 79' lang='lat' dir='ltr'><strong>nos</strong></span> <span class='ocrx_word' id='word_1_534' title='bbox 2957 3062 3106 3164; x_wconf 71' lang='lat' dir='ltr'><strong>fecit,</strong></span> <span class='ocrx_word' id='word_1_535' title='bbox 3120 3101 3175 3150; x_wconf 89' lang='lat' dir='ltr'><strong>et</strong></span> <span class='ocrx_word' id='word_1_536' title='bbox 3194 3095 3314 3166; x_wconf 89' lang='lat' dir='ltr'><strong>ipse</strong></span> <span class='ocrx_word' id='word_1_537' title='bbox 3332 3062 3434 3150; x_wconf 89' lang='lat' dir='ltr'><strong>nos</strong></span> <span class='ocrx_word' id='word_1_538' title='bbox 3467 3062 3718 3161; x_wconf 63' lang='lat' dir='ltr'><strong>redemit,</strong></span> <span class='ocrx_word' id='word_1_539' title='bbox 3754 3103 3814 3151; x_wconf 93' lang='lat' dir='ltr'><strong>et</strong></span> 
     </span>
    </p>
   </div>
   <div class='ocr_carea' id='block_1_64' title="bbox 509 3179 3812 3252">
    <p class='ocr_par' dir='ltr' id='par_1_64' title="bbox 509 3179 3812 3252">
     <span class='ocr_line' id='line_1_64' title="bbox 509 3179 3812 3252; baseline 0.001 -17"><span class='ocrx_word' id='word_1_540' title='bbox 509 3188 563 3235; x_wconf 90' lang='lat' dir='ltr'><strong>et</strong></span> <span class='ocrx_word' id='word_1_541' title='bbox 587 3196 729 3251; x_wconf 88' lang='lat' dir='ltr'><strong>pura</strong></span> <span class='ocrx_word' id='word_1_542' title='bbox 758 3179 1096 3236; x_wconf 88' lang='lat' dir='ltr'><strong>conscientia</strong></span> <span class='ocrx_word' id='word_1_543' title='bbox 1117 3188 1170 3234; x_wconf 91' lang='lat' dir='ltr'><strong>et</strong></span> <span class='ocrx_word' id='word_1_544' title='bbox 1202 3179 1434 3234; x_wconf 90' lang='lat' dir='ltr'><strong>contrito</strong></span> <span class='ocrx_word' id='word_1_545' title='bbox 1463 3180 1631 3236; x_wconf 90' lang='lat' dir='ltr'><strong>corde</strong></span> <span class='ocrx_word' id='word_1_546' title='bbox 1675 3179 1903 3250; x_wconf 86' lang='lat' dir='ltr'><strong>accipiat</strong></span> <span class='ocrx_word' id='word_1_547' title='bbox 1949 3195 2106 3238; x_wconf 58' lang='lat' dir='ltr'><strong>com-2</strong></span> <span class='ocrx_word' id='word_1_548' title='bbox 2205 3188 2329 3235; x_wconf 89' lang='lat' dir='ltr'><strong>ante</strong></span> <span class='ocrx_word' id='word_1_549' title='bbox 2357 3180 2508 3236; x_wconf 91' lang='lat' dir='ltr'><strong>illius</strong></span> <span class='ocrx_word' id='word_1_550' title='bbox 2532 3180 2796 3250; x_wconf 89' lang='lat' dir='ltr'><strong>judicium</strong></span> <span class='ocrx_word' id='word_1_551' title='bbox 2827 3198 3018 3238; x_wconf 89' lang='lat' dir='ltr'><strong>omnes</strong></span> <span class='ocrx_word' id='word_1_552' title='bbox 3042 3183 3362 3249; x_wconf 88' lang='lat' dir='ltr'><strong>astabimus,</strong></span> <span class='ocrx_word' id='word_1_553' title='bbox 3395 3190 3450 3238; x_wconf 88' lang='lat' dir='ltr'><strong>et</strong></span> <span class='ocrx_word' id='word_1_554' title='bbox 3477 3181 3553 3237; x_wconf 89' lang='lat' dir='ltr'><strong>ibi</strong></span> <span class='ocrx_word' id='word_1_555' title='bbox 3576 3182 3812 3252; x_wconf 86' lang='lat' dir='ltr'><strong>judicati</strong></span> 
     </span>
    </p>
   </div>
   <div class='ocr_carea' id='block_1_65' title="bbox 505 3267 3846 3342">
    <p class='ocr_par' dir='ltr' id='par_1_65' title="bbox 505 3267 3846 3342">
     <span class='ocr_line' id='line_1_65' title="bbox 505 3267 3846 3342; baseline 0.001 -20"><span class='ocrx_word' id='word_1_556' title='bbox 505 3267 820 3324; x_wconf 89' lang='lat' dir='ltr'><strong>munionem</strong></span> <span class='ocrx_word' id='word_1_557' title='bbox 849 3267 1098 3338; x_wconf 90' lang='lat' dir='ltr'><strong>corporis</strong></span> <span class='ocrx_word' id='word_1_558' title='bbox 1137 3275 1190 3321; x_wconf 89' lang='lat' dir='ltr'><strong>et</strong></span> <span class='ocrx_word' id='word_1_559' title='bbox 1220 3267 1502 3339; x_wconf 76' lang='lat' dir='ltr'><strong>sanguinis</strong></span> <span class='ocrx_word' id='word_1_560' title='bbox 1559 3267 1795 3323; x_wconf 89' lang='lat' dir='ltr'><strong>Domini.</strong></span> <span class='ocrx_word' id='word_1_561' title='bbox 1856 3267 1925 3322; x_wconf 91' lang='lat' dir='ltr'><strong>Et</strong></span> <span class='ocrx_word' id='word_1_562' title='bbox 1976 3275 2107 3323; x_wconf 87' lang='lat' dir='ltr'><strong>tunc</strong></span> <span class='ocrx_word' id='word_1_563' title='bbox 2207 3269 2412 3325; x_wconf 89' lang='lat' dir='ltr'><strong>erimus</strong></span> <span class='ocrx_word' id='word_1_564' title='bbox 2439 3286 2541 3326; x_wconf 92' lang='lat' dir='ltr'><strong>nos</strong></span> <span class='ocrx_word' id='word_1_565' title='bbox 2569 3270 2902 3340; x_wconf 87' lang='lat' dir='ltr'><strong>sacerdotes,</strong></span> <span class='ocrx_word' id='word_1_566' title='bbox 2956 3279 3018 3327; x_wconf 83' lang='lat' dir='ltr'><strong>et</strong></span> <span class='ocrx_word' id='word_1_567' title='bbox 3077 3271 3352 3342; x_wconf 91' lang='lat' dir='ltr'><strong>principes</strong></span> <span class='ocrx_word' id='word_1_568' title='bbox 3407 3287 3474 3327; x_wconf 86' lang='lat' dir='ltr'><strong>ac</strong></span> <span class='ocrx_word' id='word_1_569' title='bbox 3529 3271 3805 3339; x_wconf 85' lang='lat' dir='ltr'><strong>seniores,</strong></span> <span class='ocrx_word' id='word_1_570' title='bbox 3833 3277 3846 3288; x_wconf 85' lang='lat'><strong>‘</strong></span> 
     </span>
    </p>
   </div>
   <div class='ocr_carea' id='block_1_66' title="bbox 505 3354 3808 3434">
    <p class='ocr_par' dir='ltr' id='par_1_66' title="bbox 505 3354 3808 3434">
     <span class='ocr_line' id='line_1_66' title="bbox 505 3354 3808 3434; baseline 0.002 -24"><span class='ocrx_word' id='word_1_571' title='bbox 505 3371 614 3410; x_wconf 89' lang='lat' dir='ltr'><strong>non</strong></span> <span class='ocrx_word' id='word_1_572' title='bbox 645 3355 750 3410; x_wconf 91' lang='lat' dir='ltr'><strong>erit</strong></span> <span class='ocrx_word' id='word_1_573' title='bbox 794 3355 843 3409; x_wconf 89' lang='lat' dir='ltr'><strong>ei</strong></span> <span class='ocrx_word' id='word_1_574' title='bbox 864 3355 920 3408; x_wconf 91' lang='lat' dir='ltr'><strong>in</strong></span> <span class='ocrx_word' id='word_1_575' title='bbox 949 3354 1484 3420; x_wconf 88' lang='lat' dir='ltr'><strong>condemnationem,</strong></span> <span class='ocrx_word' id='word_1_576' title='bbox 1515 3355 1613 3409; x_wconf 89' lang='lat' dir='ltr'><strong>sed</strong></span> <span class='ocrx_word' id='word_1_577' title='bbox 1645 3354 1700 3408; x_wconf 91' lang='lat' dir='ltr'><strong>in</strong></span> <span class='ocrx_word' id='word_1_578' title='bbox 1723 3355 2105 3410; x_wconf 90' lang='lat' dir='ltr'><strong>remissionem</strong></span> <span class='ocrx_word' id='word_1_579' title='bbox 2206 3357 2297 3429; x_wconf 88' lang='lat' dir='ltr'><strong>qui</strong></span> <span class='ocrx_word' id='word_1_580' title='bbox 2325 3374 2424 3414; x_wconf 92' lang='lat' dir='ltr'><strong>vos</strong></span> <span class='ocrx_word' id='word_1_581' title='bbox 2452 3359 2750 3415; x_wconf 88' lang='lat' dir='ltr'><strong>admonere</strong></span> <span class='ocrx_word' id='word_1_582' title='bbox 2779 3367 2832 3415; x_wconf 90' lang='lat' dir='ltr'><strong>et</strong></span> <span class='ocrx_word' id='word_1_583' title='bbox 2847 3360 3118 3434; x_wconf 88' lang='lat' dir='ltr'><strong>castigare</strong></span> <span class='ocrx_word' id='word_1_584' title='bbox 3148 3360 3432 3426; x_wconf 90' lang='lat' dir='ltr'><strong>debemus,</strong></span> <span class='ocrx_word' id='word_1_585' title='bbox 3464 3367 3518 3416; x_wconf 91' lang='lat' dir='ltr'><strong>et</strong></span> <span class='ocrx_word' id='word_1_586' title='bbox 3544 3375 3646 3430; x_wconf 92' lang='lat' dir='ltr'><strong>pro</strong></span> <span class='ocrx_word' id='word_1_587' title='bbox 3671 3376 3808 3416; x_wconf 86' lang='lat' dir='ltr'><strong>nos-</strong></span> 
     </span>
    </p>
   </div>
   <div class='ocr_carea' id='block_1_67' title="bbox 503 3441 2109 3514">
    <p class='ocr_par' dir='ltr' id='par_1_67' title="bbox 503 3441 2109 3514">
     <span class='ocr_line' id='line_1_67' title="bbox 503 3441 2109 3514; baseline -0.001 -15"><span class='ocrx_word' id='word_1_588' title='bbox 503 3443 748 3499; x_wconf 92' lang='lat' dir='ltr'><strong>omnium</strong></span> <span class='ocrx_word' id='word_1_589' title='bbox 775 3450 1149 3514; x_wconf 88' lang='lat' dir='ltr'><strong>peccatorum,</strong></span> <span class='ocrx_word' id='word_1_590' title='bbox 1185 3450 1238 3498; x_wconf 89' lang='lat' dir='ltr'><strong>et</strong></span> <span class='ocrx_word' id='word_1_591' title='bbox 1293 3442 1349 3496; x_wconf 91' lang='lat' dir='ltr'><strong>in</strong></span> <span class='ocrx_word' id='word_1_592' title='bbox 1380 3441 1770 3506; x_wconf 83' lang='lat' dir='ltr'><strong>fortitudinem,</strong></span> <span class='ocrx_word' id='word_1_593' title='bbox 1822 3451 1877 3496; x_wconf 91' lang='lat' dir='ltr'><strong>ut</strong></span> <span class='ocrx_word' id='word_1_594' title='bbox 1931 3443 2109 3514; x_wconf 90' lang='lat' dir='ltr'><strong>possit</strong></span> 
     </span>
    </p>
   </div>
   <div class='ocr_carea' id='block_1_68' title="bbox 504 3530 2104 3604">
    <p class='ocr_par' dir='ltr' id='par_1_68' title="bbox 504 3530 2104 3604">
     <span class='ocr_line' id='line_1_68' title="bbox 504 3530 2104 3604; baseline 0 -17"><span class='ocrx_word' id='word_1_595' title='bbox 504 3532 764 3588; x_wconf 87' lang='lat' dir='ltr'><strong>resistere</strong></span> <span class='ocrx_word' id='word_1_596' title='bbox 785 3531 1026 3597; x_wconf 90' lang='lat' dir='ltr'><strong>diabolo,</strong></span> <span class='ocrx_word' id='word_1_597' title='bbox 1056 3539 1110 3587; x_wconf 92' lang='lat' dir='ltr'><strong>et</strong></span> <span class='ocrx_word' id='word_1_598' title='bbox 1142 3531 1213 3586; x_wconf 91' lang='lat' dir='ltr'><strong>ad</strong></span> <span class='ocrx_word' id='word_1_599' title='bbox 1243 3546 1476 3604; x_wconf 80' lang='lat' dir='ltr'><strong>regnum</strong></span> <span class='ocrx_word' id='word_1_600' title='bbox 1504 3531 1606 3586; x_wconf 94' lang='lat' dir='ltr'><strong>Dei</strong></span> <span class='ocrx_word' id='word_1_601' title='bbox 1635 3531 1943 3602; x_wconf 85' lang='lat' dir='ltr'><strong>pervenire.</strong></span> <span class='ocrx_word' id='word_1_602' title='bbox 1965 3530 2104 3600; x_wconf 88' lang='lat' dir='ltr'><strong>Quo-</strong></span> 
     </span>
    </p>
   </div>
   <div class='ocr_carea' id='block_1_69' title="bbox 503 3620 2103 3693">
    <p class='ocr_par' dir='ltr' id='par_1_69' title="bbox 503 3620 2103 3693">
     <span class='ocr_line' id='line_1_69' title="bbox 503 3620 2103 3693; baseline 0.001 -18"><span class='ocrx_word' id='word_1_603' title='bbox 503 3621 648 3676; x_wconf 88' lang='lat' dir='ltr'><strong>niam</strong></span> <span class='ocrx_word' id='word_1_604' title='bbox 679 3621 818 3676; x_wconf 90' lang='lat' dir='ltr'><strong>sicut</strong></span> <span class='ocrx_word' id='word_1_605' title='bbox 849 3621 946 3693; x_wconf 88' lang='lat' dir='ltr'><strong>qui</strong></span> <span class='ocrx_word' id='word_1_606' title='bbox 965 3621 1216 3676; x_wconf 71' lang='lat' dir='ltr'><strong>adhoeret</strong></span> <span class='ocrx_word' id='word_1_607' title='bbox 1235 3620 1525 3676; x_wconf 85' lang='lat' dir='ltr'><strong>meretrici</strong></span> <span class='ocrx_word' id='word_1_608' title='bbox 1540 3637 1723 3676; x_wconf 86' lang='lat' dir='ltr'><strong>unum</strong></span> <span class='ocrx_word' id='word_1_609' title='bbox 1751 3636 1952 3693; x_wconf 86' lang='lat' dir='ltr'><strong>corpus</strong></span> <span class='ocrx_word' id='word_1_610' title='bbox 1982 3621 2103 3691; x_wconf 75' lang='lat' dir='ltr'><strong>efﬁ-</strong></span> 
     </span>
    </p>
   </div>
   <div class='ocr_carea' id='block_1_70' title="bbox 503 3707 2102 3778">
    <p class='ocr_par' dir='ltr' id='par_1_70' title="bbox 503 3707 2102 3778">
     <span class='ocr_line' id='line_1_70' title="bbox 503 3707 2102 3778; baseline 0.001 -15"><span class='ocrx_word' id='word_1_611' title='bbox 503 3709 676 3775; x_wconf 87' lang='lat' dir='ltr'><strong>citur,</strong></span> <span class='ocrx_word' id='word_1_612' title='bbox 707 3707 779 3762; x_wconf 91' lang='lat' dir='ltr'><strong>ita</strong></span> <span class='ocrx_word' id='word_1_613' title='bbox 809 3707 900 3778; x_wconf 89' lang='lat' dir='ltr'><strong>qui</strong></span> <span class='ocrx_word' id='word_1_614' title='bbox 926 3707 1091 3778; x_wconf 88' lang='lat' dir='ltr'><strong>digne</strong></span> <span class='ocrx_word' id='word_1_615' title='bbox 1112 3707 1477 3763; x_wconf 87' lang='lat' dir='ltr'><strong>communicat</strong></span> <span class='ocrx_word' id='word_1_616' title='bbox 1504 3707 1574 3762; x_wconf 92' lang='lat' dir='ltr'><strong>de</strong></span> <span class='ocrx_word' id='word_1_617' title='bbox 1603 3707 1702 3762; x_wconf 86' lang='lat' dir='ltr'><strong>ista</strong></span> <span class='ocrx_word' id='word_1_618' title='bbox 1721 3707 2102 3764; x_wconf 86' lang='lat' dir='ltr'><strong>communione</strong></span> 
     </span>
    </p>
   </div>
   <div class='ocr_carea' id='block_1_71' title="bbox 505 3795 2103 3866">
    <p class='ocr_par' dir='ltr' id='par_1_71' title="bbox 505 3795 2103 3866">
     <span class='ocr_line' id='line_1_71' title="bbox 505 3795 2103 3866; baseline 0.001 -16"><span class='ocrx_word' id='word_1_619' title='bbox 505 3813 645 3850; x_wconf 91' lang='lat' dir='ltr'><strong>unus</strong></span> <span class='ocrx_word' id='word_1_620' title='bbox 676 3795 898 3866; x_wconf 89' lang='lat' dir='ltr'><strong>spiritus</strong></span> <span class='ocrx_word' id='word_1_621' title='bbox 935 3802 1019 3850; x_wconf 90' lang='lat' dir='ltr'><strong>est</strong></span> <span class='ocrx_word' id='word_1_622' title='bbox 1047 3811 1172 3852; x_wconf 89' lang='lat' dir='ltr'><strong>cum</strong></span> <span class='ocrx_word' id='word_1_623' title='bbox 1201 3796 1434 3850; x_wconf 92' lang='lat' dir='ltr'><strong>Domino</strong></span> <span class='ocrx_word' id='word_1_624' title='bbox 1449 3796 1502 3865; x_wconf 88' lang='grc' dir='ltr'><strong>(Ι</strong></span> <span class='ocrx_word' id='word_1_625' title='bbox 1519 3797 1640 3853; x_wconf 84' lang='lat' dir='ltr'><strong>Cor.</strong></span> <span class='ocrx_word' id='word_1_626' title='bbox 1672 3812 1749 3864; x_wconf 75' lang='grc' dir='ltr'><strong>γι,</strong></span> <span class='ocrx_word' id='word_1_627' title='bbox 1802 3798 1910 3866; x_wconf 74' lang='grc'><strong>16),</strong></span> <span class='ocrx_word' id='word_1_628' title='bbox 1945 3804 2000 3852; x_wconf 89' lang='lat' dir='ltr'><strong>et</strong></span> <span class='ocrx_word' id='word_1_629' title='bbox 2045 3796 2103 3851; x_wconf 90' lang='lat' dir='ltr'><strong>in</strong></span> 
     </span>
    </p>
   </div>
   <div class='ocr_carea' id='block_1_72' title="bbox 503 3882 2103 3955">
    <p class='ocr_par' dir='ltr' id='par_1_72' title="bbox 503 3882 2103 3955">
     <span class='ocr_line' id='line_1_72' title="bbox 503 3882 2103 3955; baseline 0.001 -17"><span class='ocrx_word' id='word_1_630' title='bbox 503 3899 614 3955; x_wconf 86' lang='lat' dir='ltr'><strong>quo</strong></span> <span class='ocrx_word' id='word_1_631' title='bbox 641 3885 788 3938; x_wconf 91' lang='lat' dir='ltr'><strong>Deus</strong></span> <span class='ocrx_word' id='word_1_632' title='bbox 816 3882 1024 3938; x_wconf 90' lang='lat' dir='ltr'><strong>habitat</strong></span> <span class='ocrx_word' id='word_1_633' title='bbox 1050 3890 1104 3938; x_wconf 89' lang='lat' dir='ltr'><strong>et</strong></span> <span class='ocrx_word' id='word_1_634' title='bbox 1121 3883 1241 3954; x_wconf 90' lang='lat' dir='ltr'><strong>ipse</strong></span> <span class='ocrx_word' id='word_1_635' title='bbox 1271 3883 1328 3938; x_wconf 92' lang='lat' dir='ltr'><strong>in</strong></span> <span class='ocrx_word' id='word_1_636' title='bbox 1356 3885 1493 3951; x_wconf 91' lang='lat' dir='ltr'><strong>Deo,</strong></span> <span class='ocrx_word' id='word_1_637' title='bbox 1525 3891 1575 3938; x_wconf 90' lang='lat' dir='ltr'><strong>et</strong></span> <span class='ocrx_word' id='word_1_638' title='bbox 1605 3883 1663 3938; x_wconf 92' lang='lat' dir='ltr'><strong>in</strong></span> <span class='ocrx_word' id='word_1_639' title='bbox 1689 3883 1782 3938; x_wconf 88' lang='lat' dir='ltr'><strong>tali</strong></span> <span class='ocrx_word' id='word_1_640' title='bbox 1805 3883 2022 3939; x_wconf 88' lang='lat' dir='ltr'><strong>homine</strong></span> <span class='ocrx_word' id='word_1_641' title='bbox 2044 3884 2103 3940; x_wconf 92' lang='lat' dir='ltr'><strong>in</strong></span> 
     </span>
    </p>
   </div>
   <div class='ocr_carea' id='block_1_73' title="bbox 502 3971 2102 4042">
    <p class='ocr_par' dir='ltr' id='par_1_73' title="bbox 502 3971 2102 4042">
     <span class='ocr_line' id='line_1_73' title="bbox 502 3971 2102 4042; baseline -0.001 -15"><span class='ocrx_word' id='word_1_642' title='bbox 502 3987 610 4042; x_wconf 90' lang='lat' dir='ltr'><strong>quo</strong></span> <span class='ocrx_word' id='word_1_643' title='bbox 638 3973 784 4027; x_wconf 89' lang='lat' dir='ltr'><strong>Deus</strong></span> <span class='ocrx_word' id='word_1_644' title='bbox 811 3971 1030 4037; x_wconf 87' lang='lat' dir='ltr'><strong>habitat,</strong></span> <span class='ocrx_word' id='word_1_645' title='bbox 1067 3979 1121 4026; x_wconf 90' lang='lat' dir='ltr'><strong>et</strong></span> <span class='ocrx_word' id='word_1_646' title='bbox 1147 3971 1240 4042; x_wconf 91' lang='lat' dir='ltr'><strong>qui</strong></span> <span class='ocrx_word' id='word_1_647' title='bbox 1267 3971 1324 4026; x_wconf 91' lang='lat' dir='ltr'><strong>in</strong></span> <span class='ocrx_word' id='word_1_648' title='bbox 1352 3972 1468 4027; x_wconf 93' lang='lat' dir='ltr'><strong>Deo</strong></span> <span class='ocrx_word' id='word_1_649' title='bbox 1488 3971 1711 4040; x_wconf 88' lang='lat' dir='ltr'><strong>habitat,</strong></span> <span class='ocrx_word' id='word_1_650' title='bbox 1743 3987 1852 4027; x_wconf 92' lang='lat' dir='ltr'><strong>non</strong></span> <span class='ocrx_word' id='word_1_651' title='bbox 1879 3972 2102 4027; x_wconf 88' lang='lat' dir='ltr'><strong>habebit</strong></span> 
     </span>
    </p>
   </div>
   <div class='ocr_carea' id='block_1_74' title="bbox 500 4059 2096 4132">
    <p class='ocr_par' dir='ltr' id='par_1_74' title="bbox 500 4059 2096 4132">
     <span class='ocr_line' id='line_1_74' title="bbox 500 4059 2096 4132; baseline -0.001 -16"><span class='ocrx_word' id='word_1_652' title='bbox 500 4068 785 4132; x_wconf 89' lang='lat' dir='ltr'><strong>peccatum</strong></span> <span class='ocrx_word' id='word_1_653' title='bbox 815 4067 867 4115; x_wconf 90' lang='lat' dir='ltr'><strong>et</strong></span> <span class='ocrx_word' id='word_1_654' title='bbox 895 4059 1106 4132; x_wconf 88' lang='lat' dir='ltr'><strong>peccati</strong></span> <span class='ocrx_word' id='word_1_655' title='bbox 1133 4067 1325 4116; x_wconf 90' lang='lat' dir='ltr'><strong>auctor</strong></span> <span class='ocrx_word' id='word_1_656' title='bbox 1353 4067 1516 4132; x_wconf 89' lang='lat' dir='ltr'><strong>atque</strong></span> <span class='ocrx_word' id='word_1_657' title='bbox 1545 4060 1783 4116; x_wconf 89' lang='lat' dir='ltr'><strong>hortator</strong></span> <span class='ocrx_word' id='word_1_658' title='bbox 1823 4059 2096 4130; x_wconf 88' lang='lat' dir='ltr'><strong>diabolus,</strong></span> 
     </span>
    </p>
   </div>
   <div class='ocr_carea' id='block_1_75' title="bbox 501 4148 2100 4220">
    <p class='ocr_par' dir='ltr' id='par_1_75' title="bbox 501 4148 2100 4220">
     <span class='ocr_line' id='line_1_75' title="bbox 501 4148 2100 4220; baseline 0.001 -18"><span class='ocrx_word' id='word_1_659' title='bbox 501 4149 886 4205; x_wconf 89' lang='lat' dir='ltr'><strong>damnabiliter</strong></span> <span class='ocrx_word' id='word_1_660' title='bbox 913 4148 1132 4220; x_wconf 70' lang='lat' dir='ltr'><strong>locum;</strong></span> <span class='ocrx_word' id='word_1_661' title='bbox 1163 4157 1217 4204; x_wconf 89' lang='lat' dir='ltr'><strong>et</strong></span> <span class='ocrx_word' id='word_1_662' title='bbox 1247 4148 1295 4204; x_wconf 93' lang='lat' dir='ltr'><strong>si</strong></span> <span class='ocrx_word' id='word_1_663' title='bbox 1343 4149 1420 4204; x_wconf 89' lang='lat' dir='ltr'><strong>ita</strong></span> <span class='ocrx_word' id='word_1_664' title='bbox 1463 4149 1914 4220; x_wconf 89' lang='lat' dir='ltr'><strong>perseveraverit,</strong></span> <span class='ocrx_word' id='word_1_665' title='bbox 1974 4157 2100 4220; x_wconf 91' lang='lat' dir='ltr'><strong>post</strong></span> 
     </span>
    </p>
   </div>
   <div class='ocr_carea' id='block_1_76' title="bbox 498 4237 2098 4312">
    <p class='ocr_par' dir='ltr' id='par_1_76' title="bbox 498 4237 2098 4312">
     <span class='ocr_line' id='line_1_76' title="bbox 498 4237 2098 4312; baseline 0 -20"><span class='ocrx_word' id='word_1_666' title='bbox 498 4247 728 4294; x_wconf 92' lang='lat' dir='ltr'><strong>mortem</strong></span> <span class='ocrx_word' id='word_1_667' title='bbox 755 4238 812 4293; x_wconf 92' lang='lat' dir='ltr'><strong>in</strong></span> <span class='ocrx_word' id='word_1_668' title='bbox 839 4237 1130 4312; x_wconf 89' lang='lat' dir='ltr'><strong>refrigerio</strong></span> <span class='ocrx_word' id='word_1_669' title='bbox 1186 4238 1307 4305; x_wconf 89' lang='lat' dir='ltr'><strong>erit,</strong></span> <span class='ocrx_word' id='word_1_670' title='bbox 1368 4245 1423 4294; x_wconf 90' lang='lat' dir='ltr'><strong>et</strong></span> <span class='ocrx_word' id='word_1_671' title='bbox 1476 4246 1600 4309; x_wconf 90' lang='lat' dir='ltr'><strong>post</strong></span> <span class='ocrx_word' id='word_1_672' title='bbox 1645 4237 2098 4294; x_wconf 88' lang='lat' dir='ltr'><strong>resurrectionem</strong></span> 
     </span>
    </p>
   </div>
   <div class='ocr_carea' id='block_1_77' title="bbox 493 4326 2098 4398">
    <p class='ocr_par' dir='ltr' id='par_1_77' title="bbox 493 4326 2098 4398">
     <span class='ocr_line' id='line_1_77' title="bbox 493 4326 2098 4398; baseline -0.001 -16"><span class='ocrx_word' id='word_1_673' title='bbox 493 4327 558 4382; x_wconf 91' lang='lat' dir='ltr'><strong>in</strong></span> <span class='ocrx_word' id='word_1_674' title='bbox 588 4335 902 4382; x_wconf 89' lang='lat' dir='ltr'><strong>sanctorum</strong></span> <span class='ocrx_word' id='word_1_675' title='bbox 929 4327 1250 4398; x_wconf 77' lang='lat' dir='ltr'><strong>angelorum</strong></span> <span class='ocrx_word' id='word_1_676' title='bbox 1281 4327 1555 4382; x_wconf 90' lang='lat' dir='ltr'><strong>consortio</strong></span> <span class='ocrx_word' id='word_1_677' title='bbox 1583 4343 1709 4383; x_wconf 90' lang='lat' dir='ltr'><strong>cum</strong></span> <span class='ocrx_word' id='word_1_678' title='bbox 1737 4327 1951 4382; x_wconf 92' lang='lat' dir='ltr'><strong>Christo</strong></span> <span class='ocrx_word' id='word_1_679' title='bbox 1979 4326 2098 4381; x_wconf 91' lang='lat' dir='ltr'><strong>sine</strong></span> 
     </span>
    </p>
   </div>
   <div class='ocr_carea' id='block_1_78' title="bbox 497 4412 2164 4488">
    <p class='ocr_par' dir='ltr' id='par_1_78' title="bbox 497 4412 2164 4488">
     <span class='ocr_line' id='line_1_78' title="bbox 497 4412 2164 4488; baseline 0 -20"><span class='ocrx_word' id='word_1_680' title='bbox 497 4413 608 4470; x_wconf 86' lang='lat' dir='ltr'><strong>ﬁne</strong></span> <span class='ocrx_word' id='word_1_681' title='bbox 633 4414 906 4488; x_wconf 80' lang='lat' dir='ltr'><strong>regnabit.</strong></span> <span class='ocrx_word' id='word_1_682' title='bbox 939 4415 1009 4468; x_wconf 92' lang='lat' dir='ltr'><strong>Et</strong></span> <span class='ocrx_word' id='word_1_683' title='bbox 1033 4415 1201 4469; x_wconf 89' lang='lat' dir='ltr'><strong>nolite</strong></span> <span class='ocrx_word' id='word_1_684' title='bbox 1223 4430 1448 4485; x_wconf 87' lang='lat' dir='ltr'><strong>sperare</strong></span> <span class='ocrx_word' id='word_1_685' title='bbox 1475 4414 1598 4486; x_wconf 89' lang='lat' dir='ltr'><strong>quia</strong></span> <span class='ocrx_word' id='word_1_686' title='bbox 1643 4422 1851 4470; x_wconf 91' lang='lat' dir='ltr'><strong>tantum</strong></span> <span class='ocrx_word' id='word_1_687' title='bbox 1879 4414 1949 4468; x_wconf 90' lang='lat' dir='ltr'><strong>ad</strong></span> <span class='ocrx_word' id='word_1_688' title='bbox 1990 4422 2085 4470; x_wconf 89' lang='lat' dir='ltr'><strong>ter-</strong></span> <span class='ocrx_word' id='word_1_689' title='bbox 2106 4412 2164 4478; x_wconf 95' lang='lat' dir='ltr'><strong>D</strong></span> 
     </span>
    </p>
   </div>
   <div class='ocr_carea' id='block_1_79' title="bbox 497 4501 2086 4568">
    <p class='ocr_par' dir='ltr' id='par_1_79' title="bbox 497 4501 2086 4568">
     <span class='ocr_line' id='line_1_79' title="bbox 497 4501 2086 4568; baseline -0.001 -10"><span class='ocrx_word' id='word_1_690' title='bbox 497 4519 682 4558; x_wconf 91' lang='lat' dir='ltr'><strong>rorem</strong></span> <span class='ocrx_word' id='word_1_691' title='bbox 735 4509 992 4568; x_wconf 89' lang='lat' dir='ltr'><strong>vestrum,</strong></span> <span class='ocrx_word' id='word_1_692' title='bbox 1062 4509 1115 4556; x_wconf 88' lang='lat' dir='ltr'><strong>et</strong></span> <span class='ocrx_word' id='word_1_693' title='bbox 1167 4516 1277 4556; x_wconf 89' lang='lat' dir='ltr'><strong>non</strong></span> <span class='ocrx_word' id='word_1_694' title='bbox 1335 4517 1402 4556; x_wconf 89' lang='lat' dir='ltr'><strong>ex</strong></span> <span class='ocrx_word' id='word_1_695' title='bbox 1447 4502 1676 4558; x_wconf 88' lang='lat' dir='ltr'><strong>veritate</strong></span> <span class='ocrx_word' id='word_1_696' title='bbox 1730 4503 1835 4558; x_wconf 89' lang='lat' dir='ltr'><strong>hoc</strong></span> <span class='ocrx_word' id='word_1_697' title='bbox 1889 4501 2086 4558; x_wconf 87' lang='lat' dir='ltr'><strong>dicam.</strong></span> 
     </span>
    </p>
   </div>
   <div class='ocr_carea' id='block_1_80' title="bbox 494 4589 2090 4661">
    <p class='ocr_par' dir='ltr' id='par_1_80' title="bbox 494 4589 2090 4661">
     <span class='ocr_line' id='line_1_80' title="bbox 494 4589 2090 4661; baseline 0.001 -16"><span class='ocrx_word' id='word_1_698' title='bbox 494 4591 670 4647; x_wconf 88' lang='lat' dir='ltr'><strong>Testis</strong></span> <span class='ocrx_word' id='word_1_699' title='bbox 691 4599 774 4646; x_wconf 90' lang='lat' dir='ltr'><strong>est</strong></span> <span class='ocrx_word' id='word_1_700' title='bbox 796 4593 946 4646; x_wconf 90' lang='lat' dir='ltr'><strong>Deus</strong></span> <span class='ocrx_word' id='word_1_701' title='bbox 975 4589 1100 4661; x_wconf 89' lang='lat' dir='ltr'><strong>quia</strong></span> <span class='ocrx_word' id='word_1_702' title='bbox 1128 4589 1266 4645; x_wconf 91' lang='lat' dir='ltr'><strong>sicut</strong></span> <span class='ocrx_word' id='word_1_703' title='bbox 1295 4606 1362 4646; x_wconf 90' lang='lat' dir='ltr'><strong>ex</strong></span> <span class='ocrx_word' id='word_1_704' title='bbox 1390 4605 1487 4646; x_wconf 90' lang='lat' dir='ltr'><strong>ore</strong></span> <span class='ocrx_word' id='word_1_705' title='bbox 1516 4590 1615 4646; x_wconf 91' lang='lat' dir='ltr'><strong>Dei</strong></span> <span class='ocrx_word' id='word_1_706' title='bbox 1646 4607 1748 4661; x_wconf 89' lang='lat' dir='ltr'><strong>per</strong></span> <span class='ocrx_word' id='word_1_707' title='bbox 1779 4589 2090 4661; x_wconf 86' lang='lat' dir='ltr'><strong>Scripturas</strong></span> 
     </span>
    </p>
   </div>
   <div class='ocr_carea' id='block_1_81' title="bbox 498 4678 2090 4750">
    <p class='ocr_par' dir='ltr' id='par_1_81' title="bbox 498 4678 2090 4750">
     <span class='ocr_line' id='line_1_81' title="bbox 498 4678 2090 4750; baseline 0 -16"><span class='ocrx_word' id='word_1_708' title='bbox 498 4681 706 4750; x_wconf 89' lang='lat' dir='ltr'><strong>accepi,</strong></span> <span class='ocrx_word' id='word_1_709' title='bbox 738 4680 814 4734; x_wconf 88' lang='lat' dir='ltr'><strong>ita</strong></span> <span class='ocrx_word' id='word_1_710' title='bbox 833 4688 885 4736; x_wconf 87' lang='lat' dir='ltr'><strong>et</strong></span> <span class='ocrx_word' id='word_1_711' title='bbox 913 4679 1004 4736; x_wconf 91' lang='lat' dir='ltr'><strong>hic</strong></span> <span class='ocrx_word' id='word_1_712' title='bbox 1032 4679 1102 4734; x_wconf 89' lang='lat' dir='ltr'><strong>ad</strong></span> <span class='ocrx_word' id='word_1_713' title='bbox 1161 4678 1388 4734; x_wconf 89' lang='lat' dir='ltr'><strong>salutem</strong></span> <span class='ocrx_word' id='word_1_714' title='bbox 1435 4686 1488 4734; x_wconf 89' lang='lat' dir='ltr'><strong>et</strong></span> <span class='ocrx_word' id='word_1_715' title='bbox 1544 4679 1943 4735; x_wconf 89' lang='lat' dir='ltr'><strong>correctionem</strong></span> <span class='ocrx_word' id='word_1_716' title='bbox 1995 4695 2090 4735; x_wconf 85' lang='lat' dir='ltr'><strong>ve-</strong></span> 
     </span>
    </p>
   </div>
   <div class='ocr_carea' id='block_1_82' title="bbox 498 4765 2087 4838">
    <p class='ocr_par' dir='ltr' id='par_1_82' title="bbox 498 4765 2087 4838">
     <span class='ocr_line' id='line_1_82' title="bbox 498 4765 2087 4838; baseline 0.002 -18"><span class='ocrx_word' id='word_1_717' title='bbox 498 4773 664 4821; x_wconf 88' lang='lat' dir='ltr'><strong>stram</strong></span> <span class='ocrx_word' id='word_1_718' title='bbox 695 4767 906 4837; x_wconf 88' lang='lat' dir='ltr'><strong>scripsi.</strong></span> <span class='ocrx_word' id='word_1_719' title='bbox 939 4769 1008 4823; x_wconf 91' lang='lat' dir='ltr'><strong>Et</strong></span> <span class='ocrx_word' id='word_1_720' title='bbox 1055 4767 1240 4823; x_wconf 88' lang='lat' dir='ltr'><strong>sciatis</strong></span> <span class='ocrx_word' id='word_1_721' title='bbox 1269 4767 1399 4838; x_wconf 89' lang='lat' dir='ltr'><strong>quia</strong></span> <span class='ocrx_word' id='word_1_722' title='bbox 1428 4765 1534 4821; x_wconf 90' lang='lat' dir='ltr'><strong>nisi</strong></span> <span class='ocrx_word' id='word_1_723' title='bbox 1587 4782 1686 4823; x_wconf 88' lang='lat' dir='ltr'><strong>vos</strong></span> <span class='ocrx_word' id='word_1_724' title='bbox 1741 4766 2087 4823; x_wconf 88' lang='lat' dir='ltr'><strong>correxeritis</strong></span> 
     </span>
    </p>
   </div>
   <div class='ocr_carea' id='block_1_83' title="bbox 497 4854 2086 4927">
    <p class='ocr_par' dir='ltr' id='par_1_83' title="bbox 497 4854 2086 4927">
     <span class='ocr_line' id='line_1_83' title="bbox 497 4854 2086 4927; baseline 0.002 -19"><span class='ocrx_word' id='word_1_725' title='bbox 497 4862 557 4909; x_wconf 93' lang='lat' dir='ltr'><strong>ut</strong></span> <span class='ocrx_word' id='word_1_726' title='bbox 584 4855 686 4909; x_wconf 90' lang='lat' dir='ltr'><strong>ista</strong></span> <span class='ocrx_word' id='word_1_727' title='bbox 721 4855 863 4910; x_wconf 90' lang='lat' dir='ltr'><strong>mala</strong></span> <span class='ocrx_word' id='word_1_728' title='bbox 891 4855 1186 4924; x_wconf 87' lang='lat' dir='ltr'><strong>dimittatis,</strong></span> <span class='ocrx_word' id='word_1_729' title='bbox 1247 4871 1439 4911; x_wconf 90' lang='lat' dir='ltr'><strong>omnes</strong></span> <span class='ocrx_word' id='word_1_730' title='bbox 1470 4854 1644 4927; x_wconf 91' lang='lat' dir='ltr'><strong>quiin</strong></span> <span class='ocrx_word' id='word_1_731' title='bbox 1681 4855 1786 4910; x_wconf 87' lang='lat' dir='ltr'><strong>ista</strong></span> <span class='ocrx_word' id='word_1_732' title='bbox 1836 4871 1958 4911; x_wconf 91' lang='lat' dir='ltr'><strong>mea</strong></span> <span class='ocrx_word' id='word_1_733' title='bbox 1984 4871 2086 4927; x_wconf 87' lang='lat' dir='ltr'><strong>pa-</strong></span> 
     </span>
    </p>
   </div>
   <div class='ocr_carea' id='block_1_84' title="bbox 495 4942 2088 5014">
    <p class='ocr_par' dir='ltr' id='par_1_84' title="bbox 495 4942 2088 5014">
     <span class='ocr_line' id='line_1_84' title="bbox 495 4942 2088 5014; baseline 0 -16"><span class='ocrx_word' id='word_1_734' title='bbox 495 4942 682 4998; x_wconf 87' lang='lat' dir='ltr'><strong>rochia</strong></span> <span class='ocrx_word' id='word_1_735' title='bbox 699 4942 804 4996; x_wconf 88' lang='lat' dir='ltr'><strong>ista</strong></span> <span class='ocrx_word' id='word_1_736' title='bbox 831 4943 977 4998; x_wconf 89' lang='lat' dir='ltr'><strong>mala</strong></span> <span class='ocrx_word' id='word_1_737' title='bbox 1003 4943 1180 4999; x_wconf 89' lang='lat' dir='ltr'><strong>facitis</strong></span> <span class='ocrx_word' id='word_1_738' title='bbox 1217 4942 1718 5010; x_wconf 86' lang='lat' dir='ltr'><strong>excommunicabo,</strong></span> <span class='ocrx_word' id='word_1_739' title='bbox 1765 4951 1821 4998; x_wconf 90' lang='lat' dir='ltr'><strong>et</strong></span> <span class='ocrx_word' id='word_1_740' title='bbox 1857 4943 2088 5014; x_wconf 86' lang='lat' dir='ltr'><strong>presby-</strong></span> 
     </span>
    </p>
   </div>
   <div class='ocr_carea' id='block_1_85' title="bbox 494 5031 2082 5099">
    <p class='ocr_par' dir='ltr' id='par_1_85' title="bbox 494 5031 2082 5099">
     <span class='ocr_line' id='line_1_85' title="bbox 494 5031 2082 5099; baseline 0.001 -12"><span class='ocrx_word' id='word_1_741' title='bbox 494 5031 624 5087; x_wconf 88' lang='lat' dir='ltr'><strong>teris</strong></span> <span class='ocrx_word' id='word_1_742' title='bbox 633 5031 907 5086; x_wconf 88' lang='lat' dir='ltr'><strong>mandabo</strong></span> <span class='ocrx_word' id='word_1_743' title='bbox 927 5039 984 5086; x_wconf 92' lang='lat' dir='ltr'><strong>ut</strong></span> <span class='ocrx_word' id='word_1_744' title='bbox 1005 5031 1138 5086; x_wconf 91' lang='lat' dir='ltr'><strong>nulli</strong></span> <span class='ocrx_word' id='word_1_745' title='bbox 1153 5032 1590 5088; x_wconf 86' lang='lat' dir='ltr'><strong>communionem</strong></span> <span class='ocrx_word' id='word_1_746' title='bbox 1612 5031 1848 5087; x_wconf 90' lang='lat' dir='ltr'><strong>scienter</strong></span> <span class='ocrx_word' id='word_1_747' title='bbox 1861 5033 2082 5099; x_wconf 91' lang='lat' dir='ltr'><strong>donent,</strong></span> 
     </span>
    </p>
   </div>
   <div class='ocr_carea' id='block_1_86' title="bbox 497 5119 2086 5191">
    <p class='ocr_par' dir='ltr' id='par_1_86' title="bbox 497 5119 2086 5191">
     <span class='ocr_line' id='line_1_86' title="bbox 497 5119 2086 5191; baseline 0.001 -17"><span class='ocrx_word' id='word_1_748' title='bbox 497 5119 590 5191; x_wconf 90' lang='lat' dir='ltr'><strong>qui</strong></span> <span class='ocrx_word' id='word_1_749' title='bbox 618 5119 723 5174; x_wconf 90' lang='lat' dir='ltr'><strong>ista</strong></span> <span class='ocrx_word' id='word_1_750' title='bbox 749 5119 892 5175; x_wconf 88' lang='lat' dir='ltr'><strong>mala</strong></span> <span class='ocrx_word' id='word_1_751' title='bbox 919 5127 1042 5191; x_wconf 91' lang='lat' dir='ltr'><strong>post</strong></span> <span class='ocrx_word' id='word_1_752' title='bbox 1068 5119 1228 5174; x_wconf 89' lang='lat' dir='ltr'><strong>istam</strong></span> <span class='ocrx_word' id='word_1_753' title='bbox 1269 5119 1696 5176; x_wconf 89' lang='lat' dir='ltr'><strong>admonitionem</strong></span> <span class='ocrx_word' id='word_1_754' title='bbox 1743 5121 2000 5176; x_wconf 88' lang='lat' dir='ltr'><strong>relectam</strong></span> <span class='ocrx_word' id='word_1_755' title='bbox 2030 5121 2086 5176; x_wconf 92' lang='lat' dir='ltr'><strong>in</strong></span> 
     </span>
    </p>
   </div>
   <div class='ocr_carea' id='block_1_87' title="bbox 495 5208 2084 5280">
    <p class='ocr_par' dir='ltr' id='par_1_87' title="bbox 495 5208 2084 5280">
     <span class='ocr_line' id='line_1_87' title="bbox 495 5208 2084 5280; baseline 0.001 -17"><span class='ocrx_word' id='word_1_756' title='bbox 495 5225 618 5264; x_wconf 90' lang='lat' dir='ltr'><strong>mea</strong></span> <span class='ocrx_word' id='word_1_757' title='bbox 646 5208 906 5280; x_wconf 87' lang='lat' dir='ltr'><strong>parochia</strong></span> <span class='ocrx_word' id='word_1_758' title='bbox 935 5208 1143 5278; x_wconf 90' lang='lat' dir='ltr'><strong>fecerit,</strong></span> <span class='ocrx_word' id='word_1_759' title='bbox 1173 5225 1351 5279; x_wconf 90' lang='lat' dir='ltr'><strong>neque</strong></span> <span class='ocrx_word' id='word_1_760' title='bbox 1395 5209 1471 5262; x_wconf 92' lang='lat' dir='ltr'><strong>illi</strong></span> <span class='ocrx_word' id='word_1_761' title='bbox 1499 5209 1592 5280; x_wconf 92' lang='lat' dir='ltr'><strong>qui</strong></span> <span class='ocrx_word' id='word_1_762' title='bbox 1637 5208 1858 5265; x_wconf 90' lang='lat' dir='ltr'><strong>facienti</strong></span> <span class='ocrx_word' id='word_1_763' title='bbox 1892 5209 2084 5264; x_wconf 90' lang='lat' dir='ltr'><strong>volun-</strong></span> 
     </span>
    </p>
   </div>
   <div class='ocr_carea' id='block_1_88' title="bbox 495 5295 2085 5366">
    <p class='ocr_par' dir='ltr' id='par_1_88' title="bbox 495 5295 2085 5366">
     <span class='ocr_line' id='line_1_88' title="bbox 495 5295 2085 5366; baseline 0.002 -16"><span class='ocrx_word' id='word_1_764' title='bbox 495 5296 630 5352; x_wconf 85' lang='lat' dir='ltr'><strong>tarie</strong></span> <span class='ocrx_word' id='word_1_765' title='bbox 658 5296 1099 5366; x_wconf 87' lang='lat' dir='ltr'><strong>communicavit,</strong></span> <span class='ocrx_word' id='word_1_766' title='bbox 1130 5304 1223 5352; x_wconf 89' lang='lat' dir='ltr'><strong>aut</strong></span> <span class='ocrx_word' id='word_1_767' title='bbox 1250 5295 1466 5353; x_wconf 88' lang='lat' dir='ltr'><strong>facienti</strong></span> <span class='ocrx_word' id='word_1_768' title='bbox 1503 5297 1648 5353; x_wconf 86' lang='lat' dir='ltr'><strong>mala</strong></span> <span class='ocrx_word' id='word_1_769' title='bbox 1689 5298 1982 5354; x_wconf 90' lang='lat' dir='ltr'><strong>consensit.</strong></span> <span class='ocrx_word' id='word_1_770' title='bbox 2017 5299 2085 5353; x_wconf 87' lang='lat' dir='ltr'><strong>Et</strong></span> 
     </span>
    </p>
   </div>
   <div class='ocr_carea' id='block_1_89' title="bbox 494 5385 2084 5460">
    <p class='ocr_par' dir='ltr' id='par_1_89' title="bbox 494 5385 2084 5460">
     <span class='ocr_line' id='line_1_89' title="bbox 494 5385 2084 5460; baseline 0.002 -21"><span class='ocrx_word' id='word_1_771' title='bbox 494 5386 745 5442; x_wconf 90' lang='lat' dir='ltr'><strong>omnibus</strong></span> <span class='ocrx_word' id='word_1_772' title='bbox 774 5386 845 5442; x_wconf 88' lang='lat' dir='ltr'><strong>ad</strong></span> <span class='ocrx_word' id='word_1_773' title='bbox 871 5385 1306 5442; x_wconf 90' lang='lat' dir='ltr'><strong>communionem</strong></span> <span class='ocrx_word' id='word_1_774' title='bbox 1363 5387 1746 5443; x_wconf 89' lang='lat' dir='ltr'><strong>accedentibus</strong></span> <span class='ocrx_word' id='word_1_775' title='bbox 1799 5387 2084 5460; x_wconf 81' lang='lat' dir='ltr'><strong>presbyter</strong></span> 
     </span>
    </p>
   </div>
   <div class='ocr_carea' id='block_1_90' title="bbox 496 5481 2082 5555">
    <p class='ocr_par' dir='ltr' id='par_1_90' title="bbox 496 5481 2082 5555">
     <span class='ocr_line' id='line_1_90' title="bbox 496 5481 2082 5555; baseline 0.001 -17"><span class='ocrx_word' id='word_1_776' title='bbox 496 5481 836 5555; x_wconf 84' lang='lat' dir='ltr'><strong>quiscunque</strong></span> <span class='ocrx_word' id='word_1_777' title='bbox 863 5483 1170 5549; x_wconf 87' lang='lat' dir='ltr'><strong>denuntiet,</strong></span> <span class='ocrx_word' id='word_1_778' title='bbox 1203 5489 1262 5538; x_wconf 92' lang='lat' dir='ltr'><strong>ut</strong></span> <span class='ocrx_word' id='word_1_779' title='bbox 1289 5482 1380 5555; x_wconf 90' lang='lat' dir='ltr'><strong>qui</strong></span> <span class='ocrx_word' id='word_1_780' title='bbox 1411 5491 1535 5554; x_wconf 91' lang='lat' dir='ltr'><strong>post</strong></span> <span class='ocrx_word' id='word_1_781' title='bbox 1561 5483 1723 5540; x_wconf 89' lang='lat' dir='ltr'><strong>istam</strong></span> <span class='ocrx_word' id='word_1_782' title='bbox 1750 5483 2082 5541; x_wconf 89' lang='lat' dir='ltr'><strong>admonitio-</strong></span> 
     </span>
    </p>
   </div>
   <div class='ocr_carea' id='block_1_91' title="bbox 2206 3445 3800 3519">
    <p class='ocr_par' dir='ltr' id='par_1_91' title="bbox 2206 3445 3800 3519">
     <span class='ocr_line' id='line_1_91' title="bbox 2206 3445 3800 3519; baseline 0.003 -19"><span class='ocrx_word' id='word_1_783' title='bbox 2206 3445 2302 3501; x_wconf 90' lang='lat' dir='ltr'><strong>tris</strong></span> <span class='ocrx_word' id='word_1_784' title='bbox 2330 3462 2397 3502; x_wconf 89' lang='lat' dir='ltr'><strong>ac</strong></span> <span class='ocrx_word' id='word_1_785' title='bbox 2425 3447 2626 3502; x_wconf 87' lang='lat' dir='ltr'><strong>vestris</strong></span> <span class='ocrx_word' id='word_1_786' title='bbox 2653 3448 2932 3519; x_wconf 87' lang='lat' dir='ltr'><strong>peccatis;</strong></span> <span class='ocrx_word' id='word_1_787' title='bbox 2984 3456 3038 3504; x_wconf 92' lang='lat' dir='ltr'><strong>et</strong></span> <span class='ocrx_word' id='word_1_788' title='bbox 3067 3464 3166 3504; x_wconf 92' lang='lat' dir='ltr'><strong>vos</strong></span> <span class='ocrx_word' id='word_1_789' title='bbox 3196 3449 3359 3504; x_wconf 89' lang='lat' dir='ltr'><strong>etiam</strong></span> <span class='ocrx_word' id='word_1_790' title='bbox 3380 3448 3604 3518; x_wconf 90' lang='lat' dir='ltr'><strong>judicati</strong></span> <span class='ocrx_word' id='word_1_791' title='bbox 3623 3447 3800 3515; x_wconf 90' lang='lat' dir='ltr'><strong>eritis,</strong></span> 
     </span>
    </p>
   </div>
   <div class='ocr_carea' id='block_1_92' title="bbox 2203 3534 3806 3608">
    <p class='ocr_par' dir='ltr' id='par_1_92' title="bbox 2203 3534 3806 3608">
     <span class='ocr_line' id='line_1_92' title="bbox 2203 3534 3806 3608; baseline 0.002 -20"><span class='ocrx_word' id='word_1_792' title='bbox 2203 3549 2315 3589; x_wconf 91' lang='lat' dir='ltr'><strong>non</strong></span> <span class='ocrx_word' id='word_1_793' title='bbox 2342 3534 2518 3590; x_wconf 91' lang='lat' dir='ltr'><strong>solum</strong></span> <span class='ocrx_word' id='word_1_794' title='bbox 2545 3535 2614 3590; x_wconf 91' lang='lat' dir='ltr'><strong>de</strong></span> <span class='ocrx_word' id='word_1_795' title='bbox 2669 3536 2910 3606; x_wconf 88' lang='lat' dir='ltr'><strong>peccatis</strong></span> <span class='ocrx_word' id='word_1_796' title='bbox 2939 3553 3060 3607; x_wconf 68' lang='lat' dir='ltr'><strong>quas</strong></span> <span class='ocrx_word' id='word_1_797' title='bbox 3109 3535 3340 3602; x_wconf 88' lang='lat' dir='ltr'><strong>fecistis,</strong></span> <span class='ocrx_word' id='word_1_798' title='bbox 3373 3544 3427 3592; x_wconf 88' lang='lat' dir='ltr'><strong>et</strong></span> <span class='ocrx_word' id='word_1_799' title='bbox 3469 3553 3577 3592; x_wconf 89' lang='lat' dir='ltr'><strong>non</strong></span> <span class='ocrx_word' id='word_1_800' title='bbox 3628 3536 3806 3608; x_wconf 72' lang='lat' dir='ltr'><strong>poeni-</strong></span> 
     </span>
    </p>
   </div>
   <div class='ocr_carea' id='block_1_93' title="bbox 2203 3622 3802 3697">
    <p class='ocr_par' dir='ltr' id='par_1_93' title="bbox 2203 3622 3802 3697">
     <span class='ocr_line' id='line_1_93' title="bbox 2203 3622 3802 3697; baseline 0.002 -21"><span class='ocrx_word' id='word_1_801' title='bbox 2203 3622 2400 3692; x_wconf 89' lang='lat' dir='ltr'><strong>tuistis,</strong></span> <span class='ocrx_word' id='word_1_802' title='bbox 2435 3623 2532 3678; x_wconf 88' lang='lat' dir='ltr'><strong>sed</strong></span> <span class='ocrx_word' id='word_1_803' title='bbox 2563 3623 2724 3678; x_wconf 89' lang='lat' dir='ltr'><strong>etiam</strong></span> <span class='ocrx_word' id='word_1_804' title='bbox 2739 3624 2808 3679; x_wconf 91' lang='lat' dir='ltr'><strong>de</strong></span> <span class='ocrx_word' id='word_1_805' title='bbox 2853 3625 3308 3680; x_wconf 88' lang='lat' dir='ltr'><strong>admonitionibus</strong></span> <span class='ocrx_word' id='word_1_806' title='bbox 3339 3633 3392 3680; x_wconf 92' lang='lat' dir='ltr'><strong>et</strong></span> <span class='ocrx_word' id='word_1_807' title='bbox 3423 3624 3802 3697; x_wconf 83' lang='lat' dir='ltr'><strong>castigationi-</strong></span> 
     </span>
    </p>
   </div>
   <div class='ocr_carea' id='block_1_94' title="bbox 2203 3704 3804 3785">
    <p class='ocr_par' dir='ltr' id='par_1_94' title="bbox 2203 3704 3804 3785">
     <span class='ocr_line' id='line_1_94' title="bbox 2203 3704 3804 3785; baseline 0.003 -21"><span class='ocrx_word' id='word_1_808' title='bbox 2203 3704 2306 3765; x_wconf 82' lang='lat' dir='ltr'><strong>bus</strong></span> <span class='ocrx_word' id='word_1_809' title='bbox 2335 3727 2471 3782; x_wconf 91' lang='lat' dir='ltr'><strong>quas</strong></span> <span class='ocrx_word' id='word_1_810' title='bbox 2497 3712 2922 3784; x_wconf 89' lang='lat' dir='ltr'><strong>contempsistis.</strong></span> <span class='ocrx_word' id='word_1_811' title='bbox 2971 3713 3120 3768; x_wconf 90' lang='lat' dir='ltr'><strong>Deus</strong></span> <span class='ocrx_word' id='word_1_812' title='bbox 3148 3713 3515 3785; x_wconf 91' lang='lat' dir='ltr'><strong>omnipotens,</strong></span> <span class='ocrx_word' id='word_1_813' title='bbox 3576 3713 3667 3784; x_wconf 87' lang='lat' dir='ltr'><strong>qui</strong></span> <span class='ocrx_word' id='word_1_814' title='bbox 3695 3729 3804 3784; x_wconf 88' lang='lat' dir='ltr'><strong>per</strong></span> 
     </span>
    </p>
   </div>
   <div class='ocr_carea' id='block_1_95' title="bbox 2201 3798 3801 3874">
    <p class='ocr_par' dir='ltr' id='par_1_95' title="bbox 2201 3798 3801 3874">
     <span class='ocr_line' id='line_1_95' title="bbox 2201 3798 3801 3874; baseline 0.003 -21"><span class='ocrx_word' id='word_1_815' title='bbox 2201 3814 2290 3854; x_wconf 90' lang='lat' dir='ltr'><strong>me</strong></span> <span class='ocrx_word' id='word_1_816' title='bbox 2316 3798 2417 3854; x_wconf 89' lang='lat' dir='ltr'><strong>ista</strong></span> <span class='ocrx_word' id='word_1_817' title='bbox 2444 3799 2684 3872; x_wconf 88' lang='lat' dir='ltr'><strong>loquitur</strong></span> <span class='ocrx_word' id='word_1_818' title='bbox 2728 3800 2786 3856; x_wconf 91' lang='lat' dir='ltr'><strong>in</strong></span> <span class='ocrx_word' id='word_1_819' title='bbox 2838 3801 3058 3857; x_wconf 90' lang='lat' dir='ltr'><strong>auribus</strong></span> <span class='ocrx_word' id='word_1_820' title='bbox 3087 3803 3304 3870; x_wconf 88' lang='lat' dir='ltr'><strong>vestris,</strong></span> <span class='ocrx_word' id='word_1_821' title='bbox 3335 3817 3438 3874; x_wconf 87' lang='lat' dir='ltr'><strong>per</strong></span> <span class='ocrx_word' id='word_1_822' title='bbox 3465 3816 3527 3857; x_wconf 88' lang='lat' dir='ltr'><strong>se</strong></span> <span class='ocrx_word' id='word_1_823' title='bbox 3553 3801 3673 3858; x_wconf 66' lang='lat' dir='ltr'><strong>hac</strong></span> <span class='ocrx_word' id='word_1_824' title='bbox 3715 3801 3801 3857; x_wconf 85' lang='lat' dir='ltr'><strong>lo-</strong></span> 
     </span>
    </p>
   </div>
   <div class='ocr_carea' id='block_1_96' title="bbox 2202 3887 3009 3958">
    <p class='ocr_par' dir='ltr' id='par_1_96' title="bbox 2202 3887 3009 3958">
     <span class='ocr_line' id='line_1_96' title="bbox 2202 3887 3009 3958; baseline 0.004 -17"><span class='ocrx_word' id='word_1_825' title='bbox 2202 3895 2397 3958; x_wconf 89' lang='lat' dir='ltr'><strong>quatur</strong></span> <span class='ocrx_word' id='word_1_826' title='bbox 2422 3887 2480 3942; x_wconf 91' lang='lat' dir='ltr'><strong>in</strong></span> <span class='ocrx_word' id='word_1_827' title='bbox 2508 3889 2765 3944; x_wconf 90' lang='lat' dir='ltr'><strong>cordibus</strong></span> <span class='ocrx_word' id='word_1_828' title='bbox 2792 3889 3009 3946; x_wconf 88' lang='lat' dir='ltr'><strong>vestris.</strong></span> 
     </span>
    </p>
   </div>
   <div class='ocr_carea' id='block_1_97' title="bbox 2707 4039 3370 4097">
    <p class='ocr_par' dir='ltr' id='par_1_97' title="bbox 2707 4039 3370 4097">
     <span class='ocr_line' id='line_1_97' title="bbox 2707 4039 3370 4097; baseline -0.002 -1"><span class='ocrx_word' id='word_1_829' title='bbox 2707 4039 3050 4097; x_wconf 84' lang='lat' dir='ltr'><strong>EPISTOLA</strong></span> <span class='ocrx_word' id='word_1_830' title='bbox 3086 4039 3286 4096; x_wconf 80' lang='lat' dir='ltr'><strong>XVIII.</strong></span> <span class='ocrx_word' id='word_1_831' title='bbox 3364 4064 3370 4073; x_wconf 88' lang='lat'><strong><em>-</em></strong></span> 
     </span>
    </p>
   </div>
   <div class='ocr_carea' id='block_1_98' title="bbox 2375 4169 3574 4213">
    <p class='ocr_par' dir='ltr' id='par_1_98' title="bbox 2375 4169 3574 4213">
     <span class='ocr_line' id='line_1_98' title="bbox 2375 4169 3574 4213; baseline 0.003 -4"><span class='ocrx_word' id='word_1_832' title='bbox 2375 4169 2459 4212; x_wconf 79' lang='lat' dir='ltr'><strong>AD</strong></span> <span class='ocrx_word' id='word_1_833' title='bbox 2486 4169 2870 4211; x_wconf 70' lang='lat' dir='ltr'><strong>PBESBYTBROS</strong></span> <span class='ocrx_word' id='word_1_834' title='bbox 2908 4171 3224 4212; x_wconf 63' lang='lat' dir='ltr'><strong>MEHBNSIS</strong></span> <span class='ocrx_word' id='word_1_835' title='bbox 3261 4171 3574 4213; x_wconf 68' lang='lat' dir='ltr'><strong>PAROCHIB.</strong></span> 
     </span>
    </p>
   </div>
   <div class='ocr_carea' id='block_1_99' title="bbox 2788 4272 3194 4340">
    <p class='ocr_par' dir='ltr' id='par_1_99' title="bbox 2788 4272 3194 4340">
     <span class='ocr_line' id='line_1_99' title="bbox 2788 4272 3194 4340; baseline 0 -14"><span class='ocrx_word' id='word_1_836' title='bbox 2788 4273 2866 4326; x_wconf 90' lang='lat' dir='ltr'><strong>De</strong></span> <span class='ocrx_word' id='word_1_837' title='bbox 2903 4272 3194 4340; x_wconf 78' lang='lat' dir='ltr'><strong>baptismo.</strong></span> 
     </span>
    </p>
   </div>
   <div class='ocr_carea' id='block_1_100' title="bbox 2619 4387 3373 4458">
    <p class='ocr_par' dir='ltr' id='par_1_100' title="bbox 2619 4387 3373 4458">
     <span class='ocr_line' id='line_1_100' title="bbox 2619 4387 3373 4458; baseline -0.001 -17"><span class='ocrx_word' id='word_1_838' title='bbox 2619 4388 2760 4457; x_wconf 80' lang='lat' dir='ltr'><strong>(Act.</strong></span> <span class='ocrx_word' id='word_1_839' title='bbox 2792 4403 2948 4458; x_wconf 91' lang='lat' dir='ltr'><strong>prov.</strong></span> <span class='ocrx_word' id='word_1_840' title='bbox 2983 4387 3117 4443; x_wconf 88' lang='lat' dir='ltr'><strong>eccl.</strong></span> <span class='ocrx_word' id='word_1_841' title='bbox 3152 4387 3373 4458; x_wconf 82' lang='lat' dir='ltr'><strong>Rhem.)</strong></span> 
     </span>
    </p>
   </div>
   <div class='ocr_carea' id='block_1_101' title="bbox 2261 4500 3792 4573">
    <p class='ocr_par' dir='ltr' id='par_1_101' title="bbox 2261 4500 3792 4573">
     <span class='ocr_line' id='line_1_101' title="bbox 2261 4500 3792 4573; baseline 0.004 -18"><span class='ocrx_word' id='word_1_842' title='bbox 2261 4502 2588 4558; x_wconf 67' lang='lat' dir='ltr'><strong>Hmcuxnus</strong></span> <span class='ocrx_word' id='word_1_843' title='bbox 2617 4501 2906 4572; x_wconf 89' lang='lat' dir='ltr'><strong>episcopus</strong></span> <span class='ocrx_word' id='word_1_844' title='bbox 2933 4517 3001 4558; x_wconf 88' lang='lat' dir='ltr'><strong>ac</strong></span> <span class='ocrx_word' id='word_1_845' title='bbox 3025 4501 3204 4573; x_wconf 89' lang='lat' dir='ltr'><strong>plebis</strong></span> <span class='ocrx_word' id='word_1_846' title='bbox 3231 4501 3333 4557; x_wconf 91' lang='lat' dir='ltr'><strong>Dei</strong></span> <span class='ocrx_word' id='word_1_847' title='bbox 3361 4500 3595 4558; x_wconf 86' lang='lat' dir='ltr'><strong>famulus</strong></span> <span class='ocrx_word' id='word_1_848' title='bbox 3623 4503 3792 4561; x_wconf 86' lang='lat' dir='ltr'><strong>dilec-</strong></span> 
     </span>
    </p>
   </div>
   <div class='ocr_carea' id='block_1_102' title="bbox 2190 4589 3791 4664">
    <p class='ocr_par' dir='ltr' id='par_1_102' title="bbox 2190 4589 3791 4664">
     <span class='ocr_line' id='line_1_102' title="bbox 2190 4589 3791 4664; baseline 0.002 -20"><span class='ocrx_word' id='word_1_849' title='bbox 2190 4590 2260 4644; x_wconf 86' lang='lat' dir='ltr'><strong>tis</strong></span> <span class='ocrx_word' id='word_1_850' title='bbox 2291 4589 2547 4645; x_wconf 87' lang='lat' dir='ltr'><strong>fratribus</strong></span> <span class='ocrx_word' id='word_1_851' title='bbox 2575 4590 2734 4659; x_wconf 89' lang='lat' dir='ltr'><strong>hujus</strong></span> <span class='ocrx_word' id='word_1_852' title='bbox 2760 4589 3086 4646; x_wconf 84' lang='lat' dir='ltr'><strong>Rhemensis</strong></span> <span class='ocrx_word' id='word_1_853' title='bbox 3112 4589 3392 4662; x_wconf 72' lang='lat' dir='ltr'><strong>parochize</strong></span> <span class='ocrx_word' id='word_1_854' title='bbox 3437 4593 3791 4664; x_wconf 75' lang='lat' dir='ltr'><strong>compresby-</strong></span> 
     </span>
    </p>
   </div>
   <div class='ocr_carea' id='block_1_103' title="bbox 2189 4677 2574 4734">
    <p class='ocr_par' dir='ltr' id='par_1_103' title="bbox 2189 4677 2574 4734">
     <span class='ocr_line' id='line_1_103' title="bbox 2189 4677 2574 4734; baseline 0 -2"><span class='ocrx_word' id='word_1_855' title='bbox 2189 4677 2320 4734; x_wconf 88' lang='lat' dir='ltr'><strong>teris</strong></span> <span class='ocrx_word' id='word_1_856' title='bbox 2351 4677 2574 4734; x_wconf 90' lang='lat' dir='ltr'><strong>nostris.</strong></span> 
     </span>
    </p>
   </div>
   <div class='ocr_carea' id='block_1_104' title="bbox 2259 4766 3790 4841">
    <p class='ocr_par' dir='ltr' id='par_1_104' title="bbox 2259 4766 3790 4841">
     <span class='ocr_line' id='line_1_104' title="bbox 2259 4766 3790 4841; baseline 0.002 -18"><span class='ocrx_word' id='word_1_857' title='bbox 2259 4766 2494 4839; x_wconf 87' lang='lat' dir='ltr'><strong>Cupiens</strong></span> <span class='ocrx_word' id='word_1_858' title='bbox 2521 4782 2620 4824; x_wconf 90' lang='lat' dir='ltr'><strong>vos</strong></span> <span class='ocrx_word' id='word_1_859' title='bbox 2656 4766 2712 4822; x_wconf 89' lang='lat' dir='ltr'><strong>in</strong></span> <span class='ocrx_word' id='word_1_860' title='bbox 2739 4767 2888 4822; x_wconf 90' lang='lat' dir='ltr'><strong>omni</strong></span> <span class='ocrx_word' id='word_1_861' title='bbox 2915 4783 3080 4822; x_wconf 89' lang='lat' dir='ltr'><strong>sensu</strong></span> <span class='ocrx_word' id='word_1_862' title='bbox 3109 4775 3161 4823; x_wconf 92' lang='lat' dir='ltr'><strong>et</strong></span> <span class='ocrx_word' id='word_1_863' title='bbox 3188 4767 3435 4824; x_wconf 88' lang='lat' dir='ltr'><strong>doctrina</strong></span> <span class='ocrx_word' id='word_1_864' title='bbox 3463 4776 3627 4841; x_wconf 87' lang='lat' dir='ltr'><strong>atque</strong></span> <span class='ocrx_word' id='word_1_865' title='bbox 3656 4784 3790 4840; x_wconf 88' lang='lat' dir='ltr'><strong>ope—</strong></span> 
     </span>
    </p>
   </div>
   <div class='ocr_carea' id='block_1_105' title="bbox 2180 4855 3788 4929">
    <p class='ocr_par' dir='ltr' id='par_1_105' title="bbox 2180 4855 3788 4929">
     <span class='ocr_line' id='line_1_105' title="bbox 2180 4855 3788 4929; baseline 0.002 -19"><span class='ocrx_word' id='word_1_866' title='bbox 2180 4855 2262 4911; x_wconf 74' lang='lat' dir='ltr'><strong>ris</strong></span> <span class='ocrx_word' id='word_1_867' title='bbox 2291 4855 2626 4927; x_wconf 88' lang='lat' dir='ltr'><strong>perfectione</strong></span> <span class='ocrx_word' id='word_1_868' title='bbox 2653 4855 2828 4929; x_wconf 84' lang='lat' dir='ltr'><strong>gratia</strong></span> <span class='ocrx_word' id='word_1_869' title='bbox 2857 4855 2958 4910; x_wconf 92' lang='lat' dir='ltr'><strong>Dei</strong></span> <span class='ocrx_word' id='word_1_870' title='bbox 2987 4871 3112 4911; x_wconf 90' lang='lat' dir='ltr'><strong>esse</strong></span> <span class='ocrx_word' id='word_1_871' title='bbox 3138 4855 3356 4922; x_wconf 88' lang='lat' dir='ltr'><strong>ditatos,</strong></span> <span class='ocrx_word' id='word_1_872' title='bbox 3403 4872 3502 4928; x_wconf 92' lang='lat' dir='ltr'><strong>pro</strong></span> <span class='ocrx_word' id='word_1_873' title='bbox 3530 4857 3788 4928; x_wconf 90' lang='lat' dir='ltr'><strong>imposito</strong></span> 
     </span>
    </p>
   </div>
   <div class='ocr_carea' id='block_1_106' title="bbox 2187 4943 3784 5018">
    <p class='ocr_par' dir='ltr' id='par_1_106' title="bbox 2187 4943 3784 5018">
     <span class='ocr_line' id='line_1_106' title="bbox 2187 4943 3784 5018; baseline 0.001 -18"><span class='ocrx_word' id='word_1_874' title='bbox 2187 4943 2466 5016; x_wconf 83' lang='lat' dir='ltr'><strong>exiguitati</strong></span> <span class='ocrx_word' id='word_1_875' title='bbox 2493 4959 2629 5000; x_wconf 67' lang='lat' dir='ltr'><strong>mea:</strong></span> <span class='ocrx_word' id='word_1_876' title='bbox 2665 4943 2970 4999; x_wconf 88' lang='lat' dir='ltr'><strong>ministerio</strong></span> <span class='ocrx_word' id='word_1_877' title='bbox 3023 4943 3254 5018; x_wconf 77' lang='lat' dir='ltr'><strong>singulis</strong></span> <span class='ocrx_word' id='word_1_878' title='bbox 3300 4953 3354 5000; x_wconf 93' lang='lat' dir='ltr'><strong>et</strong></span> <span class='ocrx_word' id='word_1_879' title='bbox 3406 4944 3463 5000; x_wconf 92' lang='lat' dir='ltr'><strong>in</strong></span> <span class='ocrx_word' id='word_1_880' title='bbox 3493 4961 3784 5002; x_wconf 90' lang='lat' dir='ltr'><strong>commune</strong></span> 
     </span>
    </p>
   </div>
   <div class='ocr_carea' id='block_1_107' title="bbox 2185 5031 3784 5104">
    <p class='ocr_par' dir='ltr' id='par_1_107' title="bbox 2185 5031 3784 5104">
     <span class='ocr_line' id='line_1_107' title="bbox 2185 5031 3784 5104; baseline 0.001 -16"><span class='ocrx_word' id='word_1_881' title='bbox 2185 5033 2342 5088; x_wconf 86' lang='lat' dir='ltr'><strong>vobis</strong></span> <span class='ocrx_word' id='word_1_882' title='bbox 2371 5033 2622 5104; x_wconf 73' lang='lat' dir='ltr'><strong>quaedam</strong></span> <span class='ocrx_word' id='word_1_883' title='bbox 2653 5031 2722 5087; x_wconf 90' lang='lat' dir='ltr'><strong>de</strong></span> <span class='ocrx_word' id='word_1_884' title='bbox 2748 5032 2960 5088; x_wconf 86' lang='lat' dir='ltr'><strong>actione</strong></span> <span class='ocrx_word' id='word_1_885' title='bbox 3005 5032 3147 5088; x_wconf 92' lang='lat' dir='ltr'><strong>sacri</strong></span> <span class='ocrx_word' id='word_1_886' title='bbox 3174 5032 3512 5102; x_wconf 90' lang='lat' dir='ltr'><strong>baptismatis</strong></span> <span class='ocrx_word' id='word_1_887' title='bbox 3540 5034 3784 5091; x_wconf 90' lang='lat' dir='ltr'><strong>breviter</strong></span> 
     </span>
    </p>
   </div>
   <div class='ocr_carea' id='block_1_108' title="bbox 2185 5120 3776 5194">
    <p class='ocr_par' dir='ltr' id='par_1_108' title="bbox 2185 5120 3776 5194">
     <span class='ocr_line' id='line_1_108' title="bbox 2185 5120 3776 5194; baseline 0.001 -18"><span class='ocrx_word' id='word_1_888' title='bbox 2185 5138 2254 5176; x_wconf 88' lang='lat' dir='ltr'><strong>ex</strong></span> <span class='ocrx_word' id='word_1_889' title='bbox 2292 5121 2644 5192; x_wconf 90' lang='lat' dir='ltr'><strong>plenitudinis</strong></span> <span class='ocrx_word' id='word_1_890' title='bbox 2701 5120 2984 5177; x_wconf 89' lang='lat' dir='ltr'><strong>latitudine</strong></span> <span class='ocrx_word' id='word_1_891' title='bbox 3015 5128 3324 5176; x_wconf 88' lang='lat' dir='ltr'><strong>sanctarum</strong></span> <span class='ocrx_word' id='word_1_892' title='bbox 3347 5122 3776 5194; x_wconf 89' lang='lat' dir='ltr'><strong>Scripturarum,</strong></span> 
     </span>
    </p>
   </div>
   <div class='ocr_carea' id='block_1_109' title="bbox 2184 5209 3779 5284">
    <p class='ocr_par' dir='ltr' id='par_1_109' title="bbox 2184 5209 3779 5284">
     <span class='ocr_line' id='line_1_109' title="bbox 2184 5209 3779 5284; baseline 0.002 -19"><span class='ocrx_word' id='word_1_893' title='bbox 2184 5218 2238 5265; x_wconf 90' lang='lat' dir='ltr'><strong>et</strong></span> <span class='ocrx_word' id='word_1_894' title='bbox 2267 5209 2515 5265; x_wconf 88' lang='lat' dir='ltr'><strong>doctrina</strong></span> <span class='ocrx_word' id='word_1_895' title='bbox 2559 5209 2944 5266; x_wconf 88' lang='lat' dir='ltr'><strong>catholicorum</strong></span> <span class='ocrx_word' id='word_1_896' title='bbox 2983 5217 3196 5280; x_wconf 88' lang='lat' dir='ltr'><strong>patrum</strong></span> <span class='ocrx_word' id='word_1_897' title='bbox 3240 5211 3427 5267; x_wconf 90' lang='lat' dir='ltr'><strong>curavi</strong></span> <span class='ocrx_word' id='word_1_898' title='bbox 3483 5227 3779 5284; x_wconf 73' lang='lat' dir='ltr'><strong>excerpam</strong></span> 
     </span>
    </p>
   </div>
   <div class='ocr_carea' id='block_1_110' title="bbox 2185 5297 3780 5371">
    <p class='ocr_par' dir='ltr' id='par_1_110' title="bbox 2185 5297 3780 5371">
     <span class='ocr_line' id='line_1_110' title="bbox 2185 5297 3780 5371; baseline 0.001 -18"><span class='ocrx_word' id='word_1_899' title='bbox 2185 5305 2240 5353; x_wconf 92' lang='lat' dir='ltr'><strong>et</strong></span> <span class='ocrx_word' id='word_1_900' title='bbox 2267 5297 2470 5354; x_wconf 70' lang='lat' dir='ltr'><strong>notitiae</strong></span> <span class='ocrx_word' id='word_1_901' title='bbox 2525 5306 2722 5354; x_wconf 64' lang='lat' dir='ltr'><strong>vestrae</strong></span> <span class='ocrx_word' id='word_1_902' title='bbox 2774 5299 3044 5371; x_wconf 86' lang='lat' dir='ltr'><strong>ingerere,</strong></span> <span class='ocrx_word' id='word_1_903' title='bbox 3103 5307 3161 5355; x_wconf 88' lang='lat' dir='ltr'><strong>ut</strong></span> <span class='ocrx_word' id='word_1_904' title='bbox 3207 5299 3512 5355; x_wconf 90' lang='lat' dir='ltr'><strong>secundum</strong></span> <span class='ocrx_word' id='word_1_905' title='bbox 3568 5315 3780 5356; x_wconf 88' lang='lat' dir='ltr'><strong>sacram</strong></span> 
     </span>
    </p>
   </div>
   <div class='ocr_carea' id='block_1_111' title="bbox 2185 5394 3784 5468">
    <p class='ocr_par' dir='ltr' id='par_1_111' title="bbox 2185 5394 3784 5468">
     <span class='ocr_line' id='line_1_111' title="bbox 2185 5394 3784 5468; baseline 0.004 -20"><span class='ocrx_word' id='word_1_906' title='bbox 2185 5394 2520 5466; x_wconf 87' lang='lat' dir='ltr'><strong>Scripturam</strong></span> <span class='ocrx_word' id='word_1_907' title='bbox 2563 5395 2878 5468; x_wconf 82' lang='lat' dir='ltr'><strong>intelligatis</strong></span> <span class='ocrx_word' id='word_1_908' title='bbox 2905 5395 2962 5450; x_wconf 91' lang='lat' dir='ltr'><strong>in</strong></span> <span class='ocrx_word' id='word_1_909' title='bbox 2989 5403 3176 5452; x_wconf 89' lang='lat' dir='ltr'><strong>sancto</strong></span> <span class='ocrx_word' id='word_1_910' title='bbox 3222 5395 3526 5453; x_wconf 90' lang='lat' dir='ltr'><strong>ministerio</strong></span> <span class='ocrx_word' id='word_1_911' title='bbox 3582 5405 3784 5454; x_wconf 90' lang='lat' dir='ltr'><strong>cuncta</strong></span> 
     </span>
    </p>
   </div>
   <div class='ocr_carea' id='block_1_112' title="bbox 2185 5481 3786 5557">
    <p class='ocr_par' dir='ltr' id='par_1_112' title="bbox 2185 5481 3786 5557">
     <span class='ocr_line' id='line_1_112' title="bbox 2185 5481 3786 5557; baseline 0.002 -20"><span class='ocrx_word' id='word_1_912' title='bbox 2185 5497 2306 5553; x_wconf 58' lang='lat' dir='ltr'><strong>qua</strong></span> <span class='ocrx_word' id='word_1_913' title='bbox 2333 5481 2516 5555; x_wconf 86' lang='lat' dir='ltr'><strong>agitis,</strong></span> <span class='ocrx_word' id='word_1_914' title='bbox 2535 5492 2589 5540; x_wconf 88' lang='lat' dir='ltr'><strong>et</strong></span> <span class='ocrx_word' id='word_1_915' title='bbox 2614 5492 2673 5540; x_wconf 91' lang='lat' dir='ltr'><strong>ut</strong></span> <span class='ocrx_word' id='word_1_916' title='bbox 2715 5483 2772 5538; x_wconf 92' lang='lat' dir='ltr'><strong>in</strong></span> <span class='ocrx_word' id='word_1_917' title='bbox 2799 5491 2993 5557; x_wconf 88' lang='lat' dir='ltr'><strong>aperto</strong></span> <span class='ocrx_word' id='word_1_918' title='bbox 3021 5499 3276 5542; x_wconf 89' lang='lat' dir='ltr'><strong>sermone</strong></span> <span class='ocrx_word' id='word_1_919' title='bbox 3301 5500 3412 5542; x_wconf 88' lang='lat' dir='ltr'><strong>non</strong></span> <span class='ocrx_word' id='word_1_920' title='bbox 3441 5485 3512 5542; x_wconf 86' lang='lat' dir='ltr'><strong>sit</strong></span> <span class='ocrx_word' id='word_1_921' title='bbox 3539 5484 3596 5542; x_wconf 91' lang='lat' dir='ltr'><strong>in</strong></span> <span class='ocrx_word' id='word_1_922' title='bbox 3625 5484 3786 5542; x_wconf 86' lang='lat' dir='ltr'><strong>vobis</strong></span> 
     </span>
    </p>
   </div>
  </div>
