4026 6298
185 224 296 278 105

1699 211 2055 270 EPISTOLJE

3401 213 3506 268 106

184 341 488 401 difﬁcultas
517 341 879 416 intelligendi,
911 355 1091 413 neque
1116 340 1174 396 in
1201 338 1416 413 prolixo
1463 337 1684 396 taedium
1714 336 1793 393 le-
1821 337 1881 399 A
1901 336 2244 410 Cooperatur
2275 336 2440 393 homo
2472 342 2663 394 sancto
2692 335 2915 408 Spiritui
2942 335 3001 393 in
3029 335 3206 392 salute
3223 334 3504 403 hominis;

189 432 362 505 gandi
392 439 447 487 et
474 430 761 488 memoriae
784 429 1228 487 commendandi.

263 520 538 578 Dominus
551 522 712 578 Iesus
743 520 1014 591 Christus,
1046 527 1264 576 creator
1291 526 1345 574 et
1373 518 1685 588 redemptor
1702 531 1800 571 no-

192 618 326 678 ster,
367 609 502 666 dicit
527 609 587 665 in
603 609 906 683 Evangelio
941 627 954 664 :
985 610 1109 666 Nisi
1125 609 1249 682 quis
1279 611 1518 664 renatus
1527 607 1710 679 fuerit
1727 621 1801 660 ex

194 715 343 773 aqua
363 702 423 755 et
441 699 684 772 Spiritu,
718 715 834 755 non
861 698 1106 754 intrabit
1135 699 1199 753 in
1245 713 1487 770 regnum
1534 695 1803 752 calorum

195 789 382 858 (Joan.
416 788 544 858 ιιι);
591 787 738 843 unde
784 786 1064 858 discipulis
1107 786 1218 842 suis
1256 785 1536 842 mandavit
1563 783 1754 840 dicens
1787 801 1801 838 :

196 877 298 942 Its,
320 876 517 935 docete
532 892 728 934 omnes
773 880 988 949 gentes,
1012 877 1366 949 baptizantes
1388 891 1477 931 eos
1492 875 1556 929 in
1575 874 1806 930 nomine

196 967 411 1032 Patris,
436 969 494 1022 et
526 966 683 1032 Filii,
717 967 777 1022 et
806 965 1052 1038 Spiritus
1081 965 1288 1030 sancti,
1304 964 1564 1021 docentes
1591 977 1806 1019 eosser—

200 1071 332 1112 vare
345 1055 546 1111 omnia
562 1070 908 1127 quaecunque
923 1053 1192 1110 mandavi
1201 1052 1350 1109 vobis
1362 1051 1577 1123 (Matth.
1596 1048 1805 1121 xxvm)

195 1144 256 1198 In
283 1143 405 1198 istis
433 1142 786 1214 paucissimis
830 1142 1014 1198 verbis
1042 1141 1210 1198 totius
1239 1149 1442 1198 sancta:
1470 1137 1808 1212 praedicatio-

198 1232 282 1288 nis
309 1232 562 1288 ordinem
595 1230 865 1304 exposuit,
898 1231 984 1286 bis
1012 1231 1216 1288 docere
1246 1231 1396 1300 dixit,
1431 1237 1484 1285 et
1502 1228 1672 1284 semel
1704 1227 1805 1282 ba-

199 1321 429 1394 ptizare.
477 1321 662 1376 Primo
711 1319 954 1376 omnium
1015 1319 1180 1376 ﬁdem
1237 1318 1552 1376 catholicam
1605 1317 1808 1372 docere

201 1409 479 1482 prmepit,
515 1416 568 1465 et
596 1417 720 1481 post
749 1408 914 1465 ﬁdem
943 1417 1244 1480 acceptam,
1270 1409 1328 1463 in
1353 1409 1574 1466 nomine
1605 1412 1807 1462 sanctae

203 1499 483 1556 Trinitatis
513 1498 794 1570 baptizare
818 1498 1002 1569 jussit.
1033 1497 1246 1556 Deinde
1289 1497 1396 1554 ﬁde
1439 1497 1707 1552 imbutum
1753 1501 1807 1551 et

205 1603 362 1645 sacro
393 1587 720 1659 baptismate
749 1587 990 1642 ablutum
1010 1586 1344 1660 evangelicis
1374 1587 1638 1642 instruere
1667 1600 1808 1656 prae-

207 1676 381 1748 ceptis
419 1675 724 1732 mandavit.
775 1676 955 1732 Primo
1001 1674 1140 1731 ﬁdes
1187 1675 1434 1732 docenda
1475 1682 1576 1741 est,
1628 1682 1680 1730 et
1727 1673 1804 1728 sic

204 1765 458 1836 baptismi
487 1763 843 1837 percipienda
873 1772 996 1821 sunt
1025 1770 1385 1833 sacramenta,
1416 1763 1613 1819 deinde
1645 1778 1806 1820 evan-

205 1855 383 1926 gelica
409 1861 688 1926 praecepta
716 1853 982 1910 tradenda
1011 1861 1169 1908 sunt.
1198 1854 1267 1908 At
1293 1853 1340 1908 si
1379 1851 1584 1924 aliquid
1613 1853 1810 1908 horum

205 1943 367 2000 trium
395 1942 654 2009 defuerit,
688 1943 920 1998 salutem
949 1943 1146 1998 animae
1176 1959 1290 1998 suae
1337 1941 1554 1996 auditor
1601 1941 1806 1996 habere

205 2049 314 2089 non
341 2033 568 2105 poterit.
597 2031 699 2088 Hic
727 2049 965 2105 namque
1011 2033 1145 2088 ordo
1192 2030 1581 2098 catechizandi,
1623 2029 1679 2084 id
1727 2037 1810 2087 est

204 2121 516 2178 instruendi
551 2121 612 2177 in
636 2121 836 2179 adultae
863 2121 1036 2177 aetatis
1065 2120 1198 2177 viris
1226 2120 1426 2192 ubique
1454 2118 1681 2188 ﬁrmiter
1717 2135 1809 2176 re-

205 2211 464 2268 tinendus
493 2218 598 2267 est.
631 2210 918 2284 Fragiliori
945 2226 1078 2267 vero
1105 2210 1248 2266 aetati
1276 2209 1366 2281 pia
1411 2217 1583 2265 mater
1609 2209 1808 2266 Eccle-

209 2301 285 2356 sia
311 2300 610 2367 concessit,
639 2307 702 2354 ut
733 2299 825 2372 qui
851 2299 1026 2355 alieno
1056 2299 1110 2354 in
1129 2307 1368 2370 paternae
1399 2297 1808 2370 praevaricatio-

208 2389 290 2444 nis
319 2389 528 2462 ligatus
559 2396 642 2444 est
664 2395 907 2460 peccato,
939 2387 1160 2444 alterius
1185 2387 1244 2442 in
1270 2387 1522 2458 baptismi
1550 2387 1810 2460 mysterio

209 2477 686 2534 abrenuntiatione
717 2485 772 2533 et
800 2477 928 2532 ﬁdei
951 2476 1296 2548 professione
1327 2477 1534 2532 solutus
1556 2475 1642 2532 sit.
1665 2477 1733 2531 Et
1762 2475 1810 2530 si

209 2567 311 2624 hoc
339 2583 454 2623 non
486 2574 653 2636 esset,
689 2565 877 2638 quanti
903 2565 1148 2637 perirent
1186 2565 1440 2635 infantes,
1483 2581 1550 2620 ex
1579 2580 1808 2638 quorum

209 2671 440 2712 numero
463 2655 707 2713 caelestis
729 2671 802 2727 qu
815 2655 979 2711 otidie
991 2653 1602 2711 aediﬁcaturlerusalem
1622 2654 1651 2709 ?
1669 2655 1810 2708 Abs-

212 2762 314 2818 que
359 2744 472 2802 ﬁde
515 2745 717 2818 quippe
779 2744 1050 2816 baptisma
1114 2761 1225 2800 non
1286 2741 1524 2815 proﬁcit,
1593 2743 1808 2800 dicente

210 2833 471 2906 Apostolo
505 2848 520 2890 :
565 2834 700 2890 Sine
755 2833 864 2902 ﬁde
919 2834 1262 2910 impossibile
1303 2837 1389 2888 est
1426 2835 1653 2906 placere
1699 2834 1808 2889 Deo

213 2923 362 2995 (Heb.
386 2923 471 2996 ιι).
506 2924 654 2978 Inter
682 2924 1025 2996 impossibile
1053 2923 1324 2994 siquidem
1356 2929 1410 2977 et
1435 2923 1673 2994 difﬁcile
1701 2921 1809 2978 hoc

209 3012 475 3068 interesse
506 3011 764 3083 legimus.
797 3009 1029 3068 Difﬁcile
1057 3019 1140 3066 est
1159 3011 1305 3082 quod
1328 3011 1455 3067 licet
1483 3011 1592 3078 vix,
1624 3017 1810 3066 tamen

213 3100 331 3158 ﬁeri
355 3107 542 3173 potest
575 3117 589 3156 :
621 3099 962 3172 impossibile
989 3115 1142 3168 vero,
1177 3101 1322 3171 quod
1350 3099 1572 3156 omnino
1601 3099 1672 3154 ab
1700 3101 1807 3155 hu-

213 3206 372 3247 mana
399 3189 703 3261 fragilitate
732 3188 850 3244 ﬁeri
878 3203 990 3245 non
1017 3196 1217 3260 potest.
1238 3189 1366 3244 Ideo
1395 3188 1514 3262 ipse
1543 3188 1806 3244 Dominus

211 3279 267 3336 in
293 3279 603 3350 Evangelio
633 3276 974 3348 stupentibus
1001 3277 1282 3349 apostolis,
1304 3277 1424 3349 quis
1457 3294 1522 3332 ex
1551 3275 1807 3332 divitibus

211 3368 396 3425 salvus
435 3366 558 3424 ﬁeri
599 3374 808 3440 posset,
843 3367 1122 3438 respondit
1155 3385 1169 3422 :
1201 3367 1360 3439 Apud
1397 3366 1670 3432 homines,
1709 3367 1806 3421 hoc

212 3457 556 3522 impossibile
575 3460 662 3513 est
684 3476 702 3522 ;
733 3455 883 3529 apud
903 3458 1079 3512 Deum
1099 3460 1292 3512 autem
1307 3457 1500 3511 omnia
1517 3454 1808 3528 possibilia

93 3577 110 3588 -
212 3545 591 3616 sunt(Matth.
614 3544 762 3614 xxx).
797 3545 1090 3601 Docendus
1118 3552 1202 3600 est
1228 3544 1412 3616 itaque
1441 3546 1605 3600 homo
1635 3543 1807 3600 ratio-

211 3635 392 3692 nalem
405 3635 622 3690 habens
642 3633 1075 3707 intelligentiam,
1116 3642 1168 3689 et
1187 3633 1508 3689 multimoda
1542 3633 1810 3706 praedica-

213 3726 360 3782 tione
386 3722 766 3790 attrahendus,
815 3730 873 3778 ut
918 3738 1089 3780 sacrae
1131 3722 1260 3778 ﬁdei
1304 3722 1588 3780 veritatem
1630 3737 1808 3796 agno-

213 3822 326 3873 scat
349 3833 365 3882 ;
385 3821 442 3870 et
470 3812 711 3869 maxime
727 3811 827 3867 Dei
847 3812 1234 3884 omnipotentis
1252 3827 1354 3884 pro
1373 3827 1440 3868 eo
1461 3811 1810 3884 deprecanda

213 3912 295 3962 est
321 3901 618 3960 clementia
652 3919 666 3958 :
719 3901 848 3975 quia
893 3902 1068 3958 otiosa
1101 3909 1185 3958 est
1227 3901 1416 3974 lingua
1459 3899 1728 3968 docentis,
1765 3899 1811 3956 si

212 3993 390 4064 gratia
417 3991 605 4048 divina
633 4006 732 4048 cor
759 4006 871 4046 non
907 3990 1100 4046 imbuit
1128 3989 1412 4058 auditoris,
1446 3990 1660 4046 dicente
1689 3989 1811 4060 ipsa

212 4079 452 4138 Veritate
475 4097 490 4136 :
517 4081 689 4137 Nemo
701 4083 1088 4153 potestvenire
1109 4079 1181 4136 ad
1201 4095 1308 4146 me,
1329 4080 1448 4135 nisi
1466 4081 1638 4134 Pater
1651 4094 1809 4134 meus

213 4170 532 4227 attraxerit
550 4185 682 4226 eum
711 4169 894 4240 (Joan.
930 4168 1009 4240 γι)
1033 4186 1048 4236 ;
1079 4176 1133 4224 et
1158 4174 1216 4224 ut
1260 4167 1544 4240 aequaliter
1565 4173 1810 4222 sanctam

210 4257 526 4315 Trinitatem
555 4256 787 4312 salutem
814 4256 1048 4313 hominis
1068 4256 1288 4328 operari
1315 4254 1646 4328 intelligetis,
1681 4254 1813 4310 dicit

211 4355 260 4406 et
287 4348 408 4421 ipse
437 4345 710 4404 Dominus
740 4345 797 4401 in
824 4345 1128 4418 Evangelio
1160 4363 1174 4400 :
1205 4347 1374 4402 Nemo
1393 4348 1576 4418 potest
1620 4345 1811 4400 venire

1902 426 2002 482 sed
2033 433 2086 482 et
2106 425 2226 498 ipse
2258 426 2424 483 homo
2444 425 2538 498 qui
2565 424 2922 498 baptizandus
2949 433 3050 492 est,
3081 425 3364 498 cooperari
3386 439 3504 480 am-

1901 513 2080 570 bobus
2108 515 2272 572 debet
2302 515 2360 570 in
2377 513 2550 571 salute
2576 529 2716 583 sua;
2746 513 2804 570 id
2838 521 2922 570 est
2960 513 3180 586 Spiritui
3229 522 3415 571 sancto
3447 521 3503 570 et

1903 603 2178 660 sacerdoti
2196 603 2477 660 humiliter
2503 619 2704 676 corpus
2732 609 3000 676 prastare
3028 603 3099 658 ad
3126 602 3270 658 sacri
3287 609 3499 676 myste-

1903 693 2044 748 rium
2063 692 2292 762 lavacri,
2319 701 2372 750 et
2397 692 2638 750 animam
2661 692 2966 750 voluntarie
2985 691 3058 748 ad
3077 691 3354 750 catholicae
3374 690 3504 748 ﬁdei

1907 781 2328 854 susceptionem.

1975 871 2046 928 Ut
2072 870 2184 928 vim
2236 871 2588 944 cognoscatis
2619 869 2781 941 hujus
2824 868 3176 926 sacratissimi
3198 868 3353 940 juxta
3380 883 3506 926 san-

1905 967 2119 1017 ctorum
2155 961 2376 1016 Patrum
2423 959 2836 1033 intelligentiam
2883 967 2937 1016 et
2998 966 3200 1016 statuta
3244 957 3504 1016 ecclesia-

1907 1049 2062 1116 stica,
2095 1057 2292 1108 vestrae
2321 1048 2570 1106 charitati
2607 1049 2803 1105 eadem
2851 1055 3194 1106 sacramenta
3242 1047 3506 1104 catholica

1905 1139 2350 1210 interpretatione
2367 1138 2672 1196 ostendam.
2703 1138 2847 1194 Nam
2893 1153 3121 1210 magna-
3145 1137 3424 1194 sanctitate
3453 1144 3506 1193 et

1905 1227 2207 1284 venerabili
2236 1225 2633 1300 signiﬁcatione
2665 1227 2930 1300 quidquid
2957 1226 3016 1282 in
3045 1225 3124 1282 eis
3153 1225 3363 1298 geritur
3389 1233 3502 1282 sta-

1905 1323 2080 1372 tutum
2110 1333 2252 1387 esse,
2285 1315 2562 1373 neminem
2591 1315 2841 1372 dubitare
2871 1315 2953 1370 fas
2983 1331 3106 1373 esse
3136 1315 3433 1372 credimus.

1977 1404 2178 1473 Primo,
2207 1421 2454 1478 paganus
2483 1406 2926 1476 catechumenus,
2958 1403 3016 1459 id
3057 1410 3141 1462 est
3186 1404 3502 1477 instructus,

1906 1492 1963 1548 ﬁt
1992 1494 2262 1552 accedens
2291 1511 2394 1565 per
2433 1493 2684 1550 ordinem
2724 1492 2984 1549 traditum
3031 1493 3101 1548 ad
3146 1493 3500 1565 baptismum,

1905 1582 1962 1638 id
1991 1591 2075 1638 est
2093 1591 2341 1640 sanctam
2369 1581 2690 1664 tinctionem
2713 1601 2726 1650 ;
2752 1589 2806 1638 et
2833 1581 3104 1638 renuntiat
3129 1581 3368 1654 maligno
3391 1582 3502 1655 spi-

1832 1695 1889 1759 B
1908 1671 2035 1728 ritui
2064 1679 2118 1729 et
2145 1672 2396 1728 omnibus
2427 1671 2702 1728 damnosis
2731 1671 2848 1741 ejus
2875 1669 3111 1743 pompis.

1979 1761 2050 1818 II.
2097 1761 2312 1833 Accipit
2356 1775 2553 1818 manus
2617 1759 3019 1832 impositionem
3064 1767 3118 1815 et
3163 1775 3386 1817 crucem
3445 1757 3503 1818 in

1909 1849 2106 1918 fronte,
2139 1849 2198 1905 in
2223 1849 2444 1906 nomine
2474 1847 2650 1905 Patris
2681 1857 2736 1905 et
2765 1847 2886 1906 Filii
2919 1854 2974 1905 et
3019 1847 3252 1925 Spiritus
3281 1849 3452 1906 sancti
3485 1865 3500 1904 :

1908 1945 1962 1994 et
1989 1937 2306 1996 exsufﬂatur
2333 1938 2390 1994 in
2419 1937 2581 2006 facie,
2603 1945 2663 1994 ut
2683 1936 2870 2013 fugato
2889 1936 3128 2009 diabolo,
3153 1937 3366 1995 Christo
3387 1937 3502 1996 Deo

1907 2035 2092 2084 nostro
2121 2035 2344 2100 paretur
2373 2027 2644 2084 introitus.

1978 2118 2072 2173 IlI.
2099 2117 2477 2184 Exorcizatur,
2508 2115 2565 2172 id
2595 2123 2698 2184 est,
2740 2115 3054 2186 conjuratur
3080 2114 3356 2189 malignus
3385 2115 3505 2190 spi-

1907 2205 2066 2276 ritus,
2099 2213 2160 2262 ut
2185 2214 2342 2262 exeat
2373 2213 2426 2262 et
2453 2205 2694 2272 recedat,
2728 2205 2863 2261 dans
2891 2204 3074 2262 locum
3101 2205 3238 2262 Deo.

1979 2295 2072 2351 IV.
2121 2295 2330 2368 Accipit
2379 2296 2807 2362 catechumenus
2855 2293 3044 2364 salem,
3087 2301 3146 2349 ut
3191 2293 3410 2367 putrida
3453 2301 3508 2352 et

1909 2383 2052 2440 ﬂuxa
2097 2383 2216 2454 ejus
2271 2391 2498 2456 peccata
2545 2382 2826 2456 sapientiae
2884 2383 3001 2440 sale
3047 2381 3233 2442 divino
3276 2399 3506 2442 munere

1907 2473 2254 2529 mundentur.

1979 2562 2046 2620 ν.
2069 2561 2280 2617 Deinde
2300 2577 2434 2618 vero
2455 2559 2689 2634 symboli
2703 2559 2985 2634 apostolici
3011 2558 3242 2616 traditur
3268 2558 3320 2616 ei
3338 2561 3498 2630 ﬁdes,

1910 2659 1964 2708 et
1993 2650 2166 2707 oratio
2194 2649 2518 2718 Dominica;
2547 2658 2606 2706 ut
2635 2637 2808 2706 vacua
2835 2650 3030 2705 domus
3061 2657 3114 2705 et
3137 2664 3169 2704 a
3196 2649 3380 2722 prisco
3393 2651 3500 2706 ha-

1910 2741 2144 2796 bitatore
2171 2739 2450 2810 derelicta,
2482 2737 2591 2795 ﬁde
2620 2747 2864 2806 ornetur,
2895 2746 2950 2794 et
2973 2747 3310 2810 praeparetur
3336 2739 3501 2796 habi-

1910 2829 2038 2886 tatio
2064 2830 2199 2886 Deo.
2233 2827 2480 2898 Quorum
2509 2828 2922 2900 expositionem,
2961 2827 3019 2882 id
3065 2834 3150 2884 est
3189 2827 3418 2900 symboli
3449 2835 3506 2886 et

1911 2918 2172 2976 orationis
2215 2918 2536 2989 Dominica,
2566 2917 2780 2974 habetis
2808 2916 2865 2972 in
2895 2915 3154 2972 scrutinio
3183 2917 3330 2990 quod
3356 2915 3417 2972 ﬁt
3444 2917 3504 2974 in

1912 3008 2194 3078 apertione
2221 3007 2450 3077 aurium,
2483 3007 2624 3064 sicut
2652 3005 2811 3062 vobis
2837 3005 3112 3062 credimus
3139 3022 3262 3062 esse
3289 3013 3498 3062 notum.

1837 3058 1888 3122 Ο
1907 3058 2066 3166 Qruod
2093 3097 2239 3152 enim
2265 3058 2570 3167 symbolum
2592 3093 2785 3150 Graece
2799 3093 3016 3160 dicitur,
3034 3094 3198 3150 latine
3215 3093 3497 3165 indicium,

1905 3185 1994 3241 vel
2045 3184 2286 3258 signum,
2337 3183 2452 3239 sive
2493 3183 2712 3239 collatio
2761 3181 3166 3254 interpretatur.
3209 3181 3496 3252 Indicium,

1879 3274 2038 3352 ‘quia
2055 3289 2155 3345 per
2181 3273 2237 3328 id
2265 3272 2537 3329 indicatur
2568 3271 2696 3326 ﬁdei
2727 3270 3030 3344 integritas.
3065 3271 3314 3342 Signum,
3350 3271 3495 3342 quod

1907 3379 1974 3419 eo
2001 3362 2142 3418 bene
2182 3369 2392 3418 retento
2439 3369 2508 3424 et,
2537 3359 2810 3417 intellecto
2853 3358 3046 3415 ﬁdeles
3087 3359 3156 3416 ab
3191 3358 3500 3418 inﬁdelibus

1907 3451 2312 3508 discernuntur.
2373 3449 2620 3516 Collatio,
2667 3448 2794 3521 quia
2839 3448 2896 3502 in
2937 3463 3004 3509 eo
3048 3447 3220 3504 sancti
3265 3449 3501 3520 apostoli

1907 3556 2127 3597 omnem
2156 3539 2282 3595 ﬁdei
2306 3538 2668 3610 integritatem
2707 3536 3047 3594 contulerunt
3077 3554 3093 3593 :
3124 3537 3271 3609 quod
3315 3545 3500 3594 autem

1908 3643 2099 3686 omnes
2128 3628 2374 3701 Apostoli
2402 3628 2523 3700 pari
2551 3625 2679 3682 ﬁdei
2721 3625 3030 3682 sinceritate
3077 3626 3246 3682 corde
3295 3625 3500 3684 retine-

1908 3719 2060 3786 bant,
2090 3734 2188 3774 ore
2216 3716 2455 3774 confessi
2483 3723 2606 3772 sunt
2633 3733 2649 3782 ;
2681 3723 2734 3770 et
2763 3713 2964 3788 singuli
2991 3715 3244 3786 proprias
3273 3723 3500 3772 senten-

1907 3807 2012 3864 tias
2037 3806 2394 3874 conferentes,
2429 3805 2756 3879 symbolum,
2783 3803 2843 3860 id
2871 3811 2956 3861 est
3001 3803 3164 3860 totius
3210 3803 3340 3862 ﬁdei
3381 3805 3503 3862 col-

1906 3897 2166 3954 lationem
2191 3896 2492 3954 ediderunt.
2527 3892 2835 3952 Discessuri
2863 3893 3008 3950 enim
3037 3893 3108 3948 ab
3137 3892 3370 3950 invicem
3399 3909 3500 3968 per

1909 3985 2071 4044 totius
2100 3985 2249 4042 orbis
2277 3985 2583 4058 provincias
2628 3997 2880 4040 normam
2908 3981 3102 4040 futurae
3147 3982 3500 4055 praedicatio-

1907 4075 1993 4130 nis
2022 4074 2078 4130 in
2105 4089 2392 4130 commune
2421 4079 2735 4138 statuerunt,
2768 4087 2838 4128 ne
2865 4069 3111 4128 localiter
3146 4071 3216 4126 ab
3265 4070 3502 4129 invicem

1909 4163 2273 4232 discedentes,
2305 4162 2582 4218 diversum
2611 4160 2814 4230 aliquid
2834 4160 2920 4216 vel
2935 4159 3218 4215 dissonum
3234 4159 3501 4232 praedica—

1909 4259 2050 4308 rent.
2084 4250 2274 4306 Oratio
2311 4257 2492 4304 autem
2537 4246 2840 4314 Dominica,
2893 4261 3057 4318 quam
3103 4261 3292 4303 omnes
3341 4247 3504 4304 Chri-

1911 4340 2069 4396 stiani
2095 4339 2312 4396 sincero
2341 4339 2510 4396 corde
2538 4337 2884 4410 frequentare
2921 4336 3234 4394 necessario
3276 4336 3498 4410 debent,

212 4439 280 4493 ad
307 4418 565 4502 Patrem,
590 4436 710 4492 nisi
723 4452 824 4508 per
845 4450 934 4491 me
964 4435 1148 4506 (Joan.
1172 4434 1336 4507 xxv);
1367 4433 1497 4490 item
1518 4440 1571 4488 et
1600 4432 1668 4487 de
1690 4432 1810 4504 Spi—
1837 4418 1890 4480 D
1909 4429 2036 4487 ideo
2065 4429 2146 4487 sic
2174 4429 2496 4502 appellatur,
2530 4426 2654 4501 quia
2681 4427 2990 4500 petentibus
3023 4423 3285 4500 apostolis
3315 4435 3374 4483 ut
3420 4426 3502 4483 eis

212 4527 310 4583 ritu
336 4533 535 4582 sancto
565 4523 638 4580 ait
665 4542 680 4578 :
712 4525 836 4580 Nisi
865 4525 988 4597 quis
1017 4527 1254 4580 renatus
1271 4523 1452 4595 fuerit
1481 4539 1554 4578 ex
1580 4539 1725 4596 aqua
1756 4527 1814 4578 et

211 4615 574 4689 Spiritu,non
593 4617 778 4686 potest
790 4613 1032 4671 introire
1049 4614 1111 4669 in
1128 4624 1365 4684 regnum
1383 4613 1482 4668 Dei
1493 4612 1676 4682 (Joan.
1701 4611 1804 4684 ιιι).

213 4701 366 4775 Quod
394 4702 547 4762 enim
576 4701 861 4759 visibiliter
891 4703 1152 4758 sacerdos
1180 4718 1282 4774 per
1312 4701 1640 4772 baptismum
1671 4716 1810 4772 ope—

209 4801 353 4850 ratur
380 4794 441 4849 in
470 4805 708 4864 corpore
745 4807 844 4864 per
891 4806 1108 4864 aquam,
1157 4792 1263 4847 hoc
1310 4790 1540 4862 Spiritus
1591 4797 1810 4847 sanctus

212 4881 556 4939 invisibiliter
583 4887 844 4952 operatur
871 4879 930 4935 in
957 4880 1139 4936 anima
1167 4896 1268 4952 per
1293 4878 1477 4936 ﬁdem.
1510 4879 1640 4935 Tria
1685 4885 1812 4935 sunt

213 4970 268 5027 in
287 4969 636 5044 baptismatis
659 4975 1008 5026 sacramento
1023 4968 1276 5036 visibilia,
1300 4975 1354 5024 et
1372 4969 1474 5024 tria
1493 4966 1806 5024 invisibilia.

214 5059 461 5116 Visibilia
491 5066 637 5130 sunt,
671 5058 956 5125 sacerdos,
997 5073 1202 5130 corpus
1226 5066 1279 5115 et
1305 5073 1482 5131 aqua;
1515 5055 1810 5114 invisibilia

211 5165 358 5218 vero,
393 5148 640 5222 spiritus,
673 5155 727 5205 et
754 5147 955 5213 anima,
989 5153 1043 5203 et
1069 5145 1226 5204 ﬁdes.
1277 5147 1373 5202 Illa
1423 5147 1530 5203 tria
1575 5145 1811 5203 visibilia

212 5237 341 5296 nihil
369 5236 667 5310 proﬁciunt
697 5235 852 5305 foris,
885 5235 932 5292 si
946 5236 1065 5294 haec
1093 5235 1196 5293 tria
1221 5235 1518 5294 invisibilia
1547 5252 1660 5292 non
1686 5250 1814 5308 ope-

213 5335 416 5385 rantur.
442 5322 726 5384 Sacerdos
754 5339 958 5398 corpus
993 5342 1138 5400 aqua
1167 5325 1358 5393 abluit,
1408 5325 1642 5398 Spiritus
1685 5340 1811 5382 san-

215 5424 329 5475 ctus
357 5415 600 5474 animam
627 5413 735 5472 ﬁde
757 5413 1037 5485 justiﬁcat,
1068 5423 1122 5471 et
1145 5416 1253 5473 hoc
1281 5421 1365 5471 est
1394 5412 1544 5486 quod
1570 5417 1810 5489 Aposto-

214 5504 296 5566 lus
321 5506 442 5568 ait:
479 5507 874 5579 Cooperatores
903 5507 1058 5562 enim
1085 5507 1185 5565 Dei
1225 5519 1421 5565 sumus
1442 5504 1494 5576 (Ι
1536 5505 1656 5563 Cor.
1701 5504 1806 5576 ιιι).

499 5603 746 5663 Parma.
779 5600 1025 5662 CXXVI.

1907 4519 2208 4576 insinuaret
2236 4517 2469 4592 qualiter
2495 4533 2653 4574 orare
2681 4517 2965 4582 deberent,
3005 4516 3270 4574 Dominus
3315 4521 3503 4571 noster

1907 4610 2070 4666 Jesus
2099 4608 2362 4679 Christus,
2395 4607 2537 4665 sicut
2563 4623 2720 4664 sacra
2767 4605 3070 4679 Evangelia
3099 4605 3314 4670 docent,
3358 4603 3502 4662 hanc

1910 4699 2217 4756 orationem
2245 4697 2352 4754 illis
2381 4697 2707 4770 composuit,
2737 4696 2882 4754 etsic
2910 4709 3006 4750 eos
3035 4708 3191 4748 orare
3217 4693 3500 4766 praecepit.

1982 4789 2070 4844 VI.
2103 4788 2254 4844 Tunc
2283 4786 2416 4844 ﬁunt
2443 4785 2722 4855 scrutinia,
2753 4785 2810 4839 id
2847 4789 2930 4838 est
2959 4779 3374 4854 explorationes,
3415 4782 3505 4841 vel

1909 4876 2358 4951 investigationes
2405 4875 2706 4934 secundum
2750 4885 2963 4928 morem
3009 4870 3166 4928 vobis
3196 4871 3496 4946 cognitum,

1908 4975 1963 5023 ut
1994 4966 2302 5038 exploretur
2320 4966 2540 5038 saepius,
2564 4979 2724 5036 quam
2753 4959 2981 5016 ﬁrmiter
2995 4967 3120 5033 post
3140 4961 3502 5020 renuntiatio-

1909 5072 2036 5113 nem
2065 5057 2280 5112 Satanae
2308 5070 2466 5112 sacra
2493 5052 2664 5110 verba
2691 5048 2833 5106 datae
2877 5047 3005 5107 ﬁdei
3031 5050 3294 5107 radicitus
3331 5049 3504 5108 corde

1909 5144 2233 5213 deﬁxerint;
2266 5151 2318 5200 et
2361 5144 2502 5199 sicut
2535 5137 2691 5194 vobis
2742 5145 2932 5195 notum
2969 5147 3053 5196 est
3094 5153 3197 5211 per
3245 5137 3501 5198 decretos

1909 5234 2027 5292 dies
2056 5235 2110 5290 in
2141 5241 2326 5290 sancta
2355 5227 2797 5300 Quadragesima
2827 5225 2964 5284 ﬁunt
2993 5235 3206 5300 septem
3220 5227 3502 5298 scrutinia,

1909 5325 2210 5382 secundum
2237 5321 2468 5376 formam
2496 5316 2826 5390 septiformis
2857 5316 3110 5389 Spiritus.

1983 5412 2096 5470 VII.
2127 5408 2336 5467 Deinde
2363 5405 2537 5480 tangit
2567 5406 2937 5466 consecrando
2965 5403 3226 5466 sacerdos
3253 5423 3418 5466 nares
3449 5412 3504 5464 et

1911 5517 2074 5562 aures
2103 5499 2172 5557 de
2201 5504 2379 5572 sputo,
2411 5505 2466 5556 et
2492 5496 2623 5559 dicit
2655 5515 2670 5557 :
2701 5496 2887 5572 E/feta
2905 5498 3049 5571 quod
3075 5502 3161 5556 est
3206 5497 3502 5570 adaperire

3041 5597 3074 5651 4
