4026 6298
523 277 628 334 10³7

1487 233 1831 333 amemur
1857 271 2256 332 RHEMENSIS
2283 273 2834 334 ARCHIEPISCOPI.

3704 271 3814 325 108

515 401 746 479 (Matth.
765 399 887 472 vn),
921 408 975 456 et
1003 400 1235 474 reliqua.
1271 401 1418 456 Inter
1444 407 1642 458 caetera
1673 400 1874 475 quippe
1905 415 2108 458 conse-
2137 399 2190 462 A
2213 400 2430 456 cedant.
2463 401 2570 457 Sed
2599 399 2738 456 sicut
2763 405 3077 455 nostrarum
3123 395 3410 471 regionum
3465 394 3812 454 consuetudo

514 489 776 568 “orationis
801 488 1046 560 exordia,
1070 489 1140 546 de
1170 489 1342 546 saliva
1370 489 1481 546 oris
1511 489 1598 545 sui
1645 489 1906 546 sacerdos
1952 505 2118 546 nares

515 579 714 650 tangit,
745 585 800 635 et
827 593 992 635 aures
1021 577 1396 649 consecrandi,
1431 586 1485 635 et
1527 579 1695 635 dicit:
1730 579 1928 651 E/feta,
1973 579 2115 652 quod

516 671 603 724 est
622 667 940 741 adaperire.
964 666 1261 724 Obsurduit
1271 667 1417 724 enim
1432 668 1597 724 homo
1615 667 1684 723 ab
1707 667 1978 724 audiendo
1995 667 2115 722 vitae

517 755 708 824 verbo,
741 761 1029 828 postquam
1065 755 1352 812 mortifera
1399 756 1666 827 serpentis
1713 757 1878 812 verba
1924 763 2116 812 contra

517 844 697 900 Deum
727 844 945 900 timidus
977 845 1212 910 audivit;
1247 852 1301 900 et
1335 845 1649 900 surditatem
1699 860 1862 917 quam
1907 845 2114 916 primus

516 934 684 990 homo
711 932 990 1006 peccando
1018 933 1338 1005 promeruit,
1391 933 1568 989 omnis
1596 949 1696 1005 per
1725 933 2006 989 traducem
2035 932 2116 988 vi-

517 1021 636 1078 rilis
666 1021 890 1078 seminis
921 1029 1218 1094 generatus
1249 1023 1319 1078 ab
1366 1021 1462 1078 illo
1512 1021 1796 1078 contraxit.
1843 1021 1945 1077 Per
1991 1019 2117 1076 sali-

519 1126 644 1166 vam
675 1110 894 1183 quidem
922 1103 1034 1166 oris
1071 1110 1390 1178 sacerdotis,
1435 1117 1628 1184 gustus
1675 1125 1784 1182 quo
1825 1109 2114 1165 initiandus

521 1207 604 1256 est
634 1217 888 1272 supernae
916 1199 1196 1271 sapientia:
1227 1199 1544 1272 designatur
1575 1217 1586 1252 :
1620 1199 1746 1270 quia
1775 1215 1844 1254 ex
1869 1199 2114 1270 capitein

520 1305 628 1362 quo
659 1304 850 1344 omnes
880 1304 1074 1344 sensus
1101 1287 1339 1344 hominis
1358 1295 1502 1355 sunt,
1535 1288 1704 1344 saliva
1721 1287 2002 1344 descendit
2027 1305 2040 1342 :
2065 1294 2118 1343 et

519 1377 845 1449 Apostolus;
872 1378 1072 1450 Caput,
1092 1376 1284 1449 inquit,
1313 1377 1522 1434 Christi
1547 1379 1686 1432 Deus
1716 1376 1767 1446 (Ι
1787 1378 1909 1434 Cor.
1933 1378 2036 1448 χι),
2063 1383 2116 1431 et

517 1465 772 1522 divinitas
801 1465 1077 1522 hominem
1123 1480 1424 1534 assumens,
1475 1465 1749 1536 quoddam
1797 1480 1862 1520 ex
1905 1480 2114 1521 conne—

517 1554 679 1611 xione
710 1555 940 1610 duarum
971 1553 1402 1629 substantiamm
1431 1553 1487 1608 in
1513 1569 1618 1610 una
1646 1553 1748 1609 Dei
1777 1552 1896 1609 Filii
1925 1569 2114 1624 perso-

513 1658 586 1699 na
615 1643 901 1714 collyrium
927 1641 1078 1709 fecit,
1111 1632 1256 1698 unde
1284 1633 1460 1716 genus
1489 1643 1804 1710 humanum,
1831 1642 1977 1714 quod
1999 1658 2116 1698 cce-

517 1747 642 1790 cum
673 1747 704 1786 a
749 1721 938 1804 primis
981 1732 1302 1803 parentibus
1353 1737 1540 1786 natum
1585 1739 1717 1800 erat,
1762 1730 2108 1786 illuminaret.

515 1821 642 1877 Non
669 1820 738 1874 ab
767 1836 830 1876 re
859 1827 1020 1892 sputo
1049 1835 1214 1876 aures
1259 1827 1554 1893 tanguntur
1594 1827 1644 1875 et
1691 1834 1856 1876 nares
1889 1836 1902 1876 :
1936 1827 1995 1876 ut
2023 1819 2114 1892 qui

522 1925 766 1981 expuens
794 1907 1039 1980 linguam
1065 1907 1200 1964 muti
1227 1907 1496 1980 tetigerat,
1532 1915 1586 1964 et
1630 1915 1788 1980 sputo
1825 1909 1996 1963 lutum
2043 1909 2117 1964 fe-

517 2007 688 2064 cerat,
725 2004 778 2053 et
806 1996 998 2054 oculos
1025 1997 1156 2053 caeci
1185 1996 1294 2051 nati
1329 2003 1633 2068 aperuerat,
1679 2013 1822 2052 nunc
1848 2013 1948 2068 per
1964 1997 2119 2052 mini-

520 2086 748 2142 sterium
777 2085 1147 2153 sacerdotum,
1182 2093 1236 2142 et
1264 2085 1507 2141 auditum
1553 2085 1850 2157 spiritalem
1892 2085 1978 2140 bis
2025 2085 2116 2159 qui

521 2174 833 2247 baptizandi
864 2182 1008 2240 sunt,
1038 2175 1267 2242 tribuat;
1304 2181 1356 2230 et
1401 2182 1550 2230 recte
1598 2174 1880 2247 loquendi,
1931 2174 1984 2229 id
2032 2182 2117 2230 est

520 2280 664 2321 verae
693 2262 818 2320 ﬁdei
847 2261 1140 2320 conﬁtendi
1172 2262 1483 2319 facultatem
1529 2263 1812 2335 praebeat;
1845 2270 1898 2319 et
1927 2279 2112 2331 nares,

521 2352 720 2426 quibus
750 2353 953 2408 bonum
981 2351 1182 2406 Christi
1212 2352 1438 2407 odorem
1467 2351 1702 2422 capiant,
1737 2352 1966 2422 aperiat.
2011 2353 2116 2406 Per

520 2449 724 2498 tactum
753 2457 886 2496 vero
916 2440 1146 2506 narium,
1177 2448 1234 2495 ut
1271 2439 1496 2510 abjectis
1526 2439 1976 2496 delectationibus
2016 2455 2113 2496 no-

515 2529 640 2595 iiiis,
674 2528 850 2586 solum
883 2528 1080 2596 Christi
1109 2544 1328 2600 semper
1369 2527 1727 2606 amplectatur
1755 2528 2002 2595 odorem,
2045 2527 2113 2584 de

517 2634 626 2694 quo
658 2617 788 2674 dicit
813 2617 1106 2689 Apostolus
1139 2635 1151 2670 :
1189 2611 1398 2674 Christi
1427 2617 1602 2674 bon’us
1631 2617 1766 2675 odor
1792 2619 2112 2682 sumusDeo

516 2709 582 2762 in
610 2708 768 2764 omni
799 2708 913 2762 loco
945 2707 1020 2778 (II
1048 2707 1168 2762 Cor.
1203 2707 1284 2776 ιι).
1316 2706 1386 2760 Et
1415 2713 1472 2759 ut
1519 2705 1825 2760 meminerit
1867 2722 1928 2762 se
1960 2706 2114 2775 juxta

515 2795 826 2867 exemplum
856 2795 1002 2850 beati
1027 2795 1148 2861 Job,
1181 2794 1355 2850 donec
1385 2802 1635 2864 superest
1663 2793 1860 2849 halitus
1889 2795 1945 2848 in
1965 2809 2031 2850 eo
2061 2803 2114 2850 et

515 2883 737 2956 spiritus
759 2883 860 2940 Dei
889 2883 946 2938 in
975 2882 1204 2938 naribus
1233 2883 1370 2952 ejus,
1422 2898 1530 2938 non
1577 2883 1729 2954 loqui
1775 2882 2112 2954 iniquitatem

512 2969 690 3040 labiis,
726 2987 830 3028 nec
858 2970 1046 3044 lingua
1074 2970 1424 3027 mendacium
1457 2970 1709 3026 meditari
1739 2970 2112 3027 debere.Por-

513 3059 574 3117 ro
603 3076 704 3132 per
735 3067 932 3116 tactum
963 3059 1192 3127 aurium,
1226 3068 1285 3116 ut
1315 3059 1509 3116 relicto
1539 3059 1725 3114 auditu
1772 3059 1972 3132 linguae
2013 3075 2110 3114 ne-

511 3165 694 3220 quam,
745 3149 926 3204 audiat
963 3149 1167 3212 verba,
1199 3148 1414 3220 Christi,
1463 3155 1514 3204 et
1563 3147 1726 3204 faciat
1775 3163 1868 3204 ea:
1918 3147 2110 3203 similis

510 3237 646 3294 vero
696 3238 971 3309 prudenti,
1017 3238 1109 3308 qui
1155 3224 1444 3293 aediﬁcavit
1479 3231 1700 3292 domum
1745 3253 2108 3314 suamsupra

507 3333 759 3397 petram:
819 3325 914 3396 qui
960 3326 1338 3394 incorporatus
1381 3325 1662 3392 Ecclesiae,
1731 3342 1850 3396 quae
1907 3323 2107 3398 corpus

507 3421 593 3470 est
635 3412 852 3482 Christi,
901 3412 1034 3468 dicit
1073 3429 1196 3469 cum
1255 3412 1590 3467 Psalmista:
1652 3413 2008 3481 Sacri/icium
2053 3419 2110 3470 et

506 3503 866 3569 oblationem,
917 3495 1161 3558 vetei‘um
1219 3501 1424 3557 scilicet
1485 3501 1950 3568 cmremoniarum,
2000 3519 2106 3558 n0-

507 3591 710 3646 luisti:
757 3608 924 3648 aures
963 3595 1156 3646 autem
1205 3591 1504 3663 perfecisti
1556 3589 1720 3656 mihi,
1758 3593 1824 3645 ut
1871 3607 2106 3646 annun-

507 3680 645 3734 tiem
668 3696 860 3735 omnes
884 3679 1238 3735 laudationes
1281 3682 1410 3734 tuas
1453 3681 1518 3734 in
1566 3679 1748 3751 portis
1795 3678 1932 3748 ﬁliae
1974 3681 2107 3737 Sion

503 3768 685 3840 (Psal.
729 3768 959 3838 xxxrx),
993 3776 1045 3822 et
1080 3783 1092 3822 :
1127 3769 1192 3822 In
1212 3783 1300 3822 me
1319 3771 1475 3837 sunt,
1501 3769 1666 3832 Deus,
1701 3771 1828 3823 vota
1847 3771 1965 3836 tua,
1987 3787 2108 3842 quae

503 3857 736 3912 reddam
779 3855 1131 3917 laudationes
1155 3857 1256 3911 tibi
1287 3857 1461 3925 (Psal.
1487 3855 1600 3926 ιν).
1623 3855 1878 3926 Legimus
1893 3873 2108 3930 quoque

506 3946 564 4000 in
607 3945 934 4017 quibusdam
982 3943 1299 4016 regionibus
1354 3961 1476 4000 esse
1535 3944 2002 4013 consuetudinem,
2051 3953 2108 4000 ut

508 4034 671 4090 etiam
698 4033 838 4088 labia
869 4032 1228 4089 consecrandi
1257 4032 1324 4087 de
1353 4032 1526 4088 saliva
1544 4033 1850 4089 sacerdotis
1874 4041 2108 4107 tangan-

505 4131 610 4190 tur,
646 4121 966 4178 auctoritate
997 4121 1138 4177 sacri
1169 4121 1452 4194 Evangelii
1485 4139 1498 4176 :
1533 4121 1657 4193 quia
1687 4130 1972 4192 postquam
1993 4124 2107 4178 Do—

505 4213 683 4268 minus
731 4211 788 4266 in
833 4227 994 4267 aures
1037 4211 1187 4266 surdi
1246 4218 1298 4266 et
1334 4212 1468 4266 muti
1513 4210 1659 4266 misit
1706 4211 1907 4284 digitos
1955 4227 2104 4284 suos,

507 4309 670 4373 sputo
709 4301 886 4372 tetigit
911 4300 1157 4373 linguam
1198 4299 1364 4369 illius,
1431 4307 1485 4355 et
1525 4299 1848 4354 subintulit:
1907 4301 2106 4372 Effeta,

507 4390 650 4463 quod
700 4393 784 4444 est
831 4389 1148 4461 adaperire.
1200 4388 1270 4442 Et
1319 4388 1499 4442 statim
1537 4395 1740 4457 apertae
1777 4395 1900 4442 sunt
1947 4404 2107 4444 aures

2218 489 2288 545 ab
2317 489 2398 546 eis
2428 506 2536 546 non
2565 497 2646 545 est
2675 487 3148 560 reprehendenda,
3177 486 3252 541 ita
3279 500 3382 542 nec
3409 501 3442 540 a
3487 483 3647 540 nobis
3694 483 3818 539 illa-

2217 596 2334 636 rum
2363 577 2718 647 consuetudo,
2753 576 2878 650 quia
2895 591 3006 632 non
3045 575 3341 631 abhorrere
3367 590 3399 630 a
3426 572 3534 629 ﬁde
3574 572 3815 642 videtur,

2216 668 2432 740 penitus
2463 675 2542 722 est
2572 665 2880 722 abdicanda
2916 683 2928 720 :
2963 681 3089 722 cum
3119 664 3175 720 in
3191 663 3354 720 unius
3381 661 3511 718 ﬁdei
3539 661 3819 719 soliditate

2215 757 2270 812 in
2301 757 2626 830 quibusdam
2655 755 2823 812 rebus
2853 755 3048 810 obesse
3078 770 3188 810 non
3229 753 3402 810 soleat
3429 751 3649 808 diversa
3679 765 3819 808 con—

2217 846 2467 902 suetudo.
2503 845 2652 902 Sicut
2681 853 2734 900 et
2767 850 3111 900 sacramenta
3140 841 3352 914 Veteris
3373 855 3438 898 ac
3465 840 3605 896 Novi
3627 840 3820 896 Testa-

2215 935 2406 1001 menti,
2439 934 2566 990 licet
2593 949 2695 1005 pro
2721 921 3028 1010 temporum
3055 931 3262 988 ratione
3291 929 3624 1002 discrepent,
3672 927 3817 986 ﬁdes

2216 1031 2402 1079 tamen
2431 1038 2558 1088 una,
2609 1021 2912 1094 eademque
2948 1021 3274 1077 concordat:
3326 1018 3450 1092 quia
3499 1033 3662 1090 quam
3709 1033 3818 1073 nos

2215 1127 2316 1184 per
2363 1110 2644 1184 apostolos
2687 1097 2908 1176 factam,
2959 1109 3208 1165 eamdem
3251 1114 3438 1180 patres
3480 1103 3817 1168 Testamenti

2217 1199 2428 1256 Veteris
2459 1198 2924 1271 dispensationem
2953 1197 3150 1254 Christi
3176 1213 3275 1268 per
3319 1196 3614 1270 prophetas
3661 1195 3815 1252 didi-

2217 1295 2405 1344 cerant
2434 1275 2558 1344 esse
2579 1295 2880 1366 venturam.
3395 1335 3402 1340 .
3427 1337 3434 1344 .

2291 1377 2429 1433 VIII.
2463 1377 2709 1432 Posthaac
2729 1384 2924 1432 vocato
2953 1391 3018 1430 ex
3048 1373 3267 1430 nomine
3297 1373 3693 1440 consecrando,
3720 1372 3814 1428 in-

2215 1472 2462 1539 terrogat
2512 1481 2635 1521 eum
2683 1465 2962 1531 sacerdos,
3017 1463 3063 1519 si
3107 1463 3447 1520 abrenuntiet
3491 1463 3705 1520 Satanae
3761 1469 3819 1518 et

2216 1555 2468 1610 omnibus
2499 1553 2756 1626 operibus
2777 1555 2912 1624 ejus,
2937 1558 2989 1609 et
3010 1552 3236 1635 reliqua.
3263 1553 3390 1607 Post
3418 1553 3570 1622 cujus
3589 1566 3818 1623 respon-

2219 1643 2427 1700 sionem
2461 1642 2616 1716 ungit
2663 1659 2785 1698 eum
2833 1641 2956 1698 oleo
2993 1640 3326 1720 'exorcizato,
3373 1639 3434 1698 in
3477 1648 3703 1713 pectore
3759 1647 3816 1695 et

2141 1757 2196 1818 B
2217 1731 2360 1818 inter
2387 1715 2656 1803 scapulas,
2689 1731 2880 1787 dicens
2911 1749 2924 1785 :
2963 1752 2985 1782 α
3021 1715 3226 1802 Εἷῖὲερ
3241 1715 3456 1818 Ηέῇοςῑρ
3481 1729 3605 1785 oleo
3621 1727 3816 1784 salutis

2216 1817 2273 1874 in
2305 1819 2520 1876 Christo
2547 1818 2936 1875 JesuDomino
2981 1827 3166 1874 nostro
3193 1817 3248 1874 in
3279 1806 3449 1876 vitam
3473 1824 3756 1874 aeternam.
3787 1838 3810 1868 ι

2215 1909 2413 1964 Pectus
2444 1908 2643 1981 quippe
2673 1907 2992 1979 perungitur
3019 1895 3160 1973 oleo,
3190 1914 3247 1962 ut
3278 1907 3438 1980 signo
3467 1914 3665 1962 sanctae
3677 1921 3814 1962 cru-

2216 1997 2296 2054 cis
2325 1997 2541 2053 diabolo
2587 1997 2871 2054 claudatur
2917 1996 3221 2068 ingressus.
3273 1995 3531 2073 Signatur
3572 2002 3626 2051 et
3667 1995 3817 2052 inter

2217 2085 2489 2157 scapulas,
2542 2093 2601 2141 ut
2647 2085 2884 2158 undique
2929 2083 3221 2141 muniatur.
3273 2085 3406 2140 Item
3457 2084 3515 2138 in
3567 2083 3816 2155 pectoris

2217 2182 2269 2230 et
2299 2175 2442 2230 inter
2459 2173 2712 2246 scapulas
2742 2174 2996 2230 unctione
3025 2173 3273 2246 signatur
3301 2171 3430 2228 ﬁdei
3477 2171 3724 2240 ﬁrmitas,
3761 2180 3818 2230 et

2216 2279 2444 2334 operum
2520 2263 2787 2319 bonorum
2834 2261 3263 2334 perseverantia.
3330 2261 3591 2336 Signatur
3645 2261 3814 2318 etiam

2215 2351 2574 2424 baptizandus
2591 2359 2812 2430 pectore
2834 2359 2888 2408 et
2908 2351 3318 2424 interiscapulas
3337 2337 3418 2430 de.
3429 2349 3550 2407 oleo
3571 2359 3766 2407 sancto
3795 2369 3811 2407 :

2215 2447 2272 2496 ut
2300 2441 2442 2495 illius
2463 2439 2569 2495 olei
2591 2428 2786 2507 sancti,
2811 2430 3064 2496 videlicet
3095 2428 3344 2511 Spiritus.
3364 2439 3619 2496 unctione
3652 2439 3816 2495 linia-

2214 2535 2320 2594 tur,
2344 2529 2412 2584 de
2429 2544 2536 2600 qua
2566 2528 2858 2599 Apostolus
2900 2527 2976 2584 ait
3007 2545 3021 2582 :
3052 2529 3210 2584 Sicut
3257 2530 3451 2584 unctio
3499 2530 3619 2600 ejus
3651 2527 3820 2586 docet

2215 2617 2402 2680 vos,de
2431 2619 2689 2678 omnibus
2721 2616 2772 2688 (Ι
2796 2618 2956 2674 Joan.
2989 2617 3051 2688 ιι)
3077 2635 3091 2684 ;
3125 2625 3251 2672 ante
3281 2625 3332 2672 et
3371 2623 3520 2673 retro
3563 2616 3812 2673 munitus

2215 2700 2405 2764 contra
2467 2705 2664 2773 omnia,
2734 2721 2996 2776 prospera
3061 2704 3176 2761 sive
3243 2705 3496 2772 adversa,
3565 2705 3634 2761 sit
3697 2705 3814 2760 cir-

2214 2802 2579 2866 cumspectus.
2631 2794 2992 2850 Abrenuntiat
3037 2802 3218 2852 autem
3267 2793 3624 2865 baptizandus
3683 2793 3813 2849 dia-

2213 2882 2360 2950 bolo,
2394 2883 2450 2938 id
2477 2891 2579 2950 est,
2607 2883 2830 2950 resistit,
2881 2883 3018 2938 sicut
3058 2882 3210 2952 jubet
3258 2879 3450 2940 Petrus
3503 2882 3810 2953 apostolus,

2213 2972 2403 3028 dicens
2424 2989 2437 3026 :
2461 2973 2724 3028 Resistite
2735 2972 2968 3037 diabolo,
2989 2972 3042 3027 el
3061 2971 3246 3043 fugiet
3263 2989 3298 3026 a
3319 2971 3466 3028 vobis
3483 2971 3534 3042 (I
3548 2973 3702 3027 Petr.
3721 2971 3810 3041 v).

2214 3060 2572 3116 Abrenuntiat
2602 3059 2842 3132 quidem,
2877 3060 2931 3114 id
2961 3067 3062 3125 est,
3097 3059 3366 3131 repudiat,
3411 3059 3634 3130 spernit,
3673 3060 3814 3128 reji-

2211 3149 2302 3217 cit,
2329 3148 2665 3215 contradicit,
2700 3149 2958 3219 abnegat,
2991 3147 3264 3220 relinquit,
3311 3148 3427 3204 sive
3473 3147 3618 3203 aliud
3675 3147 3815 3220 quid

2208 3238 2355 3310 quod
2384 3239 2490 3294 hoc
2519 3239 2688 3294 verbo
2717 3237 2772 3292 in
2801 3238 2904 3294 hoc
2925 3253 3092 3293 sensu
3123 3236 3351 3309 exprimi
3371 3243 3569 3308 potest.
3595 3235 3812 3304 Quam-

2205 3327 2465 3401 viszenim
2508 3325 2651 3382 illius
2697 3326 2854 3384 verbi
2909 3325 3056 3398 quod
3099 3333 3181 3380 est
3230 3328 3456 3392 nuntio,
3508 3341 3702 3381 sensus
3751 3325 3814 3382 in

2206 3413 2468 3487 promptu
2483 3416 2551 3471 sit
2595 3413 2886 3478 cunilsiner
2927 3413 3317 3490 praepositione
3364 3413 3637 3486 profertur
3668 3433 3686 3469 :
3715 3429 3812 3471 ac-

2209 3513 2366 3574 cepta
2394 3505 2780 3575 praepositione
2812 3504 3085 3558 interdum
3105 3519 3136 3558 a
3165 3519 3262 3558 sua
3282 3500 3678 3576 signiﬁcatione
3693 3518 3812 3559 non

2207 3593 2371 3666 longe
2385 3593 2615 3648 recedit:
2639 3600 2698 3646 ut
2710 3600 2790 3646 est
2810 3591 2984 3657 illiud,
2999 3594 3208 3650 nuntio
3225 3599 3278 3647 et
3299 3608 3482 3648 renun
3491 3593 3567 3648 tio
3594 3609 3608 3657 ;
3631 3591 3807 3647 inter-

2208 3682 2336 3736 dum
2371 3695 2502 3736 vero
2532 3680 2587 3734 in
2616 3679 2784 3736 alium
2815 3695 3038 3734 sensum
3054 3680 3293 3750 vertitur,
3311 3687 3365 3735 et
3394 3687 3475 3736 est
3491 3679 3644 3734 illiud
3672 3697 3686 3734 :
3713 3680 3809 3737 Sic

2208 3786 2332 3841 ergo
2362 3770 2546 3826 omnis
2569 3785 2643 3824 ea:
2665 3769 2810 3824 vobis
2827 3769 2922 3842 qui
2940 3786 3056 3825 non
3076 3771 3378 3826 renuntiat
3399 3769 3660 3826 omnibus
3683 3785 3810 3842 quae

2205 3859 2472 3930 possidet,
2509 3875 2623 3914 non
2636 3861 2821 3930 potest
2838 3875 2996 3914 meus
3017 3875 3134 3914 esse
3153 3859 3466 3930 discipulus
3485 3858 3638 3929 (Luc.
3655 3855 3807 3923 xw).

2209 3946 2385 4014 Quam
2429 3946 2752 4002 sententiam
2818 3947 3012 4002 beatus
3074 3946 3372 4020 Gregorius
3427 3961 3706 4017 exponens
3749 3945 3810 4002 in

2207 4034 2431 4091 homilia
2459 4035 2767 4108 Evangelii,
2802 4035 3112 4091 renuntiare
3132 4035 3432 4109 abnegare,
3464 4034 3695 4106 intelligi
3715 4035 3811 4090 de-

2207 4123 2356 4192 bere,
2392 4123 2646 4179 ostendit.
2664 4123 2910 4196 Denique
2934 4123 3288 4198 baptizandus
3308 4131 3431 4195 post
3448 4123 3809 4180 abrenuntia-

2207 4213 2410 4270 tionem
2440 4213 2671 4283 Satanm,
2703 4213 3072 4287 interrogatur
3107 4213 3153 4268 si
3175 4213 3514 4270 abrenuntiet
3549 4213 3810 4270 omnibus

2206 4302 2460 4374 operibus
2490 4303 2629 4372 ejus.
2663 4301 2798 4372 Quae
2828 4311 2952 4357 sunt
2983 4310 3164 4358 autem
3195 4319 3358 4374 opera
3389 4302 3618 4370 Satanae,
3665 4301 3812 4358 divi-

2205 4387 2634 4464 nus’apostolus
2692 4391 2910 4458 Paulus,
2959 4377 3016 4446 in
3087 4407 3194 4463 quo
3247 4391 3484 4463 loquitur
3530 4391 3804 4458 Christus,

509 4478 647 4548 ejus,
679 4485 730 4532 et
760 4475 993 4531 solutum
1023 4483 1106 4530 est
1134 4475 1410 4530 vinculum
1436 4475 1638 4548 linguae
1668 4474 1803 4544 ejus,
1833 4484 1884 4532 et
1913 4476 2100 4548 loque-
2128 4473 2181 4534 D
2208 4481 2538 4536 demonstrat
2568 4481 2818 4536 scribens
2847 4481 2918 4536 ad
2963 4480 3272 4536 Corinthios
3303 4498 3315 4535 :
3350 4481 3410 4538 Si
3463 4481 3586 4552 quis
3618 4482 3810 4552 frater

509 4565 670 4621 batur
700 4571 868 4621 recte.
901 4565 970 4619 Et
1016 4563 1072 4618 in
1122 4563 1448 4635 quibusdam
1495 4564 1814 4636 regionibus
1859 4565 1948 4620 alii
1985 4566 2108 4624 oleo

512 4663 702 4710 sancto
751 4661 978 4725 tangunt
1021 4654 1533 4708 catechumenorum
1580 4669 1744 4708 aures
1790 4661 1844 4708 et
1892 4669 2103 4711 nares:

512 4741 639 4813 quia
666 4758 828 4798 nemo
855 4749 1035 4813 potest
1064 4758 1162 4812 per
1198 4741 1428 4814 gratiam
1468 4742 1639 4797 sancti
1681 4741 1931 4812 Spiritus,
1985 4761 2106 4814 quae

512 4829 635 4885 oleo
665 4831 999 4902 designatur,
1030 4829 1158 4886 ﬁdei
1207 4837 1546 4886 sacramenta
1593 4846 1950 4903 cognoscere,
2000 4833 2107 4888 nisi

510 4917 695 4974 audiat
722 4918 1128 4988 prmdicantem,
1152 4919 1370 4976 dicente
1382 4919 1644 4990 Apostolo
1681 4937 1694 4974 :
1727 4921 1890 4976 Fides
1911 4937 1984 4976 ex
1997 4939 2103 4976 au-

511 5001 656 5076 ditu,
681 5006 910 5062 auditus
941 5011 1133 5062 autem
1161 5024 1261 5080 per
1291 5009 1518 5066 verbum
1552 5009 1764 5064 Christi
1792 5011 1970 5078 (Rom.
2019 5012 2100 5082 x).

505 5093 684 5150 Nares
713 5109 930 5167 quoque
964 5093 1127 5148 simili
1159 5103 1305 5152 tactu
1341 5095 1744 5152 sanctiﬁcantur
1777 5113 1790 5152 :
1821 5105 1879 5152 ut
1908 5097 1963 5153 hi
2011 5099 2104 5171 qui

508 5181 579 5238 ad
605 5183 935 5256 baptismum
975 5182 1195 5238 veniunt
1241 5184 1635 5242 admoneantur
1681 5185 1815 5241 tanti
1858 5186 2104 5258 mysterii

505 5279 904 5327 sacramentum
933 5287 1035 5344 per
1063 5271 1292 5346 gratiam
1322 5275 1494 5330 sancti
1531 5274 1764 5346 Spiritus
1807 5291 1983 5346 usque
2031 5276 2102 5332 ad

501 5368 735 5416 mortem
782 5360 1097 5416 inviolatum
1162 5367 1324 5432 atque
1374 5361 1652 5435 integrum
1706 5363 2000 5420 custodire.
2032 5365 2101 5422 Ut

501 5448 742 5521 quandiu
775 5449 1022 5521 spiritum
1051 5449 1176 5506 vitae
1205 5449 1364 5520 hujus
1409 5451 1634 5507 naribus
1665 5453 1776 5508 suis
1805 5454 2094 5521 attrahunt,

500 5561 535 5604 a
561 5545 759 5604 Christi
787 5547 1004 5605 Domini
1033 5547 1208 5606 nostri
1235 5547 1450 5608 cultura
1479 5556 1532 5606 et
1579 5551 1806 5609 servitio
1855 5567 1964 5610 non
2002 5568 2098 5610 re-

2211 4573 2298 4625 cst
2324 4570 2656 4640 fornicator,
2677 4573 2779 4624 aut
2808 4585 3033 4639 avarus,
3075 4573 3180 4625 aut
3203 4569 3367 4626 idolis
3396 4569 3668 4638 serviens,
3699 4574 3808 4626 aut

2208 4659 2541 4725 maledicus,
2569 4661 2672 4714 aut
2690 4659 2958 4724 ebriosus,
2979 4661 3297 4732 autrapax,
3330 4675 3460 4714 cum
3481 4657 3808 4728 huiusmodi

2207 4763 2310 4802 nec
2341 4748 2526 4803 cibum
2557 4763 2780 4803 sumere
2804 4747 2853 4818 (Ι
2875 4748 2994 4804 Cor.
3016 4747 3097 4818 v).
3130 4748 3198 4802 Et
3226 4746 3354 4802 item
3386 4763 3401 4802 :
3433 4747 3518 4802 An
3564 4747 3804 4804 nescitis

2206 4837 2337 4910 quia
2383 4837 2567 4910 iniqui
2612 4853 2851 4908 regnum
2889 4837 2992 4892 Dei
3026 4853 3142 4892 non
3171 4837 3531 4908 possidebunt
3562 4839 3585 4891 ἲ
3615 4837 3805 4894 Nolite

2205 4942 2396 4982 errare
2417 4942 2429 4980 :
2454 4941 2633 4998 neque
2649 4926 2972 4996 fornicarii,
2987 4942 3166 4999 neque
3182 4923 3349 4983 idolis
3363 4927 3804 4992 servientes,ne—

2205 5032 2308 5088 que
2320 5015 2772 5086 adulterimeque
2785 5031 2874 5070 mo
2883 5015 2898 5069 Ι
2905 5017 3002 5082 les,
3017 5031 3194 5086 neque
3204 5015 3590 5072 masculorum
3601 5031 3807 5074 conca:

2203 5105 2425 5170 bitores,
2455 5119 2634 5176 neque
2653 5105 2832 5174 fures,
2852 5120 3031 5176 neque
3044 5104 3219 5172 avari,
3245 5119 3424 5177 neque
3444 5104 3665 5170 ebriosi,
3691 5120 3802 5160 ne-

2203 5209 2306 5265 que
2335 5192 2618 5257 maledici,
2641 5208 2819 5264 neque
2847 5206 3102 5266 rapaces,
3124 5209 3364 5264 regnum
3398 5195 3500 5250 Dei
3544 5193 3802 5266 posside-

2201 5281 2341 5337 bunt
2368 5279 2419 5352 (I
2433 5281 2552 5336 Cor.
2575 5282 2676 5352 ιν).
2700 5281 2768 5335 Et
2783 5280 2852 5336 ad
2871 5281 3088 5335 Galatas
3115 5297 3127 5334 :
3151 5282 3456 5354 Manifesta
3475 5283 3614 5338 sunt
3627 5298 3801 5356 opera

2201 5371 2411 5436 carnis,
2445 5387 2564 5442 quae
2593 5373 2730 5440 sunt
2757 5370 3084 5442 fornicatio,
3107 5371 3498 5439 immunditia,
3533 5372 3795 5440 luxuria,

2201 5459 2478 5516 idolorum
2489 5458 3798 5536 servitus,veneﬁeia,inimicitiw,contentiones

2199 5541 2738 5618 aemulationesirce,
2759 5547 3328 5621 rixae,dissensiones,
3350 5550 3794 5620 sectee,invidi¢e,
