4026 6310
206 269 313 324 109

1643 256 2019 354 ΕΡῙΞΤΟΙΑΕ.

3409 265 3512 320 110

202 390 530 458 homicidia,
554 390 875 456 ebrietates,
905 387 1338 446 comessationes
1366 392 1423 444 et
1452 387 1552 450 his.
1567 388 1804 453 similia,
1835 383 1894 446 A
1910 391 2076 442 ctum.
2133 383 2284 456 Quae
2327 397 2558 443 necesse
2593 391 2678 442 est
2712 383 3044 444 inconvulsa
3083 385 3283 444 mentis
3331 385 3518 444 inten-

203 498 328 554 qua
343 479 594 553 praedico
616 480 786 547 vobis,
809 480 962 535 sicut
978 479 1246 552 pradixi,
1269 478 1537 552 quoniam
1551 479 1648 550 qui
1675 476 1821 532 talia

204 573 409 642 agunt,
446 585 690 642 regnum
721 570 822 625 Dei
847 585 964 626 non
995 571 1414 641 consequentur
1439 566 1653 640 (Galat.
1685 564 1770 638 ιιι)
1805 583 1819 619 :

204 659 311 715 nisi
339 674 444 730 per
470 657 691 714 debitos
714 656 1048 728 paenitentiae
1067 656 1596 728 fructus,antequam
1625 661 1823 714 exeant

206 749 277 804 de
308 762 566 820 corpore,
599 762 668 803 ea
697 745 1026 818 occperiant,
1051 753 1105 802 et
1135 745 1349 803 devotis
1369 745 1644 818 precibus,
1677 743 1824 800 elee-

207 836 477 909 mosynis,
489 835 734 906 jejuniis,
756 835 1082 908 ﬂetibusque
1104 843 1158 891 et
1177 834 1370 892 hostia
1390 833 1644 890 salutaris
1665 832 1824 889 obla-

210 926 476 994 tionibus,
524 925 751 982 abluere
799 924 893 980 illa
923 923 1247 982 curaverint.
1291 923 1652 980 Abrenuntiat
1680 921 1825 979 enim

211 1015 580 1088 baptizandus
607 1013 863 1071 omnibus
909 1013 1114 1069 diaboli
1162 1012 1398 1085 pompis,
1450 1012 1506 1069 id
1549 1020 1632 1070 est
1657 1010 1825 1084 spiri-

209 1105 454 1162 tualibus
501 1103 671 1171 vitiis,
720 1111 780 1160 ut
827 1109 952 1158 sunt
997 1101 1240 1172 ambitio,
1289 1101 1625 1176 arrogantia,
1683 1115 1828 1158 vana

213 1194 410 1269 gloria,
443 1193 743 1250 ostentatio
789 1199 843 1248 et
885 1199 1084 1249 catera
1129 1191 1463 1262 hujusmodi,
1505 1207 1626 1264 qua
1648 1189 1719 1247 de
1744 1206 1832 1246 su-

213 1283 418 1355 perbia
443 1282 596 1339 fonte
626 1281 951 1354 procedunt.
984 1281 1190 1352 Pompa
1219 1280 1420 1353 quippe
1439 1279 1663 1352 proprie
1694 1279 1829 1336 dici-

217 1381 306 1428 tur
324 1371 554 1444 publica
582 1369 873 1428 ostentatio
901 1385 1026 1426 cum
1045 1369 1218 1426 multa
1243 1369 1557 1425 ambitione.
1591 1367 1828 1424 Ambitio

216 1461 418 1535 quippe
448 1459 741 1533 phantasia
771 1459 969 1516 dicitur
1008 1458 1199 1516 Grace
1233 1474 1247 1515 :
1279 1474 1388 1531 quo
1425 1457 1644 1514 nomine
1673 1456 1826 1513 desi-

215 1559 422 1625 gnatur
448 1549 735 1620 multiplex
765 1555 1060 1620 apparatus
1089 1555 1144 1604 et
1180 1563 1382 1619 pompa
1409 1546 1612 1620 regalis
1641 1544 1822 1603 oﬁicii.

216 1641 282 1695 Et
309 1641 416 1695 hac
465 1638 782 1697 conditione
823 1645 946 1709 post
989 1636 1539 1704 abrenuntiationem,
1591 1642 1650 1690 ut
1677 1651 1826 1708 pra-

215 1723 488 1791 misimus,
523 1723 646 1779 oleo
677 1730 868 1779 sancto
895 1721 1102 1777 linitur.

287 1813 387 1869 IX.
437 1813 511 1868 Et
558 1813 637 1870 sic
683 1811 831 1867 fonte
875 1809 1060 1866 verbis
1099 1808 1434 1866 solemnibus
1477 1815 1818 1866 consecrato.

218 1903 471 1959 adstante
521 1901 843 1972 baptizando
882 1899 1038 1970 juxta
1083 1899 1308 1966 fontem,
1353 1899 1691 1970 obsequente
1720 1913 1822 1970 pa-

215 2001 375 2049 trono
419 1992 727 2064 interrogat
784 2005 910 2045 eum
967 1989 1226 2046 sacerdos
1243 2031 1256 2056 ,
1290 1988 1336 2043 si
1363 1987 1536 2044 credit
1563 1987 1622 2043 in
1653 1988 1830 2044 Deum

216 2083 437 2138 Patrem
464 2079 913 2151 omnipotentem,
949 2087 1001 2134 et
1022 2077 1237 2150 reliqua
1261 2077 1559 2134 secundum
1587 2092 1822 2133 morem.

217 2172 284 2228 Et
309 2169 685 2242 respondente
732 2168 827 2224 illo
871 2167 1170 2225 secundum
1218 2166 1648 2241 ecclesiasticam
1691 2181 1829 2222 con-

217 2259 601 2327 suetudinem;
655 2264 783 2330 post
833 2257 1203 2328 supradictam
1257 2256 1456 2312 trinam
1511 2254 1715 2311 diaboli
1775 2261 1830 2310 et

221 2365 571 2423 pomparum,
625 2363 692 2404 ac
730 2361 958 2418 operum
1002 2345 1550 2413 abrenuntiationem,
1593 2352 1828 2417 postque

221 2440 421 2494 trinam
477 2453 626 2495 vera
671 2435 802 2492 ﬁdei
845 2433 1267 2501 confessionem,
1318 2434 1448 2506 quia
1492 2450 1603 2490 non
1648 2439 1829 2505 potest

222 2529 454 2604 quisque
501 2525 611 2582 nisi
658 2525 796 2580 trina
841 2524 1307 2580 abrenuntiatione
1337 2531 1390 2578 et
1420 2523 1564 2578 trina
1606 2521 1831 2578 confes-

226 2618 379 2674 sione
408 2615 674 2688 purgari;
706 2614 852 2670 trina
890 2613 1165 2668 mersione
1195 2612 1497 2684 baptizatur
1525 2611 1582 2666 in
1609 2611 1831 2668 nomine

223 2706 422 2771 Patris,
454 2712 508 2762 et
539 2703 686 2771 Filii,
735 2710 787 2758 et
819 2702 1051 2774 Spiritus
1083 2702 1258 2758 sancti
1291 2717 1304 2757 :
1339 2709 1396 2756 ut
1427 2700 1562 2758 sicut
1603 2700 1834 2756 interior

222 2796 406 2866 homo,
440 2793 536 2867 qui
564 2793 636 2848 ad
669 2793 968 2865 imaginem
1013 2799 1215 2848 sancta
1262 2791 1539 2846 Trinitatis
1581 2788 1833 2846 conditus

224 2893 324 2952 est,
356 2901 458 2957 per
488 2881 892 2938 invocationem
939 2889 1137 2937 sancta
1183 2879 1457 2936 Trinitatis
1485 2879 1554 2935 ad
1583 2879 1834 2936 eamdem

225 2980 519 3030 revocatur
548 2971 882 3044 imaginem;
915 2979 967 3025 et
997 2969 1090 3042 qui
1117 2969 1279 3025 tertio
1309 2969 1486 3041 gradu
1515 2968 1746 3040 peccati,
1778 2967 1834 3023 id

227 3072 327 3131 est,
365 3060 726 3136 cogitatione,
777 3059 1052 3116 locutione
1099 3066 1152 3114 et
1201 3058 1520 3130 operatione
1555 3057 1750 3114 cecidit
1778 3057 1834 3112 in

1917 475 2065 532 tione
2094 488 2328 532 servare.
2365 473 2640 544 ﬁdelibus,
2685 480 2740 532 et
2784 481 2844 531 ut
2889 475 3210 534 intemerata
3255 475 3520 534 custodiri

1919 563 2152 636 possint,
2183 563 2331 620 illius
2373 579 2596 636 semper
2641 563 2973 634 adiutorium
3016 565 3320 640 requirere,
3361 567 3520 637 cujus

1920 653 2106 726 gratia
2130 653 2188 711 in
2216 652 2543 727 baptismate
2571 661 2696 711 sunt
2724 653 2920 710 renati.

2451 749 2798 809 EPISTOLA
2831 751 2985 808 XIX.

2127 855 2202 896 AD
2237 855 2558 898 ιυυονιαιιιί
2584 855 2647 897 III
2675 855 2886 908 NIGRI,
2917 853 3076 897 BALBI
3103 853 3312 897 mm.

1964 931 2028 990 Ut
2077 930 2312 990 liberam
2353 931 2597 1004 episcopi
2638 931 2972 1004 electionem
3011 931 3078 986 in
3117 930 3496 988 Bellovaconsi

2339 1001 2591 1061 Ecclesia
2618 1001 2747 1072 ﬁeri
2771 1003 3094 1075 permittat.

2443 1090 2625 1162 (Apud
2656 1090 2958 1162 Sirmond.)

1995 1187 2231 1246 Domino
2276 1189 2560 1245 Lunovmo
2589 1187 2712 1261 regi
2739 1187 2987 1262 glorioso
3025 1188 3357 1248 Hmmaus
3381 1189 3527 1263 epis-

1927 1291 2100 1350 copus
2131 1293 2196 1334 ac
2223 1277 2401 1350 plebis
2427 1277 2530 1334 Dei
2557 1277 2813 1334 famulus.

1999 1367 2132 1424 CAP.
2163 1367 2206 1422 Ι.
2236 1367 2496 1438 Episcopi
2525 1367 2618 1439 qui
2645 1367 2788 1438 apud
2816 1367 3142 1440 martyrium
3179 1375 3382 1426 sancta
3411 1367 3528 1425 Ma-

1927 1471 2037 1514 cra
2063 1455 2122 1510 in
2146 1455 2368 1512 nomine
2395 1455 2598 1512 Christi
2627 1455 3007 1524 convenimus,
3033 1473 3144 1513 non
3170 1473 3274 1530 pro
3303 1457 3417 1514 ulla
3443 1457 3531 1516 in-

1929 1545 2115 1601 debita
2139 1545 2439 1613 voluntate,
2473 1545 2574 1602 sed
2601 1561 2703 1617 pro
2733 1553 2936 1603 sanctae
2963 1545 3228 1603 Ecclesia
3257 1561 3323 1604 ac
3342 1554 3528 1605 vestro

1931 1639 1985 1690 et
2013 1633 2175 1708 regni
2201 1634 2360 1690 vobis
2388 1633 2666 1690 commissi
2683 1633 2894 1691 honore
2923 1649 2990 1692 ac
3018 1634 3372 1703 salvamento,
3391 1635 3532 1693 sicut

1853 1746 1908 1808 Β
1935 1723 2142 1795 scripta
2166 1723 2563 1791 demonstrant,
2614 1739 2736 1795 qua
2777 1723 2934 1782 vobis
2975 1739 3078 1796 per
3104 1723 3534 1781 consacerdotes

1926 1819 2149 1869 nostros
2177 1811 2600 1881 transmisimus,
2649 1811 2853 1869 relecta
2899 1812 3324 1884 praesumptione
3393 1810 3532 1870 cleri

1929 1909 1981 1958 et
2010 1901 2187 1974 plebis
2219 1901 2484 1958 Ecclesia
2513 1901 2884 1971 Belvacensis,
2918 1901 3012 1974 qui
3032 1917 3328 1974 personam
3355 1917 3522 1976 regu-

1928 1991 1997 2046 lis
2026 1991 2200 2047 sacris
2229 1990 2610 2064 incongruam,
2642 2006 2766 2048 cum
2795 1991 3018 2048 decreto
3046 1990 3392 2065 singulorum
3419 2005 3534 2049 ma-

1931 2079 2094 2135 nibus
2134 2079 2412 2149 roborato,
2456 2079 2614 2136 nobis
2658 2087 3132 2152 prasentaverunt
3185 2079 3244 2136 in
3291 2079 3524 2152 synodo,

1928 2167 2098 2226 veluti
2120 2169 2238 2239 jam
2264 2167 2364 2225 fuit
2385 2175 2588 2236 actum,
2613 2169 2834 2241 quando
2853 2168 3204 2226 Fromoldum
3233 2168 3530 2240 quemdam

1928 2258 2236 2332 elegerunt,
2271 2266 2325 2314 et
2353 2259 2557 2328 rejecto
2587 2257 2681 2315 illo
2709 2265 2936 2330 propter
2949 2257 3319 2331 insipientiam
3345 2265 3402 2314 et
3428 2257 3532 2314 im-

1929 2347 2274 2418 probitatem,
2309 2346 2430 2404 Odo
2457 2363 2524 2402 ex
2553 2345 2728 2404 vicina
2754 2346 3020 2418 parochia
3040 2346 3244 2403 ibidem
3275 2361 3400 2404 cum
3428 2347 3532 2404 de-

1929 2444 2081 2494 creto
2110 2435 2376 2493 canonico
2405 2435 2506 2491 fuit
2534 2435 2760 2503 electus,
2809 2435 3029 2492 relectis
3056 2450 3244 2492 coram
3271 2435 3527 2492 omnibus

1929 2525 2021 2597 qui
2050 2523 2339 2580 adfuerunt
2379 2524 2552 2581 sacris
2599 2523 2918 2591 canonibus,
2966 2523 3269 2580 secundum
3305 2524 3532 2581 easdem

1931 2628 2118 2669 sacras
2145 2613 2301 2687 leges
2329 2612 2708 2671 constituimus
2735 2612 3051 2685 designatos
3070 2629 3138 2669 ex
3155 2612 3376 2670 nomine
3395 2611 3536 2670 dile-

1930 2710 2047 2759 ctos
2077 2700 2271 2758 fratres
2305 2709 2358 2758 et
2386 2701 2728 2759 venerabiles
2758 2700 3115 2774 coepiscopos
3143 2709 3384 2771 nostros,
3429 2715 3534 2776 per

1930 2807 2066 2864 quos
2093 2799 2292 2848 vestrae
2320 2790 2678 2847 dominationi
2720 2790 2930 2846 litteras
2959 2790 3276 2860 direximus,
3309 2790 3368 2848 in
3405 2789 3532 2864 qui—

1933 2880 2036 2936 bus
2066 2879 2210 2937 inter
2238 2887 2436 2936 catera
2465 2881 2583 2936 hac
2611 2879 2995 2936 continentur:
3031 2899 3055 2931 ι
3087 2880 3158 2936 Ut
3189 2879 3330 2936 sicut
3359 2893 3536 2938 sacra

1930 2970 2086 3042 leges
2119 2977 2172 3026 et
2201 2969 2409 3043 regula
2428 2968 2766 3041 pracipiunt,
2791 2967 3221 3040 archiepiscopis
3241 2975 3295 3024 et
3324 2967 3534 3040 episco-

1930 3059 2016 3130 pis
2037 3057 2532 3114 collimitanearum
2551 3058 2866 3114 diaceseon
2885 3057 3208 3114 electionem
3226 3057 3536 3116 concedere

226 3113 480 3219 ωοῖιεηῖ
503 3149 663 3206 tertio
703 3149 947 3206 elevatus
976 3149 1044 3204 de
1077 3147 1224 3204 fonte
1254 3164 1354 3220 per
1383 3147 1614 3220 gratiam
1644 3163 1837 3203 resur-
1867 3113 1916 3177 C‘
1939 3146 2259 3219 dignemini,
2292 3155 2351 3202 ut
2379 3146 2759 3217 undecunque,
2785 3145 3088 3202 secundum
3112 3145 3343 3202 formam
3371 3162 3535 3220 regu-

231 3251 324 3317 gat
355 3242 427 3298 ad
458 3240 647 3296 vitam.
699 3240 768 3294 Et
795 3238 931 3295 sicut
960 3237 1189 3294 interior
1217 3237 1382 3293 homo
1411 3237 1466 3293 in
1498 3235 1605 3292 ﬁde
1637 3243 1839 3292 sancta

231 3331 509 3388 Trinitatis
538 3329 610 3385 ad
641 3327 939 3402 imaginem
984 3326 1071 3383 sui
1109 3326 1408 3383 conditoris
1451 3323 1839 3381 reformandus

230 3429 329 3491 est,
376 3421 452 3476 ita
499 3427 554 3476 et
601 3417 842 3474 exterior
871 3417 1013 3472 trina
1059 3416 1330 3472 mersione
1371 3413 1675 3470 abluendus
1708 3421 1790 3469 est
1825 3429 1838 3470 :

231 3520 288 3568 ut
315 3511 468 3584 quod
500 3507 847 3564 invisibiliter
876 3506 1112 3578 Spiritus
1135 3513 1396 3578 Operatur
1418 3505 1474 3560 in
1503 3503 1702 3574 anima,
1735 3503 1841 3560 hoc

227 3600 518 3659 visibiliter
545 3598 808 3654 sacerdos
840 3595 1082 3652 imitetur
1112 3595 1166 3650 in
1199 3611 1365 3668 aqua.
1401 3595 1542 3650 Nam
1571 3592 1840 3666 originale

230 3697 522 3764 peccatum
550 3687 727 3744 tribus
754 3686 933 3742 modis
963 3693 1144 3742 actum
1174 3693 1276 3751 est,
1310 3683 1691 3752 delectatione,
1717 3697 1840 3738 con-

227 3797 392 3838 sensu
421 3785 478 3835 et
506 3793 676 3850 opere
701 3795 716 3844 ;
768 3775 846 3832 ita
883 3783 937 3831 et
967 3791 1128 3831 omne
1162 3782 1467 3846 peccatum,
1515 3781 1606 3828 aut
1635 3771 1840 3844 cogita-

226 3871 393 3936 tione,
427 3875 523 3925 aut
552 3866 846 3932 locutione,
895 3873 988 3920 aut
1035 3864 1352 3936 operatione
1401 3862 1670 3931 eﬂicitur;
1716 3861 1840 3916 ideo

224 3959 424 4032 triplici
452 3957 651 4032 generi
682 3963 1034 4027 peccatorum
1055 3953 1202 4010 trina
1225 3952 1440 4009 videtur
1469 3951 1679 4007 ablutio
1709 3966 1840 4007 con-

1939 3236 2112 3292 larem
2140 3234 2442 3305 electionis,
2476 3231 2719 3306 episcOpi
2743 3235 2910 3299 talem
2937 3233 3162 3308 eligant,
3195 3233 3290 3306 qui
3317 3240 3372 3292 et
3400 3251 3535 3291 san-

1940 3332 2041 3382 ctae
2068 3323 2332 3381 Ecclesiae
2359 3323 2524 3391 utilis,
2547 3331 2602 3380 et
2630 3339 2804 3397 regno
2825 3321 3124 3396 proﬁcuus,
3147 3331 3202 3379 et
3220 3323 3378 3380 vobis
3404 3321 3540 3382 ﬁde-

1937 3413 2005 3469 lis
2035 3429 2096 3470 ac
2124 3413 2354 3470 devotus
2381 3420 2705 3484 cooperator
2724 3413 2918 3469 existat
2947 3429 2960 3468 :
2990 3419 3044 3470 et
3071 3412 3538 3470 consentientibus

1941 3503 2089 3560 clero
2118 3511 2172 3558 et
2216 3503 2378 3575 plebe
2419 3519 2546 3559 eum
2590 3502 2746 3560 vobis
2793 3502 3083 3570 adducant,
3135 3510 3194 3557 ut
3235 3502 3539 3560 secundum

1939 3593 2300 3648 ministerium
2347 3599 2588 3648 vestrum
2633 3608 2724 3648 res
2783 3599 2836 3649 et
2890 3590 3176 3647 facultates
3230 3590 3496 3648 Ecclesia
3520 3633 3535 3660 ,

1941 3698 2075 3754 quas
2120 3682 2188 3736 ad
2234 3680 2638 3738 defendendum
2675 3688 2730 3736 et
2765 3679 3028 3736 tuendum
3073 3679 3232 3738 vobis
3271 3679 3538 3738 Dominus

1942 3771 2362 3838 commendavit,
2397 3786 2510 3828 sua
2555 3769 2899 3842 dispositioni
2927 3769 3292 3838 committatis,
3335 3777 3390 3827 et
3417 3785 3544 3828 cum

1929 3877 2213 3918 consensu
2237 3877 2304 3918 ac
2341 3859 2536 3916 litteris
2578 3858 2776 3916 vestris
2805 3875 2927 3916 eum
2956 3859 3025 3914 ad
3064 3858 3542 3930 metropolitanum

1939 3950 2252 4022 episcopum
2284 3965 2349 4006 ac
2369 3949 2728 4021 coepiscopos
2748 3948 2918 4020 ipsius
2945 3947 3268 4016 diaceseos,
3303 3949 3398 4021 qui
3417 3965 3544 4006 eum

226 4049 458 4116 venire;
488 4045 578 4104 vel
607 4053 836 4117 propter
865 4042 1135 4116 originale
1167 4049 1473 4114 peccatum,
1507 4041 1654 4113 quod
1681 4039 1738 4095 in
1765 4039 1844 4098 in.
1941 4040 2200 4096 ordinare
2225 4041 2461 4107 debent,
2509 4037 2908 4105 transmittatis,
2941 4045 2996 4094 et
3023 4037 3102 4094 sic
3133 4037 3252 4094 sine
3296 4037 3546 4096 scandali

227 4138 468 4195 fantibus
496 4135 642 4192 valet
671 4134 741 4189 ad
786 4133 1169 4205 perditionem,
1224 4131 1312 4192 vel
1341 4138 1565 4202 propter
1603 4129 1695 4186 illa
1723 4145 1844 4201 qua
1938 4129 2156 4185 macula
2181 4129 2253 4184 ad
2298 4137 2546 4184 sanctum
2593 4127 2959 4184 sacerdotium
3005 4128 3368 4199 provehatur.
3411 4147 3436 4180 ι
3468 4129 3539 4188 Et

226 4227 280 4284 in
306 4224 674 4300 provectioris
705 4223 880 4279 atatis
929 4221 1242 4278 hominibus
1268 4263 1280 4287 ,
1323 4220 1622 4288 voluntate,
1670 4217 1841 4274 verbo

225 4317 308 4376 vel
361 4315 510 4373 facto
569 4313 861 4370 adduntur.
923 4313 992 4367 Et
1050 4311 1178 4384 quia
1235 4309 1538 4366 secundum
1591 4315 1839 4363 sanctam

227 4405 569 4478 Scripturam
597 4419 737 4459 unus
765 4403 932 4469 Deus,
983 4415 1093 4457 una
1124 4399 1280 4466 ﬁdes,
1335 4413 1501 4453 unum
1531 4396 1799 4468 baptisma
1820 4438 1835 4468 ,

1939 4217 2148 4288 reliqua
2178 4233 2300 4288 qua
2329 4215 2456 4270 inde
2483 4215 2557 4270 ibi
2587 4222 2916 4286 sequuntur.

2006 4305 2138 4360 CAP.
2171 4305 2237 4359 II.
2273 4305 2334 4360 In
2362 4303 2559 4376 quibus
2589 4302 2774 4360 verbis
2801 4302 2953 4358 nulla
2979 4301 3220 4358 indebita
3249 4303 3540 4373 cujuscun-

1957 4411 2062 4478 que
2089 4393 2358 4465 voluntas,
2391 4393 2525 4450 nihil
2553 4399 2746 4450 contra
2785 4392 3002 4450 Domini
3028 4393 3378 4462 voluntatem,
3412 4391 3550 4450 nihil

224 4503 304 4553 ter
329 4475 701 4568 baptizandus
731 4491 1006 4566 mergitur
1038 4489 1094 4545 in
1124 4488 1344 4546 nomine
1389 4486 1584 4554 Patris,
1618 4493 1672 4543 et
1700 4484 1841 4552 Filii,
1873 4475 2128 4540 Dcontra
2163 4491 2407 4540 vestrum
2447 4484 2760 4552 honorem,
2809 4482 2945 4539 nihil
2975 4489 3166 4540 contra
3193 4483 3352 4555 regni
3371 4481 3540 4539 'vobis

221 4593 272 4643 et
299 4585 540 4658 Spiritus
570 4582 767 4651 sancti,
801 4590 860 4638 ut
888 4579 1123 4637 Trinitas
1153 4595 1323 4635 unum
1351 4583 1616 4649 appareat
1645 4591 1833 4632 sacra-

226 4683 503 4741 mentum;
537 4679 593 4729 et
637 4687 750 4728 non
790 4670 1097 4742 baptizetur
1137 4669 1193 4725 in
1224 4667 1534 4724 nominibus
1577 4665 1751 4722 Patris
1779 4671 1834 4720 et

227 4766 342 4823 Filii
369 4773 428 4822 et
481 4762 716 4836 Spiritus
761 4760 956 4829 sancti,
1008 4759 1106 4816 sed
1151 4759 1209 4814 in
1239 4774 1348 4814 uno
1392 4756 1630 4823 nomine,
1684 4754 1831 4828 quod

229 4853 557 4928 intelligitur
585 4853 753 4918 Deus,
797 4851 951 4921 juxta
994 4847 1336 4920 Apostolum.
1382 4846 1552 4918 Igitur
1577 4861 1718 4900 unus
1748 4850 1833 4899 est

225 4944 393 5011 Deus,
443 4957 560 4999 una
605 4939 762 5008 ﬁdes,
814 4955 984 4995 unum
1027 4937 1344 5010 baptisma:
1389 4936 1486 4991 sed
1527 4935 1652 4990 dua
1705 4940 1830 4988 sunt

226 5035 510 5108 pactiones
542 5047 666 5104 qua
711 5030 770 5085 in
795 5029 1120 5100 baptismate
1152 5026 1519 5098 paciscuntur,
1563 5039 1700 5096 quas
1727 5038 1829 5094 pa-

227 5123 367 5180 troni
394 5121 513 5178 suis
560 5118 849 5191 susceptis,
898 5133 1022 5174 cum
1071 5117 1142 5172 ad
1187 5113 1585 5188 intelligibilem
1613 5118 1830 5168 atatem

225 5210 596 5284 pervenerint,
627 5208 904 5265 insinuare
934 5205 1166 5286 sollicite
1212 5212 1266 5260 et
1299 5203 1575 5260 inculcare
1605 5201 1825 5257 debent.

227 5300 474 5372 Quarum
501 5298 820 5372 pactionum
845 5313 954 5352 una
982 5303 1065 5352 est
1095 5309 1204 5368 qua
1232 5293 1448 5349 diabolo
1479 5289 1829 5348 abrenuntia-

226 5398 330 5460 tur,
362 5399 419 5450 et
448 5388 706 5447 omnibus
750 5386 1007 5460 operibus
1055 5384 1192 5455 ejus,
1241 5391 1294 5439 et
1322 5381 1576 5438 omnibus
1613 5379 1829 5452 pompis

227 5481 340 5552 ejus
374 5497 390 5538 :
424 5488 481 5536 et
509 5479 681 5536 altera
711 5492 821 5551 qua
847 5476 1076 5550 quisque
1096 5471 1396 5545 baptizatus
1423 5470 1702 5542 professus
1729 5467 1830 5525 fuit

229 5585 286 5628 se
312 5571 542 5630 credere
569 5569 629 5626 in
662 5569 901 5637 Patrem,
953 5572 1007 5623 et
1055 5563 1270 5631 Filium,
1311 5568 1366 5618 et
1407 5557 1664 5632 Spiritum
1694 5574 1826 5615 san-

1926 4574 2206 4631 commissi
2237 4581 2460 4630 resonat
2489 4574 2890 4631 salvamentum
2924 4591 2938 4629 :
2972 4571 3070 4628 sed
3113 4571 3324 4628 ordinis
3351 4569 3538 4643 pleni-

1929 4665 2062 4720 tudo
2087 4707 2100 4733 ,
2159 4663 2394 4738 qualiter
2447 4663 2655 4721 electus
2710 4662 2834 4720 vita
2889 4661 3086 4717 merito
3140 4667 3196 4716 et
3251 4658 3534 4732 sapientia

1929 4753 2180 4810 doctrina
2219 4770 2251 4809 a
2295 4753 2712 4826 metropolitano
2751 4759 2803 4808 et
2849 4747 3144 4822 provincia
3186 4748 3529 4824 coepiscopis

1929 4843 2128 4899 debeat
2157 4842 2314 4912 juxta
2339 4843 2624 4900 Nicanum
2667 4847 2916 4896 sanctum
2951 4844 3007 4892 et
3042 4853 3310 4912 magnum
3337 4840 3526 4898 conci-

1924 4931 2058 4988 lium
2112 4932 2445 5005 regulariter
2487 4929 2749 4994 ordinari,
2799 4925 2894 4983 ubi
2927 4924 3070 4982 inter
3108 4927 3211 4985 alia
3258 4928 3523 5002 scriptum

1925 5028 2007 5077 est
2035 5021 2192 5094 (can.
2233 5022 2322 5091 6);
2358 5042 2382 5073 ι
2416 5019 2572 5089 Illud,
2607 5016 2796 5089 inquit,
2831 5015 3164 5088 generaliter
3197 5017 3409 5076 clarum
3436 5025 3523 5076 est

1927 5110 2074 5182 quod
2100 5109 2147 5165 si
2173 5109 2296 5182 quis
2335 5117 2535 5180 praeter
2564 5103 2888 5161 sententiam
2922 5106 3329 5178 metropolitani
3355 5105 3525 5164 fuerit

1926 5197 2103 5256 factus
2149 5198 2458 5269 episcOpus,
2521 5195 2664 5250 hunc
2705 5209 2912 5269 magna
2981 5193 3222 5268 synodus
3279 5194 3528 5252 diﬁinivit

1928 5288 2246 5360 episcOpum
2275 5300 2396 5342 esse
2440 5298 2552 5339 non
2595 5298 2760 5354 posse
2792 5301 2807 5339 :
2837 5281 3066 5340 ﬁrmitas
3111 5291 3294 5340 autem
3331 5298 3524 5340 eorum

1928 5395 2050 5452 qua
2077 5380 2344 5450 geruntur
2371 5388 2471 5444 per
2492 5387 2934 5448 unamquamque
2955 5372 3298 5444 provinciam
3325 5380 3528 5431 metro-

1925 5465 2167 5538 politano
2211 5462 2484 5519 tribuatur
2529 5463 2814 5536 episcopo.
2857 5482 2880 5515 ι
2931 5463 3001 5519 Et
3043 5462 3113 5520 de
3158 5463 3264 5521 hac
3290 5461 3526 5536 mystica

1925 5554 2150 5612 Nicana
2187 5552 2398 5626 synodo
2444 5552 2606 5613 sedes
2645 5551 2946 5628 apostolica
2989 5559 3324 5612 contestatur
3351 5552 3526 5624 (Leo.
