4026 6306
517 253 616 318 111

1471 253 1816 313 HINCMARI
1838 250 2244 312 RHEMENSIS
2270 248 2820 310 ARCHIEPISCOPI.

3713 249 3828 306 HI

515 403 602 460 ep.
636 387 724 453 56,
757 382 830 441 ad
857 381 1111 454 Anatol.)
1145 399 1159 438 :
1197 403 1220 432 α
1257 380 1404 451 Quia
1427 388 1578 438 tanto
1607 381 1867 440 divinitus
1897 380 2118 454 privile-
2145 379 2203 441 Α
2223 386 2276 435 et
2301 394 2590 434 munerum
2617 375 2954 448 acceptione,
2985 374 3057 430 ob
3087 373 3212 431 vita
3247 372 3504 429 meritum
3523 379 3576 430 et
3603 387 3826 445 sapien-

513 475 608 548 gio
623 481 706 530 est
733 479 1140 539 consecrata,ut
1159 470 1274 528 sive
1294 487 1396 542 per
1405 471 1850 543 pauciores,‘sive
1869 485 1970 543 per
1988 470 2116 542 plu-

2223 468 2312 524 tia:
2339 467 2543 524 donum
2572 466 2865 540 eligantur,
2898 472 2955 520 ut
2991 463 3241 536 exemplo
3270 471 3324 519 et
3353 463 3522 520 verbo
3553 462 3656 518 sibi
3681 463 3825 518 sub-

513 579 605 621 res
626 562 936 636 episcopos,
959 560 1560 630 ecclesiasticajudicia
1580 559 1948 628 celebrentur,
1971 557 2122 614 omni
2213 556 2373 626 jectis
2409 571 2805 628 usquequaque
2841 554 3106 626 prodesse
3152 552 3386 610 valeant.
3425 573 3449 604 »
3505 552 3824 608 Notandum

514 652 732 726 penitus
777 649 1098 708 auctoritate
1155 649 1224 705 sit
1267 664 1502 707 vacuum
1545 648 1810 722 quidquid
1854 649 1926 704 ab
1973 646 2118 703 illius

517 741 682 800 fuerit
711 738 1097 798 constitutione
1145 737 1442 794 diversum.
1480 758 1504 789 ι
1556 737 1792 794 Debetis
1815 736 1982 810 igitur
2027 736 2116 791 in-

514 837 832 889 cunctanter
878 828 1186 897 advertere,
1236 827 1373 885 sicut
1420 835 1641 884 sanctus
1689 841 1831 898 papa
1887 827 1996 882 Leo
2045 825 2116 880 ad

515 922 755 978 Leonem
780 922 1086 991 Augustum
1133 917 1353 988 scripsit
1398 916 1587 990 (epist.
1623 916 1734 988 81),
1773 914 1982 988 regiam
2009 929 2114 986 po-

514 1015 766 1066 testatem
793 1006 948 1063 vobis
975 1021 1086 1062 non
1133 1005 1206 1062 ad
1251 1005 1430 1060 solum
1476 1004 1664 1059 mundi
1711 1003 1980 1075 regimen,
2015 1001 2116 1058 sed

513 1097 749 1154 maxime
794 1095 863 1151 ad
909 1095 1173 1152 Ecclesiae
1219 1093 1535 1165 praesidium
1584 1109 1706 1149 esse
1753 1091 2026 1160 collatam,
2059 1099 2116 1146 ut

515 1201 682 1242 ausus
727 1184 964 1242 nefarios
1021 1182 1452 1254 comprimendo,
1513 1189 1567 1238 et
1623 1197 1745 1254 qum
1803 1181 1940 1236 bene
1990 1187 2114 1235 sunt

517 1282 717 1332 statuta
756 1273 1080 1342 defendatis,
1128 1279 1182 1327 et
1232 1286 1418 1326 veram
1464 1285 1660 1342 pacem
1707 1270 1794 1324 his
1839 1285 1962 1341 quae
1990 1277 2115 1324 sunt

513 1363 731 1420 turbata
759 1361 1082 1419 restituatis.
1113 1359 1274 1429 Quod
1295 1368 1348 1416 et
1377 1367 1564 1432 optare
1591 1366 1646 1415 et
1675 1373 1918 1430 quaerere
1947 1366 2111 1429 atque

503 1467 732 1510 servare
779 1451 1012 1518 debetis,
1057 1449 1198 1506 sicut
1244 1456 1622 1504 antecessores
1671 1445 1840 1502 vestri
1881 1446 2112 1518 impera-

510 1549 658 1598 tores
687 1549 740 1596 et
769 1555 932 1613 reges
960 1538 1227 1596 fecerunt.
1265 1539 1332 1592 Et
1366 1553 1476 1592 non
1514 1535 1726 1592 debetis
1763 1535 2114 1591 inﬂexibilem

512 1629 615 1688 Dei
643 1628 996 1699 voluntatem,
1029 1627 1122 1700 qui
1149 1627 1194 1682 si
1226 1634 1396 1682 mutat
1425 1627 1769 1692 sententiam,
1802 1641 1913 1681 non
1941 1632 2113 1680 mutat

2220 653 2303 702 est
2333 661 2466 701 sane
2495 645 2646 718 quod
2670 644 2868 700 dicitur
2892 662 2905 698 :
2935 666 2956 695 α
2982 643 3293 701 Secundum
3322 649 3516 697 statuta
3543 657 3825 699 canonum

2219 735 2512 808 eligantur,
2551 755 2574 784 ι
2642 742 2699 789 ut
2749 733 3003 804 exemplo
3069 741 3122 787 et
3181 731 3351 788 verbo
3407 730 3512 786 sibi
3557 731 3824 800 subjectis

2218 838 2613 895 usquequaque
2651 821 2917 893 prodesse
2957 821 3193 877 valeant.
3251 823 3320 875 Et
3375 819 3520 876 sacri
3575 835 3822 876 canones

2216 912 2401 967 dicunt
2421 911 2793 980 (leestinus,
2817 912 3043 967 Decret.
3095 910 3184 981 18)
3210 925 3223 964 :
3252 930 3276 959 cc
3302 908 3543 964 Primum
3563 909 3709 965 enim
3737 907 3824 962 illi

2215 1000 2369 1072 (quin
2414 999 2601 1056 clerici
2657 999 3082 1069 uniuscujusque
3141 997 3424 1069 Ecclesiae)
3481 996 3820 1068 reprobandi

2216 1097 2358 1156 sunt,
2393 1096 2449 1144 ut
2479 1087 2647 1160 aliqui
2667 1087 2737 1143 de
2767 1086 2959 1142 alienis
2986 1085 3250 1142 Ecclesiis
3279 1085 3476 1149 merito
3503 1085 3816 1156 praeferan-

2215 1185 2319 1232 tur.
2356 1197 2380 1227 ι
2413 1177 2482 1231 Et
2511 1177 2678 1233 item:
2707 1197 2729 1226 α
2763 1177 2832 1233 Ut
2869 1175 3111 1246 episcopi
3134 1175 3338 1244 judicio
3367 1174 3821 1246 metropolitano-

2214 1282 2338 1321 rum
2367 1273 2420 1321 et
2474 1281 2662 1321 eorum
2705 1265 3084 1336 episcoporum
3133 1264 3226 1336 qui
3267 1263 3623 1320 circumcirca
3666 1271 3818 1331 sunt,

2215 1356 2584 1426 provehantur
2613 1355 2684 1409 ad
2714 1353 3144 1410 ecclesiasticam
3173 1361 3499 1424 potestatem
3532 1370 3546 1407 :
3578 1352 3632 1407 hi
3652 1353 3817 1408 vide-

2212 1443 2339 1500 licet
2357 1443 2450 1516 qui
2478 1443 2715 1515 plurimo
2746 1452 2991 1514 tempore
3020 1443 3320 1514 probantur
3348 1450 3457 1498 tam
3485 1442 3656 1498 verbo
3684 1440 3819 1498 ﬁdei

2214 1548 2378 1604 quam
2409 1540 2571 1588 rectae
2601 1531 3034 1588 conversationis
3055 1531 3324 1602 exemplo.
3353 1551 3376 1582 ι
3409 1531 3818 1586 Attendendum

2214 1629 2298 1676 est
2324 1621 2492 1694 igitur
2539 1621 2774 1693 qualiter
2819 1622 2926 1676 hoc
2971 1619 3257 1691 imperiale
3303 1619 3598 1690 capitulum
3641 1619 3818 1675 sacris

508 1717 814 1785 consilium,
873 1717 946 1773 ad
999 1717 1292 1772 humanam
1344 1724 1396 1772 et
1465 1715 1717 1787 fragilem
1774 1714 2108 1770 voluntatem
2138 1739 2191 1800 B
2214 1711 2420 1783 regulis
2441 1717 2493 1765 et
2515 1709 2861 1781 antiquorum
2881 1709 3271 1780 imperatorum
3288 1708 3502 1780 legibus
3519 1716 3812 1780 congruat,

509 1814 751 1866 vestram
779 1805 921 1863 velle
951 1804 1250 1872 inﬂectere,
1296 1803 1441 1876 quod
1483 1803 1604 1860 fieri
1630 1819 1741 1861 non
1778 1811 1978 1874 potest,
2012 1803 2110 1858 sed
2140 1796 2182 1800 W
2213 1799 2509 1854 ostendens
2535 1798 2812 1870 quoniam,
2847 1797 2984 1853 sicut
3015 1807 3068 1853 et
3096 1798 3250 1870 leges
3281 1805 3334 1854 et
3364 1796 3572 1869 regulm
3598 1797 3810 1865 dicunt,

512 1903 757 1956 vestram
807 1893 1144 1952 voluntatem
1197 1893 1298 1950 Dei
1351 1892 1614 1949 voluntati
1666 1893 1922 1958 subdere,
1972 1892 2110 1948 sicut

510 1985 760 2042 Christus
789 1983 948 2040 nobis
992 1991 1045 2040 et
1090 1983 1344 2039 omnibus
1381 1981 1723 2048 Christianis,
1755 1997 1821 2037 ex
1853 1981 2108 2036 humani-

509 2082 624 2132 tate
671 2090 768 2130 sua
825 2073 1091 2144 loquens,
1150 2071 1491 2144 sequendum
1545 2070 1694 2126 dedit
1751 2069 2058 2141 exemplum
2091 2112 2104 2136 ,

509 2164 701 2221 dicens
725 2163 867 2220 :Non
881 2164 1011 2219 veni
1029 2162 1383 2218 voluntatem
1398 2176 1585 2216 meam
1595 2159 1906 2230 facere,sed
1918 2160 2109 2216 volun-

513 2257 692 2310 tatem
721 2254 842 2325 ejus
861 2252 958 2325 qui
986 2251 1148 2306 misit
1185 2265 1274 2305 me
1304 2249 1495 2305 Patris
1517 2249 1699 2320 (Joan.
1731 2263 1796 2312 v.
1823 2251 1908 2314 30,
1942 2252 2000 2304 et
2025 2262 2102 2314 v1,

509 2337 624 2409 38);
652 2337 722 2392 Et
752 2353 766 2390 :
799 2335 925 2391 Fiat
949 2351 1065 2391 non
1105 2337 1255 2390 sicut
1285 2349 1379 2406 ego
1409 2334 1548 2403 volo,
1601 2333 1698 2388 sed
1729 2335 1877 2389 sicut
1907 2336 1973 2388 tu
1999 2333 2103 2398 vis,

507 2427 680 2482 Pater
705 2425 926 2496 (Matth.
959 2438 1121 2492 xxvr,
1157 2425 1268 2494 39).
1302 2421 1360 2478 Si
1389 2421 1534 2477 enim
1563 2437 1594 2476 a
1621 2420 1802 2477 divina
1831 2420 2105 2477 voluntate

504 2515 744 2570 humana
789 2513 1038 2568 voluntas
1079 2518 1266 2568 vestra
1313 2517 1751 2581 perseveranter,
1801 2509 1948 2582 quod
1995 2525 2105 2565 non

504 2601 786 2676 permittat
813 2600 1097 2666 Dominus,
1121 2598 1537 2666 discordaverit,
1569 2598 1952 2670 respondenda
1981 2605 2106 2653 sunt

503 2689 808 2747 ministerio
857 2687 1151 2760 episcopali
1207 2688 1578 2759 apostolorum
1625 2687 1838 2743 verba:
1875 2687 2104 2744 Obedire

505 2783 726 2853 oportet
751 2780 859 2834 Deo
880 2778 1060 2850 magis
1081 2793 1250 2849 quam
1271 2777 1589 2832 hominibus
1611 2776 1756 2846 (Act.
1783 2791 1838 2842 v,
1871 2775 1984 2846 29);
2009 2783 2062 2830 et
2083 2794 2102 2830 .-

503 2868 564 2924 Si
580 2870 810 2940 justum
839 2871 926 2922 est
963 2867 1029 2922 in
1063 2869 1369 2939 conspectu
1411 2866 1512 2921 Dei
1553 2881 1645 2921 vos
1682 2868 1872 2937 potius
1903 2863 2104 2920 audire

503 2973 674 3030 quam
718 2958 916 3022 Deum,
951 2953 1230 3028 judicate.
1281 2955 1401 3010 Non
1447 2955 1600 3010 enim
1641 2969 1938 3026 possumus
1981 2969 2102 3026 quae

499 3045 748 3101 vidimus
775 3049 831 3100 et
861 3043 1184 3100 audivimus
1214 3059 1330 3099 non
1359 3043 1508 3115 loqui
1539 3043 1684 3114 (Act.
1718 3057 1796 3108 tv,
1832 3045 1940 3111 19).

571 3133 703 3190 CAP.
737 3134 829 3189 III.
878 3133 1018 3189 Nam
1067 3131 1112 3186 si
1155 3132 1300 3204 quod
1341 3147 1376 3186 a
1418 3096 1737 3203 quibusdam
1779 3096 1996 3196 dicitur,
2042 3137 2101 3184 ut
2129 3096 2399 3201 C‘torum,
2460 3096 2624 3204 atque
2669 3132 2996 3203 patrimonia
3039 3096 3340 3204 pauperum
3390 3148 3403 3188 :

495 3223 698 3292 audivi,
731 3221 951 3294 quando
979 3221 1202 3292 petitam
1247 3221 1392 3292 apud
1421 3235 1517 3276 vos
1547 3219 1868 3276 electionem
1895 3234 2098 3276 conce-

498 3311 647 3379 ditis,
678 3311 831 3366 illum
861 3310 1060 3365 debent
1088 3309 1329 3381 episcOpi
1359 3317 1412 3366 et
1441 3308 1619 3365 clerus
1647 3323 1714 3364 ac
1743 3307 1898 3379 plebs
1927 3309 2100 3382 elige-

499 3417 582 3468 re,
612 3413 775 3472 quem
821 3413 920 3454 vos
960 3398 1140 3465 vultis,
1190 3405 1243 3454 et
1271 3413 1434 3470 quem
1459 3397 1664 3467 jubetis
1693 3397 1838 3468 (quae
1873 3413 1984 3452 non
2015 3405 2099 3452 est

497 3489 696 3545 divinae
724 3487 864 3559 legis
885 3487 1098 3553 electio,
1121 3486 1218 3542 sed
1240 3487 1490 3542 humanae
1510 3485 1795 3557 potestatis
1811 3486 2092 3558 extorsio),

501 3577 550 3634 si
585 3577 660 3634 ita
688 3585 792 3644 est,
824 3583 883 3631 ut
913 3575 1020 3632 dici
1049 3591 1084 3631 a
1110 3575 1437 3648 quibusdam
1467 3575 1671 3642 audivi,
1703 3574 1794 3630 ille
1823 3575 2095 3645 malignus

494 3666 834 3738 spiritus,qui
863 3681 960 3735 per
989 3672 1301 3736 serpentem
1339 3665 1546 3736 primos
1573 3673 1834 3735 parentes
1875 3672 2094 3719 nostros

494 3755 554 3810 in
579 3753 837 3826 paradiso
885 3753 1100 3824 decepit
1145 3761 1200 3809 et
1247 3753 1375 3809 inde
1418 3753 1542 3808 illos
1600 3753 1776 3822 ejecit,
1819 3769 1920 3824 per
1956 3753 2093 3808 tales

493 3843 804 3900 adulatores
825 3842 878 3897 in
907 3858 1069 3898 aures
1095 3851 1304 3899 vestras
1334 3843 1450 3899 haec
1503 3840 1710 3908 sibilat;
1747 3843 1874 3914 quia
1904 3843 2009 3898 hoc
2037 3841 2094 3896 in

493 3931 786 4004 Scripturis
816 3938 928 3986 tam
969 3932 1182 3988 Veteris
1232 3947 1396 4002 quam
1438 3931 1579 3986 Novi
1625 3931 1954 3987 Testamenti
1981 3947 2091 3986 non

493 4021 819 4089 continetur,
851 4035 1029 4092 neque
1058 4020 1114 4074 in
1161 4020 1550 4076 catholicorum
1581 4019 1758 4086 dictis,
1801 4019 1888 4075 vel
1917 4019 2092 4076 sacris

491 4109 812 4176 canonibus,
845 4123 946 4165 nec
975 4108 1138 4165 etiam
1167 4109 1222 4163 in
1247 4109 1462 4180 legibus
1493 4123 1527 4163 a
1555 4108 1879 4164 Christianis
1909 4109 2088 4179 impe-

488 4199 764 4262 ratoribus
795 4207 846 4254 et
877 4197 1100 4269 regibus
1141 4197 1502 4269 promulgatis
1557 4197 1662 4254 hoc
1710 4197 1973 4268 scriptum
2002 4197 2090 4252 vel

489 4289 766 4344 decretum
796 4281 1088 4353 invenitur,
1124 4285 1222 4342 sed
1243 4286 1368 4341 talia
1391 4286 1537 4342 dicta
1558 4285 1802 4343 infernus
1827 4285 2082 4342 evomuit.

488 4377 735 4434 Christus
767 4375 911 4430 enim
940 4391 1040 4447 per
1077 4375 1397 4446 Apostolum
1440 4376 1687 4446 loquens,
1734 4375 1897 4430 talem
1934 4374 2088 4444 jubet

2208 1888 2264 1944 in
2292 1887 2555 1944 electione
2585 1886 2830 1959 episcopi
2867 1887 3116 1943 assensio
3147 1886 3296 1960 regis
3325 1887 3411 1954 sit,
3452 1902 3560 1942 non
3589 1887 3811 1954 eiectio,

2207 1977 2263 2031 in
2293 1977 2676 2048 episcoporum
2718 1992 2848 2032 vero
2899 1976 3244 2032 exsecutione
3301 1975 3369 2030 sit
3419 1975 3629 2044 electio,
3673 1975 3818 2031 sicut

2209 2074 2261 2120 et
2291 2065 2578 2120 ordinatio.

2274 2154 2413 2209 CAP.
2453 2155 2545 2209 IV.
2591 2154 2727 2209 Sunt
2782 2154 2876 2226 qui
2921 2153 3128 2221 dicunt,
3181 2162 3239 2208 ut
3281 2153 3481 2220 audivi,
3534 2153 3662 2225 quia
3719 2170 3816 2209 res

2207 2242 2594 2299 ecclesiasticae
2632 2243 3016 2314 episc0porum
3053 2243 3109 2297 in
3155 2251 3341 2298 vestra
3383 2243 3489 2297 sint
3517 2250 3810 2314 potestate,

2207 2340 2265 2386 ut
2291 2332 2598 2404 cuicunque
2627 2331 2912 2388 volueritis
2931 2348 3028 2387 eas
3057 2332 3292 2387 donetis.
3325 2331 3487 2400 Quod
3517 2331 3563 2386 si
3591 2331 3669 2386 ita
3697 2340 3810 2402 est,

2204 2421 2296 2476 ille
2323 2421 2598 2494 malignus
2632 2421 2872 2492 spiritus,
2906 2421 3018 2492 qui,
3068 2430 3127 2476 ut
3165 2419 3418 2492 superius
3461 2419 3812 2492 praemissum

2204 2517 2308 2576 est,
2339 2510 2546 2580 primos
2592 2519 2848 2581 parentes
2896 2519 3115 2565 nostros
3153 2509 3410 2581 perdidit,
3443 2509 3812 2581 perditionem

2204 2606 2446 2654 vestram
2475 2599 2532 2653 in
2559 2615 2721 2654 aures
2751 2607 2963 2654 vestras
2994 2607 3258 2654 susurrat.
3305 2599 3538 2655 Sanctus
3565 2614 3811 2670 namque

2206 2688 2440 2758 Spiritus
2461 2704 2560 2758 per
2589 2703 2685 2742 eos
2735 2687 2828 2760 qui
2875 2703 2998 2744 cum
3047 2687 3265 2743 Christo
3292 2687 3349 2742 in
3377 2687 3516 2743 coelo
3545 2695 3805 2760 regnant,

2204 2783 2256 2832 et
2285 2775 2342 2830 in
2379 2775 2542 2831 terris
2588 2776 2866 2832 miraculis
2917 2785 3204 2833 coruscant
3251 2776 3404 2844 dixit,
3435 2784 3489 2832 et
3528 2791 3703 2847 usque
3735 2777 3814 2832 ad

2202 2880 2304 2919 nos
2334 2865 2552 2936 scriptis
2584 2866 2872 2936 pervenire
2895 2865 3022 2922 fecit
3049 2865 3237 2922 dicens
3261 2883 3273 2920 :
3299 2887 3320 2916 α
3348 2866 3456 2922 Res
3481 2872 3536 2920 et
3566 2865 3808 2921 faculta-

2203 2960 2285 3008 tes
2315 2953 2706 3010 ecclesiasticae
2735 2954 3040 3010 oblationes
3069 2954 3432 3026 appellantur,
3466 2954 3594 3026 quia
3622 2953 3811 3009 Domi-

2201 3058 2272 3098 no
2303 3041 2624 3111 offeruntur,
2658 3050 2711 3098 et
2739 3050 2868 3098 vota
2887 3051 3012 3098 sunt
3040 3041 3302 3110 ﬁdelium,
3326 3059 3393 3100 ac
3411 3043 3586 3114 pretia
3612 3058 3815 3114 pecca-

3453 3131 3500 3186 si
3545 3131 3668 3203 quis
3707 3131 3809 3188 illa

2200 3221 2459 3292 rapuerit,
2493 3237 2621 3276 reus
2649 3229 2732 3275 est
2776 3221 3140 3276 damnationis
3171 3221 3397 3276 Ananiae
3426 3228 3481 3276 et
3528 3219 3801 3292 Saphiraa,

2199 3317 2252 3364 et
2297 3317 2510 3381 oportet
2557 3309 2866 3380 hujusmodi
2913 3310 3132 3365 tradere
3172 3309 3406 3376 Satanae,
3458 3317 3516 3364 ut
3575 3309 3806 3379 spiritus

2199 3399 2382 3455 salvus
2411 3400 2478 3454 sit
2506 3399 2559 3454 in
2591 3399 2678 3455 die
2709 3398 2945 3455 Domini.
2974 3420 2998 3450 ι
3019 3398 3179 3468 Quod
3209 3397 3421 3469 praefati
3448 3397 3679 3471 gloriosi
3695 3398 3804 3452 im-

2197 3495 2482 3557 peratores
2514 3489 2741 3543 Carolus
2771 3496 2824 3543 et
2846 3487 3151 3544 Ludovicus
3179 3487 3234 3542 in
3265 3487 3444 3557 primo
3471 3487 3613 3542 libro
3645 3487 3808 3558 Capi-

2195 3575 2431 3630 tulorum
2449 3593 2674 3631 suorum
2702 3577 2778 3630 ita
2851 3576 3198 3631 inseruerunt
3227 3577 3471 3632 dicentes
3500 3577 3646 3650 (cap.
3668 3576 3762 3648 83)
3787 3595 3802 3631 :

2198 3684 2220 3714 α
2247 3663 2389 3732 Quia
2401 3664 2555 3732 juxta
2576 3672 2890 3719 sanctorum
2911 3666 3132 3719 Patrum
3148 3665 3518 3732 traditionem,
3541 3665 3797 3722 novimus

2190 3769 2282 3807 res
2312 3753 2574 3808 Ecclesiae
2603 3761 2729 3808 vota
2757 3770 2878 3808 esse
2910 3751 3172 3818 ﬁdelium,
3207 3755 3386 3825 pretia
3415 3763 3794 3824 peccatorum,

2191 3848 2244 3895 et
2274 3841 2600 3910 patrimonia
2628 3857 2950 3912 pauperum,
2993 3841 3189 3914 cuique
3234 3859 3344 3898 non
3388 3843 3563 3898 solum
3605 3843 3802 3900 habita

2189 3943 2554 3995 conservare,
2605 3947 2792 3985 verum
2840 3930 3004 3986 etiam
3049 3932 3238 4000 multa,
3298 3933 3416 3987 Deo
3471 3931 3797 4003 Opitulante,

2187 4018 2438 4074 conferre
2477 4027 2748 4089 Optamus.
2800 4021 3005 4076 Tamen
3043 4029 3101 4075 ut
3155 4021 3226 4076 ab
3282 4021 3668 4077 ecclesiasticis
3724 4022 3800 4078 de

2186 4123 2299 4162 non
2326 4107 2632 4163 dividendis
2679 4109 2844 4164 rebus
2883 4109 3147 4166 Ecclesia:
3179 4109 3549 4180 suspicionem
3579 4111 3793 4166 dudum

2185 4204 2505 4266 conceptam
2532 4197 2747 4268 penitus
2777 4214 3178 4267 amoveremus,
3215 4199 3504 4254 statuimus
3525 4207 3582 4254 ut
3610 4217 3796 4272 neque

2184 4284 2404 4354 nostris,
2429 4301 2607 4357 neque
2625 4285 2881 4352 filiorum,
2913 4297 2983 4355 et,
3018 4288 3134 4344 Deo
3163 4287 3538 4359 dispensante,
3573 4305 3793 4346 succes-

2185 4389 2371 4429 sorum
2399 4383 2713 4430 nostrorum
2753 4376 3110 4447 temporibus,
3143 4377 3236 4448 qui
3261 4385 3505 4434 nostram
3536 4378 3624 4434 vel
3653 4393 3794 4448 pro-

495 4465 703 4538 eligere
735 4482 749 4518 :
789 4465 892 4534 Qui
917 4468 1118 4536 potens
1147 4465 1224 4520 sit
1244 4465 1540 4520 exhortari
1559 4466 1624 4520 in
1640 4463 1900 4520 doctrina
1919 4480 2082 4530 sana,
2105 4455 2158 4516 D
2189 4462 2500 4535 genitorum
2556 4472 2870 4520 nostrorum
2941 4465 3278 4522 voluntatem
3335 4466 3423 4522 vel
3479 4467 3796 4538 exemplum

488 4559 551 4612 et
569 4571 660 4613 eos
679 4555 776 4628 qui
803 4553 1208 4610 contradicunt
1249 4553 1537 4609 revincere
1583 4554 1715 4624 (Tit.
1749 4568 1788 4619 ι,
1837 4553 1913 4626 9).
1945 4554 2015 4608 Et
2044 4553 2091 4608 si

495 4645 617 4715 quis
633 4651 820 4700 contra
839 4643 943 4698 hoc
961 4641 1217 4714 loquitur,
1237 4641 1570 4714 iniquitatem
1590 4650 1780 4698 contra
1799 4641 2090 4697 Dominum

491 4730 751 4803 loquitur,
785 4739 840 4787 et
867 4731 1006 4786 inter
1034 4729 1382 4801 blasphemos
1413 4747 1443 4784 a
1472 4738 1657 4786 sancto
1701 4729 1904 4801 Spiritu
1933 4745 2088 4787 com-

493 4827 726 4891 putatur.
759 4819 848 4875 Sic
877 4819 1024 4876 enim
1068 4827 1259 4875 atavus
1306 4826 1486 4874 vester
1532 4819 1758 4874 Carolus
1800 4827 1854 4874 et
1883 4819 2090 4876 abavus

495 4907 801 4964 Ludovicus
829 4907 1190 4979 imperatores
1219 4907 1621 4974 intellexerunt,
1655 4916 1709 4963 et
1737 4908 1860 4963 ideo
1891 4909 1944 4962 in
1969 4908 2088 4979 pri-

494 5012 586 5052 mo
614 4996 756 5052 libro
785 4995 1154 5066 Capitulorum
1185 5013 1407 5052 suorum
1437 4997 1918 5069 promulgaverunt
1946 4998 2088 5054 scri-

431 5076 438 5082 ’
493 5085 687 5142 bentes
708 5085 853 5158 (cap.
879 5085 965 5151 84,
990 5085 1060 5142 de
1074 5087 1342 5158 episcOpis
1362 5085 1660 5158 eligendis)
1684 5104 1697 5140 :
1728 5109 1748 5135 ιι
1771 5086 2084 5157 Sacrorum,

491 5172 761 5246 inquiunt,
803 5189 1072 5230 canonum
1117 5189 1226 5230 non
1273 5175 1472 5246 ignari,
1517 5182 1575 5229 ut
1615 5173 1671 5228 in
1717 5175 1816 5230 Dei
1871 5176 2087 5233 nomine

495 5271 684 5320 sancta
711 5262 961 5318 Ecclesia
991 5278 1090 5319 suo
1119 5262 1344 5318 liberius
1372 5263 1604 5334 potiatur
1630 5264 1856 5334 honore,
1891 5281 2086 5322 assen-

492 5368 613 5409 sum
640 5351 818 5408 ordini
838 5351 1209 5408 ecclesiastico
1228 5351 1558 5424 praebemus,
1576 5359 1635 5408 ut
1653 5352 1858 5409 scilicet
1877 5354 2088 5426 episco-

491 5441 548 5516 pi
575 5456 674 5514 per
701 5441 1023 5498 electionem
1051 5440 1186 5496 cleri
1228 5447 1280 5496 et
1324 5439 1530 5512 populi,
1563 5442 1865 5499 secundum
1895 5451 2086 5500 statuta

493 5545 784 5604 canonum,
815 5529 886 5588 de
931 5529 1157 5606 propria
1199 5529 1446 5598 dioecesi,
1495 5539 1702 5588 remota
1727 5549 2087 5605 personarum

2189 4550 2389 4606 imitari
2447 4552 2744 4621 voluerint,
2805 4553 2972 4608 ullam
3044 4554 3259 4626 penitus
3317 4553 3644 4612 divisionem
3698 4565 3799 4613 aut

2183 4640 2455 4710 jacturam
2485 4641 2740 4712 patiatur.
2780 4663 2803 4693 ι
2851 4642 3010 4712 Quod
3053 4653 3106 4700 et
3151 4661 3249 4701 vos
3287 4660 3509 4700 servare
3551 4654 3790 4717 oportet,

2191 4729 2237 4784 si
2263 4727 2495 4786 feliciter
2525 4731 2687 4786 vultis
2733 4748 2988 4804 regnare,
3035 4733 3128 4805 qui
3169 4733 3396 4790 minoris
3424 4734 3709 4805 potestatis
3741 4743 3799 4790 et

2188 4819 2363 4874 aetatis
2405 4828 2568 4892 atque
2613 4821 2895 4892 sapientiae
2952 4822 3130 4880 adhuc
3186 4823 3354 4891 estis,
3405 4841 3567 4896 quam
3616 4832 3671 4880 et
3712 4824 3795 4880 illi

2187 4905 2425 4978 fuerunt,
2459 4909 2553 4980 qui
2598 4910 2714 4965 hmo
2745 4917 2798 4965 et
2838 4920 3196 4970 servaverunt
3237 4921 3291 4969 et
3341 4914 3616 4970 servanda
3659 4929 3795 4986 pro-

2187 4997 2594 5070 mulgaverunt.

2259 5087 2392 5141 CAP.
2441 5087 2504 5142 V.
2557 5087 2941 5144 Recordamini
2965 5133 2978 5156 ,
3039 5106 3244 5162 quaeso,
3297 5091 3656 5163 professionis
3694 5110 3792 5149 ve-

2187 5182 2334 5241 strae,
2369 5190 2532 5246 quam
2553 5174 2610 5230 in
2638 5175 2725 5231 die
2754 5179 3182 5235 consecrationis
3210 5189 3408 5236 vestrae
3435 5181 3787 5252 promisistis,

2187 5262 2325 5320 sicut
2355 5263 2424 5318 ab
2454 5263 2560 5318 illis
2599 5264 2692 5337 qui
2736 5265 3099 5324 interfuerunt
3145 5269 3476 5340 accepimus,
3509 5287 3787 5344 quamque

2185 5367 2354 5408 manu
2382 5353 2603 5424 propria
2635 5355 3055 5427 sabscripsistis,
3105 5365 3158 5412 et
3187 5375 3354 5430 super
3393 5359 3566 5416 altare
3596 5375 3789 5417 coram

2187 5441 2459 5514 episcopis
2487 5443 2740 5500 omnibus
2769 5445 2861 5517 qui
2889 5445 3180 5502 adfuerunt
3209 5448 3440 5505 Domino
3469 5448 3745 5506 obtulistis
3771 5469 3786 5508 :

2187 5537 2242 5590 et
2268 5530 2562 5606 diligenter
2589 5533 2764 5608 relegi
2793 5550 2916 5592 eam
2957 5533 3119 5594 facite
3148 5551 3335 5595 coram
3371 5538 3528 5596 vobis
3555 5547 3611 5596 et
3640 5537 3788 5600 ﬁde-
