4026 6336
239 253 350 308 113

1748 253 2126 314 EPISTOLtE.

3452 264 3557 322 1M

235 377 384 433 libus
428 377 650 444 vestris,
705 394 936 452 quorum
995 379 1224 437 consilio
1253 389 1309 437 et
1350 376 1556 438 auxilio
1607 390 1852 440 sanctam
1881 384 1938 443 A
1959 383 2194 456 gregati,
2229 383 2625 440 constituerunt
2655 383 2804 456 (can.
2829 387 2920 458 25)
2948 393 3008 442 ut
3036 386 3174 444 ultra
3199 393 3311 444 tres
3337 402 3564 445 menses

239 467 552 523 Ecclesiam
587 476 642 523 et
683 485 915 542 regnum
965 469 1116 525 vobis
1157 471 1508 526 commissum
1557 473 1864 543 gubernare

239 555 479 622 debetis,
512 563 569 612 et
597 557 644 612 si
673 557 879 630 aliquid
919 574 1018 630 per
1057 559 1441 630 ignorantiam,
1495 562 1582 616 vel
1632 561 1863 617 aliorum

238 646 688 720 suggestionem,
741 647 812 701 ab
843 663 910 702 ea
939 647 1304 716 exorbitastis,
1355 649 1524 705 nolite
1576 651 1864 724 negligere

239 735 376 790 inde
425 735 668 791 Domino
713 735 1048 792 satisfacere.
1085 738 1155 792 Et
1184 738 1343 809 quod
1374 738 1428 793 in
1459 737 1692 810 epistola
1728 740 1862 794 mihi

241 823 459 880 directa
488 832 544 878 et
573 824 632 878 in
665 826 878 896 synodo
909 825 1112 881 relecta
1157 826 1471 898 scripsistis,
1522 828 1662 884 sicut
1706 829 1863 884 vobis

240 913 468 984 expedit
499 914 783 970 attendite.
819 914 910 970 Sic
937 915 1084 970 enim
1111 915 1188 970 ibi
1213 923 1294 970 est
1325 916 1581 988 scriptum
1615 935 1628 972 :
1667 939 1690 969 tt
1723 919 1861 972 Jun-

249 1017 451 1076 gamur
477 1003 676 1068 simul,
710 1010 768 1058 ut
797 1017 902 1076 ego
951 1020 1066 1072 rex,
1101 1013 1152 1059 et
1179 1020 1278 1060 vos
1316 1007 1574 1062 sacerdos
1603 1006 1720 1073 Dei,
1753 1007 1862 1062 mi-

251 1091 550 1146 nisterium
580 1091 854 1164 condigne
877 1099 980 1148 tam
1011 1093 1066 1146 in
1098 1093 1296 1149 divinis
1334 1110 1499 1166 quam
1528 1095 1582 1150 in
1611 1096 1862 1151 humanis

243 1179 553 1250 adimplere
574 1180 857 1236 valeamus
887 1179 1094 1238 ofﬁciis.
1133 1202 1156 1232 ι
1193 1181 1476 1251 Quatenus
1507 1184 1793 1240 devotione
1809 1193 1864 1241 et

243 1268 571 1340 Operatione
621 1269 942 1339 ostendatis,
988 1270 1111 1342 quia
1161 1271 1422 1339 Christus,
1467 1288 1500 1328 a
1529 1289 1636 1346 quo
1677 1274 1861 1346 legiti-

244 1373 366 1412 mus
414 1357 599 1413 omnis
644 1357 986 1430 episcOpatus
1031 1359 1175 1431 cepit
1221 1361 1520 1428 exordium,
1583 1371 1636 1418 et
1683 1364 1861 1418 omnis

244 1447 590 1518 principatus
643 1448 858 1518 accepit
921 1457 1262 1519 provectum,
1331 1459 1520 1506 auctor
1572 1451 1640 1506 sit
1697 1453 1862 1508 vestri

241 1535 554 1608 regiminis,
588 1543 640 1592 et
669 1545 948 1606 protector
993 1535 1083 1592 ﬁat
1123 1546 1324 1594 vestrae
1364 1539 1726 1597 sublimitatis.
1763 1543 1864 1598 Per

248 1640 412 1696 quem
440 1640 543 1680 vos
573 1625 808 1681 obsecro
837 1625 1135 1698 episcOpali
1163 1627 1485 1696 ministerio,
1524 1629 1646 1684 talia
1677 1639 1861 1686 vestro

1962 471 2335 528 ordinationes
2365 473 2746 544 episcoporum
2787 490 2898 530 non
2937 474 3270 544 differantur,
3304 493 3428 534 cum
3458 477 3562 534 de-

1963 568 2117 617 creto
2138 561 2364 630 judicio,
2397 569 2455 617 ut
2485 562 2578 633 qui
2604 563 2733 618 ausi-
2759 562 2976 631 fuerint,
3023 573 3144 636 post
3183 565 3558 623 diﬁinitionem

1960 665 2178 723 magnae
2198 657 2250 706 et
2269 650 2594 707 universalis
2624 651 2784 722 hujus
2814 653 3028 724 synodi,
3061 653 3357 726 quidquam
3385 671 3452 712 ex
3472 655 3560 712 his

1963 755 2085 810 quae
2113 746 2238 794 sunt
2264 739 2535 810 prohibita
2564 750 2901 812 perpetrare,
2934 741 3174 799 decrevit
3194 751 3382 800 sancta
3401 761 3562 816 syno-

1961 827 2064 882 dus
2093 843 2127 883 a
2153 829 2377 900 proprio
2409 829 2716 898 hujusmodi
2747 831 2922 903 gradu
2963 831 3238 888 recedere.
3271 834 3340 888 Et
3367 833 3561 889 Domi-

1961 932 2064 971 nus
2091 917 2147 970 in
2175 917 2479 990 Evangelio
2508 919 2639 974 dicit
2671 937 2684 972 :
2721 921 2816 976 Ubi
2850 921 3076 992 fuerint
3105 923 3428 992 congregati
3452 923 3560 980 duo

1961 1009 2065 1060 aut
2087 1009 2201 1060 tres
2221 1007 2284 1060 in
2303 1008 2534 1062 nomine
2553 1023 2694 1078 meo,
2715 1009 2790 1064 ibi
2810 1025 2936 1063 sum
2957 1009 3021 1064 in
3031 1010 3213 1066 medio
3229 1026 3442 1066 eorum.
3458 1011 3557 1067 Et:

1963 1093 2024 1149 Si
2034 1093 2140 1150 duo
2163 1111 2237 1150 ex
2253 1095 2399 1150 vobis
2411 1095 2476 1151 de
2488 1097 2646 1151 omni
2659 1113 2722 1152 re
2733 1099 3127 1153 consenserint
3136 1114 3306 1170 super
3319 1102 3535 1155 terram
3546 1142 3560 1167 ,

1961 1183 2078 1252 ﬁet.
2121 1184 2188 1238 Et
2231 1201 2245 1238 :
2295 1185 2644 1258 Quaecunque
2692 1186 3068 1258 alligaveritis
3111 1203 3281 1260 super
3325 1191 3558 1255 terram,

1962 1275 2136 1326 erunt
2175 1273 2349 1344 ligata
2375 1277 2431 1328 et
2449 1273 2513 1328 in
2530 1275 2682 1329 caelis
2704 1274 2924 1345 (Matth.
2943 1290 3106 1345 xvm,
3143 1279 3229 1342 18,
3259 1279 3346 1343 19,
3370 1277 3482 1348 20).
3503 1276 3562 1332 Si

1963 1375 2100 1431 ergo
2157 1361 2350 1416 adcsse
2397 1361 2712 1434 dignabitur
2773 1363 2867 1418 ubi
2915 1364 3021 1418 duo
3059 1364 3147 1420 vel
3185 1371 3297 1420 tres
3341 1364 3558 1433 fuerint,

1962 1458 2160 1521 quanto
2190 1451 2370 1523 magis
2397 1451 2490 1506 ubi
2522 1452 2650 1506 tanti
2676 1468 2742 1508 ex
2782 1453 2982 1508 sanctis
3029 1453 3274 1508 Patribus
3319 1469 3560 1528 congre-

1963 1538 2072 1609 gati
2100 1539 2218 1594 hac
2244 1538 2693 1612 irrefragabiliter
2722 1541 3012 1597 decrevere
3039 1543 3308 1597 servanda
3329 1543 3358 1598 ?

2033 1628 2164 1683 CAP.
2196 1627 2287 1682 VI.
2319 1629 2401 1682 De
2428 1643 2494 1684 eo
2523 1629 2669 1700 quod
2699 1629 2752 1684 in
2782 1629 2976 1684 litteris
2994 1629 3211 1698 vestris,
3233 1647 3368 1702 quas
3385 1631 3562 1702 pridie

244 1722 492 1785 tempore
523 1713 580 1768 in
614 1723 862 1772 sanctam
885 1715 1188 1772 Ecclesiam
1219 1717 1562 1774 introducere
1593 1735 1701 1774 non
1732 1727 1856 1776 ten-
1888 1745 1943 1806 B
1962 1713 2150 1768 Nonas
2179 1712 2438 1769 transacti
2465 1713 2670 1768 mensis
2697 1713 2843 1806 Maii,
2895 1713 3175 1770 deferente
3196 1715 3424 1806 clerico
3455 1731 3560 1806 no-

242 1803 388 1869 tetis,
452 1803 633 1874 qualia
696 1805 882 1877 magni
952 1805 1314 1876 imperatores
1371 1815 1425 1862 et
1473 1815 1853 1867 antecessores

244 1892 415 1947 vestri
446 1893 562 1947 suis
593 1893 926 1964 temporibus
972 1895 1318 1951 introducere
1347 1912 1458 1951 non
1485 1913 1856 1970 praesumpse-

1962 1801 2109 1856 mine
2141 1802 2433 1857 Teutberto
2463 1802 2654 1874 relegi,
2688 1801 2989 1858 voluntarie
3009 1819 3106 1859 vos
3128 1803 3399 1873 subjicere
3419 1804 3562 1860 velle

1964 1890 2272 1962 exiguitatis
2293 1906 2430 1946 meae
2457 1891 2718 1960 consiliis,
2739 1899 2792 1946 et
2809 1891 3108 1948 secundum
3138 1893 3282 1964 quod
3309 1893 3563 1950 hortatus

151 2333 160 2342 ’
245 2336 312 2393 de
335 2337 572 2410 pusillis
593 2339 742 2405 istis,
769 2339 1000 2410 expedit
1021 2341 1161 2394 eiut
1179 2341 1561 2413 suspendatur
1579 2345 1731 2400 mota
1747 2346 1860 2400 asi-

243 1989 389 2037 runt.
437 1982 508 2036 Et
549 1981 806 2054 quoniam
849 1983 966 2039 sine
1017 1992 1206 2039 sancto
1255 1985 1457 2056 Spiritu
1497 1987 1860 2044 ministerium
1963 1977 2138 2045 fuero,
2170 1995 2339 2050 agere
2369 1987 2423 2035 et
2449 1979 2742 2050 disponere
2773 1980 2830 2034 in
2859 1980 3246 2037 ecclesiasticis
3267 1989 3320 2036 et
3341 1982 3566 2038 saecula-

245 2069 564 2141 episcopale
593 2087 703 2125 non
735 2069 932 2144 agitur,
965 2087 1074 2127 non
1096 2072 1165 2126 sit
1185 2073 1341 2128 vobis
1369 2074 1490 2130 leve
1511 2074 1564 2128 in
1587 2075 1859 2148 episcopis
1962 2067 2111 2123 ribus
2139 2067 2394 2139 negotiis,
2427 2077 2481 2124 et
2507 2085 2644 2124 meae
2672 2067 2887 2126 ﬁduciae
2905 2069 3268 2141 vosmetipsos
3291 2070 3560 2140 subjicere

245 2159 570 2215 contristare
615 2159 876 2230 Spiritum
925 2168 1194 2228 sanctum,
1243 2177 1368 2218 cum
1409 2165 1672 2219 Dominus
1703 2166 1860 2222 tenvi-
1961 2157 2119 2222 velle,
2156 2164 2208 2211 et
2229 2157 2527 2212 secundum
2543 2157 2728 2212 datum
2749 2173 2782 2214 a
2803 2174 2891 2213 me
2911 2158 3197 2214 consilium
3218 2159 3374 2233 regni
3393 2159 3562 2216 vestri

246 2247 434 2304 biliter
457 2248 800 2304 comminans
832 2249 1014 2305 dicat:
1047 2252 1150 2319 Qui
1169 2252 1649 2310 scandalizaverit
1678 2271 1862 2310 unum
1956 2245 2083 2314 jura
2128 2261 2460 2317 componere
2494 2264 2507 2301 ε
2538 2255 2734 2303 Vestra?
2790 2247 3144 2304 dominationi
3191 2247 3456 2316 Γεεοΐίδον
3502 2256 3562 2304 ιιι

1961 2334 2179 2390 Domini
2225 2335 2554 2390 voluntatem
2597 2344 2793 2392 vestrae
2839 2336 3100 2392 voluntati
3137 2352 3455 2408 praeponere
3502 2336 3559 2393 in

244 2427 434 2482 maria
453 2427 520 2481 in
539 2427 682 2482 οοιιο
703 2427 1724 2503 eius,etdemergaturinprofundum
1740 2450 1860 2489 ma-
1961 2423 2212 2478 omnibus
2259 2423 2536 2490 studeatis,
2587 2425 2740 2494 cujus
2797 2425 3126 2480 voluntatem
3180 2441 3282 2497 per
3338 2433 3556 2482 sanctas

255 2517 339 2570 ris
359 2515 589 2584 (Matth.
612 2529 777 2580 xvru,
803 2515 877 2586 6).
901 2517 970 2570 Et
991 2517 1280 2587 Apostolus
1298 2519 1507 2576 :Nolite
1519 2523 1862 2578 contristare
1961 2512 2284 2583 Scripturas,
2319 2520 2372 2568 et
2400 2529 2500 2584 per
2528 2529 2624 2569 cos
2654 2513 2748 2584 qui
2775 2513 2891 2582 jam
2918 2513 2973 2568 in
3002 2514 3143 2570 coelo
3191 2529 3314 2570 cum
3344 2513 3438 2570 illo
3463 2530 3556 2571 re-

249 2603 536 2676 Spiritum
553 2607 824 2660 sanctum
841 2605 942 2660 Dei
959 2606 1182 2678 (Ephes.
1208 2621 1287 2673 IV,
1307 2609 1416 2678 30).
1461 2609 1527 2663 Et
1557 2609 1685 2664 item
1712 2610 1859 2666 idem
1959 2607 2150 2674 gnant,
2183 2600 2308 2655 etin
2329 2601 2488 2656 terris
2517 2600 2794 2656 miraculis
2824 2609 3131 2673 coruscant,
3163 2610 3217 2658 et
3244 2617 3344 2674 per
3365 2617 3556 2659 sacras

249 2691 550 2761 Apostolus
569 2691 701 2748 dicit
721 2709 736 2746 :
760 2694 869 2748 Per
883 2693 1051 2761 ﬁdem
1071 2695 1326 2751 habitare
1349 2696 1636 2753 Christum
1655 2699 1715 2754 in
1739 2715 1858 2756 cor-
1957 2688 2112 2762 leges
2141 2705 2172 2744 a
2202 2689 2520 2744 Christianis
2545 2690 2962 2762 imperatoribus
2987 2699 3041 2746 et
3069 2691 3294 2764 regibus
3321 2691 3558 2763 promul-

245 2781 406 2838 dibus
455 2781 672 2838 nostris
715 2781 939 2854 (Ephes.
973 2797 1052 2848 ut,
1091 2783 1201 2851 17),
1251 2785 1342 2856 qui
1385 2785 1498 2854 jam
1545 2787 1744 2843 sedens
1786 2789 1857 2843 ad
1957 2785 2133 2850 gatas,
2157 2777 2292 2834 sicut
2311 2779 2429 2850 ipse
2449 2778 2578 2834 dicit
2601 2795 2613 2834 :
2638 2783 2746 2836 Per
2764 2795 2854 2836 me
2879 2795 3032 2852 reges
3053 2783 3318 2853 regnant,
3341 2785 3397 2837 et
3421 2797 3554 2838 con-

249 2869 532 2925 dexteram
580 2869 758 2926 Patris
802 2869 870 2926 de
917 2871 1056 2927 coelo
1113 2871 1276 2928 Saulo
1332 2873 1563 2930 intonuit
1618 2877 1854 2932 dicens:

1959 2868 2168 2924 ditcres
2191 2869 2376 2940 legum
2397 2871 2577 2941 juxta
2597 2869 2912 2926 decernunt
2941 2870 3127 2940 (Prov.
3151 2884 3272 2937 vui,
3306 2868 3414 2939 15),
3447 2885 3554 2942 po-

245 2959 433 3023 Saule,
457 2959 649 3025 Saule,
677 2959 812 3030 quid
827 2975 919 3015 me
953 2962 1508 3034 persequeris?(Act.
1531 2979 1610 3031 1x,
1631 2966 1710 3034 4,)
1741 2967 1855 3020 De-
1957 2955 2110 3011 testis
2155 2972 2489 3030 cognoscere
2520 2975 2533 3012 :
2567 2959 2668 3013 sed
2715 2965 2768 3014 et
2803 2974 2904 3028 per
2951 2957 3152 3029 scripta
3198 2974 3232 3014 a
3278 2957 3438 3014 nobis
3485 2974 3554 3014 ex

247 3055 559 3102 monstrans
605 3046 863 3119 quoniam
911 3047 965 3102 in
1009 3049 1268 3105 membris
1311 3051 1423 3106 suis
1453 3052 1700 3108 Christus
1729 3070 1855 3124 per-
1887 3103 1931 3124 η
1959 3045 2168 3116 synodo
2213 3047 2358 3117 αριΙά
2401 3047 2720 3118 martyrium
2759 3055 2964 3103 Sancta?
3007 3049 3204 3103 Μεοΐθθ
3247 3046 3452 3114 habita.
3499 3054 3554 3102 ει

246 3135 494 3209 sequitur
522 3144 576 3191 et
607 3137 1026 3204 scandalizatur,
1061 3138 1196 3192 etin
1223 3140 1484 3195 membris
1533 3142 1646 3196 suis
1677 3143 1858 3198 susci-
1885 3134 1934 3167 υ
1955 3150 2057 3204 per
2101 3134 2520 3190 consacerdotes
2564 3142 2779 3190 nostros
2830 3135 2986 3191 vobis
3043 3135 3265 3203 directa,
3322 3135 3551 3206 potestis

245 3224 410 3296 pitur,
459 3224 608 3280 velut
655 3240 715 3280 se
759 3225 1028 3281 dicturum
1069 3227 1255 3282 electis
1300 3227 1355 3282 in
1375 3229 1582 3298 judicio
1626 3231 1857 3301 pollicc-
1955 3237 2276 3294 agnoscere.
2311 3223 2420 3278 Sed
2449 3222 2580 3278 satis
2615 3223 2794 3294 doleo,
2828 3231 2882 3278 et
2910 3223 3138 3278 multum
3182 3223 3366 3290 timeo,
3399 3223 3546 3297 quia.

243 3321 374 3369 tur:
414 3313 680 3383 Quandiu
708 3315 816 3369 uni
843 3314 908 3369 de
941 3315 1251 3372 minoribus
1271 3319 1412 3373 meis
1441 3319 1678 3389 fecistis,
1713 3321 1858 3376 mihi
1955 3319 2015 3366 ut
2041 3327 2164 3366 cum
2193 3311 2349 3367 venia
2389 3320 2572 3368 vestra
2617 3312 2814 3380 dicam,
2864 3321 3122 3385 quantum
3152 3311 3207 3367 in
3236 3313 3342 3369 hac
3389 3327 3558 3369 causa

243 3403 462 3474 fecistis
493 3401 716 3472 (Matth.
751 3417 893 3469 xxv,
926 3403 1037 3474 40).
1069 3405 1136 3458 Et
1165 3413 1383 3460 sanctus
1425 3405 1658 3478 Spiritus
1684 3406 1738 3461 in
1770 3407 1859 3462 eis
1954 3399 2024 3455 de
2055 3396 2176 3473 qua'
2192 3400 2367 3472 agitur
2393 3409 2565 3472 paret,
2612 3403 2735 3474 plus
2782 3401 3058 3458 intenditis
3087 3400 3241 3474 sequi
3268 3401 3552 3474 propriam

240 3489 297 3546 in
353 3490 555 3562 quibus
609 3490 812 3546 habitat
868 3491 1236 3558 contristatur,
1299 3494 1436 3549 sicut
1485 3511 1551 3549 ex
1608 3496 1856 3567 Apostoli

252 3579 437 3636 verbis
468 3594 634 3650 supra
665 3579 1022 3635 Ostendimus.
1053 3581 1120 3636 Et
1150 3581 1272 3654 quia
1295 3581 1408 3652 jam
1438 3590 1650 3655 tempus
1681 3592 1856 3640 trans-

243 3668 322 3734 iit,
354 3667 497 3723 ultra
543 3668 688 3740 quod
737 3668 874 3724 sacri
921 3685 1158 3724 canones
1211 3670 1414 3742 Spiritu
1443 3673 1543 3728 Dei
1573 3673 1774 3730 conditi
1804 3683 1856 3730 et

247 3757 412 3813 totius
441 3757 632 3812 mundi
661 3757 970 3814 reverentia
1000 3759 1302 3816 consecrati
1345 3761 1644 3817 decernunt
1671 3771 1730 3817 ut
1757 3779 1854 3818 or-

253 3845 564 3902 dinationes
593 3845 972 3918 episcoporum
1002 3863 1110 3902 non
1141 3847 1477 3920 diﬂerantur,
1519 3850 1658 3907 sicut
1686 3869 1854 3923 syno-

251 3935 350 3990 dus
378 3935 527 4006 apud
556 3935 880 4006 martyrium
911 3944 1114 3993 sancta:
1143 3938 1342 3994 Macra:
1384 3940 1681 3996 secundum
1699 3941 1855 4015 leges

246 4032 299 4080 et
328 4024 558 4097 regulas
616 4023 885 4090 diﬂinivit,
949 4024 1273 4082 electionem
1330 4028 1732 4100 episcoporum,
1765 4029 1860 4102 qui

246 4113 518 4186 designati
565 4113 636 4168 ad
684 4115 791 4169 hoc
838 4113 1117 4184 negotium
1161 4118 1569 4188 exsequendum
1597 4135 1702 4172 una
1730 4135 1852 4174 cum

245 4218 519 4258 consensu
548 4208 729 4258 vestro
761 4199 980 4257 fuerunt
1007 4203 1064 4258 in
1097 4205 1324 4276 synodo,
1374 4205 1512 4261 sicut
1540 4206 1596 4260 in
1624 4207 1852 4278 epistola

246 4291 400 4348 vobis
449 4291 666 4347 directa
697 4291 768 4346 ab
799 4291 990 4347 eadem
1037 4293 1248 4364 synodo
1293 4293 1546 4365 scriptum
1599 4296 1846 4365 habetur,

247 4379 546 4436 dominatio
573 4387 756 4436 vestra
805 4380 1124 4447 consentiat,
1159 4389 1212 4438 et
1241 4399 1352 4439 non
1395 4382 1659 4440 diﬂ'eratis
1687 4400 1848 4440 acce-

1954 3489 2288 3546 voluntatem
2332 3507 2493 3562 quam
2539 3491 2778 3547 divinam
2823 3491 3212 3560 auctoritatem,
3259 3499 3313 3546 et
3357 3507 3544 3546 eorum

1954 3578 2047 3650 qui
2075 3595 2134 3633 se
2163 3579 2465 3650 importune
2493 3579 2747 3652 ingerunt
2779 3579 3127 3651 cupiditatem
3155 3595 3317 3652 quam
3347 3586 3548 3635 sanctae

1951 3667 2214 3722 Ecclesiae,
2244 3667 2526 3723 utilitatem
2550 3687 2565 3737 ;
2599 3676 2652 3724 et
2681 3683 2870 3725 eorum
2895 3669 2964 3724 de
2992 3667 3189 3740 quibus
3233 3667 3364 3725 dicit
3391 3670 3544 3740 Apo—

1953 3755 2142 3826 stolus,
2175 3759 2441 3829 quoniam
2469 3761 2738 3815 nesciunt
2762 3773 2884 3832 qua:
2916 3759 3240 3832 loquuntur,
3273 3773 3452 3831 neque
3480 3758 3546 3815 de

1951 3847 2150 3918 quibus
2192 3847 2484 3917 afﬁrmant
2511 3847 2562 3917 (Ι
2588 3849 2723 3903 Tim.
2759 3863 2798 3914 ι,
2825 3847 2902 3918 7),
2935 3846 3258 3903 adulationis
3301 3845 3544 3903 favorem

1953 3949 2116 4006 quam
2175 3943 2409 3990 vestram
2463 3935 2640 4007 ipsam
2690 3936 2938 3992 salutem.
3009 3935 3167 4006 Quod
3225 3935 3541 4008 scripsistis,

1951 4027 2073 4075 vota
2121 4020 2360 4076 omnium
2408 4020 2500 4092 qui
2547 4028 2947 4076 commorantur
2992 4021 3048 4076 in
3086 4020 3403 4078 Belvacensi
3429 4021 3544 4077 Ec-

1951 4107 2136 4174 clesia,
2169 4109 2226 4162 in
2272 4107 2548 4164 Odacrum
2594 4109 2946 4179 concordare,
2992 4125 3104 4166 non
3145 4117 3230 4166 est
3271 4109 3468 4164 mirum
3496 4109 3543 4164 si

1951 4195 2099 4250 stulti
2128 4204 2180 4250 et
2208 4196 2444 4267 improbi
2491 4212 2556 4251 ac
2599 4196 2888 4266 cupiditate
2933 4197 3118 4254 caecati
3161 4197 3546 4282 toties\taliter

1949 4293 2134 4355 agunt,
2167 4299 2278 4340 non
2325 4284 2558 4340 correcti
2600 4285 2668 4340 de
2713 4285 3002 4354 rejectione
3041 4300 3227 4356 pravae
3269 4301 3381 4340 suae
3423 4285 3541 4340 ele-

1950 4372 2143 4429 ctionis
2171 4371 2226 4426 in
2257 4372 2624 4440 Fromoldum,
2655 4380 2709 4428 et
2735 4373 3022 4446 reprobato
3065 4371 3318 4440 Rodulfo,
3343 4381 3394 4428 et
3407 4388 3451 4449 ‘a
3481 4390 3542 4428 se

247 4468 442 4537 lcrare,
478 4476 541 4524 ut
570 4468 726 4525 vobis
759 4470 1157 4542 suggessimus,
1192 4479 1458 4544 quatenus
1487 4471 1602 4544 ipsa
1623 4465 1922 4530 ecclesiaD
1953 4461 2128 4518 electo
2156 4462 2430 4518 Honorato
2461 4478 2611 4519 sacro
2640 4462 2938 4536 episcopali
2979 4462 3158 4519 ordini
3201 4463 3378 4518 adhuc
3415 4461 3542 4518 fidei

243 4559 335 4614 diu
365 4567 556 4616 contra
585 4558 760 4615 sancti
790 4559 1024 4629 Spiritus
1052 4561 1544 4633 promulgationem
1569 4578 1677 4618 non
1699 4571 1853 4619 vacet

243 4655 482 4719 pastore,
517 4655 572 4704 et
601 4663 720 4714 vos,
755 4647 901 4720 quod
932 4647 1090 4714 absit,
1121 4665 1232 4705 non
1261 4651 1534 4707 mediocre
1563 4651 1850 4708 incurratis

251 4737 578 4809 periculum.
614 4735 754 4805 Quia
786 4736 932 4792 enim
977 4738 1117 4794 sacri
1159 4755 1395 4796 canones
1436 4740 1618 4811 (conc.
1649 4741 1846 4809 Anth.,

245 4841 363 4884 can.
402 4829 494 4898 16)
523 4824 849 4898 perfectum'
870 4826 1056 4882 dicunt
1097 4843 1219 4883 esse
1264 4829 1570 4895 concilium,
1601 4830 1694 4884 ubi
1727 4847 1849 4886 cum

241 4916 352 4971 suis
389 4914 756 4987 suti'raganeis
784 4914 1084 4971 interfuerit
1115 4917 1568 4988 metropolitanus
1599 4919 1844 4989 antistes,

245 5005 411 5061 multo
443 5004 624 5077 magis
651 5012 829 5060 ratum
859 5004 1027 5060 teneri
1070 5005 1232 5060 debet
1263 5007 1406 5078 quod
1454 5007 1850 5078 metropolitani

239 5109 360 5150 cum
389 5093 670 5165 episcopis
717 5093 1055 5149 diversarum
1102 5094 1510 5165 provinciarum
1548 5097 1848 5152 secundum

239 5199 420 5240 sacras
451 5183 613 5254 leges
643 5189 698 5238 et
727 5183 955 5255 regulas
985 5184 1366 5240 decreverunt.
1403 5185 1658 5241 Sexcenti
1686 5201 1845 5240 nam-

243 5289 346 5344 que
375 5271 606 5345 triginta
635 5278 688 5327 et
715 5287 782 5327 eo
811 5271 1047 5344 amplius
1079 5273 1340 5344 episcopi,
1368 5290 1598 5345 quorum
1627 5274 1846 5329 nomina

239 5361 441 5433 scripta
471 5369 596 5416 sunt
627 5359 683 5414 in
713 5361 874 5429 caelo,
927 5377 1271 5434 quorumque
1317 5362 1539 5417 nomina
1583 5363 1848 5419 habemus

235 5449 438 5522 scripta
467 5449 526 5504 in
554 5449 707 5504 libris
736 5450 958 5520 nostris,
992 5451 1048 5506 in
1080 5451 1431 5508 Chalcedona
1452 5450 1674 5508 civitate
1705 5453 1849 5525 apud

241 5539 564 5614 Martyrium
583 5545 788 5599 sanctae
801 5539 1121 5614 Euphemiae
1141 5541 1200 5597 in
1233 5537 1434 5599 Christi
1453 5540 1672 5604 nomine
1717 5557 1847 5598 con-

1952 4549 2196 4607 doctrina
2234 4551 2554 4624 incongruo,
2601 4553 2948 4624 perdiderunt
3004 4551 3345 4618 electionem,
3404 4549 3542 4606 sicut

1950 4647 2229 4696 ostensum
2259 4649 2340 4696 est
2367 4641 2474 4697 illis
2501 4641 2556 4696 in
2588 4642 2816 4714 synodo,
2867 4649 2920 4696 et
2951 4657 3051 4712 per
3099 4655 3282 4695 sacras
3323 4639 3545 4710 regulas

1949 4745 2059 4784 non
2089 4730 2313 4786 ulterius
2343 4731 2579 4798 illorum,
2615 4733 2712 4787 sed
2739 4731 3111 4802 episcoporum
3159 4743 3282 4782 esse
3313 4727 3542 4785 electio-

1948 4835 2094 4886 nem,
2127 4836 2288 4892 quam
2331 4837 2440 4875 non
2485 4821 2680 4892 praeire
2727 4819 2824 4874 sed
2855 4817 3132 4889 subsequi,
3166 4825 3221 4874 et
3250 4834 3360 4874 non
3388 4835 3448 4874 se
3478 4819 3545 4874 ab

1949 4922 2016 4962 ea
2045 4908 2244 4964 debere
2275 4909 2546 4978 excidere,
2583 4917 2633 4964 et
2661 4922 2804 4962 nunc
2835 4912 3026 4961 contra
3053 4906 3277 4979 regulas
3308 4916 3362 4964 et
3392 4909 3546 4982 leges

1948 4996 2067 5052 sine
2124 4997 2406 5054 visitatore
2455 5001 2918 5069 praesumpserant
2989 4994 3327 5053 electionem.
3388 4998 3546 5054 Unde

1947 5085 2292 5142 referendum
2349 5095 2430 5142 est
2486 5085 2662 5140 eidem
2718 5083 2864 5155 plebi
2922 5083 3058 5141 illud
3113 5085 3543 5158 propheticum:

1949 5175 2124 5231 Frons
2143 5177 2406 5232 mulieris
2430 5173 2749 5230 meretricis
2770 5177 2929 5246 facta
2950 5178 3035 5230 cst
3058 5175 3178 5242 tibi,
3205 5176 3390 5232 nescis
3409 5191 3544 5234 eru-

1947 5263 2183 5321 bescere.
2217 5265 2350 5336 (Jer.
2377 5277 2456 5328 tu,
2489 5262 2564 5332 3).
2597 5263 2667 5318 Et
2695 5263 2934 5320 Jacobus
2963 5264 3239 5335 apostolus
3270 5273 3378 5320 tam
3408 5265 3544 5320 tales

1947 5351 2178 5408 clericos
2209 5367 2370 5424 quam
2396 5350 2644 5421 plebeios
2672 5352 2950 5425 redarguit
2991 5353 3179 5408 dicens
3213 5371 3226 5408 :
3257 5354 3537 5422 Adulteri,

1947 5441 2180 5496 nescitis
2201 5442 2334 5514 quia
2349 5441 2607 5498 amicitia
2625 5441 2794 5516 hujus
2809 5442 3012 5499 mundi
3028 5443 3266 5500 inimica
3288 5447 3373 5499 est
3391 5445 3502 5500 Deo
3521 5446 3544 5498 .’

1947 5539 2087 5614 (Jac.
2121 5553 2200 5610 tv,
2233 5538 2310 5611 4).
2350 5538 2644 5600 Adulteros
2684 5539 2828 5597 enim
2874 5547 3020 5598 recte
3066 5548 3359 5613 nuncupat,
3410 5553 3548 5612 quos
