4026 6316
501 247 606 304 115

1503 241 1847 300 HINCMARI
1874 238 2278 300 RHEMENSIS
2305 240 2859 300 ARCHIEPISCOPI.

3696 247 3806 301 116

499 370 764 429 derelicto
791 384 974 428 amore
1003 369 1286 444 sapientia
1315 368 1576 438 caelestis,
1603 385 1723 442 qua
1741 369 1871 426 dicit
1894 386 1908 426 ε
1931 370 2096 442 Leges
2116 369 2174 431 A
2201 375 2434 425 mortem
2464 369 2712 442 corporis
2741 369 2872 437 mei,
2902 369 2959 425 in
2983 367 3208 428 dioecesi
3239 368 3533 428 Bhemensi
3545 369 3602 426 in
3623 371 3810 444 gradu

501 479 658 520 meas
687 461 966 519 custodite
996 459 1192 534 (Leuit.
1243 474 1388 515 xvm
1431 464 1488 516 et
1515 459 1634 532 xx),
1684 459 1753 515 ad
1793 459 2105 531 amplexum

505 551 682 623 potius
742 549 994 607 amicitia
1037 547 1327 605 mundialis
1369 565 1492 605 esse
1537 547 1780 605 deﬂexos
1836 549 2098 620 increpat.

501 638 848 712 Quapropter
873 639 1056 712 potius
1085 646 1364 695 merentur
1392 638 1956 696 excommunicatione
1986 654 2109 694 cor-

501 728 629 801 rigi,
665 743 828 800 quam
857 728 1092 800 corrupti
1119 728 1175 783 in
1201 727 1566 784 voluntatibus
1607 726 1720 782 suis
1765 727 1957 783 audiri.
1995 726 2103 782 Sed

507 817 644 874 forte
673 833 786 873 non
817 825 900 873 est
927 817 1000 872 ita
1029 825 1088 872 ut
1135 817 1290 874 vobis
1337 825 1419 873 est
1463 817 1684 873 dictum.
1738 815 2104 873 Dominationi

505 914 688 962 autem
716 915 910 963 vestra
959 907 1188 962 ostendo
1237 907 1383 978 quod
1429 905 1692 976 scriptum
1744 913 1846 973 est,
1898 905 2104 976 Spiritu

502 1003 690 1053 sancto
719 995 978 1062 dictante,
1011 995 1068 1050 in
1095 995 1344 1050 Decrctis
1373 994 1685 1066 apostolica
1717 993 1864 1050 sedis
1897 1011 1911 1048 :
1944 993 2103 1063 Quod

503 1085 552 1141 si
585 1093 638 1141 et
666 1101 857 1141 omnes
887 1085 1217 1151 sacerdotes,
1249 1092 1302 1140 et
1330 1084 1564 1138 mundus
1590 1084 1790 1140 erroris
1820 1083 2098 1149 assentiat,

502 1173 780 1230 damnatio
807 1173 1211 1230 consentientes
1241 1172 1487 1242 involvit,
1505 1188 1616 1228 non
1634 1171 2102 1244 pravaricationis

503 1262 918 1320 damnationem
935 1279 1236 1319 consensus
1266 1262 1520 1318 absolvit.
1554 1263 1679 1318 Non
1709 1261 1854 1317 enim
1893 1260 2102 1316 crimen

499 1353 784 1420 minuitur,
818 1353 916 1408 sed
945 1352 1230 1422 accrescit,
1264 1367 1390 1407 cum
1415 1350 1677 1424 generale
1695 1350 1754 1405 ﬁt
1776 1366 1843 1405 ex
1863 1349 2098 1420 privato.

499 1442 615 1499 Hoc
657 1441 802 1497 enim
832 1442 978 1497 Deus
1024 1439 1303 1509 indicavit,
1350 1440 1442 1511 qui
1492 1439 1755 1494 mundum
1783 1446 2104 1511 peccantem

502 1529 748 1604 generali
773 1529 976 1586 diluvio
1005 1529 1298 1584 interemit.

575 1620 706 1676 CAP.
743 1619 854 1675 VII.
889 1617 1048 1688 Quod
1065 1617 1380 1690 scripsistis,
1404 1625 1464 1673 ut
1483 1617 1622 1674 sicut
1640 1633 1860 1689 semper
1879 1616 2104 1690 regibus

497 1709 1003 1782 praedecessoribus
1033 1708 1235 1764 vestris
1264 1707 1320 1762 in
1348 1707 1497 1763 omni
1526 1707 1756 1762 utilitate
1784 1707 2104 1780 regni-pro-
2121 1737 2176 1798 B

500 1797 673 1855 ﬁcuus
717 1805 770 1854 et
813 1798 1044 1854 devotus
1091 1795 1186 1864 fui,
1234 1796 1311 1852 ita
1359 1797 1514 1852 vobis
1565 1795 1742 1852 ﬁdelis
1790 1804 1844 1851 et
1872 1796 2100 1852 devotus

499 1887 751 1944 existam.
804 1886 964 1955 Quod
1003 1893 1052 1942 et
1097 1886 1362 1942 hactenus
1405 1885 1694 1941 observavi
1725 1892 1778 1940 et
1806 1885 2100 1941 observare

495 1976 676 2048 cupio.
710 1977 821 2032 Vos
859 1984 1041 2031 autem
1083 1983 1284 2031 sancta
1327 1974 1610 2043 Ecclesiae,
1643 1981 1693 2029 et
1725 1973 1842 2044 ejus
1869 1974 2100 2031 rectori-

499 2066 626 2133 bus,
657 2072 819 2137 atque
851 2064 983 2119 mihi
1013 2071 1224 2120 servate
1255 2064 1402 2136 quod
1422 2063 1500 2118 illi
1523 2071 1985 2120 conservaverunt
2008 2083 2022 2132 ;
2049 2071 2102 2120 et

496 2169 601 2226 pro
631 2153 936 2212 devotionis
967 2151 1240 2220 ﬁdelitate,
1274 2169 1440 2226 quam
1467 2153 1624 2208 vobis
1654 2168 1777 2208 cum
1807 2152 2020 2209 cateris
2049 2152 2104 2206 ﬁ-

497 2242 711 2300 delibus
741 2242 940 2299 vestris
969 2242 1025 2297 in
1055 2241 1318 2299 electione
1349 2250 1551 2311 vestra,
1598 2257 1708 2298 non
1739 2241 1856 2298 sine
1903 2257 2102 2314 magno

509 2332 716 2399 labore,
735 2331 803 2386 ad
821 2331 1228 2404 provectionem
1261 2331 1566 2405 regiminis,
1602 2347 1711 2402 quo
1725 2331 1839 2400 jam
1860 2330 2100 2397 nomine,

497 2421 590 2477 det
618 2421 883 2478 Dominus
913 2420 1074 2476 etiam
1107 2421 1300 2477 virtute
1347 2421 1503 2492 potiti
1547 2420 1698 2487 estis,
1744 2419 1910 2476 nolite
1939 2419 2104 2475 retri-

499 2511 669 2566 buere
693 2509 827 2566 mihi
852 2509 996 2566 mala
1025 2525 1126 2582 pro
1170 2509 1348 2579 bouis,
1401 2509 1716 2576 suadentes,
1762 2525 1874 2564 non
1921 2517 2106 2564 tamen

499 2599 790 2656 auxiliante
819 2599 1076 2666 Domino,
1109 2599 1530 2671 persuadentes,
1563 2604 1623 2653 ut
1653 2598 1709 2656 in
1737 2605 1954 2654 senecta
1981 2613 2106 2654 mea

501 2688 774 2746 declinem
803 2704 838 2744 a
865 2688 1039 2746 sacris
1067 2689 1292 2761 regulis,
1345 2687 1493 2760 quod
1524 2702 1627 2744 nec
1655 2703 1758 2758 pro
1790 2687 2100 2759 cupiditate,

496 2791 603 2836 nec
629 2793 730 2849 pro
761 2792 950 2834 amore
981 2777 1066 2834 vel
1097 2777 1291 2832 timore
1330 2777 1594 2834 hactenus
1623 2776 1748 2848 feci,
1781 2783 1842 2832 ut
1869 2792 1904 2832 a
1931 2777 2108 2850 gradu

501 2867 818 2940 episcOpali,
853 2883 960 2940 quo
989 2883 1090 2938 per
1119 2866 1338 2940 triginta
1368 2873 1421 2922 et
1450 2882 1546 2923 sex
1586 2881 1762 2922 annos
1797 2865 1978 2938 gratia
2006 2865 2107 2922 Dei

501 2971 678 3028 usque
705 2956 870 3013 modo
901 2954 1117 3012 functus
1147 2953 1242 3027 fui,
1274 2955 1466 3012 merito
1505 2955 1776 3011 decidam.
1808 2955 1934 3010 Non
1962 2953 2109 3010 enim

499 3045 700 3103 excidit
723 3045 858 3101 mihi
886 3059 920 3100 a
949 3052 1130 3101 mente
1170 3044 1432 3100 sententia
1481 3043 1798 3111 Salvatoris,
1833 3059 1940 3115 qua
1970 3043 2107 3100 dici-

501 3139 590 3190 tur
617 3151 630 3190 :
653 3135 794 3204 Quid
806 3137 960 3190 enim
976 3135 1204 3208 proﬁcit
1221 3135 1400 3205 homo,
1420 3134 1472 3190 si
1495 3135 1750 3190 lucretur
1768 3134 2100 3190 universum

499 3223 800 3292 mundum,
823 3239 882 3280 se
912 3227 1108 3280 autem
1122 3225 1312 3297 ipsum
1325 3224 1547 3296 perdat,
1573 3227 1628 3279 et
1647 3224 1856 3279 animae
1871 3238 1988 3279 sua:
2001 3221 2100 3278 de-

501 3313 842 3370 trimentum
857 3313 1040 3385 faciat
1063 3316 1084 3369 ?
1103 3317 1207 3370 aut
1225 3329 1395 3386 quam
1423 3312 1578 3368 dabit
1600 3312 1760 3368 homo
1789 3315 2102 3368 commuta-

505 3403 718 3458 tionem
729 3417 834 3474 pro
850 3401 1049 3458 anima
1061 3417 1166 3458 sua
1183 3405 1206 3457 .9
1221 3401 1377 3474 (Luc.
1398 3415 1480 3469 1x,
1501 3403 1598 3468 15;
1623 3401 1820 3456 Matth.
1844 3415 1964 3468 xvr,
1984 3398 2102 3470 25.)

497 3489 568 3546 Et
584 3489 727 3546 sacri
745 3505 986 3547 canones
1008 3489 1207 3562 Spiritu
1224 3498 1412 3546 sancto
1431 3488 1640 3546 decreti
1661 3488 1888 3561 (concil.
1906 3487 2098 3544 Carth.

499 3594 560 3648 ιι,
593 3593 715 3636 can.
751 3579 841 3652 13)
875 3596 889 3634 :
923 3599 946 3632 α
980 3579 1037 3636 Si
1068 3579 1210 3652 quis,
1241 3578 1509 3651 inquiunt,
1544 3585 1734 3635 contra
1779 3593 1933 3632 suam
1962 3592 2100 3650 pro-

502 3667 800 3724 fessionem
828 3667 917 3725 vel
943 3667 1402 3740 subscriptionem
1431 3666 1643 3724 venerit
1671 3667 1728 3722 in
1756 3665 1958 3739 aliquo,
1983 3665 2102 3737 ipse

500 3772 562 3813 se
589 3757 799 3812 honore
826 3756 1082 3829 privabit.
1109 3777 1132 3808 υ
1163 3757 1234 3813 Et
1262 3756 1310 3811 si
1338 3756 1495 3814 vobis
1517 3771 1872 3822 consensero,
1895 3762 1954 3810 ut
1973 3770 2104 3810 con-

500 3855 586 3902 tra
613 3844 824 3902 divinas
855 3854 909 3902 et
949 3847 1216 3902 humanas
1257 3846 1431 3918 leges,
1467 3854 1520 3901 et
1544 3852 1740 3902 contra
1784 3851 2024 3900 vestram
2051 3852 2102 3900 et

501 3949 701 4002 meam,
753 3950 935 3992 coram
981 3935 1232 4009 pluribus
1272 3935 1329 3990 in
1371 3935 1581 4008 synodo
1629 3933 1902 4006 episcOpis
1943 3933 2100 3990 cohi-

499 4022 771 4095 bentibus,
813 4023 1214 4096 professionem
1260 4023 1490 4094 faciatis,
1523 4039 1612 4078 me
1641 4022 1889 4094 perdam,
1923 4030 1976 4078 et
2001 4037 2102 4078 vos

500 4129 613 4170 non
641 4113 884 4182 salvabo,
925 4113 1140 4170 dicente
1177 4113 1441 4186 Apostolo
1474 4130 1487 4167 :
1520 4113 1642 4170 Non
1672 4112 1854 4170 solum
1883 4113 1979 4184 qui
2005 4115 2095 4183 fa-

499 4205 689 4272 ciunt,
715 4203 810 4260 sed
841 4205 936 4276 qui
963 4203 1334 4260 consentiunt
1367 4202 1730 4276 facientibus,
1776 4199 1936 4274 digni
1963 4205 2102 4258 sunt

498 4297 680 4352 morte
726 4291 906 4366 (Rom.
939 4308 976 4362 ι,
1011 4292 1122 4365 32).
1155 4293 1225 4347 Et
1267 4291 1406 4349 sicut
1449 4291 1506 4346 in
1548 4289 2017 4347 ecclesiasticis-et
2045 4289 2102 4344 in

497 4376 789 4435 mundanis
817 4377 1032 4449 legibus
1061 4377 1324 4448 scriptum
1352 4376 1588 4431 habetur
1607 4393 1620 4430 :
1639 4375 1809 4432 Prava
1839 4374 2098 4430 facientes

2205 458 2571 515 ecclesiastico
2599 459 2780 516 valeat
2806 459 3132 515 ministrare.

2275 549 2412 606 CAP.
2445 549 2542 605 IX.
2577 549 2657 604 De
2686 565 2753 604 eo
2795 549 2944 621 quod
2993 547 3312 620 scripsistis,
3355 548 3482 620 quia
3530 548 3576 604 si
3605 557 3813 607 vestra

2203 637 2488 704 voluntati,
2528 637 2914 695 ecclesiasticis
2956 637 3209 694 videlicet
3253 637 3458 711 regulis
3497 639 3806 707 contraria,

2203 727 2496 784 obsecutus
2524 725 2700 794 fuero,
2735 743 2830 782 eos
2860 743 2998 799 quos
3026 727 3158 781 mihi
3187 727 3469 783 chariores
3499 735 3551 784 et
3578 727 3812 783 familia-

2203 816 2380 872 riores
2413 815 2804 889 cognoveritis,
2837 817 3112 872 honorare
3142 815 3198 870 in
3226 816 3480 871 omnibus
3519 817 3805 886 curabitis,

2203 905 2571 960 tantummodo
2599 912 2653 960 ut
2681 905 2738 959 in
2764 906 2870 961 hac
2896 905 3154 976 petitione
3183 913 3362 961 vestra
3391 904 3546 964 vobis
3562 922 3808 962 consen-

2202 995 2350 1065 tiam,
2387 1011 2498 1049 non
2525 993 2682 1061 meis,
2716 994 2814 1050 sed
2853 1009 3133 1051 sacrorum
3181 1011 3454 1052 canonum
3497 995 3681 1052 verbis
3710 1012 3807 1052 re-

2203 1084 2466 1155 spondeo,
2513 1083 2639 1156 quia
2682 1084 2979 1140 secundum
3037 1085 3260 1139 eosdem
3311 1100 3498 1140 sacros
3539 1101 3804 1154 canones,

2201 1189 2302 1244 pro
2349 1171 2738 1246 indigentibus,
2789 1181 2844 1227 et
2885 1173 3020 1228 mihi
3063 1173 3385 1242 conjunctis,
3419 1181 3474 1229 et
3502 1189 3602 1245 pro
3653 1175 3803 1242 aliis,

2205 1262 2342 1319 sicut
2387 1261 2728 1335 praecipiunt,
2777 1263 2847 1317 ad
2895 1262 3081 1317 salutis
3125 1270 3322 1318 vestra
3364 1271 3719 1336 augmentum
3752 1272 3810 1320 et

2201 1351 2484 1424 potestatis
2541 1351 2828 1422 honorem,
2887 1352 3092 1423 regiam
3169 1359 3490 1423 potestatem
3562 1361 3804 1408 vestram

2202 1439 2552 1512 petitionibus
2583 1440 2732 1496 adire
2777 1441 2997 1507 curabo,
3050 1441 3290 1512 quandiu
3333 1441 3596 1497 Dominus
3625 1457 3716 1498 me
3747 1443 3804 1498 in

2203 1544 2434 1600 corpore
2483 1529 2687 1584 morari
2728 1529 3068 1600 praceperit.
3117 1529 3341 1600 Verum,
3389 1531 3529 1586 sicut
3576 1538 3806 1588 sanctus

2203 1618 2550 1674 Innocentius
2592 1635 2729 1690 papa
2776 1618 2904 1674 dicit
2951 1637 2964 1675 :
3015 1619 3282 1676 Sollicitos
3322 1636 3421 1676 vos
3466 1635 3568 1692 pro
3626 1619 3805 1676 salute

2204 1707 2437 1763 libenter
2466 1707 2626 1762 audio
2649 1725 2662 1775 ;
2697 1715 2884 1764 contra
2916 1715 3072 1780 caput
3097 1716 3279 1764 autem
3306 1725 3417 1765 non
3445 1709 3676 1765 libenter
3702 1710 3806 1764 ad-

2205 1797 2377 1852 mitto.
2409 1797 2478 1852 Et
2508 1803 2726 1853 sanctus
2755 1797 3056 1868 Gregorius
3099 1813 3378 1868 exponens
3409 1799 3580 1870 (hom.
3613 1801 3701 1866 37,
3729 1799 3805 1854 in

2203 1887 2440 1959 Evang.)
2473 1887 2794 1942 sententiam
2823 1887 3108 1960 Evangelii
3139 1906 3151 1942 :
3185 1889 3243 1944 Si
3271 1890 3396 1961 quis
3419 1891 3576 1944 venit
3593 1889 3666 1944 ad
3684 1906 3799 1958 me,

2203 1981 2261 2032 et
2287 1993 2398 2032 non
2433 1975 2552 2032 odit
2571 1980 2798 2048 patrem
2827 1993 3013 2043 suum,
3035 1981 3368 2047 etmatrem,
3390 1981 3722 2048 etuxorem,
3743 1983 3804 2034 et

2201 2065 2368 2136 ﬁlios,
2389 2069 2443 2121 et
2459 2067 2690 2136 fratres,
2712 2069 2768 2120 et
2781 2081 3014 2132 sorores,
3039 2066 3223 2122 adhuc
3239 2071 3433 2122 autem
3453 2071 3509 2122 et
3538 2069 3804 2123 animam

2205 2169 2389 2221 suam,
2421 2171 2536 2210 non
2563 2158 2750 2226 potest
2775 2171 2933 2210 meus
2967 2171 3084 2212 esse
3131 2156 3442 2228 discipulus
3483 2157 3640 2226 (Luc.
3673 2171 3802 2223 xxv,

2203 2246 2313 2313 26),
2349 2243 2477 2299 dicit
2509 2260 2522 2298 :
2559 2263 2582 2294 ‹‹
2619 2241 2887 2311 Quoniam
2932 2243 3178 2317 quisquis
3219 2245 3335 2314 jam
3365 2252 3570 2300 aterna
3595 2261 3806 2302 concu-
3841 2283 3850 2290 ς

2203 2331 2382 2403 piscit,
2405 2331 2460 2386 in
2481 2347 2544 2388 ea
2561 2347 2720 2403 quam
2737 2333 3056 2405 aggreditur
3072 2349 3233 2390 causa
3253 2335 3373 2400 Dei,
3398 2341 3545 2389 extra
3565 2343 3802 2405 patrem,

2206 2428 2360 2477 extra
2386 2429 2634 2490 matrem,
2670 2429 2824 2477 extra
2851 2438 3099 2488 uxorem,
3131 2430 3284 2478 extra
3322 2422 3482 2491 ﬁlios,
3513 2431 3668 2479 extra
3697 2440 3804 2480 co-

2205 2519 2423 2584 gnatos,
2465 2518 2611 2565 extra
2659 2511 3014 2583 semetipsum
3061 2510 3181 2567 ﬁeri
3225 2513 3468 2579 debet,ut
3512 2529 3578 2568 eo
3616 2513 3808 2570 verius

2205 2609 2501 2673 cognoscat
2532 2601 2724 2670 Deum,
2761 2617 2866 2672 quo
2892 2601 2949 2655 in
2979 2601 3096 2670 ejus
3141 2617 3304 2656 causa
3333 2601 3605 2658 neminem
3635 2617 3806 2658 reco-

2207 2688 2438 2761 gnoscit.
2478 2710 2500 2740 »
2531 2689 2686 2746 Unde
2715 2688 2771 2743 in
2799 2689 2902 2745 hoc
2945 2689 3236 2761 episcOpali
3272 2690 3574 2747 ministerio
3603 2707 3806 2748 cama-

2205 2779 2312 2834 lem
2341 2777 2724 2850 pr0pinquum,
2755 2794 2856 2834 nec
2883 2778 3117 2834 amicum
3147 2779 3401 2836 videlicet
3440 2779 3604 2836 animi
3633 2780 3806 2837 fami-

2205 2865 2414 2934 liarem,
2449 2867 2654 2922 carnali
2683 2865 2878 2923 affectu
2921 2883 3278 2941 recognosco,
3332 2869 3430 2924 sed
3477 2870 3806 2926 sententiam

2207 2955 2424 3010 Domini
2441 2951 2681 3022 attendo,
2708 2955 2797 3027 qui
2819 2955 2948 3011 dicit
2967 2975 2980 3010 :
3003 2957 3106 3024 Qui
3127 2972 3242 3013 non
3263 2958 3450 3014 intrat
3464 2975 3569 3032 per
3587 2961 3806 3016 ostium

2207 3043 2271 3099 in
2301 3045 2441 3100 ovile
2471 3045 2676 3114 ovium,
2710 3046 2804 3118 sed
2833 3046 3090 3102 ascendit
3117 3047 3371 3114 aliunde,
3405 3047 3496 3104 hic
3525 3049 3624 3120 fur
3639 3053 3724 3104 est
3748 3056 3810 3106 et

2205 3134 2349 3190 latro
2381 3134 2564 3204 (Joan.
2595 3149 2656 3201 x,
2683 3134 2754 3205 1).
2781 3135 2850 3188 Et
2869 3134 2994 3190 ideo
3023 3135 3298 3190 neminem
3327 3135 3492 3207 eligo,
3524 3137 3808 3192 neminem

2201 3237 2562 3296 recognosco,
2595 3223 2868 3279 neminem
2916 3222 3142 3295 recipio,
3175 3223 3280 3278 nisi
3313 3225 3406 3297 qui
3453 3224 3564 3282 vita
3592 3233 3645 3281 et
3673 3242 3807 3282 mo-

2200 3311 2372 3383 ribus,
2423 3321 2475 3368 et
2523 3311 2762 3369 scientia
2805 3313 3085 3370 catholica
3141 3313 3408 3384 doctrina,
3465 3330 3567 3386 per
3614 3315 3806 3373 claves

2201 3401 2462 3458 Ecclesia
2490 3401 2558 3457 ad
2587 3402 2692 3459 hoc
2721 3401 3032 3474 episcopale
3079 3401 3436 3458 ministerium
3483 3405 3713 3472 accedit,
3748 3415 3808 3462 et

2202 3489 2336 3546 sciat
2379 3498 2432 3565 et
2475 3489 2638 3546 faciat
2682 3491 2829 3564 quod
2867 3507 3087 3548 sacrum
3132 3491 3492 3548 ministerium
3537 3493 3802 3565 postulat.

2200 3579 2270 3634 Et
2291 3579 2550 3652 quoniam
2563 3597 2678 3636 non
2708 3585 2794 3636 est
2823 3583 2968 3637 Deus
2991 3581 3366 3653 personarum
3395 3587 3672 3655 acceptor,
3703 3584 3806 3640 sed

2201 3669 2265 3724 in
2286 3670 2444 3724 omni
2461 3673 2645 3741 gente,
2681 3671 2777 3742 qui
2799 3671 2963 3726 timet
2977 3685 3106 3727 eum
3127 3675 3180 3726 et
3197 3675 3466 3744 operatur
3476 3673 3800 3744 justitiam,

2202 3762 2466 3831 acceptus
2506 3762 2591 3814 est
2632 3759 2725 3814 illi
2754 3759 2898 3829 (Act.
2935 3771 2990 3827 x,
3025 3761 3135 3831 34),
3169 3760 3225 3814 in
3251 3762 3358 3817 hac
3405 3776 3569 3818 causa
3595 3761 3804 3818 nullius

2201 3861 2497 3919 personam
2545 3846 2784 3918 accipio,
2832 3849 2972 3905 sicut
3027 3857 3246 3906 sanctus
3300 3851 3568 3921 prOpheta
3620 3850 3804 3906 virum

2197 3935 2404 4006 justum
2434 3935 2754 3992 describens
2783 3936 2914 3993 dicit
2946 3953 2958 3992 :
2999 3939 3102 4008 Qui
3120 3940 3343 3996 excutit
3363 3955 3568 3996 manus
3585 3955 3718 3996 suas
3731 3942 3804 3998 ab

2202 4027 2358 4082 omni
2385 4041 2620 4082 munere
2662 4026 2790 4098 (Isa.
2823 4041 3028 4097 xxxm,
3078 4027 3188 4097 15).
3230 4028 3421 4100 Neque
3469 4027 3614 4084 enim
3659 4028 3805 4095 dixit

2203 4121 2406 4168 tantum
2437 4130 2470 4169 a
2509 4130 2756 4181 munere,
2809 4115 2906 4170 sed
2948 4115 3156 4171 addidit
3201 4117 3268 4172 ab
3315 4119 3487 4184 omni,
3533 4115 3589 4172 id
3637 4125 3721 4174 est
3771 4135 3804 4173 a

2201 4219 2430 4259 munere
2477 4219 2692 4274 manus,
2727 4219 2760 4258 a
2788 4219 3014 4260 munere
3056 4205 3275 4278 lingua,
3309 4220 3343 4260 a
3369 4221 3598 4262 munere
3627 4206 3801 4262 obse-

2202 4292 2334 4366 quii,
2379 4293 2516 4349 sicut
2551 4294 2666 4363 jam
2713 4292 2868 4349 vobis
2917 4292 3134 4366 scripsi,
3183 4293 3229 4348 si
3259 4302 3441 4351 mente
3485 4294 3801 4353 voluissetis

2201 4382 2520 4438 recondere.

499 4475 662 4541 atque
691 4466 1094 4524 consentientes
1121 4481 1226 4538 Par
1247 4464 1581 4536 indiciorum
1625 4479 1788 4536 Ρωηθ
1816 4463 2093 4537 οοηεῑτὶη-
2124 4465 2178 4526 D
2271 4472 2402 4528 CAP.
2425 4472 2498 4526 X.
2525 4471 2775 4528 Vestram
2800 4471 3036 4544 denique
3059 4473 3276 4528 charam
3307 4473 3440 4528 mihi
3469 4473 3801 4532 dominatio-

495 4557 576 4630 git
607 4574 622 4614 :
653 4573 754 4614 nec
783 4572 980 4629 expers
1016 4555 1276 4612 facinoris
1324 4553 1642 4622 astimatur,
1689 4552 1782 4624 qui
1819 4552 1948 4609 licet
1975 4552 2093 4624 ipse

493 4661 604 4702 non
631 4645 843 4714 fecerit,
875 4644 1138 4702 facientes
1165 4652 1348 4700 tamen
1366 4644 1423 4698 in
1441 4641 1870 4698 familiaritatem
1897 4641 2097 4698 fadus-

501 4751 608 4806 que
639 4735 928 4806 receperit.

568 4833 700 4888 CAP.
734 4834 874 4888 VIII.
925 4832 1086 4902 Quod
1129 4831 1443 4905 scripsistis,
1476 4839 1535 4887 ut
1563 4847 1664 4904 per
1691 4846 1868 4888 meam
1899 4830 2096 4887 volun-

500 4930 662 4979 tatem
693 4929 746 4978 et
771 4921 1130 4978 ministerium
1160 4921 1509 4980 Belvacensis
1537 4921 1801 4978 Ecclesia
1821 4920 2100 4993 episcOpa-

499 5020 611 5069 tum
640 5011 841 5069 dilecto
871 5008 982 5066 ﬁlio
1011 5027 1134 5067 meo
1155 5019 1207 5068 et
1229 5010 1375 5067 ﬁdeli
1403 5018 1582 5067 vestro
1613 5009 1825 5068 Odacro
1857 5009 2096 5066 tribuere

496 5100 739 5170 valeatis,
772 5099 820 5155 si
847 5106 1046 5156 vestra
1093 5099 1446 5157 dominationi
1474 5100 1544 5156 de
1574 5099 1668 5155 illo
1700 5107 1782 5155 est
1812 5115 1960 5166 cura,
1992 5099 2096 5156 hoc

499 5190 808 5247 nullatenus
845 5188 1078 5256 faciatis,
1109 5204 1177 5243 ne
1208 5187 1346 5246 forte
1378 5189 1424 5246 si
1453 5188 1711 5256 feceritis,
1745 5195 1797 5244 et
1825 5187 1944 5260 ipse
1975 5187 2094 5259 cpi-

497 5279 741 5352 scopium
772 5278 926 5346 illud,
961 5284 1016 5333 et
1041 5284 1262 5350 pastore
1292 5287 1574 5336 vacantem
1609 5277 1936 5343 Ecclesium,
1968 5293 2098 5333 con-

497 5377 579 5424 tra
609 5383 793 5426 sacras
822 5365 1084 5424 Ecclesia
1113 5365 1332 5438 regulas
1369 5367 1624 5423 invadere
1661 5367 2094 5439 praesumpserit,

497 5457 668 5514 sacris
695 5457 912 5532 legibus
939 5463 990 5512 et
1018 5455 1226 5529 regulis
1257 5455 1616 5530 exigentibus,
1651 5454 1798 5528 quod
1819 5471 1927 5512 non
1946 5464 2097 5528 opto,

495 5546 776 5624 contingat
825 5554 883 5604 ut
925 5545 1173 5616 ulterius,
1221 5561 1325 5604 nec
1371 5546 1428 5603 in
1473 5545 1584 5603 vita
1637 5561 1778 5616 mea,
1825 5561 1928 5604 nec
1973 5555 2100 5619 post

2198 4577 2325 4617 nem
2357 4559 2588 4617 solerter
2615 4569 2779 4632 atque
2798 4568 2998 4617 attente
3019 4570 3143 4618 ante
3159 4561 3356 4618 mentis
3376 4561 3565 4619 oculos
3585 4572 3807 4636 oportet

2197 4650 2419 4719 habere,
2470 4650 2632 4722 quod,
2685 4650 2824 4706 sicut
2866 4651 2982 4719 jam
3027 4650 3183 4708 vobis
3231 4651 3443 4723 scripsi,
3491 4652 3584 4725 qui
3611 4662 3802 4710 contra

2199 4755 2385 4796 sacros
2414 4754 2653 4796 canones
2681 4739 3021 4807 ordinantur,
3047 4748 3098 4796 et
3127 4739 3468 4796 ordinatores
3489 4749 3542 4796 et
3561 4742 3801 4798 ordinati

2196 4828 2438 4884 haeretici
2467 4837 2612 4895 sunt,
2647 4828 2781 4884 sicut
2809 4836 3030 4885 sanctus
3074 4829 3373 4902 Gregorius
3403 4837 3456 4886 et
3484 4831 3666 4888 cateri
3696 4847 3798 4888 ca-

2196 4917 2383 4974 tholici
2410 4917 2676 4974 Ecclesia
2702 4925 2904 4974 sancta
2935 4918 3187 4975 doctores
3207 4926 3367 4990 atque
3389 4927 3638 4976 rectores
3658 4921 3801 4976 mul-

2197 5007 2358 5064 toties
2389 5007 2446 5062 in
2467 5007 2620 5062 libris
2642 5007 2756 5062 suis
2777 5008 3084 5063 ostendunt.
3109 5009 3285 5077 Quam
3304 5007 3558 5064 haresim
3575 5018 3800 5066 sanctus

2198 5097 2390 5153 Petrus
2419 5096 2653 5168 primum
2685 5097 2740 5150 in
2770 5085 3048 5154 Simonem
3075 5098 3292 5171 Magum
3322 5107 3526 5154 aterno
3555 5101 3788 5155 anathe-

2197 5194 2344 5242 mate
2374 5185 2756 5243 condemnavit
2788 5188 2932 5258 (Act.
2965 5187 3106 5257 vm).
3141 5187 3248 5243 Sed
3271 5195 3323 5242 et
3351 5188 3666 5258 hujusmodi
3685 5205 3800 5244 non

2198 5273 2569 5342 ordinationis,
2603 5276 2700 5330 sed
2732 5275 3155 5332 exordinationis
3194 5276 3540 5346 mediatores,
3587 5277 3798 5348 prata-

2197 5372 2311 5420 tum
2351 5379 2609 5438 magnum
2639 5373 2689 5421 et
2721 5372 2965 5420 sanctum
3009 5364 3449 5420 Chalcedonense
3500 5366 3798 5422 concilium

2198 5455 2350 5527 (can.
2383 5454 2458 5525 2),
2492 5454 2538 5509 si
2583 5454 2770 5510 clerici
2811 5461 2954 5519 sunt,
3001 5453 3226 5526 pr0prio
3269 5455 3442 5526 gradu
3491 5455 3716 5526 privari,
3750 5458 3798 5512 si

2201 5559 2328 5600 vero
2358 5543 2480 5600 laici
2509 5551 2597 5600 aut
2625 5542 2880 5600 monachi
2920 5542 3138 5611 fuerint,
3181 5543 3298 5601 sine
3328 5543 3440 5600 ulla
3471 5545 3796 5616 exceptione
