4026 6298
229 230 334 286 117

1727 203 2107 292 aptemus.

3431 243 3541 296 118

225 362 318 409 aut
347 362 614 426 respectu
647 354 881 424 alicujus
909 371 1182 427 personae,
1216 357 1665 413 anathematizari
1694 359 1907 430 βίω-Α
1933 369 2242 416 rumtamen
2271 359 2401 432 quia
2431 367 2484 416 et
2511 376 2578 418 ex
2604 361 2690 416 his
2721 376 2754 416 a
2782 378 2870 418 me
2925 362 3082 420 vobis
3110 364 3339 421 rescribi
3365 379 3536 439 roga-

228 442 378 514 cipit.
413 444 717 514 Propterea
748 444 935 500 hortor
963 445 1389 501 dominationem
1421 454 1664 503 vestram
1707 455 1765 502 ut
1808 463 1838 502 a

231 530 326 587 tali
355 531 691 588 mediatione
739 533 827 589 vel
871 531 1265 589 interventione
1312 550 1410 590 vos
1459 535 1715 591 caveatis.
1755 537 1838 592 Ne

226 635 359 676 vero
387 636 493 692 pro
527 621 756 692 alicujus
788 621 1394 693 temporaliplaciditate
1410 632 1674 679 aeternum
1695 624 1842 695 peri-

227 707 416 765 culum
443 709 760 779 incurratis,
792 710 889 766 sed
919 717 972 766 et
999 710 1230 767 dilectus
1261 710 1404 767 ﬁlius
1451 728 1626 780 meus,
1661 711 1839 768 ﬁdelis

227 805 430 863 vester,
463 813 568 870 pro
599 814 709 870 quo
741 799 1008 872 satagitis,
1041 815 1150 854 non
1181 799 1536 856 obliviscatur
1567 803 1712 873 quod
1723 801 1838 870 jam

225 885 280 940 in
309 886 542 957 epistola
570 887 728 942 vobis
745 887 952 943 directa
976 931 988 954 ,
1023 887 1321 958 capellanis
1351 889 1548 945 vestris
1578 906 1667 945 me
1697 890 1840 946 inter

227 973 330 1029 alia
360 975 654 1046 scripsisse
683 975 958 1042 recordor,
1020 976 1342 1032 canonicam
1399 978 1674 1033 decretam
1705 995 1837 1034 sen-

227 1063 476 1128 tentiam,
510 1080 616 1136 qua
647 1063 849 1118 dicitur
883 1081 896 1118 :
931 1063 1081 1120 Sicut
1109 1063 1156 1118 is
1187 1064 1280 1137 qui
1321 1064 1578 1122 invitatus
1636 1067 1834 1134 renuit,

225 1152 490 1224 quaesitus
521 1151 746 1225 refugit,
781 1153 954 1208 sacris
1009 1161 1092 1207 est
1121 1153 1385 1208 altaribus
1439 1154 1834 1227 admovendus,

228 1239 307 1296 sic
334 1239 431 1313 qui
462 1240 609 1296 ultro
641 1240 830 1310 ambit,
867 1241 954 1295 vel
981 1240 1072 1314 qui
1128 1241 1438 1313 importune
1497 1259 1556 1298 se
1617 1242 1836 1316 ingerit,

224 1336 306 1384 est
333 1328 532 1400 procul
561 1327 729 1383 dubio
759 1329 1129 1400 repellendus.
1173 1328 1308 1400 Quae
1337 1330 1521 1402 itaque
1554 1331 1839 1402 praemissa

227 1427 372 1484 sunt,
406 1433 518 1472 non
547 1432 690 1485 mea,
725 1433 904 1490 neque
933 1435 963 1473 a
991 1435 1080 1474 me
1109 1419 1412 1492 excogitata
1469 1427 1593 1474 sunt
1650 1421 1838 1491 verba,

226 1506 324 1562 sed
353 1522 386 1560 a
417 1507 653 1574 Christo,
713 1513 766 1562 et
817 1523 915 1578 per
973 1507 1271 1578 apostolos,
1332 1523 1397 1564 ac
1445 1510 1562 1578 ejus
1596 1517 1839 1576 sanctos,

229 1593 436 1665 Spiritu
465 1602 654 1649 sancto
680 1594 909 1667 prolata.
942 1595 1241 1666 Propterea
1269 1595 1349 1652 illi
1403 1596 1496 1668 qui
1551 1597 1743 1652 audire
1775 1613 1842 1652 ea

1941 449 2057 515 stis,
2092 466 2215 522 quas
2242 449 2316 504 ita
2345 450 2486 505 inter
2518 466 2576 504 se
2606 449 2945 520 dissentiunt,
2965 458 3024 506 ut
3051 467 3088 506 a
3112 453 3396 526 principiis
3423 468 3541 510 me-

1939 537 2048 607 dia,
2081 545 2134 594 et
2158 554 2192 594 a
2233 537 2426 593 mediis
2471 531 2657 593 ultima
2697 538 3000 608 dissonent,
3035 539 3170 596 sicut
3199 541 3268 598 de
3299 541 3536 616 quodam

1938 634 2181 683 monstro
2210 627 2460 699 antiquus
2489 635 2651 700 poeta
2670 626 2801 685 dicit
2832 645 2846 682 :

2044 769 2209 815 Prima
2233 769 2330 826 leo,
2355 769 2609 826 postrema
2633 770 2802 827 draco,
2840 769 3013 818 media
3037 769 3149 828 ipsa
3175 771 3428 824 clilmera.

1940 891 2193 966 fatigatus
2223 892 2408 947 missis
2463 901 2516 948 et
2571 893 2764 948 litteris
2821 894 3038 964 vestris,
3099 911 3198 968 pro
3227 895 3545 954 Belvacensi

1940 981 2192 1036 Ecclesia
2220 981 2526 1037 rescribere
2558 983 2710 1038 vobis
2743 983 2813 1038 ad
2841 984 3087 1056 quadam
3118 985 3255 1053 loca,
3309 985 3542 1042 Domino

1941 1070 2248 1139 adjuvante,
2282 1072 2502 1136 curabo,
2551 1073 2850 1126 secundum
2894 1073 3267 1144 proverbium,
3313 1075 3460 1146 quod
3488 1075 3546 1130 in

1941 1159 2292 1230 antiquorum
2320 1159 2472 1214 libris
2495 1160 2714 1230 juvenis
2744 1161 2993 1234 legeram
3028 1177 3042 1218 :
3075 1163 3177 1219 Bos
3209 1164 3393 1220 lassus
3420 1165 3544 1235 for-

1946 1249 2060 1303 tius
2087 1249 2212 1320 ﬁgit
2236 1249 2454 1322 pedem.

2016 1366 2066 1417 1.
2096 1363 2176 1418 De
2207 1379 2272 1418 eo
2303 1364 2448 1436 quod
2477 1362 2532 1418 in
2564 1364 2835 1436 prioribus
2865 1364 2998 1420 mihi
3045 1364 3189 1420 datis
3234 1365 3428 1422 litteris
3477 1366 3548 1422 ad

1943 1451 2123 1508 locum
2153 1451 2414 1522 scriptum
2444 1453 2677 1508 habetur
2725 1471 2740 1508 :
2779 1475 2802 1505 ι
2853 1452 3173 1510 Petitionem
3221 1452 3317 1509 filii
3364 1454 3551 1512 dilecti

1939 1541 2142 1610 justam
2182 1541 2331 1596 nullo
2378 1541 2542 1596 modo
2589 1549 2802 1612 oportet
2831 1558 3086 1612 respuere
3117 1549 3350 1614 patrem,
3389 1564 3412 1594 ››
3446 1544 3552 1600 hoc

1949 1629 2216 1702 exiguitas
2242 1645 2382 1698 mea,
2407 1630 2501 1684 sed
2525 1637 2578 1684 et
2605 1631 2872 1685 Dominus
2889 1629 3154 1701 approbat
3175 1631 3364 1687 dicens
3385 1631 3550 1688 disci-

226 1681 824 1790 ξιῖιιξιξίῖἐτυξξνηῖεῖέ
871 1683 1131 1790 οδθιιξξίιζθ
1185 1692 1554 1790 sonuerunt
1606 1685 1842 1790 ,ιίηιεεξξλι
1873 1719 1926 1778 Β
1946 1681 3545 1790 ῥὶλιῖεέιξίθεζέέἐμὶέᾶῥέιῐεᾷςὲῐέξὲὶιῑὶἕρὶιῖνὶὶιᾎῆιὶῖιῐςἦέ,

225 1771 524 1828 Dominum
580 1772 871 1837 dicentem,
935 1787 1054 1844 quae
1082 1788 1256 1843 nuper
1283 1772 1468 1845 quinto
1499 1773 1714 1830 decimo
1745 1775 1834 1829 die

224 1867 383 1916 ancte
412 1868 663 1916 sanctum
695 1861 906 1916 Pascha
926 1860 1036 1934 legi
1057 1877 1247 1916 omnes
1278 1861 1331 1916 in
1364 1861 1598 1918 ecclesia
1626 1861 1839 1918 audivi-

226 1965 349 2003 mus
378 1965 392 2003 :
425 1948 533 2016 Qui
549 1953 636 2006 est
653 1965 729 2004 ea:
753 1951 863 2005 Deo
876 1951 1039 2005 verba
1067 1951 1170 2006 Dei
1195 1950 1354 2006 audit
1388 1969 1406 2006 :
1425 1955 1723 2024 prapterea
1745 1967 1836 2007 vos

225 2054 339 2093 non
371 2036 610 2104 auditis,
643 2037 776 2110 quia
805 2053 879 2093 ex
901 2039 1007 2094 Deo
1037 2055 1152 2094 non
1181 2040 1319 2094 estis
1347 2039 1528 2111 (Joan.
1564 2055 1686 2106 vm,
1720 2042 1831 2108 47).

227 2126 386 2182 Unde
415 2133 640 2181 sanctus
671 2125 974 2199 Gregorius
1019 2127 1192 2198 (hom.
1229 2129 1315 2194 18,
1374 2129 1437 2183 in
1494 2129 1683 2201 Evang
1717 2145 1730 2182 :
1775 2129 1834 2183 Si

226 2214 372 2270 enim
397 2215 520 2286 ipse
549 2213 720 2270 verba
748 2214 850 2270 Dei
879 2214 1030 2270 audit
1058 2215 1151 2287 qui
1181 2232 1246 2272 ex
1275 2216 1390 2272 Deo
1430 2223 1530 2286 est,
1563 2224 1617 2271 et
1643 2215 1834 2272 audire

225 2303 400 2359 verba
454 2303 573 2372 ejus
631 2318 744 2358 non
771 2311 950 2374 potest
977 2303 1226 2376 quisquis
1257 2321 1322 2360 ex
1349 2304 1442 2360 illo
1472 2320 1580 2360 non
1608 2313 1711 2369 est,
1744 2305 1834 2360 in-

223 2399 470 2465 terroget
502 2408 562 2448 se
592 2391 968 2464 unusquisque
999 2393 1046 2447 si
1075 2393 1246 2449 verba
1278 2393 1379 2449 Dei
1405 2393 1462 2448 in
1491 2409 1622 2449 aure
1651 2394 1834 2450 cordis

224 2481 478 2553 percipit,
515 2488 569 2536 et
604 2481 872 2555 intelliget
899 2481 1041 2538 unde
1081 2481 1168 2536 sit.
1231 2481 1298 2537 Et
1355 2491 1575 2538 sanctus
1633 2484 1834 2538 Paulus

227 2569 530 2640 apostolus,
556 2584 659 2640 per
677 2585 840 2642 quem
860 2569 978 2642 ipse
997 2571 1208 2626 locutus
1229 2579 1313 2626 est
1333 2570 1579 2627 Christus
1614 2589 1627 2626 :
1654 2572 1833 2629 Nolite

226 2661 654 2716 communicare
665 2659 921 2732 operibus
933 2660 1127 2731 iri/rue
1135 2661 1308 2716 tunsis
1321 2661 1701 2717 tenebrarum:
1718 2679 1836 2717 ma-

223 2749 308 2821 gis
336 2751 536 2804 autem
565 2751 622 2803 et
651 2747 976 2819 redarguite
997 2747 1221 2821 (Ephes.
1247 2765 1292 2819 v,
1313 2749 1422 2822 11).
1447 2750 1511 2805 Et
1537 2749 1663 2804 item
1687 2749 1832 2806 idem

227 2834 546 2909 ApostOlus.
610 2837 673 2892 Si
726 2837 849 2910 quis
895 2854 1012 2895 non
1047 2837 1278 2894 obaudit
1325 2838 1484 2895 verbo
1514 2842 1706 2895 nostro
1730 2855 1834 2912 per

225 2927 548 2999 epistolam,
583 2925 734 2981 hunc
754 2929 965 2992 notate,
992 2929 1049 2982 et
1068 2942 1182 2982 non
1203 2929 1685 2984 commisceamini
1702 2944 1833 2984 cum

152 3007 160 3012 ’
223 3015 344 3082 illo,
367 3017 435 3070 ut
465 3013 858 3086 confundatur
885 3013 982 3085 (11
1005 3015 1194 3071 Thess.
1225 3030 1306 3081 ιιι,
1342 3015 1454 3088 14.)
1476 3015 1629 3072 Unde
1657 3016 1831 3072 sacri-

227 3118 468 3158 canones
499 3101 983 3159 excommunicatis
1023 3103 1490 3160 communicantes
1520 3121 1840 3160 excommu-

224 3192 433 3248 nicatos
465 3207 592 3247 esse
621 3191 1005 3248 decreverunt.
1039 3192 1167 3250 Haec
1196 3193 1264 3248 de
1295 3193 1428 3250 calo
1487 3193 1752 3260 Christus,
1787 3201 1841 3250 et

225 3279 400 3337 sancti
432 3280 552 3350 ejus
581 3279 837 3352 apostoli,
869 3288 1033 3353 atque
1069 3282 1242 3338 sancti
1278 3281 1448 3354 ipsius
1479 3297 1604 3338 cum
1635 3298 1700 3338 eo
1725 3282 1840 3351 jam

225 3369 281 3425 in
309 3368 453 3425 ccelo
494 3376 786 3442 regnantes
813 3367 1057 3425 intonant
1089 3385 1102 3426 :
1137 3377 1190 3426 et
1209 3385 1330 3440 nos,
1363 3370 1490 3426 licet
1518 3378 1840 3442 peccatores

225 3456 281 3512 in
311 3465 459 3514 terra
491 3457 756 3530 episcOpi,
791 3465 844 3512 et
871 3457 1070 3514 Christi
1125 3457 1337 3525 vicarii,
1371 3466 1531 3531 atque
1561 3459 1837 3531 apostolo-

223 3563 339 3601 rum
371 3561 726 3602 successores
751 3545 806 3602 in
838 3555 1005 3617 terra,
1039 3548 1154 3618 ejus
1193 3547 1397 3603 virtute
1445 3555 1498 3604 et
1537 3547 1837 3605 ministerio

224 3635 408 3691 divino
438 3635 842 3708 prosequimur,
874 3634 1071 3692 imitari
1121 3635 1498 3694 desiderantes
1563 3638 1709 3710 quod
1767 3637 1836 3694 de

223 3732 410 3781 sancto
439 3723 561 3780 viro
591 3731 895 3791 cantamus,
930 3725 1056 3797 quia
1081 3741 1184 3797 pro
1212 3725 1337 3799 lege
1369 3725 1469 3782 Dei
1499 3725 1582 3782 sui
1611 3726 1836 3784 certavit

223 3830 398 3887 usque
428 3813 500 3868 ad
527 3821 761 3870 mortem
793 3831 807 3868 :
832 3812 1090 3870 fundatus
1121 3814 1264 3870 enim
1286 3823 1400 3872 erat
1429 3832 1591 3886 supra
1621 3814 1835 3872 ﬁrmam

221 3905 650 3976 petram.Petra,
672 3901 846 3974 inquit
867 3903 1314 3975 Apostolus,erat
1331 3904 1586 3962 Christus
1603 3905 1669 3978 (1
1694 3907 1817 3963 Cor.

225 4004 276 4057 ι,
313 3990 392 4060 4).
427 3986 766 4043 Conveniant
796 4003 932 4060 ergo
978 3986 1035 4042 in
1071 4003 1207 4060 pace
1247 3987 1468 4056 Christi,
1497 3989 1636 4045 sicut
1667 3997 1834 4046 statu-

220 4085 332 4132 tum
363 4075 668 4133 secundum
699 4089 888 4133 sacros
917 4091 1158 4133 canones
1189 4076 1303 4145 fuit,
1363 4078 1419 4133 in
1478 4079 1689 4150 synodo
1719 4078 1834 4150 epi-

222 4165 375 4238 scopi
406 4173 465 4220 et
491 4163 670 4221 clerus
700 4179 764 4220 ac
793 4165 952 4236 plebs
1009 4165 1360 4222 Belvacensis
1414 4167 1680 4223 Ecclesiae
1709 4182 1833 4222 cum

222 4254 396 4311 libero
426 4268 702 4311 consensu
747 4259 952 4320 vestro,
1014 4253 1148 4310 sicut
1205 4254 1418 4326 regium
1471 4255 1832 4312 ministerium

223 4344 396 4413 decet,
427 4350 484 4400 et
505 4343 660 4412 juxta
688 4341 924 4415 legalem
957 4357 1024 4399 ac
1051 4343 1362 4416 regularem
1381 4343 1610 4401 formam
1641 4344 1830 4401 electio

223 4437 556 4505 exsequatur
583 4438 639 4488 et
665 4430 935 4488 ordinatio
970 4440 1360 4504 prosequatur.

775 4563 1116 4620 EPISTOLA
1151 4565 1280 4620 XX.

466 4677 542 4718 ΔΙ)
582 4675 816 4718 ΕΠΠΒΕΠ
852 4677 1172 4718 ιυυονιασιί
1206 4677 1268 4718 III
1305 4677 1514 4720 REGEH.

375 4763 454 4818 De
488 4759 704 4816 Odacro
732 4761 990 4816 invasorc
1017 4759 1282 4816 Ecclesia
1312 4761 1682 4817 Belvacensis.

698 4871 856 4929 (Apud
870 4871 1138 4918 eumdemJ

295 4971 530 5029 Domino
553 4969 840 5028 Lunovrco
861 4971 978 5043 regi
993 4968 1236 5044 glorioso
1257 4971 1584 5028 Hmcunus
1615 4971 1828 5045 episco-

229 5077 328 5134 pus
356 5077 422 5118 ac
451 5059 635 5134 plebis
664 5059 765 5116 Dei
819 5059 1074 5116 famulus.

290 5151 372 5208 Ex
399 5148 600 5207 litteris
630 5148 812 5223 sigillo
839 5155 1024 5206 vestro
1041 5148 1230 5206 subter
1250 5149 1498 5225 signatis,
1531 5167 1666 5224 quas
1695 5150 1826 5206 mihi

227 5239 488 5296 Warinus
517 5236 752 5295 clericus
780 5237 965 5294 Idibus
991 5238 1280 5310 praesentis
1333 5239 1476 5295 Junii
1523 5239 1728 5296 mensis
1759 5256 1824 5296 ex

225 5336 408 5386 veatra
435 5335 594 5400 parte
637 5325 879 5399 donavit,
925 5342 1034 5384 non
1085 5327 1246 5384 statui
1291 5332 1359 5383 ad
1408 5328 1624 5403 singula
1670 5330 1825 5386 vobis

224 5418 552 5483 rescribere,
585 5415 842 5488 quoniam
884 5417 954 5474 de
1001 5417 1438 5490 praecedentibus
1457 5419 1729 5475 mandatis
1772 5427 1826 5474 et

224 5506 419 5566 litteris
447 5503 647 5564 vestris
667 5505 784 5576 jam
814 5504 1146 5564 sufﬁcienter
1173 5505 1330 5564 vobis
1381 5507 1658 5580 rescripsi.
1713 5509 1824 5565 Ve-

1946 1805 2099 1862 dabit
2127 1807 2274 1862 vobis
2303 1807 2492 1878 (Joan.
2524 1821 2648 1873 xvx,
2671 1808 2784 1876 23),
2817 1806 3030 1862 Nomen
3061 1807 3205 1862 enim
3235 1807 3453 1864 Domini
3468 1807 3554 1864 Je-

1945 1911 2059 1962 sus,
2093 1893 2149 1949 id
2177 1902 2258 1949 est
2286 1896 2536 1950 salvator
2564 1894 2971 1965 interpretatur,
2996 1903 3049 1950 et
3074 1895 3171 1950 illa
3190 1895 3376 1966 petitio
3393 1896 3538 1965 justa

1942 1990 2042 2048 est,
2077 1999 2196 2054 quas
2228 1982 2298 2038 ad
2329 1999 2514 2038 veram
2561 1982 2788 2038 salutem
2826 1983 3080 2054 pertinet.
3113 1981 3292 2052 Quam
3322 1984 3543 2056 petitio-

1941 2085 2068 2125 nem
2097 2071 2357 2142 quoniam
2401 2071 2665 2126 Dominus
2720 2087 2832 2125 non
2883 2071 3114 2143 respuit,
3162 2087 3267 2128 nec
3321 2072 3547 2144 quilibet

1949 2159 2290 2214 Christianus
2311 2159 2474 2215 debet
2503 2175 2792 2231 respuere.
2834 2159 2892 2215 Si
2921 2167 3099 2216 autem
3141 2168 3331 2216 contra
3359 2175 3550 2217 veram

1947 2248 2180 2304 salutem
2211 2249 2436 2320 quilibet
2464 2247 2740 2319 petierint,
2775 2248 2998 2304 audient
3032 2264 3063 2303 a
3088 2249 3296 2305 Jacobo
3325 2257 3550 2321 aposto-

1938 2335 1993 2392 lo
2027 2354 2040 2390 :
2074 2338 2280 2393 Petitis
2309 2341 2365 2392 et
2413 2353 2528 2393 non
2572 2338 2853 2409 accipitis,
2885 2337 3110 2410 ecquod
3150 2338 3302 2393 male
3337 2339 3550 2410 petatis

1936 2425 2088 2496 (Jac.
2127 2439 2204 2492 tv,
2241 2426 2321 2496 3).

2007 2541 2075 2596 ll.
2108 2541 2188 2596 De
2211 2556 2276 2594 eo
2298 2540 2442 2612 quod
2470 2539 2673 2594 ibidem
2703 2539 3051 2612 subsequitur
3081 2555 3094 2596 :
3120 2558 3141 2592 ι
3167 2539 3384 2596 Nostrae
3405 2539 3539 2612 peti-

1935 2629 2068 2685 tioni
2095 2644 2160 2685 ac
2187 2627 2447 2684 voluntati
2477 2627 2772 2685 clementer
2810 2626 3055 2697 faveatis,
3106 2637 3160 2684 et
3206 2627 3538 2684 desiderium

1935 2726 2184 2774 nostrum
2214 2717 2284 2772 ad
2311 2732 2551 2788 praesens
2580 2715 2940 2788 adimplenda,
2976 2737 2999 2768 ι
3033 2717 3282 2774 rescribo
3312 2725 3372 2771 ut
3401 2715 3548 2773 veli-

1933 2807 2001 2862 tis
2031 2815 2084 2863 et
2111 2805 2436 2862 desideretis
2465 2806 2609 2878 quod
2639 2805 2904 2861 Dominus
2932 2805 3066 2874 vult,
3116 2805 3205 2862 cui
3251 2804 3540 2862 Psalmista

1932 2896 2063 2952 dicit
2085 2913 2099 2950 :
2118 2896 2510 2964 Domine,ante
2533 2899 2587 2950 te
2605 2910 2769 2951 omne
2789 2894 3132 2951 desiderium
3149 2910 3342 2951 meum
3363 2895 3544 2964 (Psal.

1934 2998 2165 3054 xxxvn,
2215 2986 2340 3054 10);
2392 2998 2618 3039 securus
2668 2983 2930 3039 voluntati
2974 2990 3174 3038 vestrae
3230 2981 3444 3048 favebo,
3489 2989 3544 3038 et

1872 3073 1921 3138 C
1941 3079 2201 3145 quantum
2230 3078 2420 3142 potero
2447 3079 2690 3128 vestrum
2723 3069 3056 3126 desiderium
3101 3070 3403 3142 adimplere
3442 3086 3543 3126 cu-

1939 3162 2098 3216 rabo.
2134 3161 2243 3216 Vos
2272 3167 2455 3214 autem
2499 3159 2758 3214 attendite
2803 3159 2948 3230 quod
3000 3158 3149 3214 omni
3195 3158 3402 3214 homini
3447 3158 3542 3230 qui

1941 3249 2174 3304 Domino
2205 3248 2426 3320 placere
2451 3246 2583 3316 vult,
2617 3247 2749 3304 dicit
2793 3246 3068 3319 Scriptura
3100 3264 3116 3302 :
3151 3249 3284 3306 Post
3329 3262 3540 3304 concu-

1937 3339 2252 3412 piscentias
2284 3341 2434 3404 tuas,
2459 3335 2668 3394 scilicet
2685 3335 3098 3408 improbabiles,
3131 3352 3250 3394 non
3277 3351 3394 3404 eas,
3427 3340 3539 3392 eta

1940 3431 2043 3484 tua
2061 3428 2357 3483 voluntate
2373 3425 2579 3484 carnali
2600 3424 2874 3494 videlicet,
2891 3429 3145 3482 avertere
3161 3425 3358 3496 (Eccli.
3374 3439 3536 3495 xvm,

1937 3516 2030 3588 30)
2063 3533 2078 3583 ;
2113 3524 2164 3571 et
2197 3533 2212 3570 :
2245 3516 2392 3572 Sunt
2420 3516 2524 3571 vita
2551 3531 2674 3588 qua:
2699 3515 2966 3570 videntur
2994 3513 3312 3570 hominibus
3345 3517 3533 3579 recte,

1935 3620 2178 3678 quarum
2206 3604 2339 3673 ﬁnis
2371 3619 2544 3676 usque
2572 3603 2645 3658 ad
2696 3603 3045 3676 profundum
3073 3603 3295 3674 inferni
3323 3601 3542 3659 demer-

1933 3694 2016 3764 git
2046 3693 2228 3764 (Prov.
2261 3707 2383 3759 xvi,
2413 3693 2536 3762 25).

2006 3807 2097 3862 ΙΙΙ.
2131 3808 2212 3863 De
2243 3822 2308 3862 eo
2340 3806 2488 3880 quod
2509 3805 2712 3862 ibidem
2740 3805 3088 3880 subsequitur
3115 3823 3181 3863 ex
3211 3805 3448 3874 Odacro,
3479 3805 3536 3862 in

1933 3895 2364 3968 pmcedentibus
2394 3896 2588 3952 litteris
2619 3895 2751 3952 satis
2781 3895 2937 3952 vobis
2967 3895 3247 3969 respondi.

2003 4004 2093 4059 IV.
2143 4004 2224 4058 De
2255 4019 2322 4059 eo
2353 4003 2500 4076 quod
2557 4019 2686 4059 mox
2733 4001 3105 4076 subsequitur,
3145 4023 3168 4053 α
3213 3999 3350 4072 Quia
3377 4017 3533 4058 meus

1931 4091 2131 4148 missus
2187 4091 2502 4147 Altramnus
2557 4091 2858 4147 monachus
2909 4090 3065 4147 vobis
3097 4090 3280 4148 retulit
3319 4106 3384 4148 ex
3412 4106 3533 4147 mea

1929 4189 2104 4252 parte,
2135 4180 2268 4235 nihil
2299 4180 2448 4235 aliud
2477 4195 2564 4234 me
2595 4179 2735 4235 velle
2765 4195 2831 4234 ex
2860 4179 2966 4235 hoc
3003 4195 3188 4252 agere,
3237 4179 3344 4234 nisi
3391 4179 3527 4235 illud

1930 4269 2076 4340 quod
2105 4283 2202 4324 vos
2233 4275 2283 4322 et
2312 4269 2472 4340 [Iugo
2499 4267 2669 4322 abbas
2726 4274 2780 4322 et
2807 4265 3178 4322 Theodericus
3211 4281 3396 4322 comes
3425 4281 3532 4322 caa-

1930 4357 2142 4429 terique
2171 4355 2340 4412 vestri
2368 4354 2560 4412 ﬁdeles
2583 4355 2968 4422 decernerent,
3006 4375 3029 4405 at
3067 4353 3180 4412 scio
3209 4354 3352 4410 istud
3378 4369 3531 4409 man-

1859 4435 1912 4504 D
1934 4445 2118 4500 datum
2146 4460 2212 4501 ex
2241 4461 2330 4501 me
2359 4459 2470 4500 non
2496 4443 2853 4518 processisse,
2884 4457 2988 4500 nec
3032 4443 3150 4515 ipse
3193 4441 3358 4499 frater
3399 4441 3532 4498 mihi

1932 4533 2062 4590 talia
2109 4549 2170 4590 se
2216 4533 2418 4590 dixisse
2465 4533 2746 4606 professus
2775 4541 2876 4590 est.
2910 4532 3142 4590 Remitto
3171 4539 3351 4588 autem
3379 4530 3532 4587 illum

1931 4623 2000 4680 ad
2031 4639 2147 4692 vos,
2181 4629 2239 4679 ut
2267 4639 2454 4680 coram
2483 4621 2736 4679 ﬁdelibus
2765 4621 2982 4692 vestris,
3015 4629 3107 4675 aut
3133 4617 3448 4693 prefiteatur
3468 4635 3529 4676 se

1927 4712 1998 4768 ita
2029 4711 2254 4780 dixisse,
2285 4719 2376 4768 aut
2407 4712 2672 4770 veraciter
2699 4711 2933 4782 deneget
2975 4708 3100 4763 talia
3128 4706 3282 4763 vobis
3313 4724 3380 4765 ex
3408 4725 3530 4767 mea

1929 4809 2084 4872 parte
2113 4818 2222 4856 non
2279 4801 2667 4857 ambasciasse.
2724 4799 2878 4856 Unde
2909 4804 3039 4869 puto
3067 4803 3125 4852 ut
3164 4796 3304 4854 sicut
3331 4797 3389 4854 in
3418 4813 3524 4856 no-

1926 4889 2071 4945 mine
2101 4889 2448 4962 interprisum
2477 4898 2577 4956 est,
2608 4889 2681 4943 ita
2707 4887 2776 4942 sit
2822 4893 2874 4942 et
2914 4885 2970 4940 in
2996 4885 3347 4944 ambasbiato.
3381 4889 3523 4944 Nam

1926 4972 2026 5028 iste
2081 4973 2252 5030 frater
2307 4982 2491 5030 noster
2519 4988 2551 5028 a
2573 4971 2728 5028 vobis
2754 4969 2822 5025 ad
2845 4984 2936 5025 me
2965 4969 3186 5027 rediens
3215 4971 3523 5028 ambascia-

1925 5062 2001 5118 vit
2027 5063 2160 5118 mihi
2191 5079 2257 5120 ex
2303 5071 2482 5119 vestra
2519 5067 2690 5132 parte,
2723 5067 2779 5115 ut
2817 5053 3017 5132 pedem
3065 5076 3248 5118 meum
3287 5061 3525 5117 basiaret

1926 5160 1979 5208 et
2006 5159 2216 5224 peteret
2241 5159 2300 5208 ut
2323 5152 2391 5206 ad
2419 5165 2556 5221 opus
2585 5147 2787 5205 Odacri
2817 5149 3147 5206 lionorarem
3188 5165 3287 5206 vos
3315 5149 3385 5206 de
3407 5149 3523 5222 epi-

1925 5241 2111 5314 scopio
2139 5239 2484 5298 Belvacensis
2514 5237 2796 5296 Ecclesiae.
2829 5239 2924 5296 Cui
2956 5237 3232 5312 respondi,
3266 5239 3522 5311 quoniam

1925 5331 2062 5388 sicut
2107 5329 2300 5385 melius
2344 5335 2398 5383 et
2442 5328 2816 5384 honorabilius
2863 5335 3028 5400 atque
3059 5327 3333 5384 salubrius
3363 5327 3518 5395 scivi,

1923 5437 2020 5476 vos
2058 5419 2182 5474 inde
2212 5419 2482 5474 honorare
2512 5419 2720 5488 curavi,
2754 5421 2980 5476 hortans
3009 5425 3066 5473 ut
3097 5416 3234 5474 sicut
3286 5416 3524 5490 professi

1923 5507 2054 5566 estis
2085 5507 2140 5563 in
2169 5507 2257 5563 die
2286 5508 2714 5566 consecrationis
2747 5515 2942 5565 vestra:
2968 5507 3024 5563 in
3071 5505 3334 5581 regimine
3366 5507 3521 5579 regni
