4026 6298
491 239 604 314 m'

1469 247 1814 308 HINCMARI
1847 239 2250 304 RHEMENSIS
2287 245 2840 308 ARCHIEPISCOPI.

3697 253 3811 311 120

491 398 647 440 more
692 381 1161 455 praedecessorum
1223 383 1530 436 vestrorum
1573 378 1854 435 honoretis
1891 377 2087 443 Deum,
2105 369 2162 432 A
2189 382 2374 432 contra
2403 376 2616 434 illorum
2645 375 3138 449 consuetudinem),
3188 377 3322 434 nihil
3351 377 3587 450 amplius
3634 378 3813 436 facie-

493 470 886 530 consentiendo
917 471 985 538 ei,
1018 468 1393 526 conservando
1413 476 1614 525 sanctae
1640 467 1903 524 Ecclesize
1931 480 1996 522 ac
2017 465 2098 536 ip-

494 560 608 616 sius
637 559 946 616 rectoribus
976 559 1129 631 leges
1159 559 1275 628 ejus
1322 558 1415 630 qui
1443 557 1577 613 dixit
1609 575 1623 612 :
1655 556 2098 626 Honoriﬁeantes

492 665 583 706 me
640 649 1012 719 honoriﬁcabo
1066 648 1118 718 (Ι
1171 651 1296 720 Req.
1355 663 1416 714 Il,
1477 647 1590 718 30),
1646 645 1795 701 velut
1821 646 1876 700 in
1904 643 2096 699 litteris

494 737 761 810 scriptum
791 738 1026 793 habetur
1056 752 1190 809 quas
1223 752 1324 808 per
1356 752 1480 792 eum
1510 735 1666 791 vobis
1711 733 1902 790 direxi.
1952 732 2098 788 Dixit

494 827 660 884 etiam
687 825 820 882 mihi
870 826 999 899 quid
1055 827 1124 882 de
1179 825 1456 882 voluntate
1515 823 1760 898 Ilugonis
1790 822 2000 877 abbatis
2030 838 2098 878 ex

492 917 601 973 hoc
655 915 918 982 dixeritis,
979 923 1032 970 et
1087 931 1252 988 quam
1303 914 1582 970 moderate
1619 913 1689 970 ad
1717 911 2098 985 interrogatio-

493 1021 620 1062 nem
649 1005 844 1062 exinde
897 1012 1137 1062 vestram
1189 1003 1562 1060 Theodericus
1619 1003 1815 1058 Comes
1866 1017 2096 1072 respon-

496 1094 656 1153 derit.

564 1211 631 1266 V.
689 1211 752 1267 In
810 1225 876 1267 eo
930 1210 1077 1283 quod
1114 1210 1170 1266 in
1223 1209 1543 1282 primordiis
1589 1209 1902 1275 litterarum,
1960 1219 2099 1280 quas

491 1306 619 1374 post
645 1299 961 1372 praemissas
1009 1299 1303 1371 praedictus
1335 1299 1564 1356 clericus
1611 1299 1744 1354 mihi
1773 1297 1938 1364 dedit,
1965 1297 2097 1353 scri-

493 1397 646 1463 ptum
670 1389 900 1444 habetur
935 1404 948 1443 :
979 1410 1000 1438 «
1036 1387 1093 1443 Si
1121 1389 1277 1444 vobis
1303 1389 1360 1443 in
1381 1387 1722 1444 ordinatione
1759 1385 1961 1442 Odacri
1987 1401 2098 1441 non

382 1511 393 1519 ς
493 1492 847 1544 consensere,
877 1493 976 1549 pro
1006 1483 1155 1532 certo
1185 1477 1367 1532 scietis
1395 1492 1504 1533 non
1534 1493 1622 1533 me
1668 1476 1808 1532 velle
1857 1483 2097 1530 vestrum

491 1567 730 1640 benigne
787 1573 1023 1622 tractare
1074 1565 1356 1635 honorem,
1415 1581 1517 1623 nec
1555 1565 1722 1621 decus
1779 1564 2016 1620 debitum
2046 1571 2098 1620 et

489 1655 776 1729 privilegia
804 1655 1275 1728 praedecessorum
1329 1663 1634 1712 vestrorum
1681 1655 1838 1711 vobis
1869 1669 2098 1710 consen-

2196 465 2264 520 tis
2293 475 2491 537 praeter
2511 469 2656 541 quod
2672 467 2876 523 factum
2907 467 3137 536 habetis,
3163 467 3338 524 donec
3359 467 3512 524 fratri
3541 476 3727 524 vestro
3751 477 3815 524 et

2195 557 2615 628 consanguineis
2644 557 2840 612 vestris
2862 557 3086 629 regibus
3105 557 3236 612 illud
3247 557 3596 625 mandetis,et
3615 574 3814 613 eorum

2187 644 2525 714 jussionibus
2581 646 2666 702 vel
2721 646 2953 718 imperio
2993 661 3058 702 ac
3098 653 3300 716 vestro,
3357 662 3547 702 omnes
3605 661 3821 704 convo-

2195 743 2386 790 centur
2415 734 2812 807 archiepiscopi
2841 743 2894 791 et
2931 735 3174 808 episcopi
3217 752 3284 792 ex
3314 751 3504 792 eorum
3533 736 3722 808 regnis
3755 746 3816 793 et

2194 831 2396 893 vestro,
2431 832 2485 879 et
2513 824 2591 880 sic
2621 841 2688 880 ex
2725 825 2828 880 hoc
2878 825 3252 881 auctoritativa
3297 825 3585 881 difﬁniatur
3662 826 3814 882 ratio

2194 913 2362 968 vestri
2392 913 2616 968 honoris
2645 913 2909 988 dignitate
2927 915 3108 985 plena,
3147 935 3170 964 ν
3219 929 3316 970 vos
3361 915 3539 970 videte
3583 931 3652 970 ne
3701 931 3814 986 pro

2199 1001 2300 1058 hoc
2345 1001 2530 1058 illicito
2573 1001 2714 1059 facto
2777 1003 3072 1059 canonicas
3126 1003 3437 1059 sustineatis
3485 1004 3813 1072 sententias,

2195 1090 2282 1146 vel
2311 1091 2366 1147 in
2395 1092 2499 1163 hoc
2529 1093 2750 1161 saculo,
2787 1093 2874 1148 vel
2903 1093 2960 1146 in
2997 1092 3201 1149 futuro.
3250 1093 3389 1148 Nam
3433 1108 3535 1149 nos
3579 1109 3650 1149 ex
3696 1094 3812 1150 hoc

2196 1181 2343 1253 quod
2373 1181 2590 1254 egimus
2618 1197 2726 1238 non
2757 1183 3012 1238 timemus
3067 1197 3255 1238 coram
3293 1182 3727 1254 archiepiscopis
3758 1189 3819 1238 et

2195 1269 2468 1341 episcopis
2497 1271 2728 1326 reddere
2758 1271 3042 1339 rationem,
3107 1271 3235 1343 quia
3261 1287 3362 1327 nos
3401 1287 3513 1327 non
3539 1272 3816 1328 habemus

2195 1360 2332 1417 alias
2364 1360 2714 1432 evangelicas
2740 1361 2827 1417 vel
2857 1361 3190 1432 apostolicas
3219 1361 3452 1432 litteras,
3483 1362 3580 1417 sed
3630 1377 3820 1434 neque

2196 1448 2334 1505 alios
2365 1465 2606 1506 canones
2633 1450 2722 1506 vel
2751 1450 2971 1506 decreta
3000 1451 3145 1506 sedis
3175 1450 3436 1506 Romanae
3463 1451 3815 1522 pontiﬁcum,

2196 1553 2298 1594 nec
2331 1539 2491 1594 etiam
2521 1539 2658 1594 alias
2688 1554 2874 1596 sacras
2901 1539 3076 1612 leges,
3101 1539 3298 1611 quibus
3318 1555 3428 1595 una
3455 1556 3577 1594 cum
3610 1540 3820 1596 sanctis

2195 1627 2497 1684 canonibus
2527 1628 2794 1685 catholica
2824 1629 3144 1684 moderatur
3185 1628 3450 1697 Ecclesia,
3501 1644 3663 1700 quam
3711 1629 3814 1684 illi.

490 1716 592 1801 iire
622 1716 784 1815 velle,
804 1716 916 1800 .sed
944 1743 1001 1799 in
1030 1744 1284 1800 omnibus
1329 1752 1528 1800 vestra;
1573 1743 1732 1799 reniti
1761 1742 2040 1812 voluntati,
2077 1762 2100 1792 ι
2131 1735 2185 1794 Β
2205 1717 2346 1815 Ῑξῖδω
2371 1733 2501 1815 ωιῖξ
2528 1716 2634 1815 ίῙῙίξ
2655 1717 2790 1815 Ῐεξῖην
2822 1727 2874 1815 (ξε
2905 1717 3070 1772 etiam
3099 1717 3559 1815 in_d°mini§apa’
3579 1718 3816 1815 ῗΥΠράοι

492 1833 731 1905 scriptor
785 1841 968 1891 vester
1025 1841 1078 1888 et
1142 1848 1307 1889 sensu
1363 1841 1416 1890 et
1478 1833 1782 1889 litteratura
1838 1832 2097 1888 mentitus

492 1929 594 1982 est.

565 2041 684 2098 VII.
717 2040 799 2098 De
827 2040 1038 2097 honore
1075 2039 1548 2112 praedecessorum
1591 2045 1898 2096 vestrorum
1925 2037 2098 2108 impe-

500 2137 747 2186 ratorum
774 2137 828 2186 et
856 2145 1073 2204 regum,
1107 2137 1160 2185 et
1190 2129 1424 2201 qualiter
1452 2127 1740 2200 privilegia
1769 2134 1974 2183 sanctae
2001 2127 2102 2181 Ec-

494 2208 676 2276 clesiae
733 2234 796 2276 ac
823 2226 1098 2275 rectorum
1125 2226 1178 2274 et
1230 2217 1604 2274 ministrorum
1631 2216 1804 2288 ipsius
1833 2217 2098 2272 decreve-

493 2316 619 2364 runt
645 2315 700 2366 et
757 2314 1238 2375 conservaverunt,
1298 2307 1356 2361 in
1384 2305 1507 2362 aliis
1533 2305 1729 2362 litteris
1767 2303 2100 2361 sufficienter

495 2396 652 2453 vobis
680 2396 924 2453 scribere
954 2395 1137 2452 studui
1168 2413 1183 2452 :
1215 2411 1338 2469 quae
1365 2394 1413 2450 si
1440 2394 1597 2452 vobis
1626 2410 1734 2452 non
1772 2392 2097 2466 profuerint,

494 2501 600 2545 nec
625 2485 782 2559 plura
809 2485 1132 2560 proderunt.

595 2601 716 2659 Vll.
743 2603 826 2659 De
867 2617 934 2660 eo
964 2601 1112 2675 quod
1152 2600 1355 2658 ibidem
1402 2599 1766 2675 subsequitur,
1805 2622 1827 2652 α
1863 2598 2103 2670 Qualiter

501 2699 693 2750 contra
720 2691 956 2750 similem
983 2697 1227 2748 vestrum
1255 2693 1519 2747 honorem
1555 2697 1797 2747 vestrum
1826 2689 2105 2746 evindica-

493 2781 626 2838 retis
652 2795 754 2852 pro
780 2779 1005 2851 viribus,
1037 2788 1237 2852 quanto
1267 2779 1445 2851 magis
1474 2786 1685 2850 oportet
1705 2795 1831 2835 eum
1862 2787 2104 2834 contem-

495 2885 648 2941 nere,
681 2885 772 2927 me
799 2868 1071 2936 videlicet,
1105 2869 1198 2942 qui
1215 2876 1412 2926 vestrae
1441 2867 1630 2924 ditioni
1659 2867 1982 2924 commissus
2011 2882 2104 2922 ve-

501 2967 676 3018 strum
735 2958 975 3029 abjicere
1031 2966 1224 3032 satago
1277 2972 1348 3014 ne
1370 2957 1584 3029 pollens
1609 2955 1899 3029 praevaleat
1934 2955 2106 3011 hono-

496 3065 635 3116 rem,
700 3069 723 3100 ι
783 3047 876 3122 qui
925 3046 1085 3104 vobis
1137 3047 1245 3104 hoc
1301 3045 1541 3104 scribere
1564 3046 1696 3102 mihi
1724 3044 2105 3118 qualicumque

499 3137 752 3196 ministro
783 3136 984 3194 Christi
1031 3135 1316 3208 persuasit,
1349 3152 1462 3192 non
1489 3136 1632 3192 bene
1661 3135 1975 3202 Dominum,
2006 3150 2112 3190 ne—

499 3243 607 3301 que
636 3225 945 3298 Scripturas
973 3227 1092 3296 ejus
1121 3225 1396 3300 cognovit.
1427 3225 1576 3282 Sicut
1605 3225 1751 3282 enim
1787 3225 1904 3296 jam
1948 3223 2104 3280 vobis

2207 1805 2277 1862 de
2334 1806 2534 1862 sanctis
2595 1807 2890 1878 Scripturis
2935 1814 2988 1862 et
3034 1806 3206 1862 sacris
3260 1806 3465 1880 regulis
3493 1823 3558 1862 ac
3584 1807 3811 1880 legibus

2195 1895 2540 1966 probabilem
2570 1895 2860 1952 habuimus
2889 1895 3176 1952 rationem.

2270 1984 2366 2040 IX.
2429 1983 2587 2053 Quod
2636 1985 2957 2055 mandastis,
2993 1985 3123 2057 quia
3151 1983 3286 2039 nihil
3312 1983 3460 2040 aliud
3489 2000 3556 2040 ex
3583 1983 3678 2040 illo
3708 1984 3823 2039 illi-

2199 2072 2306 2130 cito
2334 2073 2480 2129 facto
2509 2073 2723 2131 facietis
2749 2073 2854 2127 nisi
2883 2073 3032 2146 quod
3091 2072 3294 2130 factum
3341 2073 3573 2140 habetis,
3624 2073 3670 2128 si
3717 2089 3824 2130 vos

2199 2178 2308 2218 non
2365 2162 2591 2229 facietis,
2650 2161 2814 2218 faciet
2873 2161 3140 2218 Dominus
3168 2163 3386 2236 quando
3417 2162 3495 2217 illi
3521 2161 3818 2234 placuerit.

2198 2253 2320 2308 Non
2349 2251 2480 2308 vixit
2508 2259 2584 2306 tot
2613 2267 2786 2308 annos
2817 2252 3122 2308 Ludovicus
3151 2251 3447 2322 imperator
3501 2259 3630 2323 quot
3653 2259 3822 2324 pater

2202 2356 2330 2395 suus
2385 2340 2657 2407 Carolus;
2716 2357 2827 2396 non
2881 2340 3014 2396 vixit
3071 2348 3147 2396 tot
3203 2355 3378 2397 annos
3419 2340 3651 2396 Carolus
3679 2356 3824 2396 avus
3849 2383 3877 2400 κ

2199 2437 2382 2487 vester
2411 2438 2541 2501 quot
2571 2445 2744 2485 annos
2772 2436 2926 2501 pater
2955 2446 3089 2484 suus
3119 2429 3250 2485 vixit
3277 2449 3290 2496 ;
3325 2445 3434 2485 non
3477 2429 3610 2486 vixit
3657 2438 3826 2502 pater

2201 2527 2382 2575 vester
2411 2526 2486 2575 tot
2512 2533 2686 2574 annos
2713 2526 2844 2591 quot
2870 2525 3026 2590 pater
3074 2535 3204 2573 suus
3239 2535 3254 2572 :
3298 2527 3349 2574 et
3397 2519 3610 2592 quando
3661 2519 3826 2574 statis

2201 2607 2257 2664 in
2286 2607 2378 2663 illo
2409 2615 2549 2663 statu
2578 2609 2671 2662 ubi
2699 2624 2831 2663 avus
2860 2615 3042 2663 vester
3062 2615 3115 2662 et
3136 2614 3292 2679 pater
3307 2615 3490 2664 vester
3547 2615 3825 2664 steterunt

2201 2697 2344 2769 apud
2374 2697 2788 2769 Compendium,
2822 2696 3079 2753 inclinate
3107 2697 3297 2753 oculos
3341 2696 3436 2752 ubi
3483 2698 3631 2767 jacet
3661 2705 3824 2769 pater

2203 2794 2402 2852 vester,
2437 2795 2489 2842 et
2518 2786 2564 2840 si
2592 2786 2832 2854 nescitis,
2896 2785 3230 2859 interrogate
3289 2785 3380 2842 ubi
3444 2795 3689 2843 mortuus
3719 2785 3833 2843 fuit

2205 2882 2258 2932 et
2286 2875 2378 2930 ubi
2401 2876 2543 2945 jacet
2565 2891 2699 2931 avus
2727 2883 2930 2942 vester,
2955 2882 3007 2930 et
3028 2891 3138 2930 non
3160 2875 3430 2930 exaltetur
3449 2890 3543 2932 cor
3570 2885 3825 2932 vestrum

2210 2973 2335 3020 ante
2365 2980 2490 3021 eum
2548 2964 2638 3036 qui
2701 2972 2945 3020 mortuus
3002 2963 3102 3019 fuit
3127 2979 3231 3036 pro
3259 2964 3416 3020 vobis
3446 2972 3500 3020 et
3525 2980 3624 3037 pro
3653 2965 3823 3021 nobis

2205 3054 2475 3119 omnibus,
2510 3061 2564 3109 et
2593 3054 2888 3109 resurrexit
2919 3068 2953 3108 a
2982 3052 3208 3108 mortuis
3266 3061 3318 3110 et
3364 3053 3480 3123 jam
3510 3068 3618 3109 non
3650 3055 3825 3109 mori-

2205 3152 2293 3200 tur
2323 3162 2338 3200 :
2373 3151 2426 3199 et
2453 3142 2590 3200 certi
2619 3150 2791 3199 estote
2819 3141 2948 3214 quia
2975 3141 3284 3198 moriemini
3338 3142 3562 3199 nescitis
3590 3159 3699 3216 qua
3727 3142 3825 3200 die

2204 3233 2293 3289 vel
2324 3249 2433 3305 qua
2486 3233 2620 3288 hora
2653 3251 2668 3299 ;
2702 3239 2755 3288 et
2781 3231 2908 3287 ideo
2936 3246 3164 3288 necesse
3196 3239 3279 3287 est
3309 3237 3362 3287 et
3391 3231 3548 3287 vobis
3578 3238 3632 3287 et
3655 3232 3824 3288 nobis

500 3332 567 3372 ex
599 3315 893 3388 Scripturis
924 3313 1179 3371 divinitus
1208 3314 1488 3385 inspiratis
1515 3314 1766 3382 innotuit,
1818 3329 1925 3386 quo
1981 3320 2105 3368 sunt
2207 3322 2462 3380 omnibus
2511 3311 2821 3377 ’secundum
2868 3319 3283 3376 advocationem
3341 3319 3557 3376 Domini
3585 3328 3818 3392 paratos

503 3403 702 3478 quibus
727 3401 1099 3476 principaliter
1127 3403 1363 3458 mundus
1403 3402 1494 3459 hic
1541 3402 1766 3474 regitur,
1815 3401 2106 3458 auctoritas

2209 3428 2353 3482 esse,
2389 3410 2516 3483 quia
2543 3410 2822 3467 nescimus
2853 3424 2963 3482 qua
2989 3409 3128 3465 hora
3159 3409 3338 3465 veniet
3365 3408 3525 3464 nobis
3553 3407 3678 3464 finis
3711 3427 3724 3464 :
3762 3418 3822 3467 et

503 3507 663 3550 sacra
714 3489 1050 3565 pontiﬁcum,
1111 3499 1166 3548 et
1215 3489 1420 3564 regalis
1475 3497 1715 3562 potestas
1771 3509 1785 3544 ε
1831 3490 1888 3545 in
1915 3489 2109 3563 quibus
2211 3501 2334 3556 ideo
2361 3515 2470 3555 non
2499 3499 2766 3555 exaltetur
2794 3513 2887 3555 cor
2913 3505 3160 3554 vestrum
3184 3506 3375 3554 contra
3402 3514 3546 3564 eum,
3579 3497 3634 3552 in
3664 3499 3827 3567 cujus

501 3589 652 3638 tanto
680 3581 903 3656 gravius
930 3581 1144 3653 pondus
1183 3587 1266 3637 est
1287 3580 1652 3648 sacerdotum,
1698 3587 1902 3653 quanto
1951 3579 2106 3636 etiam

2209 3605 2374 3644 manu
2402 3588 2512 3644 vita
2534 3588 2760 3662 diesque
2787 3588 2957 3643 nostri
3003 3587 3324 3644 consistunt.
3373 3588 3484 3644 Vos
3537 3587 3642 3644 cito
3672 3587 3826 3643 deti-

503 3685 608 3744 pro
635 3670 770 3743 ipsis
816 3669 1040 3742 regibus
1085 3669 1368 3726 hominum
1395 3669 1452 3725 in
1479 3669 1665 3726 diVino
1695 3669 1959 3725 reddituri
1989 3677 2114 3724 sunt
2213 3679 2388 3745 cietis,
2447 3686 2500 3733 et
2558 3685 2748 3734 sancta
2775 3676 3026 3733 Ecclesia
3081 3692 3208 3733 cum
3239 3677 3351 3732 suis
3381 3676 3686 3733 rectoribus
3716 3679 3826 3734 sub

505 3759 753 3818 examine
773 3759 1043 3816 rationem
1066 3777 1080 3827 ;
1101 3767 1156 3816 et
1168 3757 1454 3832 pontiﬁces
1469 3775 1634 3832 reges
1655 3773 1986 3816 consecrare
2004 3774 2115 3815 non

503 3857 738 3922 possunt
767 3867 784 3916 ;
839 3857 893 3904 et
918 3845 1266 3920 pontiﬁcibus
1313 3848 1446 3904 dixit
1475 3849 1651 3918 Deus;
1677 3849 1781 3917 Qui
1811 3863 1902 3905 vos
1931 3848 2112 3925 audit,

503 3955 594 3997 me
637 3938 822 4006 audit,
855 3942 912 3995 et
927 3939 1022 4012 qui
1041 3955 1133 3995 vos
1161 3939 1402 4012 spernit,
1426 3937 1482 3994 id
1504 3945 1585 3994 est
1600 3938 1895 3994 contemnit
1921 3946 1974 3994 et
1993 3938 2118 3994 des-

503 4027 748 4102 picit,me
763 4029 1077 4086 contemnit
1097 4027 1252 4099 (Luc.
1274 4027 1472 4100 x,t6);
1497 4034 1550 4084 et
1574 4043 1587 4083 :
1625 4029 1728 4097 Qui
1745 4032 2119 4084 contemnunt

505 4134 614 4182 me.
653 4121 825 4174 erunt
862 4115 1192 4190 ignobilesﬂ
1206 4120 1334 4191 Reg.
1368 4133 1428 4186 ιι,
1461 4117 1572 4189 30).
1603 4117 1727 4172 Non
1755 4132 1886 4190 ergo
1915 4115 2122 4174 debue-

505 4206 635 4263 ratis
679 4206 755 4263 ita
781 4206 1147 4263 inverecunde
1177 4205 1538 4280 qualicunque
1567 4204 1810 4279 pontiﬁci
1857 4205 2116 4274 scribere,

503 4303 700 4352 vestra:
733 4295 925 4352 ditioni
955 4295 1330 4363 commissum,
1373 4295 1503 4368 quia
1541 4295 1680 4351 sicut
1708 4293 1842 4350 dixit
1857 4294 2122 4351 Dominus

502 4383 766 4458 apostolis
822 4383 954 4450 suis,
1013 4399 1244 4456 quorum
1297 4384 1554 4440 minimus
1587 4399 1709 4438 sum
1738 4383 1955 4452 merito,
1999 4399 2122 4440 suc-

2217 3767 2431 3824 Christo
2461 3774 2674 3824 rectore
2729 3765 3030 3823 secundum
3071 3764 3494 3837 promissionem
3549 3766 3667 3836 ejus
3697 3782 3833 3838 per-

2215 3855 2458 3912 manebit
2511 3857 2662 3913 sicut
2712 3857 2852 3913 Iuna
2902 3858 3160 3929 perfecta
3189 3858 3250 3912 in
3303 3860 3586 3912 externum
3633 3854 3821 3928 (Psal.

2218 3961 2500 4016 Lxxxvm,
2533 3947 2644 4016 38).

2290 4053 2363 4108 X.
2396 4054 2476 4110 De
2505 4067 2570 4109 eo
2601 4053 2745 4124 quod
2775 4051 2979 4108 ibidem
3008 4051 3384 4125 subsequitur:
3417 4052 3647 4124 Insuper
3673 4050 3829 4108 aliud

2221 4141 2418 4199 exinde
2445 4141 2491 4196 si
2546 4141 2847 4198 necessitas
2898 4139 3058 4197 fuerit
3111 4142 3258 4214 quod
3297 4148 3506 4198 rectum
3534 4149 3618 4198 est
3655 4139 3825 4199 facie-

2220 4249 2362 4301 mus,
2399 4253 2422 4282 »
2455 4239 2514 4288 ut
2541 4231 2806 4304 intelligo,
2839 4230 2910 4286 ad
2939 4230 3193 4286 timorem
3239 4230 3372 4285 mihi
3423 4230 3820 4300 incutiendum,

2222 4329 2486 4394 quatenus
2508 4320 2742 4392 jussioni
2771 4326 2968 4376 vestrae
2993 4319 3118 4377 licet
3147 4319 3346 4376 invitus
3376 4319 3652 4387 obediam,
3686 4320 3826 4376 scri-

2222 4411 2354 4466 bere
2383 4409 2646 4466 voluistis.
2678 4409 2834 4466 Unde
2862 4409 3206 4480 respondeo:
3237 4410 3510 4465 Dominus
3525 4409 3685 4476 mihi,
3711 4409 3823 4464 ad-

499 4489 690 4572 θῗδδξπ
724 4479 906 4572 δυξίῖω
935 4470 1117 4528 Ofﬁcio
1150 4472 1558 4572 =_§0’2_v0‘_m0
1587 4473 1860 4572 θιῗθίξίίδυ
1893 4473 2115 4572 δεξίρθο
2135 4481 2189 4544 D
2209 4502 2390 4572 jutor,
2409 4515 2525 4555 non
2545 4498 2747 4555 timebo
2767 4497 2898 4571 quid
2912 4470 3090 4569 faciat
3113 4499 3256 4554 mihi
3278 4499 3438 4556 homo
3453 4498 3636 4570 (Psal.
3660 4470 3828 4553 cvm

503 4565 646 4636 elegi
673 4579 764 4620 vos
794 4561 978 4635 (Joan.
1029 4575 1128 4628 xv,
1164 4558 1273 4631 19),
1307 4559 1378 4614 ita
1408 4567 1462 4616 et
1491 4575 1598 4634 ego
1641 4559 1796 4630 juxta
1837 4559 2118 4616 modulum

503 4667 684 4708 meum
713 4649 904 4707 humili
931 4649 1098 4706 corde
1127 4664 1192 4705 ac
1219 4663 1355 4705 voce
1384 4647 1566 4704 dicere
1587 4664 1812 4720 possum
1838 4664 1850 4704 :
1883 4649 2006 4704 Non
2017 4662 2118 4704 vos

503 4755 594 4795 me
623 4739 868 4813 elegistis
897 4739 951 4796 in
981 4738 1294 4812 praelatione
1338 4735 1621 4805 Ecclesiae,
1676 4737 1774 4794 sed
1835 4752 1940 4810 ego
1995 4752 2117 4794 cum

505 4827 735 4900 collegis
781 4829 921 4884 meis
951 4837 1005 4886 et
1031 4827 1244 4886 caeteris
1272 4827 1374 4884 Dei
1401 4842 1469 4883 ac
1490 4826 1902 4900 progenitorum
1931 4833 2112 4882 vestro

501 4932 620 4972 rum
649 4914 920 4985 fidelibus,
954 4932 1052 4974 vos
1081 4917 1224 4989 elegi
1254 4917 1326 4973 ad
1354 4917 1622 4988 regimem
1650 4916 1829 4988 regni,
1859 4914 1960 4971 sub
1987 4931 2093 4971 con

504 5005 709 5062 ditione
733 5003 944 5062 debitas
971 5004 1123 5076 leges
1153 5005 1428 5063 servandi.

574 5112 716 5170 VIII.
748 5113 830 5169 De
859 5125 926 5168 eo
967 5110 1114 5184 quod
1167 5111 1371 5168 ibidem
1422 5111 1786 5184 subsequitur,
1850 5133 1872 5162 α
1904 5111 1986 5166 Ex
2011 5111 2118 5170 hoc

502 5201 669 5270 facto,
700 5201 755 5256 id
803 5207 888 5258 est
931 5199 1058 5274 quia
1113 5198 1328 5256 Odacro
1357 5201 1675 5259 Ecclesiam
1723 5199 2116 5258 Belvacensem

503 5298 724 5364 pastore
753 5297 1038 5347 vacantem
1089 5288 1441 5345 commisistis
1487 5290 1770 5360 (facientes
1817 5296 2006 5346 contra
2035 5306 2118 5346 re-

501 5379 660 5453 gulas
689 5378 1107 5449 ecclesiasticas,
1140 5385 1442 5450 contraque
1472 5379 1822 5452 antiquorum
1867 5385 1920 5434 et
1964 5379 2116 5435 Chri-

501 5467 802 5526 stianorum
830 5483 1028 5542 regum
1073 5467 1247 5542 leges,
1300 5473 1600 5541 contraque
1645 5467 2116 5540 praedecessorum

501 5573 568 5616 ac
594 5557 1012 5631 progenitorum
1043 5564 1354 5615 vestrorum
1410 5556 1893 5631 promulgationes,
1928 5557 2027 5614 sed
2057 5560 2114 5614 et

2219 4584 2294 4653 6).
2318 4583 2386 4636 Et
2406 4601 2425 4638 :
2438 4583 2708 4638 Dominus
2728 4582 3080 4638 illuminatio
3096 4586 3306 4650 mea,et
3325 4582 3481 4638 salus
3503 4597 3828 4654 mea,quem

2219 4671 2448 4728 timebo?
2458 4671 2732 4728 Dominus
2740 4673 3024 4742 protector
3037 4671 3169 4726 vitae
3180 4687 3336 4737 mere,
3345 4688 3378 4726 α
3389 4685 3492 4743 quo
3507 4669 3725 4742 trepida
3733 4671 3826 4726 bo?

2217 4758 2392 4832 (Psat.
2416 4775 2579 4826 xxvr,
2617 4758 2694 4829 1.)
2723 4760 2792 4813 Et
2818 4757 2926 4812 alia
2957 4757 3236 4830 Scriptura
3263 4757 3394 4815 dicit
3427 4776 3441 4813 :
3475 4759 3665 4814 Sortes
3685 4760 3828 4814 mit-

2220 4848 2430 4900 tuntur
2455 4845 2520 4899 in
2549 4843 2764 4907 sinum,
2789 4840 2884 4895 sed
2905 4857 2940 4896 a
2957 4842 3194 4898 Domino
3209 4845 3606 4913 temperantur
3633 4843 3825 4913 (Prov.

2215 4948 2336 5004 xvr,
2371 4934 2482 5004 33);
2507 4939 2561 4987 et
2590 4931 2708 5002 ipse
2736 4927 3002 4985 Dominus
3061 4931 3129 4986 ad
3159 4929 3453 5002 praesidem
3481 4938 3605 4986 ante
3647 4947 3814 5004 quem

2216 5023 2366 5078 stetit
2399 5022 2561 5077 :Non
2589 5020 2842 5087 haberes,
2875 5017 3066 5092 inquit,
3099 5021 3163 5075 in
3189 5035 3278 5076 me
3318 5023 3661 5093 potestatem
3691 5023 3813 5078 nisi

2218 5111 2319 5168 tibi
2329 5111 2527 5167 datum
2539 5110 2747 5181 fuisset
2759 5107 2998 5180 desuper
3010 5109 3192 5180 (Joan.
3209 5123 3333 5175 χιχ,
3355 5113 3377 5162 1
3390 5111 3442 5180 1)
3465 5108 3548 5175 ;'et
3568 5125 3821 5165 summus

2215 5199 2492 5272 quondam
2520 5195 2882 5269 archangelus
2911 5213 3013 5254 nec
3041 5211 3205 5252 unam
3236 5197 3508 5253 oviculam
3537 5198 3639 5253 Job
3675 5200 3828 5254 servi

2215 5288 2317 5346 Dei
2368 5303 2562 5360 rapere
2609 5287 2801 5360 potuit,
2859 5285 2964 5342 nisi
3023 5284 3256 5342 Domino
3311 5285 3678 5358 permittente.
3711 5287 3824 5344 Sed

2215 5377 2423 5433 utinam
2451 5384 2543 5432 aut
2572 5393 2670 5450 per
2688 5392 2806 5444 vos,
2840 5381 2933 5431 aut
2953 5391 3050 5446 per
3067 5391 3446 5448 quemcunque
3469 5375 3572 5431 sibi
3601 5375 3825 5446 placue-

2215 5466 2303 5533 rit,
2338 5466 2532 5522 educat
2585 5483 2674 5522 me
2718 5463 2982 5522 Dominus
3040 5464 3109 5520 de
3146 5464 3250 5520 isto
3295 5479 3537 5535 carcere,
3569 5464 3831 5521 videlicet

2215 5554 2428 5614 inﬁrmo
2458 5562 2509 5612 et
2540 5555 2696 5612 senili
2725 5569 2973 5626 corpore,
3006 5553 3074 5610 ad
3115 5569 3236 5610 eum
3269 5569 3433 5626 quem
3489 5568 3584 5608 sua
3643 5553 3828 5627 gratia
