4026 6294
229 281 329 339 121

1673 268 2050 360 arrsrom.

3433 281 3539 338 122

229 404 508 480 largiente
523 420 594 461 ex
620 409 736 461 toto
750 402 920 462 corde
948 403 1201 460 desidero
1228 402 1544 472 videndum,
1573 419 1685 460 non
1702 402 1840 459 meis
1869 401 1928 464 A
1945 418 2050 460 nec
2078 403 2494 478 quibuscunque
2521 404 2611 462 vel
2641 419 3088 478 quorumcunque
3115 402 3414 462 terroribus
3451 402 3542 461 vel

236 495 471 563 meritis,
504 511 632 568 quae
659 494 806 550 nulla
833 493 940 548 nisi
967 493 1113 549 mala
1141 501 1287 562 sunt,
1321 495 1420 550 sed
1449 509 1551 550 sua
1600 492 1844 550 indebita

233 583 625 642 misericordia
653 592 708 638 et
735 583 966 656 gratuita
1013 581 1206 654 gratia.
1242 583 1351 639 Sed
1381 589 1434 639 et
1463 583 1531 638 de
1581 597 1648 639 eo
1695 581 1844 654 quod

231 673 473 741 dixistie,
506 697 529 722 ιι
568 671 714 742 Quia
739 672 966 744 insuper
1009 678 1063 727 et
1091 671 1239 726 aliud
1296 671 1344 728 si
1397 687 1626 728 necesse
1681 669 1846 726 fuerit

232 762 386 836 quod
413 769 627 818 rectum
657 769 740 817 est
767 760 997 830 facietis,
1036 784 1059 810 ιν
1095 759 1397 832 amplector
1427 760 1572 833 quod
1626 759 1846 832 promit-

230 853 370 924 titis,
403 851 553 924 quod
583 858 793 906 rectum
823 857 904 906 est
918 865 1054 922 erga
1082 865 1172 906 me
1191 848 1418 906 facietis.
1444 849 1616 923 Igitur
1636 857 1845 905 rectum

231 950 338 1010 est,
368 949 429 997 ut
459 939 743 1012 Scriptura
771 939 1023 1006 ostendit,
1063 947 1121 994 ut
1146 955 1248 1012 per
1279 956 1401 1012 quae
1436 941 1570 1012 .quis
1614 942 1842 1012 peccat,

232 1049 339 1106 per
355 1031 478 1088 hinc
495 1033 552 1086 et
577 1032 910 1102 torqueatur
929 1029 1085 1101 (Sap.
1114 1043 1198 1094 x1,
1221 1029 1330 1100 17).
1354 1029 1492 1083 Nam
1510 1027 1638 1100 quia
1657 1034 1847 1084 contra

237 1119 606 1194 plurimorum
633 1119 960 1182 voluntates,
995 1125 1047 1172 et
1076 1117 1272 1183 minas,
1327 1125 1489 1188 atque
1532 1117 1846 1190 suggestio-

235 1226 356 1276 nes,
390 1209 449 1263 in
482 1207 750 1264 electione
794 1213 979 1263 vestra
1007 1205 1284 1271 consensi,
1343 1212 1472 1276 opto
1517 1212 1570 1261 et
1605 1205 1842 1278 gaudeo,

235 1297 374 1354 utsi
423 1297 554 1352 inde
609 1295 852 1368 peccavi,
894 1294 1128 1350 Domino
1182 1293 1548 1366 permittente,
1607 1293 1695 1350 hic
1749 1309 1848 1364 per

236 1403 335 1444 vos
367 1394 422 1442 et
454 1402 568 1441 non
598 1385 655 1440 in
670 1384 852 1441 futuro
865 1401 966 1456 per
982 1383 1272 1440 Dominum
1291 1383 1548 1439 talionem
1563 1381 1845 1454 recipiam,

242 1476 382 1532 sicut
400 1475 645 1548 legimus
673 1475 744 1530 de
774 1480 964 1530 sancto
994 1472 1307 1542 Paschasio,
1333 1472 1424 1544 qui
1453 1487 1552 1543 per
1580 1471 1846 1544 ignoran-

247 1566 375 1621 tiam
405 1579 604 1622 errans
633 1563 691 1620 in
719 1562 1004 1632 cujusdam
1033 1561 1300 1618 electione
1331 1560 1628 1618 consensit.

311 1654 421 1710 Xl.
460 1654 528 1709 Et
546 1652 807 1724 quoniam
836 1659 1117 1722 tantopere
1144 1649 1392 1722 satagitis
1422 1651 1491 1706 de
1511 1648 1850 1706 ordinatione

243 1742 473 1810 Odacri,
505 1741 762 1796 mandate
790 1739 920 1794 mihi
953 1748 1166 1810 tempus
1215 1738 1587 1804 constitutum,
1629 1737 1846 1810 quando

243 1829 490 1904 episcopi
519 1831 854 1886 Rhemorum
881 1828 1205 1894 dioeceseos,
1251 1827 1348 1884 sed
1392 1834 1446 1883 et
1503 1825 1850 1882 venerabiles

247 1919 498 1993 episcopi
525 1934 592 1975 ac
621 1917 804 1974 dilecti
833 1916 1034 1973 fratres
1062 1915 1258 1984 nostri,
1291 1915 1438 1988 quia
1466 1916 1676 1987 synodo
1707 1916 1851 1986 apud

245 2008 571 2081 martyrium
601 2013 804 2062 sanctae
831 2006 1026 2062 Περι-ω
1075 2005 1258 2074 habita
1304 2004 1376 2060 ad
1405 2019 1504 2060 vos
1550 2019 1674 2060 cum
1711 2003 1852 2059 litte-

246 2099 330 2154 ris
357 2096 557 2153 directi
589 2095 826 2162 fuerunt,
873 2095 1087 2151 valeant
1127 2093 1421 2150 convenire
1473 2092 1542 2148 ad
1599 2091 1852 2148 eumdem

249 2188 451 2257 locum,
485 2193 539 2242 et
573 2178 778 2242 faciam
797 2199 906 2251 me,
939 2184 1051 2239 vita
1107 2190 1161 2238 et
1218 2181 1577 2254 possibilitate
1631 2181 1850 2249 comite,

240 2276 374 2332 illuc
402 2273 627 2331 obvium
657 2273 738 2329 eis
765 2272 1011 2344 portari,j
1046 2279 1098 2326 et
1125 2270 1307 2327 veniat
1363 2278 1546 2328 vester
1601 2269 1852 2326 Odacrus

243 2379 371 2422 cum
399 2362 733 2420 electoribus
791 2361 904 2416 suis
953 2361 1068 2418 sive
1123 2359 1396 2432 palatinis,
1443 2359 1558 2414 sive
1589 2357 1855 2414 Ecclesiae

243 2451 623 2518 Belvacensis,
657 2457 711 2506 et
742 2449 790 2506 si
819 2449 977 2506 vobis
1013 2449 1212 2522 placet,
1263 2447 1426 2504 etiam
1476 2447 1606 2503 illuc
1653 2445 1852 2514 venite,

238 2551 331 2600 aut
350 2541 510 2597 missi
548 2539 736 2606 vestri,
769 2547 822 2595 et
849 2537 1082 2595 Domino
1112 2537 1328 2594 dicente
1362 2555 1375 2590 :
1412 2538 1518 2604 Qui
1535 2553 1650 2594 non
1671 2538 1856 2592 intrat

246 2649 348 2706 per
369 2633 584 2687 ostium
619 2631 683 2685 in
699 2629 841 2685 ovile
862 2629 1049 2685 ovium
1065 2671 1080 2694 ,
1097 2627 1192 2682 sed
1211 2626 1470 2683 ascendit
1488 2625 1741 2692 aliunde,
1767 2624 1858 2680 hic

244 2724 346 2794 fur
365 2725 455 2777 est
490 2725 546 2777 et
588 2720 734 2776 latro
755 2718 940 2789 (Joan.
986 2732 1049 2783 χ,
1092 2716 1181 2787 1);
1239 2722 1337 2771 et:
1379 2717 1486 2784 Qui
1530 2717 1715 2771 intrat
1755 2729 1860 2787 per

245 2811 458 2868 ostium
473 2809 539 2864 in
551 2807 695 2865 ovile
711 2809 919 2874 ovium,
941 2805 1072 2862 huic
1084 2803 1743 2877 ostiarius'aperit(ibid.,
1779 2801 1854 2874 3).

245 2901 375 2972 Ego,
408 2896 604 2970 inquit,
639 2912 768 2952 sum
787 2897 1038 2963 ostium;
1056 2909 1160 2966 per
1199 2908 1286 2948 me
1314 2893 1366 2948 si
1397 2893 1522 2966 quis
1543 2892 1855 2958 introierit,

241 2988 564 3045 salvabitur
583 2985 768 3057 (ibid.,
799 2987 876 3055 9).
907 2983 978 3038 Et
1007 2982 1207 3047 videte,
1239 2989 1334 3037 aut
1377 2995 1476 3052 per
1529 2978 1731 3035 missos
1767 2995 1862 3036 ve-

240 3085 388 3134 stros
445 3074 653 3144 audite,
715 3072 761 3128 si
817 3080 998 3129 vestro
1061 3070 1280 3127 Odacro
1337 3069 1597 3126 ostiarius
1643 3067 1858 3140 aperiet

241 3165 446 3223 ostium
476 3163 636 3220 ovilis
666 3161 772 3230 sui,
806 3169 860 3218 et
905 3161 1066 3216 intret
1097 3174 1338 3226 securus,
1369 3165 1428 3214 ut
1471 3157 1690 3214 audiant
1721 3173 1854 3214 oves

243 3270 438 3311 vocem
465 3253 607 3322 ejus,
639 3259 694 3308 et.
722 3265 834 3306 non
863 3249 933 3306 sit
960 3247 1352 3314 mercenarius,
1413 3247 1513 3302 sed
1553 3253 1765 3318 pastor,
1801 3252 1854 3300 et

246 3343 498 3400 Ecclesia
524 3339 875 3398 Belvacensis
903 3339 1006 3394 sub
1037 3335 1383 3394 mercenario
1421 3350 1531 3392 non
1562 3341 1762 3408 gemat.
1783 3335 1850 3390 Et

246 3439 436 3490 notum
458 3430 530 3486 sit
558 3429 740 3496 nobis,
773 3428 872 3484 sed
903 3435 956 3484 et
982 3427 1101 3499 ipse
1123 3426 1370 3483 Odacrus
1398 3440 1500 3496 pro
1521 3431 1673 3480 certo
1695 3423 1849 3490 sciat,

246 3519 451 3595 quia,si
480 3519 551 3575 ad
581 3533 684 3574 nos
711 3533 822 3574 non
850 3515 1088 3582 venerit,
1124 3522 1176 3572 et
1231 3514 1286 3569 in
1334 3512 1699 3568 obstinatione
1743 3528 1855 3568 suae

245 3607 710 3682 praevaricationis
737 3621 960 3662 manere
991 3602 1276 3677 delegerit,
1310 3601 1525 3658 dicente
1572 3601 1850 3674 Apostolo,

250 3701 392 3770 Quia
418 3699 654 3756 verbum
684 3696 913 3754 Domini
931 3711 1047 3751 non
1067 3697 1154 3750 est
1185 3693 1490 3764 alligatum
1524 3691 1602 3760 (II
1623 3693 1758 3747 Tim.
1792 3705 1852 3760 ιι,

243 3791 300 3861 9)
328 3789 664 3843 insermone
692 3783 931 3852 Domini,
977 3784 1070 3856 qui
1099 3789 1184 3838 est
1210 3783 1368 3838 vivus
1416 3785 1473 3837 et
1521 3781 1754 3852 efﬁcax,
1801 3783 1859 3835 et

242 3876 655 3952 penetrabiliar
668 3875 828 3932 omni
843 3873 1028 3946 gladio
1049 3872 1298 3944 ancipiti
1319 3870 1502 3942 (Hebr.
1528 3883 1606 3936 ιν,
1623 3871 1732 3940 12),
1757 3882 1858 3924 nos

246 3967 315 4024 ad
347 3981 476 4023 eum
521 3963 741 4032 ibimus,
773 3963 1080 4034 ubicunque
1110 3959 1272 4016 fuerit
1296 3959 1354 4013 in
1399 3957 1696 4016 Rbemensi
1723 3971 1856 4030 pro-

247 4056 446 4122 vincia,
483 4060 536 4110 et
566 4053 717 4126 quod
745 4051 888 4108 sacri
903 4065 1142 4107 canones
1173 4048 1241 4104 de
1271 4054 1647 4119 contemptore
1675 4063 1776 4102 suo
1807 4053 1860 4100 et

249 4143 514 4202 Ecclesiae
559 4149 748 4198 contra
791 4140 948 4214 leges
980 4146 1033 4194 et
1063 4135 1283 4210 regulas
1312 4135 1568 4193 invasere
1595 4135 1854 4205 iudicant,

251 4233 304 4290 in
330 4233 488 4289 illum
519 4230 668 4304 quod
689 4229 758 4286 ad
784 4245 886 4284 nos
913 4227 1150 4300 pertinet
1178 4226 1402 4297 exsequi
1423 4223 1856 4296 procurabimus,

255 4331 312 4379 ut
338 4335 628 4394 nunquam
657 4319 745 4375 vel
773 4333 1044 4390 nusquam
1075 4315 1132 4371 in
1159 4313 1455 4371 Rhemensi
1481 4311 1762 4384 provincia
1803 4311 1862 4366 in

250 4410 631 4469 ecclesiastico
661 4408 844 4482 gradu
867 4406 1156 4474 ministret,
1209 4413 1262 4464 et
1309 4418 1500 4460 omnes
1542 4402 1611 4456 de
1665 4407 1861 4456 caetero

1941 492 2236 563 blanditiis,
2269 495 2457 566 exjhac
2477 509 2646 550 causa
2671 493 2818 552 unde
2849 494 3094 570 agitur,a
3123 493 3292 552 sacris
3321 493 3539 571 legibus

1943 588 1998 637 et
2025 582 2236 656 regulis
2273 582 2524 640 deviabo.

2491 741 2834 800 EPISTOLA
2860 742 2994 799 XXI

1943 863 2184 906 CONCILII
2235 863 2592 907 TUSIACBNSIB
2647 865 2722 905 AD
2778 865 2968 908 Μςιισιί
3005 863 3541 908 Εοαιεειλετιολιιωί

2049 953 2406 996 PERVASORES
2443 955 2514 996 ET
2549 954 2624 995 AD
2660 955 2958 996 PAUPERUM
2993 955 3370 996 PBJEDATORES
3389 949 3436 996 ⁸.

1949 1062 2098 1120 Unde
2118 1067 2175 1120 et
2211 1064 2435 1137 quando
2465 1082 2530 1122 ac
2565 1066 2812 1138 qualiter
2848 1045 3122 1122 acciderit
3155 1069 3223 1122 ut
3240 1081 3332 1122 res
3361 1066 3542 1122 eccle-

2013 1154 2262 1209 siastica:
2287 1155 2520 1210 Domino
2540 1157 2662 1210 sint
2698 1159 3040 1211 consecratae
3078 1159 3135 1212 et
3159 1159 3440 1228 quantum
3467 1155 3546 1210 sit

2015 1243 2337 1314 periculum
2356 1259 2632 1315 pauperes
2671 1242 3006 1315 deprwdori.

2301 1357 2460 1414 (Apud
2479 1357 2649 1413 Labb.,
2672 1359 2818 1404 Cone.
2845 1358 2964 1404 tom.
2978 1359 3120 1414 VIII.)

2015 1459 2174 1512 Anno
2249 1455 2648 1512 Incarnationis
2703 1455 3002 1512 Dominicaa
3057 1458 3160 1512 860
3185 1497 3200 1525 ,
3251 1455 3547 1514 indictione

1948 1560 2028 1616 ιχ,
2064 1559 2125 1600 x1
2167 1543 2437 1600 Kalendas
2493 1544 2852 1610 Novembres,
2896 1551 3082 1600 sancta
3137 1545 3377 1617 synodus
3425 1559 3549 1602 con-

1948 1641 2175 1708 gregata
2224 1633 2278 1688 in
2327 1633 2457 1688 villa
2485 1633 2709 1689 Tasiaco
2742 1633 3014 1689 Tullensis
3067 1633 3304 1704 preciae,
3336 1633 3549 1705 episco-

1948 1739 2145 1796 porum
2173 1737 2275 1777 xxv
2298 1721 2748 1794 provinciarum,
2793 1721 3237 1795 Lugdunensium
3270 1721 3545 1790 videlicet,

1950 1811 2470 1883 Rothomagensium
2506 1854 2520 1878 ,
2577 1811 2994 1880 Turonensium,
3044 1811 3340 1878 Senonum,
3392 1811 3548 1867 Vien-

1947 1901 2220 1968 nensium,
2255 1899 2673 1968 Arelatensium,
2705 1899 3097 1957 Vesontionum
3116 1941 3130 1968 ,
3161 1899 3546 1973 Mogontinen-

1949 1992 2110 2060 sium,
2172 1989 2678 2064 Agrippinensium,
2737 1989 3106 2056 Trevirorum,
3163 1988 3498 2046 Rhemorum
3531 2032 3546 2056 ,

1951 2078 2396 2152 Biturigensium,
2429 2077 2922 2152 Burdigalensium,
2963 2077 3421 2144 Narbonensium,
3441 2092 3551 2133 om-

1951 2169 2111 2225 nibus
2141 2169 2242 2225 Dei
2265 2167 2518 2224 fidelibus
2549 2175 2604 2224 et
2632 2175 2834 2224 sanctae
2862 2167 3127 2224 Ecclesiae
3152 2167 3297 2233 filiis,
3321 2165 3392 2223 ad
3413 2181 3550 2238 quos

1951 2259 2071 2315 haec
2100 2258 2302 2314 divinae
2330 2255 2728 2314 constitutionis
2746 2255 2937 2312 notitia
2962 2255 3198 2328 potuerit
3225 2255 3544 2328 pervenire,

1953 2363 2147 2420 pacem
2186 2354 2240 2403 et
2267 2347 2498 2402 salutem
2526 2353 2673 2417 optat
2703 2345 2756 2400 in
2797 2345 3050 2402 Domino.

2026 2463 2174 2517 Deus
2231 2459 2590 2531 omnipotens,
2643 2475 2887 2514 summus
2942 2467 2998 2515 et
3043 2475 3226 2528 verus,
3288 2473 3436 2514 unus
3490 2473 3554 2515 ac

1955 2549 2127 2618 solus,
2159 2549 2320 2604 Pater
2347 2548 2570 2614 scilicet,
2605 2553 2660 2602 et
2705 2545 2890 2618 Filius,
2937 2546 3029 2620 qui
3056 2555 3138 2604 est
3192 2545 3550 2604 consubstan-

1955 2638 2084 2694 tiale
2113 2637 2354 2694 Verbum
2411 2637 2546 2706 ejus,
2593 2643 2648 2692 et
2693 2635 2975 2708 utriusque
3032 2635 3264 2707 Spiritus
3297 2643 3548 2705 sanctus,

1957 2727 2175 2800 utrique
2217 2734 2524 2783 coaeternus
2553 2739 2618 2782 ac
2647 2725 2959 2797 coaequalis,
2990 2725 3224 2780 Trinitas
3267 2723 3553 2782 inconfusa

1959 2823 2120 2888 atque
2177 2814 2560 2887 inseparabilis
2591 2857 2604 2882 ,
2663 2813 2756 2886 qui
2801 2813 2950 2870 solus
3009 2813 3172 2869 habet
3228 2813 3552 2870 immortali-

1960 2913 2127 2962 tatem
2157 2945 2173 2975 ,
2232 2911 2284 2960 et
2345 2904 2522 2960 lucem
2586 2901 2797 2960 habitat
2867 2901 3273 2959 inacessibilem
3304 2943 3320 2973 ,
3389 2917 3554 2976 quem

1961 3009 2124 3050 nemo
2151 2992 2432 3050 hominum
2459 2991 2614 3058 vidit,
2645 3007 2748 3047 nec
2774 2989 2964 3048 videre
2999 2998 3208 3062 potest,
3241 3006 3344 3048 nec
3395 2991 3552 3048 loco-

1962 3099 2081 3138 rum
2111 3082 2198 3138 vel
2245 3080 2396 3137 finito
2451 3077 2540 3138 vel
2581 3077 2792 3135 inﬁnito
2845 3079 3025 3150 spatio
3079 3078 3402 3146 continetur,
3451 3093 3556 3136 nec

1955 3179 2263 3243 temporum
2325 3167 2415 3226 vel
2462 3166 2614 3223 finito
2668 3165 2755 3223 vel
2791 3165 3000 3223 infinito
3056 3165 3332 3224 volumine
3375 3167 3556 3224 varia-

1954 3266 2088 3316 tur:
2147 3273 2325 3331 neque
2384 3256 2530 3312 enim
2601 3263 2683 3313 est
2753 3255 2809 3311 in
2883 3255 3000 3326 ejus
3058 3254 3374 3327 substantia,
3445 3271 3556 3330 qua

1954 3349 2104 3404 Deus
2133 3355 2218 3404 est
2251 3345 2398 3419 quod
2453 3344 2674 3402 brevius
2732 3343 2803 3400 sit
2857 3343 2916 3400 in
2967 3351 3121 3416 parte
3175 3359 3342 3417 quam
3396 3351 3558 3414 toto;

1955 3435 2050 3510 qui
2077 3435 2196 3492 sine
2239 3433 2393 3490 initio
2421 3441 2506 3490 est
2551 3440 2604 3490 et
2646 3439 2930 3505 permanet
2984 3432 3102 3489 sine
3151 3431 3278 3500 ﬁne,
3341 3433 3555 3490 incom-

1956 3523 2207 3581 mutabili
2261 3522 2565 3581 aeternitate
2611 3522 2841 3590 vivens;
2888 3521 3089 3578 creavit
3135 3521 3322 3578 omnia
3369 3521 3552 3590 simul,

1957 3631 2024 3671 ex
2055 3613 2252 3686 quibus
2280 3618 2560 3668 currerent
2594 3617 2858 3682 tempora,
2919 3616 2974 3666 et
3012 3608 3366 3682 implerentur
3411 3610 3552 3678 loca,

1956 3701 2458 3774 temporalibusque
2486 3706 2540 3756 et
2565 3697 2832 3757 localibus
2863 3714 3046 3757 rerum
3079 3699 3317 3756 motibus
3355 3699 3558 3756 saecula

1957 3793 2330 3850 volverentur.
2369 3791 2432 3846 In
2477 3789 2672 3863 quibus
2727 3788 2894 3845 rebus
2949 3789 3201 3861 quaedam
3257 3788 3515 3862 spiritalia
3537 3831 3552 3856 ,

1958 3881 2208 3955 quaedam
2262 3878 2569 3946 corporalia
2601 3921 2615 3946 ,
2657 3877 2894 3934 visibilia
2941 3877 3212 3950 siquidem
3269 3885 3322 3933 et
3376 3877 3556 3936 invisi-

1957 3969 2084 4026 bilia
2113 3967 2392 4026 condidit:
2415 3967 2658 4024 formans
2701 3966 3006 4038 materiem,
3049 3982 3214 4040 quam
3243 3982 3350 4023 nec
3391 3967 3552 4034 alius,

1957 4075 2059 4116 nec
2095 4058 2295 4124 nullus,
2319 4057 2417 4114 sed
2450 4055 2672 4113 omnino
2712 4055 2832 4128 ipse
2874 4055 3164 4112 informem
3209 4071 3274 4112 ac
3300 4055 3560 4114 formabi-

1957 4146 2066 4203 lem
2115 4147 2362 4213 instituit,
2397 4153 2454 4202 ut
2481 4143 2864 4200 formationem
2911 4159 3066 4200 suam
3121 4159 3234 4200 non
3291 4151 3556 4217 tempore,

1959 4237 2056 4292 sed
2108 4235 2320 4307 origine
2362 4231 2716 4304 praeveniret;
2764 4239 2994 4286 testante
3052 4231 3335 4302 Scriptura
3385 4249 3398 4286 :
3451 4233 3557 4300 Qui

1960 4325 2098 4380 vivit
2113 4325 2177 4380 in
2197 4322 2717 4388 aeternum,creavit
2736 4320 2929 4378 omnia
2949 4319 3124 4376 simul
3143 4319 3340 4392 (Eccli.
3364 4321 3553 4393 xvm).

1923 4473 1931 4483 ,
1959 4413 2056 4470 Et:
2070 4414 2134 4468 In
2148 4413 2452 4486 principio,
2477 4410 2616 4483 fecit
2637 4411 2782 4467 Deus
2795 4410 2999 4467 caelum
3014 4413 3071 4466 et
3088 4413 3302 4466 terram
3317 4408 3476 4481 (Gen.
3492 4408 3556 4481 1);

245 4501 300 4556 in
329 4502 433 4558 hoc
460 4499 541 4554 illi
569 4497 996 4567 comunicantes,
1020 4496 1322 4553 secundum
1387 4507 1574 4548 sacros
1619 4504 1857 4546 canones
1886 4489 1939 4550 D
1963 4510 2017 4561 et
2039 4502 2222 4559 omnia,
2250 4517 2414 4573 opera
2442 4516 2542 4556 sua
2598 4500 2744 4556 bona
2787 4499 2969 4570 valde,
3002 4514 3122 4572 qum
3147 4499 3204 4554 in
3249 4497 3389 4554 cmlo
3433 4506 3560 4554 sunt

253 4588 458 4661 Spiritu
474 4585 696 4644 Domini
725 4585 992 4654 conditos,
1028 4593 1082 4640 et
1119 4583 1318 4640 Christi
1347 4579 1613 4654 sanguine
1659 4577 1860 4636 conﬁr-

251 4686 446 4748 matos,
479 4673 935 4732 excommunicati
989 4689 1162 4746 usque
1217 4673 1289 4729 ad
1339 4668 1602 4726 Ecclesiae
1647 4666 1860 4722 satisfa-

251 4767 488 4824 ctionem
508 4772 694 4820 erunt.
735 4762 844 4819 Sed
875 4770 928 4818 et
956 4761 1049 4834 qui
1078 4769 1267 4820 contra
1295 4758 1672 4816 auctoritatem
1693 4772 1756 4814 ac
1783 4771 1864 4810 ra-

253 4855 475 4920 tionem,
537 4859 832 4924 contraque
885 4851 1059 4922 ipsam
1119 4865 1274 4906 suam
1323 4847 1552 4904 salutem
1587 4888 1600 4912 ,
1653 4844 1711 4900 in
1756 4845 1864 4900 hac

254 4959 417 5001 causa
445 4957 547 4999 vos
605 4939 862 5011 stimulat,
902 4939 1041 4995 sicut
1085 4937 1213 4995 dicit
1261 4935 1586 5010 Apostolus,
1618 4933 1864 5007 portabit

258 5033 537 5104 iudicium
565 5032 884 5104 quicunque
915 5031 1002 5084 est
1035 5028 1136 5084 ille
1187 5027 1335 5096 (Gal.
1390 5042 1446 5096 v,
1500 5023 1611 5094 10).
1665 5021 1863 5078 Paulus

257 5120 537 5193 apostolus
567 5117 893 5175 necessitate
921 5115 1254 5188 compulsus,
1288 5111 1512 5185 scripsit
1529 5110 1859 5168 Corinthiis:

254 5213 454 5267 Factus
475 5225 606 5266 sum
638 5207 932 5280 insipiens,
967 5222 1058 5262 vos
1107 5221 1196 5260 me
1213 5204 1467 5276 coegistis
1504 5202 1582 5273 (II
1608 5201 1728 5257 Cor.
1759 5214 1862 5266 xu,

259 5301 380 5370 ll);
411 5305 467 5356 et
485 5314 554 5355 ex
587 5303 789 5368 quanto
843 5295 1034 5350 dolore
1089 5293 1248 5349 vobis
1274 5289 1729 5362 compellentibus
1749 5295 1864 5345 haec

256 5387 466 5460 scripsi,
500 5386 594 5442 ille
621 5385 769 5441 videt
799 5384 886 5440 cui
915 5381 1154 5458 gemitus
1183 5397 1338 5438 meus
1366 5395 1478 5436 non
1506 5386 1590 5436 est
1619 5379 1862 5436 abscon-

256 5477 417 5534 ditus.
449 5478 520 5532 Et
551 5474 743 5532 scitote
772 5472 1074 5530 certissime
1102 5471 1250 5546 quia,
1299 5468 1534 5526 Domino
1553 5469 1867 5539 adjuvante,

307 5601 324 5625 ·
345 5597 483 5642 Hanc
503 5591 774 5650 epistolam
793 5589 1002 5648 scripsit
1022 5589 1320 5637 Hincmarus
1339 5585 1527 5634 uoster.

1961 4600 2013 4648 et
2041 4608 2161 4665 quae
2188 4591 2244 4647 in
2273 4598 2435 4647 terra.
2496 4590 2644 4645 Duas
2691 4604 2910 4662 quoque
2951 4590 3144 4644 harum
3191 4595 3560 4644 creaturarum

1961 4698 2186 4738 suarum
2215 4679 2507 4737 rationales
2549 4685 2852 4747 creaturas,
2887 4676 3096 4734 scilicet
3143 4675 3451 4749 angelicam
3507 4686 3559 4734 et

1959 4772 2278 4836 humanam,
2314 4767 2570 4842 imaginis
2600 4774 2654 4823 et
2683 4763 3049 4822 similitudinis
3093 4780 3206 4822 suae
3255 4765 3382 4822 dote
3419 4766 3559 4823 dita-

1959 4867 2043 4916 tas
2095 4875 2218 4916 cum
2271 4857 2446 4914 libero
2494 4855 2722 4914 arbitrio
2777 4852 3051 4921 condidit;
3108 4860 3167 4909 ut
3239 4854 3380 4912 sicut
3441 4856 3562 4928 ipse

1962 4965 2071 5006 non
2101 4948 2448 5014 necessitate,
2483 4946 2580 5002 sed
2606 4953 2798 5000 natura
2827 4949 2910 5000 est
2937 4941 3116 5000 bonus
3161 4950 3213 5000 et
3240 4943 3557 5016 voluntarie,

1963 5045 2016 5095 et
2047 5038 2122 5094 ita
2149 5037 2282 5109 ipsae
2311 5035 2601 5092 rationales
2613 5039 2880 5090 creatura
2907 5047 3020 5090 non
3043 5033 3352 5090 constrictae
3367 5048 3560 5091 neces-

1962 5127 2141 5197 sitate,
2176 5126 2274 5182 sed
2303 5127 2461 5181 bonae
2479 5129 2682 5192 essent,
2711 5128 2770 5178 ut
2798 5129 3008 5192 natura,
3043 5121 3116 5178 ita
3152 5129 3206 5178 et
3234 5121 3558 5180 voluntarie.

1963 5215 2102 5288 Quia
2131 5215 2177 5271 si
2217 5215 2354 5270 tales
2393 5218 2575 5268 essent
2627 5217 2688 5266 ut
2739 5211 2929 5269 libera:
2983 5211 3279 5268 voluntatis
3331 5211 3559 5268 arbitrio

1961 5305 2166 5362 malum
2192 5303 2365 5358 vitare
2394 5308 2448 5358 et
2477 5301 2683 5356 bonum
2709 5316 2821 5358 non
2865 5307 3092 5373 possent
3127 5315 3317 5374 agere,
3353 5299 3554 5373 lapidi-

1963 5395 2065 5450 bus
2095 5399 2149 5448 et
2177 5389 2392 5448 caeteris
2421 5389 2584 5446 rebus
2635 5389 3046 5447 insensibilibus
3075 5396 3238 5463 atque
3267 5388 3559 5446 irrationa-

1963 5481 2162 5537 bilibus
2205 5479 2388 5550 potius
2444 5493 2610 5552 quam
2639 5479 2755 5536 Deo
2786 5478 2991 5534 similes
3030 5485 3232 5546 essent,
3281 5485 3336 5534 et
3364 5478 3559 5536 merito

1963 5569 2109 5626 illius
2163 5567 2520 5627 retributione
2583 5575 2876 5637 carerent,
2935 5583 3040 5624 nec
3092 5574 3240 5626 esset
3267 5567 3412 5624 unde
3455 5579 3554 5640 pro
