4026 6304
493 258 600 314 123

1501 257 1846 316 HINCMARI
1869 259 2274 318 RHEMENSIS
2303 261 2854 321 ARCHIEPISCOPI.
2883 284 2890 290 ·

3694 263 3804 321 124

497 379 752 452 qualitate
807 379 1100 436 voluntatis
1155 389 1206 437 et
1261 381 1487 438 actionis
1541 393 2020 441 remunerarentur
2061 401 2092 440 a
2120 387 2174 447 A
2196 385 2340 443 bono
2367 368 2854 460 perseverandum,
2877 387 3112 443 liberum
3140 385 3452 454 arbitrium,
3473 384 3653 458 gratia
3670 385 3812 441 libe-

495 468 632 525 Deo.
653 467 756 537 Qui
777 467 904 526 ideo
934 469 1109 526 bonus
1137 478 1218 526 est
1245 471 1371 544 quia
1401 472 1530 542 vult,
1552 489 1663 528 non
1691 475 1819 546 quia
1841 475 2094 547 cogitur;

496 555 696 628 quique
729 557 927 614 bonum
956 558 1097 614 velle
1125 575 1234 615 non
1291 577 1356 616 ex
1414 561 1706 633 accidenti,
1769 564 1867 618 sed
1928 571 1986 618 ut
2043 571 2098 620 et

491 644 668 702 bonus
687 653 740 701 et
768 647 1112 718 omnipotens
1141 657 1286 705 esset
1305 649 1666 706 essentialiter
1714 651 1896 707 habet.
1969 652 2085 721 Cui,

490 735 788 791 secundum
817 737 1178 806 quorumdam
1197 737 1509 808 Opinionem
1545 781 1558 805 ,
1617 741 1901 796 sententias
1983 755 2093 795 non

491 831 766 896 repugnat
824 825 970 897 quod
998 825 1128 881 dicit
1183 826 1519 897 Apostolus:
1581 829 1838 901 Seipsum
1887 845 2092 901 negare

489 928 606 967 non
647 917 832 985 potest
891 914 940 982 (Ι
970 915 1108 969 Tim.
1140 918 1224 984 ιι).
1282 916 1454 971 Porro
1509 933 1612 972 nec
1667 933 1935 987 peccare,
1997 933 2100 973 nec

493 1001 636 1056 mori
662 1009 858 1072 potest.
891 1002 958 1056 Et
989 1009 1168 1058 tamen
1197 1019 1304 1058 non
1334 1003 1473 1060 falso
1502 1005 1730 1076 angelus
1784 1013 1838 1060 et
1893 1007 2058 1061 homo
2083 1043 2098 1066 ,

496 1088 590 1160 qui
617 1098 844 1160 potuere
872 1107 1125 1161 peccare,
1158 1091 1413 1164 imaginis
1469 1102 1523 1148 et
1553 1093 1920 1148 similitudinis
1981 1095 2099 1164 ejus

493 1177 753 1250 dignitate
783 1179 967 1234 donati
996 1181 1270 1254 leguntur.
1305 1180 1445 1250 Quia
1485 1181 1634 1237 aliud
1685 1191 1768 1237 est
1799 1182 2099 1238 similitudo

493 1274 546 1322 et
573 1266 720 1322 aliud
757 1267 1099 1340 signaculum
1155 1269 1540 1337 similitudinis,
1572 1280 1626 1326 .et
1685 1271 1834 1326 aliud
1892 1271 2094 1345 imagi-

502 1371 628 1410 nem
658 1372 781 1412 esse
810 1365 862 1412 et
889 1357 1034 1412 aliud
1065 1359 1133 1412 ad
1164 1359 1460 1432 imaginem
1507 1359 1705 1415 factum
1744 1376 1887 1415 esse.
1941 1360 2101 1416 Solus

491 1443 693 1516 quippe
747 1445 1220 1502 consubstantialis
1275 1447 1443 1503 Filius
1501 1448 1861 1504 essentialiter
1908 1448 2089 1521 imago

487 1531 775 1588 invisibilis
802 1541 856 1589 et
889 1535 1151 1605 splendor
1180 1543 1232 1590 et
1271 1534 1448 1608 ﬁgura
1503 1545 1587 1592 est
1642 1538 1957 1594 substantiae
1987 1538 2091 1592 Dei

487 1621 678 1676 Patris.
711 1622 803 1678 Sic
847 1623 919 1678 ad
975 1623 1373 1696 Omnipotentis
1428 1627 1530 1682 hac
1577 1626 1665 1680 vel
1719 1627 1898 1699 magis
1955 1643 2079 1682 om-

483 1709 837 1782 nipotentiam
865 1712 1116 1782 pertinet,
1157 1713 1283 1784 quia
1319 1713 1464 1768 aliud
1518 1728 1628 1769 non
1683 1723 1862 1785 potest
1917 1731 2078 1786 quam

487 1798 690 1855 bonum
719 1800 878 1866 velle,
914 1809 968 1856 et
1008 1801 1156 1857 aliud
1201 1818 1365 1873 quam
1411 1803 1587 1857 bonus
1643 1812 1696 1858 et
1735 1804 2078 1874 omnipotens

483 1902 639 1956 esse,
699 1897 750 1944 et
805 1891 1050 1960 seipsum
1085 1907 1328 1962 .negare,
1386 1906 1617 1962 peccare
1673 1908 1891 1965 quoque
1925 1936 1938 1959 ,
1998 1894 2086 1950 vel

485 1977 646 2042 mori,
677 1979 894 2049 mutari,
929 1979 1062 2049 falli,
1097 1979 1267 2035 miser
1313 1979 1451 2051 ﬁeri,
1513 1997 1609 2036 seu
1639 1981 1785 2038 vinci
1840 1999 1952 2037 non
1995 1999 2088 2053 po-

487 2073 611 2122 test.
646 2067 776 2124 Haac
805 2076 967 2140 atque
991 2068 1298 2138 hujusmodi
1326 2069 1467 2124 absit
1503 2079 1558 2126 ut
1617 2071 1790 2142 possit
1831 2070 2088 2143 Omnipo-

487 2161 634 2210 tens.
676 2156 785 2212 Sed
819 2157 942 2228 quia
970 2172 1080 2213 non
1108 2159 1238 2226 vult,
1271 2175 1378 2215 non
1407 2167 1606 2231 potest,
1665 2160 1792 2232 quia
1845 2168 1899 2216 et
1946 2161 2086 2217 velle

489 2259 600 2300 non
627 2252 826 2316 potest.
877 2246 1000 2301 Non
1031 2246 1177 2302 enim
1229 2255 1409 2318 potest
1449 2248 1655 2318 justitia
1707 2248 1847 2305 velle
1903 2247 2086 2306 facere

489 2333 638 2404 quod
663 2333 922 2404 injustum
953 2343 1054 2403 est,
1084 2343 1176 2390 aut
1229 2336 1493 2407 sapientia
1550 2337 1689 2393 velle
1749 2336 1896 2409 quod
1954 2335 2087 2393 stulé

487 2427 604 2477 tum
647 2429 746 2488 est,
797 2431 889 2478 aut
941 2424 1140 2480 veritas
1196 2425 1338 2480 velle
1395 2426 1540 2497 quod
1596 2425 1792 2482 falsum
1844 2434 1946 2482 est.
2008 2430 2088 2482 Ac

483 2525 583 2582 per
611 2511 716 2568 hoc
745 2527 856 2567 non
887 2513 1062 2568 solum
1119 2513 1357 2569 ostendit
1409 2514 1606 2570 veritas
1647 2514 2088 2588 Omnipotentem

486 2615 599 2656 non
629 2616 753 2656 esse
783 2601 925 2674 quod
954 2601 1060 2658 ista
1081 2618 1191 2658 non
1219 2603 1413 2674 possit,
1449 2605 1547 2660 sed
1569 2604 1734 2660 etiam
1759 2604 1905 2678 cogit
1935 2604 2087 2660 veri-

487 2695 574 2744 tas
604 2689 1030 2760 omnipotentem
1057 2707 1168 2747 non
1222 2709 1345 2748 esse
1374 2693 1465 2765 qui
1495 2693 1614 2750 haec
1662 2693 1853 2764 possit.
1891 2693 2088 2750 Volens

487 2777 636 2834 enim
664 2786 746 2833 est
776 2779 922 2834 Deus
952 2779 1214 2852 quidquid
1235 2789 1318 2836 est
1352 2797 1364 2836 :
1397 2789 1632 2837 aeternus
1676 2797 1831 2854 ergo,
1895 2790 1947 2837 et
1998 2782 2087 2836 in-

487 2865 908 2934 commutabilis,
942 2877 992 2923 et
1033 2884 1216 2935 verax,
1250 2877 1305 2925 et
1353 2870 1562 2936 beatus,
1597 2878 1650 2925 et
1707 2869 2089 2941 insuperabilis

490 2953 682 3010 volens
711 2963 815 3012 est.
875 2956 932 3013 Si
990 2972 1127 3030 ergo
1173 2964 1352 3029 potest
1408 2974 1532 3014 esse
1588 2958 1734 3031 quod
1789 2975 1899 3015 non
1952 2958 2085 3029 vult,

493 3042 838 3115 omnipotens
918 3060 1028 3101 non
1079 3053 1161 3102 est
1216 3063 1230 3100 :
1302 3053 1386 3101 est
1437 3055 1616 3102 autem
1695 3047 2084 3118 omnipotens,

487 3148 622 3204 ergo
653 3132 914 3206 quidquid
947 3134 1058 3190 vult
1077 3141 1258 3206 potest
1288 3151 1302 3189 :
1335 3142 1390 3190 et
1432 3135 1557 3191 ideo
1603 3136 1748 3208 quod
1805 3151 1916 3192 non
1975 3135 2092 3192 vult

483 3236 608 3278 esse
636 3236 747 3276 non
774 3229 973 3292 potest,
1008 3223 1100 3294 qui
1129 3231 1422 3294 propterea
1464 3224 1663 3280 dicitur
1706 3223 2086 3296 Omnipotens,

485 3308 744 3380 quoniam
775 3311 1036 3382 quidquid
1065 3311 1178 3366 vult
1206 3319 1405 3382 potest.
1453 3313 1533 3368 De
1588 3328 1696 3385 quo
1753 3321 1806 3368 et
1848 3313 2089 3385 psalmus

484 3396 614 3454 dicit
647 3415 660 3451 :
694 3399 906 3454 Inoa-.10
926 3400 1068 3455 etin
1104 3403 1256 3456 terra
1287 3403 1481 3457 omnia
1515 3418 1856 3474 quaecunque
1911 3403 2090 3457 voluit

483 3489 625 3558 fecit
654 3489 812 3557 (Psal
843 3489 1094 3559 cxxxiv).
1121 3488 1269 3546 Nihil
1297 3489 1444 3545 enim
1480 3489 1536 3543 in
1566 3489 1708 3546 ccnlo
1741 3490 1827 3546 vel
1859 3489 1915 3544 in
1945 3497 2089 3546 terra

485 3574 561 3643 ﬁt,
595 3575 700 3630 nisi
733 3577 878 3648 quod
908 3576 1025 3649 ipse
1053 3585 1144 3633 aut
1171 3577 1436 3650 propitius
1467 3577 1615 3646 facit,
1648 3586 1741 3634 aut
1783 3577 1901 3634 ﬁeri
1944 3578 2089 3648 juste

484 3663 769 3736 permittit.
816 3664 922 3734 Qui
980 3667 1091 3722 vult
1145 3682 1336 3722 omnes
1391 3667 1641 3723 homines
1705 3667 1888 3724 salvos
1945 3666 2084 3738 ﬁeri,

487 3761 541 3808 et
578 3752 850 3808 neminem
877 3754 990 3810 vult
1019 3755 1221 3826 perire.
1263 3755 1374 3811 Sed
1414 3756 1592 3825 justus
1653 3757 1920 3812 Dominus
1971 3756 2088 3826 jus-

485 3841 660 3897 titiam
697 3840 952 3916 diligens,
985 3850 1040 3900 et
1065 3842 1408 3916 iniquitatem
1433 3861 1542 3900 non
1574 3843 1784 3912 volens,
1839 3845 1920 3900 eis
1949 3860 2088 3916 quos

487 3929 558 3986 ad
587 3929 882 4004 imaginem
912 3940 964 3987 et
995 3931 1401 3988 similitudinem
1430 3948 1586 3988 suam
1617 3933 1762 3997 fecit,
1815 3949 1918 3990 nec
1964 3941 2088 4004 post

481 4018 645 4090 primi
709 4019 944 4076 hominis
994 4036 1182 4078 casum
1241 4021 1356 4077 vult
1411 4021 1605 4078 tollere
1661 4021 1928 4078 violenter
1976 4039 2088 4078 suae

481 4106 776 4166 voluntatis
805 4109 1092 4165 arbitrium
1121 4109 1390 4178 liberum;
1425 4111 1622 4184 quibus
1652 4111 1886 4166 reddere
1915 4125 2084 4182 para-

480 4203 569 4252 tus
623 4205 705 4254 est
754 4198 1022 4267 meritum,
1067 4207 1127 4256 ut
1178 4199 1462 4272 Scriptura
1509 4199 1845 4256 demonstrat
1889 4217 1902 4253 :
1955 4199 2087 4267 Quis

478 4290 583 4354 est,
603 4286 875 4360 inquiens,
937 4290 1099 4346 homo
1123 4289 1219 4362 qui
1253 4291 1376 4346 vult
1414 4291 1590 4344 vitam
1615 4290 1808 4358 ?(Psal
1851 4289 2086 4358 xxxm.)

477 4375 548 4430 Et
576 4390 641 4432 ac
689 4376 737 4432 si
783 4377 1136 4448 respondenti
1187 4393 1198 4432 :
1248 4378 1388 4450 Ego,
1435 4377 1699 4434 Dominus
1743 4377 1875 4433 dicit
1918 4395 1931 4430 :
1983 4377 2087 4434 Di-

2199 481 2392 540 ratum,
2425 481 2478 528 et
2507 473 2686 545 gratia
2702 473 2769 528 de
2799 480 3055 542 corrupto
3069 480 3334 536 sanatum,
3354 471 3530 544 gratia
3541 486 3803 541 praeven-

2197 569 2331 632 tum,
2364 563 2610 632 adjutum
2639 570 2691 617 et
2719 561 3112 618 coronandum.
3146 563 3193 616 Α
3222 560 3366 616 bono
3421 567 3600 614 autem
3657 557 3799 614 deﬁ-

2198 650 2368 716 ciens,
2401 659 2454 706 et
2481 651 2538 706 in
2564 651 2710 706 malo
2738 649 3028 721 proﬁciens
3057 651 3241 716 homo,
3273 656 3396 720 post
3425 664 3614 704 casum
3631 647 3802 719 primi

2197 739 2434 794 hominis
2471 739 2636 795 habet
2682 739 2965 794 arbitrium
3018 739 3266 808 liberum,
3326 737 3534 794 scilicet
3573 735 3801 806 justitiaa

2198 827 2450 898 liberum,
2506 827 2718 900 peccati
2765 843 3030 884 servum:
3065 843 3173 899 quo
3211 825 3304 898 qui
3359 841 3419 882 se
3474 826 3732 898 elongant
3759 839 3798 880 a

2199 917 2316 972 Deo
2345 917 2560 972 volente
2589 933 2929 989 congregare
2977 915 3117 971 ﬁlios
3170 915 3405 969 nolentis
3462 913 3791 982 Jerusalem,

2199 1005 2467 1076 peribunt.
2501 1006 2655 1062 Unde
2686 1005 2808 1076 quia
2851 1005 3024 1076 gratia
3053 1005 3148 1060 Dei
3217 1012 3318 1071 est,
3370 1003 3609 1058 salvatur
3636 1017 3799 1057 mun-

2199 1090 2339 1156 dus;
2373 1099 2426 1145 et
2455 1090 2582 1162 quia
2635 1089 2778 1145 inest
2822 1089 3051 1145 liberum
3103 1087 3382 1144 arbitrium
3437 1087 3662 1152 homini,
3697 1087 3795 1156 ju-

2199 1178 2468 1234 dicabitur
2495 1179 2748 1234 mundus.
2783 1179 2864 1232 Ex
2892 1179 2978 1233 his
3005 1194 3236 1250 namque
3261 1176 3610 1232 rationalibus
3639 1191 3796 1232 crea-

2200 1267 2356 1337 turis,
2388 1267 2636 1340 angelica
2664 1267 2919 1323 videlicet
2947 1275 2999 1323 et
3026 1269 3280 1332 humana,
3317 1265 3542 1337 angelos
3599 1263 3673 1320 ad
3731 1280 3792 1320 se
3886 1287 3900 1292 -

2200 1357 2644 1429 cognoscendum
2705 1365 2867 1428 atque
2924 1365 3186 1428 perpetuo
3260 1353 3679 1411 collaudandum
3737 1353 3793 1408 in

2201 1447 2404 1502 cmlesti
2425 1445 2597 1519 gloria
2637 1445 2944 1502 collocavit.
2975 1445 3129 1501 Unde
3154 1461 3279 1516 pars
3298 1443 3546 1517 quaedam
3563 1441 3796 1514 angelo-

2199 1550 2319 1590 rum
2349 1551 2414 1590 ex
2445 1535 2700 1606 superbia
2721 1534 2960 1590 debriata
2981 1533 3322 1604 perliberum
3353 1531 3632 1587 arbitrium
3651 1530 3799 1586 ceci~

2200 1623 2294 1692 dit,
2331 1623 2421 1696 qui
2458 1624 2800 1695 appellantur
2827 1623 3030 1679 diaboli
3057 1641 3072 1690 ;
3103 1630 3155 1678 et
3185 1621 3322 1677 tales
3369 1635 3469 1676 suo
3507 1619 3636 1676 vitio
3668 1627 3797 1674 sunt

2201 1710 2396 1779 eﬁ‘ecti,
2431 1720 2488 1767 ut
2509 1712 2624 1782 jam
2640 1728 2748 1768 non
2768 1712 2934 1767 velint
2953 1727 3056 1766 nec
3083 1711 3294 1782 possint
3312 1709 3488 1765 meriti
3502 1724 3624 1764 esse
3639 1707 3793 1764 boni.

2187 1801 2335 1858 Sicut
2373 1810 2425 1856 et
2450 1801 2526 1855 illi
2558 1801 2648 1873 qui
2680 1817 2780 1873 per
2807 1801 3040 1856 liberum
3069 1798 3355 1856 arbitrium
3406 1797 3462 1852 in
3515 1797 3796 1853 voluntate

2186 1890 2490 1946 Conditoris
2505 1898 2942 1961 permanserunt,
2966 1889 3138 1960 ipsius
3157 1888 3335 1961 gratia
3362 1895 3415 1943 et
3437 1885 3798 1942 retributione
3893 1954 3906 1962 υ

2179 1979 2398 2049 justitia:
2429 1987 2760 2049 acceperunt
2787 1979 2844 2034 in
2861 1994 3088 2034 munere
3145 1977 3292 2049 quod
3353 1977 3598 2041 Creator,
3641 1975 3798 2044 cujus

2185 2069 2525 2142 signaculum
2554 2067 2919 2122 similitudinis
2949 2075 3096 2136 sunt,
3132 2066 3295 2122 habet
3331 2065 3570 2121 essentia
3596 2072 3653 2119 ut
3682 2079 3798 2119 non

2145 2174 2147 2176 ·
2183 2157 2350 2214 velint
2377 2173 2480 2213 nec
2509 2157 2729 2213 valeant
2760 2172 2884 2212 esse
2914 2156 3060 2211 mali.
3123 2154 3407 2211 Hominem
3445 2169 3576 2211 vero
3606 2151 3794 2224 opifex

2186 2246 2334 2302 Deus
2361 2261 2593 2318 corpore
2622 2247 2690 2300 dc
2717 2245 2848 2301 limo
2870 2254 3033 2300 terrae
3047 2243 3322 2310 formavit,
3347 2243 3436 2299 cui
3463 2242 3699 2297 animam
3722 2241 3796 2298 de

2186 2334 2726 2406 incomprehensibili
2754 2335 2912 2390 nobis
2943 2350 3055 2389 suae
3091 2332 3310 2390 virtutis
3349 2347 3535 2404 opere,
3586 2330 3642 2386 in
3672 2346 3802 2386 mo-

2188 2423 2340 2480 ribus
2369 2432 2421 2480 et
2450 2423 2748 2480 mternitate
2803 2423 2872 2478 ad
2928 2421 3227 2494 imaginem
3281 2429 3335 2477 et
3387 2419 3799 2476 similitudinem

2189 2529 2344 2569 suam
2371 2513 2666 2579 conditam,
2698 2512 2754 2568 in
2785 2527 2910 2586 qua,
2943 2511 3202 2566 interiore
3249 2510 3501 2567 videlicet
3536 2509 3794 2574 homine,

2186 2619 2286 2674 per
2313 2601 2480 2658 ﬁdem
2508 2601 2564 2657 in
2591 2601 2747 2657 nobis
2777 2601 2998 2670 habitat,
3063 2598 3374 2656 insuﬁlavit.
3415 2600 3477 2654 In
3507 2614 3613 2670 quo
3647 2605 3700 2654 et
3750 2597 3802 2654 si

2189 2692 2425 2748 exterior
2453 2692 2616 2747 homo
2637 2697 2826 2747 noster
2882 2689 3266 2760 corrumpitur,
3328 2702 3658 2750 renovamur
3700 2685 3798 2743 in-

2189 2780 2416 2836 duentes
2472 2795 2670 2836 novum
2729 2779 3048 2848 hominem,
3111 2777 3205 2849 qui
3263 2777 3560 2833 secundum
3615 2777 3800 2832 Deum

2190 2877 2409 2926 creatus
2439 2877 2521 2924 est
2551 2869 2605 2923 in
2629 2868 2860 2938 justitia,
2902 2876 2956 2922 et
2981 2867 3285 2936 sanctitate,
3319 2874 3373 2921 et
3417 2865 3658 2921 veritate.
3723 2864 3801 2920 Et

2189 2957 2388 3015 factum
2419 2958 2668 3014 eumdem
2701 2957 2938 3029 primum
2989 2956 3266 3012 hominem
3315 2955 3373 3010 in
3411 2953 3646 3010 animam
3701 2953 3798 3010 vi-

2190 3055 2428 3114 ventem,
2466 3046 2522 3101 id
2554 3053 2636 3101 est
2675 3045 2871 3102 factam
2900 3045 3137 3100 animam
3193 3043 3531 3113 rationalem,
3587 3041 3799 3098 factam

2189 3152 2411 3193 carnem
2439 3134 2827 3201 viviﬁcantem,
2860 3143 3022 3206 atque
3053 3133 3109 3188 in
3140 3133 3352 3188 duabus
3385 3141 3436 3188 et
3461 3148 3528 3187 ex
3557 3131 3796 3202 duabus,

2191 3225 2395 3280 scilicet
2416 3223 2638 3296 Spiritus
2668 3239 2733 3280 ac
2770 3223 2886 3292 luti,
2939 3221 3254 3278 substantiis
3307 3221 3362 3276 in
3399 3221 3600 3276 unitate
3655 3236 3794 3291 per-

2189 3329 2340 3370 sona:
2369 3313 2783 3382 subsistentem,
2817 3313 2871 3367 in
2911 3311 3163 3383 paradiso
3221 3309 3562 3377 deliciarum,
3627 3324 3799 3380 quem

2187 3403 2522 3475 plantaverat
2578 3403 2649 3458 ab
2680 3401 2850 3469 initio,
2909 3400 3109 3472 posuit,
3151 3408 3208 3455 ut
3245 3407 3568 3470 operaretur
3620 3413 3787 3464 eum,

2188 3493 2276 3547 vel
2298 3493 2355 3546 in
2384 3508 2468 3558 eo,
2503 3491 2643 3546 sicut
2665 3498 2719 3546 et
2767 3507 2888 3562 quae
2945 3489 2994 3544 ei
3051 3488 3326 3560 praecepit,
3380 3495 3433 3543 et
3487 3485 3796 3543 custodiret

2187 3596 2256 3636 ne
2286 3580 2380 3636 illa
2409 3579 2720 3636 admitteret
2750 3594 2871 3650 quae
2909 3586 2961 3633 et
3016 3577 3154 3633 sicut
3213 3577 3292 3632 illi
3337 3575 3634 3648 prohibuit.
3688 3575 3796 3631 Cui

2188 3686 2253 3728 ex
2311 3669 2483 3726 latere
2535 3666 2822 3724 fabricavit
2880 3667 3164 3722 mulierem
3194 3709 3209 3734 ,
3269 3665 3400 3722 dum
3469 3665 3528 3720 in
3593 3679 3794 3720 somno

2187 3757 2434 3830 corporis
2466 3756 2814 3826 obdormivit,
2846 3755 2992 3811 unde
3017 3764 3076 3812 et
3105 3755 3239 3812 dixit
3273 3772 3286 3809 :
3327 3756 3514 3812 Erunt
3567 3753 3675 3809 duo
3724 3753 3795 3809 in

2185 3864 2359 3904 carne
2386 3863 2504 3902 una
2524 3847 2682 3914 (Gen.
2727 3845 2826 3918 n);
2858 3844 3038 3917 itaque
3063 3845 3176 3915 jam
3205 3859 3316 3899 non
3363 3851 3486 3899 sunt
3514 3842 3642 3912 duo,
3690 3842 3797 3898 sed

2185 3951 2295 3991 una
2334 3951 2482 4004 caro,
2517 3935 2820 3992 secundum
2848 3933 3252 4006 praescientiam
3283 3948 3458 4000 suam,
3483 3947 3594 4003 qua
3635 3930 3792 3987 novit

2185 4024 2370 4081 omnia
2423 4023 2584 4079 etiam
2644 4032 2935 4096 antequam
3004 4021 3154 4088 ﬁant,
3207 4038 3338 4077 vero
3410 4021 3798 4076 demonstrans

2185 4113 2388 4170 indicio
2417 4113 2674 4186 quoniam
2702 4113 2820 4169 sine
2862 4111 3237 4168 transfusione
3289 4109 3516 4166 seminis
3562 4108 3664 4166 viri
3723 4125 3795 4164 ex

2185 4201 2384 4260 femina
2419 4201 2538 4274 ipse
2567 4210 2826 4258 venturus
2857 4217 2981 4258 esse
3021 4201 3080 4256 in
3109 4215 3355 4266 carnem,
3415 4199 3483 4255 ad
3527 4197 3798 4254 redimen-

2185 4291 2315 4346 dum
2343 4291 2638 4357 hominem,
2674 4290 2768 4362 qui
2797 4289 2855 4344 in
2879 4305 3047 4345 carne
3078 4287 3322 4345 condidit
3367 4285 3662 4343 hominem.
3719 4288 3793 4342 Et

2187 4380 2280 4452 qui
2309 4397 2430 4436 eum
2478 4379 2764 4436 fabricavit
2811 4395 2877 4433 ex
2930 4378 3177 4449 pulvere,
3237 4391 3342 4450 quo
3399 4376 3517 4432 sine
3567 4375 3798 4432 seminis

478 4467 640 4521 verte
659 4482 694 4521 a
717 4465 884 4534 malo,
910 4470 968 4521 et
993 4469 1089 4538 fac
1110 4465 1336 4522 bonum.
1363 4466 1545 4536 (ibid.)
1574 4467 1643 4520 Et
1670 4481 1700 4520 e
1729 4465 1957 4538 regione
1987 4480 2081 4520 vo-
2113 4465 2548 4528 Dtransfusione
2602 4467 2879 4524 hominem
2934 4467 3064 4522 fecit
3115 4483 3180 4522 ex
3243 4464 3483 4532 homine,
3541 4464 3797 4521 homines

476 4551 598 4608 lens
629 4553 828 4610 salvari
856 4552 986 4610 dicit
1016 4571 1030 4607 :
1073 4554 1396 4609 Voluntarie
1419 4555 1742 4623 sacriﬁcabo
1776 4554 1875 4609 tibi
1897 4554 1964 4624 (P
1978 4555 2086 4609 sal.

479 4642 620 4713 Lm).
653 4643 721 4698 Et
755 4659 768 4696 :
800 4644 888 4699 Ex
926 4643 1216 4700 voluntate
1269 4658 1395 4698 mea
1450 4643 1752 4712 conﬁtebor
1781 4643 1873 4698 illi
1911 4641 2088 4713 (Psal.

477 4730 683 4802 xxvii).
725 4732 805 4787 De
851 4748 958 4804 quo
988 4730 1253 4803 scriptum
1294 4738 1377 4786 est
1425 4747 1439 4784 :
1497 4733 1638 4800 Quia
1685 4747 1800 4786 non
1831 4729 2096 4803 privabit

480 4817 636 4874 bonis
657 4835 746 4876 eos
769 4822 863 4892 qui
881 4823 1180 4878 ambulant
1201 4821 1262 4876 in
1277 4821 1607 4876 innocentia
1627 4819 1801 4891 (Psal.
1821 4818 2088 4890 Lxxxm).

477 4906 547 4964 Ut
574 4915 752 4963 autem
811 4909 1148 4966 ambulantes
1204 4909 1480 4966 ambulent
1525 4917 1578 4964 et
1621 4916 1981 4980 perseverent
2037 4907 2094 4962 in

477 4995 805 5064 innocentia,
839 5006 992 5054 sanat
1037 5007 1091 5054 et
1121 4999 1346 5078 adjuvat
1381 5013 1570 5056 eorum
1615 4996 1896 5054 arbitrium
1943 5013 2075 5070 gra-

479 5083 574 5152 tia,
620 5093 906 5143 attestante
951 5087 1213 5158 Apostolo
1247 5105 1260 5142 :
1295 5089 1490 5145 Gratia
1525 5089 1625 5144 Dei
1674 5087 1734 5142 in
1779 5101 1868 5142 me
1912 5103 2091 5143 vacua

475 5191 592 5232 non
618 5177 754 5247 fuit,
792 5176 890 5232 sed
924 5176 1308 5233 abundantius
1334 5178 1454 5233 illis
1479 5176 1736 5234 omnibus
1782 5176 2060 5233 laboravi:

477 5280 594 5321 non
614 5270 807 5322 autem
837 5281 952 5339 ego,
976 5265 1073 5322 sed
1105 5267 1291 5338 gratia
1318 5268 1418 5322 Dei
1447 5283 1669 5322 mecum
1706 5265 1759 5337 (Ι
1804 5264 1924 5321 Cor.
1945 5264 2066 5334 xv).

549 5361 758 5432 Quibus
783 5371 836 5420 et
864 5363 986 5419 aliis
1017 5362 1314 5434 Scriptura:
1333 5363 1635 5431 sententiis,
1671 5361 1925 5434 quoniam
1957 5368 2081 5434 post

478 5466 663 5508 casum
689 5451 848 5523 primi
879 5451 1112 5508 hominis
1128 5451 1270 5507 inest
1287 5450 1496 5506 homini
1517 5450 1587 5506 ad
1607 5451 1745 5508 bene
1771 5450 2085 5517 volendum,

479 5548 532 5604 et
559 5540 630 5598 ad
656 5541 858 5600 bonum
887 5541 1276 5616 incipiendum,
1310 5546 1364 5598 et
1390 5538 1786 5614 perﬁciendum
1815 5548 1980 5614 atque
2025 5538 2080 5595 in

2195 4572 2409 4630 quoque
2439 4557 2732 4614 fabricetur
2750 4573 2816 4612 ex
2848 4555 3074 4612 semine.
3107 4555 3320 4627 Quique
3351 4553 3594 4626 corporis
3613 4561 3795 4610 morte

2194 4648 2251 4702 in
2315 4662 2475 4702 cruce
2532 4661 2634 4718 pro
2687 4645 2939 4701 omnibus
2987 4645 3180 4701 mortis
3235 4643 3592 4710 debitoribus,
3637 4642 3794 4698 solus

2193 4735 2334 4792 inter
2360 4742 2601 4791 mortuos
2629 4734 2770 4790 liber
2806 4749 2842 4790 a
2869 4733 3060 4790 mortis
3089 4732 3274 4788 debito
3303 4731 3604 4800 dormiens,
3637 4747 3791 4803 pra:-

2191 4824 2492 4880 destinatus
2521 4823 2687 4880 Filius
2716 4821 2816 4879 Dei
2863 4822 2918 4877 in
2947 4822 3146 4878 virtute
3180 4821 3478 4878 secundum
3529 4819 3789 4892 Spiritum

2193 4912 2655 4979 sanctiﬁcationis,
2683 4921 2735 4968 et
2776 4911 3286 4982 praedestinatorum
3314 4910 3558 4966 omnium
3602 4917 3787 4980 caput,

2203 5017 2270 5060 ac
2300 5003 2503 5071 lumen,
2537 5009 2696 5073 atque
2726 5000 3032 5072 exemplum
3061 4999 3235 5056 factus
3257 5017 3321 5055 ex
3353 4999 3598 5066 muliere,
3632 4998 3798 5072 legis-

2190 5109 2296 5164 que
2324 5092 2462 5147 lator
2489 5091 2581 5164 qui
2603 5089 2716 5163 legi
2743 5089 2877 5145 nihil
2906 5089 3152 5155 deberet,
3186 5088 3364 5145 factus
3393 5090 3494 5144 sub
3521 5087 3788 5144 obedien-

2189 5181 2262 5237 tia
2295 5179 2454 5252 legis,
2487 5186 2545 5234 ut
2565 5195 2660 5235 eos
2687 5178 2779 5248 qui
2810 5178 2910 5234 sub
2927 5179 3052 5250 lege
3081 5178 3294 5249 peccati
3325 5185 3378 5233 et
3401 5177 3589 5233 mortis
3620 5175 3792 5232 futuri

2187 5277 2362 5338 erant,
2382 5267 2690 5336 redimeret,
2721 5275 2780 5322 ut
2806 5266 3152 5338 adoptionem
3211 5265 3465 5331 ﬁliorum,
3503 5280 3668 5338 quam
3728 5265 3787 5320 in

2188 5359 2360 5415 Adam
2387 5357 2651 5430 perdituri
2679 5372 2918 5424 eramus,
2953 5355 3325 5426 reciperemus
3358 5373 3371 5410 :
3404 5354 3574 5411 dehis
3602 5353 3696 5426 qui
3735 5354 3792 5410 in

2187 5464 2314 5506 eum
2343 5447 2564 5504 credere
2597 5445 2882 5514 voluerint,
2919 5443 3032 5499 sive
3063 5444 3358 5500 adventum
3386 5444 3503 5514 ejus
3531 5443 3588 5498 in
3617 5458 3790 5500 carne

2185 5545 2583 5622 praecesserint,
2615 5546 2730 5604 sive
2757 5543 2919 5602 etiam
2950 5541 3128 5600 forent
3159 5543 3316 5601 sicuti
3346 5543 3497 5616 (nam
3529 5558 3634 5617 per
3648 5558 3788 5616 gra-
