4026 6296
223 257 332 314 125

1585 253 1962 315 EPISTOLE.

3421 265 3526 322 126

223 382 392 452 tiam,
411 379 610 454 inquit,
632 382 862 440 Domini
875 384 1009 440 Iesu
1026 384 1242 441 salvari
1261 384 1828 457 credimus,quemad-
1847 383 1904 446 A
1929 391 2158 456 parente
2187 384 2506 455 meruimus,
2536 394 2913 457 promerentes
2968 403 3203 462 regnum
3250 387 3372 460 Dei,
3406 389 3536 463 quia

226 472 459 528 modum
492 475 550 528 et
569 472 664 528 illi
692 472 838 544 (Act.
861 471 985 544 xv),
1005 471 1372 528 adiﬁcaturus
1391 480 1508 530 erat
1529 471 1832 528 Ecclesiam
1930 491 2046 530 non
2061 479 2200 530 sunt
2211 475 2504 546 condigna
2519 477 2809 548 passiones
2823 475 2990 548 hujus
3009 479 3277 552 temporis
3291 479 3363 535 ad
3378 482 3535 550 futu-

223 567 420 633 aperto
448 559 643 617 lancea
670 561 859 628 latere,
891 561 960 621 de
991 577 1098 635 quo
1134 562 1388 633 produxit
1418 577 1618 635 aquam
1635 568 1685 618 et
1707 575 1834 616 san-
1930 579 2059 618 ram
2071 563 2312 635 gloriam
2327 581 2450 637 quae
2476 565 2822 620 revelabitur
2839 565 2903 621 in
2928 566 3083 622 nobis
3101 567 3276 638 (Rom.
3292 568 3414 639 VIII)
3439 586 3454 635 ;
3479 574 3534 623 et

224 651 474 724 guinem,
525 649 726 722 quibus
785 666 930 706 nunc
986 650 1206 707 lavacro
1252 651 1464 724 rigatur
1508 659 1560 706 et
1612 649 1830 722 poculo.

223 737 284 794 id
313 745 399 794 est
419 738 719 794 mandatur
746 754 890 812 aqua
917 738 1272 811 baptismatis,
1323 748 1376 796 et
1416 755 1516 810 per
1551 737 1718 795 ﬁdem
1755 738 1834 794 illi

227 827 618 899 incorporatur
643 835 825 898 potato
863 829 1132 900 sanguine
1175 827 1584 900 redemptionis,
1627 826 1833 897 justiti-

224 923 348 973 cata
377 915 580 988 spiritu
609 915 1068 972 sanctificationis.
1102 919 1212 974 Hoc
1257 922 1678 974 sacramentum
1706 933 1834 973 ma-

225 1021 407 1076 gnum
435 1008 526 1061 est
553 1005 618 1060 in
653 1005 871 1063 Christo
891 1010 948 1062 et
975 1007 1038 1062 in
1054 1007 1307 1062 Ecclesia
1335 1005 1558 1079 (Ephes.
1590 1006 1648 1078 v)
1676 1025 1688 1060 :
1713 1021 1834 1078 qua

227 1094 424 1150 eodem
457 1093 665 1164 Spiritu
697 1102 889 1150 sancto
938 1095 1007 1150 ab
1051 1095 1400 1150 immaculato
1449 1094 1617 1150 divini
1671 1094 1834 1152 fontis

229 1191 389 1238 utero
417 1198 554 1239 suos
583 1191 879 1256 regenerat
905 1191 1082 1253 natos,
1116 1199 1222 1256 quo
1267 1191 1320 1239 et
1361 1183 1431 1238 de
1476 1183 1683 1240 illibata
1724 1185 1835 1240 vir-

231 1271 362 1345 gine
427 1271 679 1328 Christus
740 1281 824 1328 est
881 1280 1063 1328 natus.
1129 1273 1280 1328 Idem
1341 1287 1576 1344 namque
1624 1273 1836 1344 primus

229 1361 414 1427 homo,
451 1361 582 1433 quia
609 1369 664 1416 et
701 1361 820 1417 Eva
863 1360 988 1432 ipsa
1033 1368 1114 1417 est
1142 1361 1338 1429 Adam,
1373 1361 1623 1418 conditus
1650 1369 1709 1417 ut
1739 1363 1836 1418 do-

227 1449 532 1506 minaretur
561 1457 826 1506 creatura
855 1465 888 1506 a
919 1450 1177 1506 Creatore
1206 1449 1378 1518 facta,
1427 1458 1480 1506 et
1522 1450 1835 1522 disponeret

227 1539 423 1597 orbem
451 1547 723 1596 terrarum
752 1540 809 1594 in
830 1539 1036 1610 justitia
1067 1547 1120 1597 et
1165 1539 1436 1613 aquitate,
1481 1549 1534 1596 et
1579 1541 1636 1597 in
1696 1543 1841 1600 dire-

227 1628 410 1686 ctione
474 1629 656 1686 cordis
681 1629 950 1699 judicium
978 1629 1264 1700 judicaret,
1313 1629 1358 1684 si
1383 1629 1438 1686 in
1453 1638 1674 1702 accepta
1715 1631 1838 1702 lege

1931 650 1988 706 in
2016 651 2171 706 istius
2199 653 2394 726 agonis
2419 660 2714 711 scammate
2743 661 3038 723 certantes,
3069 655 3189 712 sine
3205 655 3400 713 viatico
3421 671 3532 712 non

1933 741 2174 796 valemus
2204 741 2523 797 subsistere.
2573 810 2585 815 -

2004 831 2280 887 Primitiva
2321 830 2586 899 Ecclesia,
2601 831 2656 886 id
2677 839 2758 888 est
2778 830 2968 888 ﬁdeles
2982 831 3038 888 in
3059 833 3284 890 exordio
3299 849 3534 891 nascen-

1933 919 2004 974 tis
2034 919 2296 976 Ecclesia
2323 921 2635 976 vendebant
2660 921 2842 976 omnia
2890 938 3012 994 qua
3058 923 3434 994 possidebant,
3481 931 3536 980 et

1935 1007 2282 1064 deferrebant
2311 1010 2723 1080 possessionum
2752 1027 2970 1066 suarum
2999 1011 3234 1082 pretium
3265 1012 3336 1068 ad
3363 1011 3536 1084 pedes

1933 1097 2326 1167 apostolorum,
2349 1099 2610 1154 docentes
2631 1115 2740 1155 non
2758 1100 2963 1156 debere
2991 1117 3022 1154 a
3044 1101 3294 1158 rationali
3316 1101 3538 1157 homine

1937 1186 2149 1254 serviri,
2183 1187 2280 1241 sed
2301 1185 2570 1242 dominari
2617 1187 2836 1254 divitiis,
2861 1195 2914 1244 et
2937 1188 3013 1242 uti
3041 1189 3197 1244 eisin
3230 1189 3536 1256 transitum,

1936 1289 2042 1329 non
2073 1290 2168 1330 eas
2195 1290 2380 1331 amare
2409 1291 2510 1347 pro
2525 1284 2731 1332 aterna
2742 1277 3120 1347 perventione.
3141 1278 3222 1332 De
3243 1293 3351 1350 quo
3365 1277 3540 1350 pretio

1937 1363 2282 1420 dividebatur
2312 1364 2563 1436 singulis,
2608 1373 2770 1436 prout
2801 1365 2997 1437 cuique
3027 1381 3168 1437 opus
3215 1373 3352 1423 erat.
3405 1367 3542 1423 Cum

1937 1460 2120 1508 autem
2165 1453 2352 1526 gratia‘
2403 1453 2505 1509 Dei
2557 1453 2722 1524 capit
2790 1453 3141 1525 multiplicari
3201 1454 3540 1512 credentium

1937 1558 2216 1609 numerus,
2253 1542 2324 1598 ad
2355 1557 2589 1614 quorum
2619 1542 3068 1599 sustentationem
3095 1560 3206 1599 non
3235 1543 3542 1600 sufficiebat

1939 1630 2101 1702 pretii
2127 1631 2357 1698 reditus,
2392 1633 2648 1703 quoniam
2677 1647 2870 1688 omnes
2897 1633 2967 1688 ad
3003 1633 3110 1690 hoc
3155 1647 3266 1688 non
3317 1633 3538 1698 dabant,

236 1719 364 1774 vita
391 1726 467 1807 et
527 1718 831 1790 disciplina
895 1718 1070 1774 libero
1130 1719 1356 1775 arbitrio
1397 1719 1794 1790 permansisset
1819 1739 1832 1787 ;
1858 1747 1911 1807 Β
1940 1735 2120 1792 neque
2149 1720 2406 1776 valebant
2437 1721 2712 1792 compelli,
2743 1729 2802 1776 ut
2831 1737 2862 1776 a
2883 1721 3138 1795 conjugio
3168 1729 3221 1776 et
3269 1721 3326 1776 in
3367 1729 3541 1778 totum

233 1806 491 1865 videlicet
519 1807 566 1862 si
595 1807 650 1862 in
673 1808 982 1864 Conditoris
1012 1808 1284 1864 voluntate
1323 1817 1736 1880 perseverasset
1781 1819 1840 1864 ut

232 1911 345 1954 non
388 1903 682 1968 peccaret;
731 1913 835 1953 nec
869 1897 987 1968 ipse
1027 1905 1346 1964 moreretur,
1403 1913 1507 1954 nec
1558 1898 1842 1965 mortales,

231 2002 412 2058 neque
441 1986 637 2042 mortis
657 2000 722 2042 ac
742 1987 1008 2057 gehenna
1027 1985 1172 2042 ﬁlios
1188 1994 1497 2059 generaret.
1521 1987 1628 2043 Sed
1650 1988 1848 2043 merito

231 2076 395 2145 hujus
439 2074 864 2146 permansionis,
913 2082 968 2132 et
1029 2075 1381 2131 retributione
1414 2075 1662 2146 justitia,
1710 2077 1849 2134 sicut

235 2173 288 2221 et
333 2164 510 2220 sancti
549 2163 732 2237 angeli
779 2171 1125 2235 acceperunt,
1167 2164 1473 2236 accepisset
1515 2165 1572 2219 in
1621 2181 1848 2222 munere

239 2253 386 2324 quod
414 2252 661 2319 Creator,
695 2251 764 2306 ad
794 2253 950 2320 cujus
1004 2252 1302 2326 imaginem
1345 2261 1398 2308 et
1441 2253 1849 2310 similitudinem

230 2341 486 2398 conditus
514 2348 618 2410 est,
651 2341 813 2396 habet
843 2341 1102 2412 essentia,
1195 2349 1253 2396 ut
1291 2357 1394 2398 nec
1432 2358 1665 2414 peccare
1709 2343 1850 2400 velle

233 2446 336 2488 nec
355 2431 477 2501 jam
506 2431 707 2487 cadere
726 2437 936 2502 posset.
967 2429 1089 2502 Ipsi
1119 2439 1300 2486 autem
1339 2431 1556 2488 diabolo
1584 2429 1846 2488 invidenti

235 2520 360 2594 quia
386 2519 520 2576 illuc
545 2529 666 2578 erat
693 2521 857 2576 homo
885 2527 1138 2580 terrenus
1183 2537 1285 2592 per
1315 2520 1552 2576 debitam
1584 2521 1848 2577 obedien-

233 2605 366 2661 tiam
392 2621 751 2674 ascensurus,
801 2603 945 2661 unde
987 2605 1106 2678 ipse
1147 2604 1344 2662 cecidit
1382 2621 1480 2676 per
1530 2605 1845 2677 superbiam

232 2694 521 2768 angelicus
551 2695 796 2767 spiritus,
831 2703 886 2750 et
935 2693 1219 2751 mendacia
1274 2694 1522 2750 suadenti
1565 2695 1690 2766 plus
1733 2709 1852 2752 cre-

235 2784 372 2840 deus
401 2799 572 2857 quam
607 2783 870 2841 voluntati
898 2783 1196 2840 conditoris
1246 2783 1331 2839 sui
1377 2784 1660 2852 obediens,
1711 2785 1850 2840 abu-

229 2890 322 2930 sus
353 2873 582 2930 arbitrio
623 2873 800 2930 libero
831 2873 1073 2930 deseruit
1102 2874 1296 2940 Deum,
1329 2880 1383 2930 et
1411 2874 1661 2930 desertus
1701 2874 1847 2944 juste

233 2979 268 3019 a
295 2963 432 3030 Deo,
464 2961 722 3034 peccavit
753 2978 817 3020 ac
847 2962 1080 3030 cecidit;
1114 2969 1167 3018 et
1193 2979 1292 3034 per
1317 2962 1518 3018 malum
1544 2962 1685 3020 velle
1715 2979 1848 3035 per-

227 3051 363 3108 didit
391 3053 543 3108 bonu
567 3067 623 3107 m
660 3067 848 3124 posse,
894 3051 986 3124 qui
1029 3067 1127 3123 per
1171 3067 1338 3123 posse
1375 3051 1580 3108 bonum
1627 3051 1848 3110 vincere

233 3141 405 3214 potuit
453 3141 597 3198 velle
633 3140 857 3197 malum.
923 3139 1047 3209 Qua
1107 3140 1178 3196 de
1243 3157 1300 3196 re
1344 3139 1498 3196 facta
1537 3148 1619 3196 est
1665 3156 1851 3197 massa

226 3229 554 3302 perditionis
585 3229 747 3286 totius
775 3229 996 3285 humani
1025 3229 1282 3302 generis.
1319 3229 1398 3284 De
1431 3245 1536 3302 qua
1576 3230 1624 3285 si
1667 3229 1852 3284 nullus

234 3319 548 3374 adsalutem
603 3317 926 3390 eriperetur,
994 3317 1502 3390 irreprehensibilis
1547 3326 1694 3373 esset
1749 3315 1852 3374 Dei

225 3403 475 3475 iustitia;
536 3407 667 3480 quia
700 3422 834 3464 vero
863 3405 1015 3462 multi
1076 3405 1369 3473 salvantur,
1419 3405 1713 3463 inetiabilis
1768 3414 1855 3464 est

230 3497 330 3554 Dei
357 3498 560 3570 gratia,
585 3495 710 3568 quia
739 3495 810 3552 ab
838 3495 960 3568 ipso
987 3495 1176 3551 mundi
1203 3495 1520 3568 primordio,
1557 3495 1830 3567 incipiens

229 3587 298 3642 ab
325 3586 470 3644 Abel
491 3587 662 3656 justo,
694 3585 882 3640 salutis
910 3585 1159 3641 humana
1210 3599 1497 3656 praecones
1541 3585 1752 3641 mundo
1794 3585 1851 3640 in

232 3692 329 3732 sua
356 3674 678 3732 inﬁrmitate
707 3673 1004 3748 languenti,
1039 3681 1095 3730 et
1135 3673 1194 3728 in
1224 3682 1574 3745 peccatorum
1623 3689 1847 3730 suorum

231 3765 472 3822 tenebris
504 3763 824 3832 tabescenti,
856 3763 1032 3820 donec
1051 3761 1168 3835 ipse
1188 3763 1280 3818 lux
1313 3763 1501 3818 mundi
1527 3763 1831 3830 adveniret,

230 3871 326 3926 per
353 3853 698 3927 patriarchas
727 3861 780 3910 et
807 3853 949 3926 legis
979 3853 1259 3923 doctores,
1279 3861 1440 3926 atque
1469 3853 1760 3924 prephetas
1783 3868 1851 3910 ac

227 3943 422 4013 justos,
474 3942 664 4000 verbis
711 3949 764 3999 et
817 3941 1086 4014 prodigiis
1133 3941 1462 4012 praedicans,
1515 3941 1850 3999 consolando

232 4031 522 4104 pramisit.
555 4031 803 4088 Tandem
832 4031 971 4102 ipse,
996 4031 1088 4103 qui
1119 4046 1338 4102 semper
1365 4046 1535 4086 unum
1565 4038 1618 4087 et
1647 4031 1850 4102 ubique

233 4125 310 4174 est
339 4133 471 4175 cum
501 4117 659 4172 Patre
690 4123 743 4172 et
773 4115 976 4187 Spiritu
1020 4121 1208 4172 sancto
1265 4115 1504 4170 essentia
1540 4115 1842 4187 majestatis

244 4215 468 4279 propter
494 4221 600 4262 nos
645 4204 892 4261 homines
939 4211 993 4260 et
1035 4211 1262 4276 propter
1309 4211 1548 4260 nostram
1597 4205 1846 4276 salutem,

237 4311 404 4368 Opere
434 4301 738 4366 conceptus
766 4293 1012 4363 ejusdem
1041 4292 1280 4364 Spiritus
1331 4292 1520 4358 sancti,
1572 4299 1732 4348 natus
1786 4309 1853 4348 ex

234 4385 400 4441 Maria
428 4381 667 4458 virgine,
718 4381 775 4438 id
827 4389 1012 4458 estex
1059 4381 1304 4454 virginea
1353 4388 1618 4438 materna
1667 4381 1851 4438 carnis

1946 1825 1980 1864 a
2007 1809 2298 1864 mundanis
2328 1817 2587 1865 vacarent
2615 1809 2844 1876 actibus,
2863 1825 2934 1865 ne
2953 1811 3216 1866 saculum
3247 1809 3540 1880 deperiret,

1946 1899 2123 1954 donec
2151 1914 2344 1954 omnes
2373 1899 2466 1970 qui
2495 1897 2744 1954 salvandi
2775 1907 2918 1966 sunt,
2941 1898 2998 1954 id
3021 1905 3104 1954 est
3121 1914 3313 1954 omnes
3339 1899 3545 1970 prade-

1948 1987 2148 2054 stinati,
2179 1986 2347 2043 veluti
2375 1987 2638 2058 scriptum
2665 1994 2750 2043 est
2786 1985 2880 2042 ﬁlii
2910 1987 3030 2055 Dei,
3083 1987 3175 2060 qui
3225 1994 3382 2042 erant
3422 1987 3540 2042 dis-

1945 2076 2110 2148 persi,
2151 2075 2209 2130 id
2238 2082 2321 2132 est
2343 2075 2399 2130 in
2426 2091 2624 2132 massa
2652 2075 2982 2149 generaliter
3007 2075 3235 2148 perdita
3265 2091 3332 2132 ex
3359 2075 3542 2132 debito

1947 2163 2228 2220 relictione
2274 2165 2574 2235 conspersi,
2613 2172 2667 2220 et
2717 2181 2782 2220 ex
2838 2181 2920 2232 ea,
2971 2173 3266 2236 antequam
3309 2164 3546 2220 mundus

1948 2252 2118 2319 ﬁeret,
2168 2253 2647 2324 pradestinatione
2713 2253 2834 2322 Dei,
2903 2253 2990 2310 cui
3045 2253 3178 2308 nihil
3215 2253 3546 2325 prateritum

1949 2341 2161 2397 transiit
2181 2341 2487 2414 acciditque
2507 2341 2768 2413 futurum,
2796 2342 2976 2409 electi,
3003 2342 3212 2399 scilicet
3229 2341 3410 2416 gratia
3445 2341 3548 2398 Dei

1949 2439 2350 2505 congregantur
2381 2431 2439 2485 in
2503 2447 2692 2501 unum,
2755 2432 2812 2486 in
2868 2431 3260 2502 plenitudinem
3291 2429 3548 2488 videlicet

1949 2519 2192 2576 caelestis
2228 2535 2291 2576 ac
2321 2519 2667 2590 sempiterna
2695 2519 2980 2588 Ecclesia,
3004 2519 3074 2574 ad
3105 2535 3265 2590 quam
3294 2517 3428 2574 tanti
3479 2535 3546 2574 ex

1947 2608 2261 2664 hominibus
2293 2608 2514 2664 salvatis
2535 2615 2587 2664 et
2606 2608 2783 2664 eidem
2805 2607 3080 2664 sociandis
3105 2615 3231 2662 sunt
3260 2606 3546 2664 escensuri

1948 2697 2093 2754 unde
2123 2697 2374 2753 diabolus
2405 2711 2526 2752 cum
2556 2697 2672 2752 suis
2723 2695 3053 2768 sequacibus
3095 2694 3310 2763 cecidit,
3356 2695 3544 2768 quanti

1947 2785 2058 2842 illic
2109 2785 2267 2842 electi
2332 2785 2516 2858 angeli
2581 2791 3006 2841 remanserunt:
3063 2791 3124 2840 ut
3169 2800 3338 2840 unum
3400 2783 3543 2841 ovile

1897 2891 1908 2897 ‘
1949 2873 2109 2930 unius
2136 2873 2374 2946 pastoris
2403 2873 2632 2940 scilicet,
2664 2881 2719 2928 et
2755 2873 3048 2929 individua
3092 2871 3370 2928 Trinitatis
3409 2889 3543 2945 per-

1871 3107 1920 3170 C

1947 2970 2108 3036 petua
2134 2963 2346 3021 visione
2375 2970 2428 3018 et
2465 2961 2708 3034 perfecta
2755 2961 3086 3036 cognitione,
3135 2977 3257 3033 qua
3303 2968 3385 3027 est
3435 2976 3547 3017 non

1949 3054 2126 3109 solum
2153 3051 2453 3118 hominum,
2485 3051 2584 3106 sed
2636 3058 2690 3106 et
2739 3051 3063 3122 angelorum
3111 3049 3223 3106 vita
3261 3049 3380 3105 sine
3434 3049 3544 3104 ﬁne

1951 3142 2208 3215 gaudeat,
2273 3139 2532 3195 societate
2596 3137 2833 3212 gloriosa
2897 3138 3206 3210 repletum:
3265 3137 3545 3194 constituit

1949 3229 2096 3286 idem
2125 3227 2388 3284 Dominus
2418 3231 2471 3282 et
2492 3227 2750 3299 magister
2779 3225 2966 3282 salutis
2993 3242 3094 3298 per
3123 3232 3343 3282 sanctos
3385 3241 3536 3295 suos,

1950 3319 2007 3374 in
2044 3317 2240 3390 quibus
2269 3325 2475 3374 etcum
2525 3316 2722 3389 quibus
2767 3315 3108 3388 loquebatur,
3161 3321 3217 3370 et
3260 3329 3362 3386 per
3403 3329 3542 3386 quos

1951 3423 2108 3464 suam
2137 3407 2500 3481 gubernabat,
2533 3413 2586 3462 et
2602 3421 2775 3477 usque
2803 3404 2965 3461 hodie
2984 3402 3194 3460 meritis
3213 3410 3268 3460 et
3285 3402 3545 3475 precibus

1951 3497 2220 3570 gubernat
2249 3494 2576 3563 Ecclesiam,
2607 3502 2666 3550 ut
2691 3494 2981 3550 credentes
3010 3507 3121 3548 non
3145 3493 3260 3562 jam
3307 3508 3374 3548 ex
3421 3507 3546 3548 asse

1950 3585 2330 3658 possessiones
2361 3591 2415 3640 et
2451 3583 2654 3656 pradia
2703 3581 3096 3648 venundarent,
3150 3581 3248 3636 sed
3296 3581 3366 3637 de
3411 3581 3546 3654 ipsis

1948 3673 2392 3746 possessionibus
2422 3671 2656 3728 Domino
2677 3677 3082 3728 consecrarent.
3107 3669 3264 3728 Unde
3285 3669 3378 3743 qui
3393 3669 3547 3743 quasi

1951 3763 2262 3836 specialiter
2290 3761 2470 3820 eidem
2497 3760 2845 3819 dominorum
2871 3759 3106 3817 Domino
3145 3759 3446 3830 adharent,
3498 3766 3552 3816 et

1949 3853 2182 3909 ministri
2211 3850 2495 3919 sermonis,
2529 3859 2582 3908 et
2610 3851 2878 3908 donorum
2907 3856 3126 3906 atema
3153 3847 3362 3917 salutis,
3387 3855 3550 3921 atque

1950 3941 2280 3998 mediatores
2301 3941 2441 3996 inter
2456 3941 2630 3996 Deum
2646 3949 2700 3996 et
2724 3939 2974 3996 homines
2993 3955 3099 4011 ope
3137 3937 3272 3994 ﬁunt
3315 3937 3551 3994 assidua

1951 4030 2380 4097 intercessionis,
2429 4029 2652 4098 vivant;
2693 4037 2748 4085 et
2792 4027 2850 4084 in
2894 4028 3148 4084 omnibus
3196 4025 3546 4092 necessariis,

1951 4119 2070 4176 sine
2098 4118 2296 4192 quibus
2325 4118 2557 4172 humana
2585 4116 2854 4188 fragilitas
2875 4131 2988 4172 non
3017 4123 3199 4187 potest
3220 4115 3542 4184 subsistere,

1952 4209 2033 4266 eis
2055 4209 2112 4264 in
2143 4207 2518 4278 eleemosynas
2549 4221 2761 4274 eorum,
2795 4205 2884 4274 qui
2915 4205 3140 4260 easdem
3167 4203 3550 4274 possessiones

1952 4297 2186 4354 Domino
2215 4302 2622 4362 consecrarunt,
2653 4293 2990 4350 ministretur
3021 4309 3036 4348 :
3066 4299 3126 4348 ut
3169 4292 3300 4348 dum
3347 4291 3551 4347 Christi

1950 4368 2224 4460 pauperes
2253 4392 2414 4458 atque
2440 4382 2676 4440 ministri
2702 4381 2969 4440 Ecclesia
2997 4398 3064 4438 ex
3095 4379 3181 4436 his
3218 4379 3275 4436 in
3292 4379 3550 4452 praesenti

235 4473 564 4542 substantia,
597 4471 656 4527 in
697 4471 908 4528 duabus
955 4478 1010 4527 et
1051 4487 1119 4525 Px
1161 4471 1372 4527 duabus
1419 4471 1624 4526 naturis
1675 4477 1837 4544 διᾳυο
1870 4471 1922 4532 D
1946 4475 2247 4530 subsistunt
2276 4472 2503 4545 saculo,
2530 4471 2826 4546 largitores
2871 4470 3284 4544 possessionum
3330 4470 3402 4526 de
3449 4485 3550 4525 sua

234 4561 575 4628 substantiis,
608 4560 900 4617 divinitatis
929 4559 1136 4616 scilicet
1161 4568 1215 4616 et
1261 4559 1629 4626 humanitatis,
1676 4574 1838 4616 verus
1941 4563 2091 4621 ﬁdeli
2130 4564 2498 4636 eleemosyna,
2547 4561 2687 4619 sicut
2729 4569 2784 4619 et
2824 4561 2883 4617 in
2927 4561 3268 4634 baptismate,
3325 4575 3356 4614 a
3403 4558 3546 4616 malo

235 4668 334 4724 per
363 4651 550 4709 omnia
579 4651 748 4717 Deus,
781 4657 833 4706 et
859 4664 1024 4706 verus
1061 4651 1226 4706 homo
1271 4649 1450 4706 anima
1497 4649 1746 4706 rationali
1789 4657 1842 4706 et
1944 4653 2189 4709 funditus
2219 4651 2472 4709 conversi
2503 4659 2558 4708 et
2610 4667 2736 4708 cum
2783 4650 2889 4706 ﬁde
2938 4657 3086 4706 recta
3129 4655 3554 4720 perseverantes

235 4741 476 4797 humana
505 4755 672 4798 carne
699 4739 755 4794 in
782 4738 988 4796 unitate
1016 4754 1265 4810 persona
1297 4738 1618 4810 subsistens,
1653 4739 1723 4794 ad
1744 4753 1843 4794 nos
1946 4742 2003 4798 in
2031 4741 2188 4798 bonis
2217 4741 2498 4814 operibus,
2531 4740 2859 4798 mundentur
2887 4753 2920 4794 a
2949 4744 3172 4809 peccato
3219 4745 3272 4793 et
3311 4735 3550 4794 efﬁcian-

235 4846 332 4902 per
359 4829 712 4902 prasentiam
741 4835 1036 4899 assumpta
1064 4827 1290 4884 veniens
1335 4829 1536 4894 carnis,
1585 4827 1741 4884 factis
1793 4836 1847 4884 et
1945 4839 2034 4886 tur
2055 4830 2293 4898 Christo,
2325 4829 2414 4886 cui
2443 4845 2534 4886 eas
2564 4831 2915 4896 devoverant,
2969 4833 3255 4883 consortes
3285 4825 3344 4883 in
3387 4827 3547 4895 calo,

238 4919 398 4976 dictis
427 4927 484 4976 et
513 4918 664 4975 aliud
691 4918 748 4973 in
777 4933 838 4974 se
887 4917 1176 4974 credentes
1202 4919 1466 4974 saeculum
1494 4915 1760 4984 invitavit,
1792 4916 1848 4972 id

239 5017 318 5064 est
363 5009 436 5066 ad
484 5007 718 5081 gloriam
771 5006 1174 5079 sempiternam,
1229 5022 1392 5080 quam
1435 5005 1618 5080 angeli
1675 5000 1850 5062 sancti

233 5097 438 5154 habent
467 5097 526 5152 in
565 5097 726 5164 coelo,
785 5103 837 5152 et
881 5096 952 5151 ad
1005 5111 1166 5168 quam
1205 5095 1557 5152 obtinendam
1600 5095 1849 5152 conditus

236 5185 413 5243 fuerat
440 5186 652 5258 primus
707 5186 890 5241 homo.
910 5186 978 5241 Et
1007 5185 1266 5258 quoniam
1295 5186 1362 5240 ad
1384 5185 1528 5240 illam
1559 5183 1850 5257 pervenire

236 5291 346 5332 non
374 5290 696 5348 possumus,
727 5273 833 5329 nisi
863 5274 1002 5331 sicut
1030 5275 1344 5330 nos-docuit
1361 5275 1430 5330 de
1451 5289 1558 5346 quo
1589 5275 1850 5346 scriptum

241 5372 356 5421 est:
396 5365 545 5435 Quia
573 5365 656 5420 sic
687 5364 941 5436 oportuit
965 5364 1092 5436 pati
1123 5364 1428 5430 Christum,
1463 5367 1518 5419 et
1537 5364 1759 5421 intrare
1787 5365 1851 5419 in

237 5456 487 5526 gloriam
517 5469 690 5510 suam
722 5454 876 5525 (Luc.
906 5453 1094 5526 xxxv),
1113 5453 1220 5508 dux
1243 5460 1296 5508 et
1315 5452 1504 5508 doctor
1531 5453 1688 5523 hujus
1703 5453 1852 5509 itine-

239 5553 336 5625 ris,
364 5553 578 5612 scilicet
609 5568 712 5626 per
741 5551 962 5610 labores
991 5568 1057 5611 ac
1100 5552 1340 5620 dolores,
1393 5565 1530 5623 quos
1573 5550 1627 5607 in
1674 5551 1854 5624 primo

1949 4919 2088 4976 sicut
2113 4919 2231 4991 ipse
2264 4919 2394 4976 dicit
2423 4919 2479 4974 in
2509 4915 2807 4990 Evangelia
2839 4933 2852 4968 :
2885 4917 3028 4972 Date
3053 4915 3552 4990 eleemosynam,et

1951 5024 2076 5066 ecce
2105 5009 2298 5066 omnia
2323 5007 2539 5064 munda
2569 5009 2707 5062 sunt
2751 5005 2897 5062 vobis
2926 5005 3084 5076 (Luc.
3116 5004 3239 5077 x1),-
3285 5013 3340 5062 et
3369 5005 3500 5062 item
3531 5022 3546 5060 :

1953 5098 2104 5166 Quod
2125 5101 2230 5155 uni
2249 5115 2322 5154 ex
2339 5095 2597 5154 mini-mis
2612 5095 2754 5150 meis
2774 5095 3014 5167 fecistis,
3032 5096 3180 5152 mihi
3197 5095 3438 5168 fecistis.
3451 5095 3550 5153 Ve-

1953 5189 2097 5254 nite,
2115 5186 2392 5246 benedicti
2403 5185 2592 5241 Patris
2607 5186 2740 5252 mei,
2755 5184 3030 5258 percipite
3041 5200 3283 5258 regnum
3294 5183 3437 5259 quod
3457 5199 3550 5242 vo-

1952 5277 2034 5333 bis
2057 5279 2325 5350 paratum
2337 5278 2422 5330 est
2441 5273 2507 5330 ab
2529 5275 2746 5347 origine
2758 5274 2962 5331 mundi
2981 5273 3202 5345 (Matth.
3221 5272 3386 5346 xxv).
3409 5272 3554 5344 Qua-

1951 5372 2177 5438 prOpter
2205 5363 2344 5420 sicut
2371 5361 2446 5418 illi
2477 5362 2570 5436 qui
2590 5362 2805 5436 seipsos
2833 5378 2899 5420 ac
2927 5361 3145 5420 divitias
3173 5370 3228 5420 et
3241 5361 3552 5434 possessio-

1951 5470 2053 5510 nes
2083 5468 2212 5508 suas
2233 5451 2466 5509 Domino
2497 5452 2645 5510 fideli
2671 5461 2855 5510 mente
2884 5458 3358 5519 consecraverunt,
3379 5453 3550 5508 hare-

1953 5543 2052 5600 des
2100 5541 2202 5598 Dei
2275 5549 2330 5598 et
2400 5543 2716 5603 coharedes
2764 5541 2964 5602 Christi
3006 5558 3105 5616 per
3149 5540 3442 5617 prophetas
3497 5546 3552 5598 et
