4026 6308
544 261 617 321 27
1195 213 1213 240 ἶ
1504 262 1847 320 HINCMARI
1874 261 2278 320 RHEMENSIS
2305 261 2858 320 ARCHIEPISCOPI.

3695 257 3811 324 '128

500 389 800 464 apostolos,
835 397 890 446 et
917 389 986 445 ab
1027 388 1148 462 ipso
1195 388 1430 446 Domino
1481 389 1825 462 appellantur
1869 397 1924 446 et
1967 389 2103 445 ﬁunt
2131 387 2187 451 A
2206 405 2318 446 non
2385 390 2564 446 solum
2630 406 2743 457 eos,
2827 388 2924 446 sed
2991 397 3045 446 et
3124 405 3321 446 omnes
3402 389 3814 448 consentientes

508 479 583 536 ita
613 487 666 536 et
695 479 832 534 tales
860 479 1240 550 possessiones
1268 487 1432 552 atque
1462 477 1768 547 facultates,
1800 479 2034 535 Domino
2052 479 2106 533 in

504 568 618 624 suis
647 567 894 624 ecclesiis
925 575 979 623 et
997 567 1054 622 in
1075 567 1399 640 specialibus
1419 583 1702 624 servorum
1723 568 1894 639 ipsius
1915 568 2104 622 usibus

501 654 859 723 consecratae,
891 665 1113 728 propter
1141 655 1331 713 ﬁdeles
1362 657 1586 727 Christi,
1619 657 1710 728 qui
1723 657 1802 712 eis
1825 665 1879 712 et
1909 657 2104 713 exinde

500 744 734 811 aluntur,
769 745 870 800 Dei
899 745 1209 812 haereditas,
1242 762 1367 801 cum
1379 745 1528 801 orbis
1548 753 1818 800 terrarum
1849 754 1901 802 et
1920 745 2102 817 pleni-

501 834 632 890 tudo
677 834 794 904 ejus
840 834 1012 905 ipsius
1053 834 1142 900 sit,
1183 834 1337 906 quasi
1385 833 1697 906 specialiter
1742 835 2098 906 appellantur.

506 923 658 979 Sicut
703 923 868 989 enim,
931 924 1150 995 quando
1194 923 1371 979 omnis
1421 925 1617 979 domus
1667 924 1836 979 Israel
1884 923 2103 979 Domini

506 1013 800 1068 haereditas
830 1013 1148 1080 vocabatur,
1183 1013 1356 1068 tribus
1377 1021 1557 1068 tamen
1589 1013 1736 1080 Levi,
1771 1013 1928 1084 quasi
1949 1013 2102 1069 deci-

503 1102 671 1157 matio
704 1102 883 1157 adhuc
913 1102 1079 1156 etiam
1109 1102 1164 1156 in
1193 1101 1391 1157 lumbis
1421 1103 1653 1158 Abrahae
1683 1119 1716 1157 a
1746 1103 1860 1157 Deo
1906 1103 2098 1172 electa,

503 1207 628 1248 cum
683 1191 913 1247 decimis
959 1198 1012 1246 et
1074 1191 1348 1261 primitiis,
1400 1191 1627 1246 urbibus
1694 1199 1746 1246 et
1805 1191 2100 1257 suburbiis,

503 1280 736 1336 villabus
763 1289 926 1352 atque
955 1281 1395 1350 possessionibus
1427 1289 1478 1336 et
1507 1280 1851 1336 facultatibus
1870 1280 2098 1347 cunctis,

506 1369 763 1441 specialis
815 1368 1030 1423 Domini
1077 1368 1388 1439 haereditas,
1455 1385 1604 1439 pars,
1669 1369 1759 1425 vel
1803 1370 2104 1441 assumptio

504 1457 783 1513 dicebatur
811 1475 824 1512 :
858 1458 932 1512 ita
963 1465 1016 1511 et
1045 1457 1152 1528 isti,
1188 1457 1280 1528 qui
1301 1457 1498 1523 cleros,
1527 1458 1584 1512 id
1613 1465 1696 1513 est
1715 1473 1838 1514 sors
1866 1459 1952 1514 vel
1971 1474 2102 1529 pars

497 1545 712 1602 Domini
735 1546 1095 1616 appellantur,
1149 1561 1272 1602 cum
1319 1547 1571 1601 omnibus
1617 1547 1979 1618 ecclesiis,Eid
2021 1555 2112 1617 est.

504 1634 705 1690 divinis
736 1635 970 1690 ovilibus
991 1635 1062 1689 ad
1094 1650 1153 1690 se
1182 1635 1598 1705 pertinentibus,
1633 1635 1886 1706 specialis
1903 1636 2103 1691 Christi

2205 479 2306 546 eis,
2350 480 2478 552 quia
2520 493 2630 534 non
2672 479 2848 534 solum
2908 479 3000 552 qui
3063 478 3268 535 faciunt
3335 479 3416 535 rei
3474 480 3812 550 iudicantur,

2205 568 2305 623 sed
2352 555 2516 624 etiam
2575 567 2669 640 qui
2708 567 3030 624 facientibus
3091 569 3455 625 consentiunt.
3507 570 3612 624 Par
3655 570 3811 626 enim

2201 671 2366 728 poena
2396 664 2449 712 et
2477 663 2702 729 agentes
2732 665 2787 712 et
2821 657 3225 713 consentientes
3274 657 3706 730 comprehendit.
3757 661 3810 716 Α

2203 761 2304 818 qua
2353 761 2518 816 poena
2565 761 2867 801 consensus
2910 746 3069 802 liberi
3117 762 3240 803 esse
3282 762 3393 802 non
3437 755 3671 818 possunt
3728 747 3812 802 illi

2203 850 2432 906 quorum
2462 834 2825 889 ministerium
2859 843 2961 902 est,
2997 835 3045 890 ei
3097 835 3190 908 qui
3238 836 3364 891 talia
3409 845 3638 907 possunt
3681 851 3816 908 pro-

2201 923 2410 992 hibere,
2441 923 2800 994 comprimere
2828 932 2882 978 et
2912 924 3229 991 emendare,
3253 933 3306 980 et
3334 940 3401 980 ea
3429 941 3538 980 non
3573 926 3806 981 student

2201 1011 2500 1084 corrigere.
2528 1035 2549 1059 ιε
2573 1013 2641 1066 Ει
2669 1020 2889 1068 sanctus
2911 1013 3212 1086 Gregorius
3230 1013 3286 1068 in
3302 1013 3532 1084 epistola
3555 1015 3624 1069 ad
3647 1015 3812 1070 Sabi-

2202 1117 2332 1155 num
2354 1100 2744 1156 subdiaconum
2759 1121 2777 1157 :
2795 1123 2818 1152 α
2845 1101 3226 1172 Sacrilegium,
3240 1102 3432 1174 inquit,
3454 1110 3505 1159 et
3517 1110 3711 1159 contra
3729 1102 3814 1160 le-

2201 1205 2301 1259 ges
2332 1198 2432 1257 est,
2467 1189 2512 1245 si
2544 1189 2666 1260 quis
2695 1191 2842 1262 quod
2870 1191 3272 1246 venerabilibus
3300 1191 3436 1248 locis
3457 1191 3804 1263 relinquitur,

2201 1293 2384 1349 prava:
2414 1278 2706 1333 voluntatis
2739 1279 2934 1333 studiis
2975 1279 3089 1334 suis
3135 1280 3418 1336 tentaverit
3465 1280 3811 1352 compendiis

2201 1367 2456 1423 retinere.
2483 1388 2504 1418 ν
2530 1369 2598 1422 Et
2611 1376 2832 1424 sanctus
2852 1368 3188 1440 Augustinus
3204 1369 3258 1424 in
3281 1385 3534 1425 sermone
3550 1370 3812 1443 Evange-

2199 1453 2258 1510 lii
2288 1456 2462 1512 sancti
2493 1456 2719 1510 Joannis
2749 1457 2914 1512 dicit:
2948 1457 3054 1512 Fur
3074 1457 3371 1530 sacrilegus
3387 1457 3690 1514 loculorum
3714 1475 3814 1515 sa-

2201 1560 2420 1602 crorum
2453 1552 2506 1600 et
2535 1545 2944 1601 Dominicorum
2973 1555 3055 1601 est
3083 1547 3292 1613 Iudas;
3325 1554 3378 1602 et
3398 1548 3490 1620 qui
3507 1547 3717 1621 aliquid
3734 1549 3809 1605 de

2200 1633 2450 1690 Ecclesia
2476 1633 2690 1689 furatur
2719 1643 2773 1690 et
2802 1635 2962 1706 rapit,
2983 1636 3134 1691 Iudae
3148 1635 3362 1706 perdito
3393 1645 3804 1708 comparatur»

498 1723 790 1780 hereditas
819 1723 1018 1779 dicitur
1047 1731 1099 1777 et
1147 1723 1345 1790 existit,
1389 1740 1513 1778 cum
1559 1739 1748 1780 omnes
1799 1725 2098 1780 credentes
2133 1755 2186 1813 B
2207 1724 2275 1779 Et
2305 1723 2433 1778 item
2463 1723 2518 1778 in
2551 1725 2722 1779 sacris
2751 1725 3050 1780 canonibus
3070 1741 3102 1780 a
3133 1733 3321 1781 sancto
3339 1725 3540 1797 Spiritu
3562 1725 3808 1795 dictatis,

496 1826 560 1868 ac
605 1811 883 1876 credituri,
945 1819 1052 1865 tam
1090 1827 1159 1866 ex
1225 1811 1640 1869 circumcisione
1707 1828 1868 1884 quam
1912 1813 2002 1884 qui
2041 1829 2106 1867 ex

494 1900 778 1974 praeputio,
839 1899 1040 1956 Christi
1090 1900 1384 1956 haereditas
1438 1902 1804 1972 appellentur,
1889 1901 2110 1958 dicente

501 1989 776 2061 Propheta
807 2005 821 2044 :
853 1991 1018 2055 Deus,
1049 1993 1329 2046 venerunt
1369 1995 1566 2062 gentes
1615 1992 1680 2045 in
1716 1990 2108 2047 hwreditatem

501 2082 662 2135 tuam
690 2078 868 2149 (Psal.
904 2078 1147 2150 Lxxvm)
1165 2097 1184 2145 ;
1215 2086 1304 2134 et:
1338 2081 1818 2147 Postulaame,et
1846 2081 1982 2136 dabo
2011 2082 2113 2136 tibi

497 2171 692 2238 gentes
715 2168 1108 2224 hwrcditatem
1125 2173 1303 2236 tuam,
1325 2170 1378 2224 ei
1396 2170 1801 2242 possessionem
1819 2173 1980 2225 tuam
1994 2174 2112 2226 ter-

501 2256 690 2312 minus
720 2260 888 2312 terrae
904 2257 1077 2328 (Psal.
1103 2256 1187 2329 ιι).
1211 2257 1291 2312 De
1314 2259 1510 2330 quibus
1534 2259 1846 2330 quicunque
1871 2257 2110 2313 indebita

501 2344 741 2416 quodam
767 2344 1028 2412 abutitur,
1062 2345 1179 2401 sine
1209 2345 1324 2402 ulla
1354 2347 1697 2402 dubitatione
1742 2347 1837 2402 illa
1884 2346 2112 2402 maledi-

499 2432 680 2490 ctione
711 2433 995 2504 multatur,
1028 2442 1081 2490 et
1119 2434 1236 2506 ipsa
1285 2443 1501 2491 tenetur
1539 2435 1826 2502 obnoxius,
1861 2451 2026 2508 quam
2056 2444 2110 2490 et

503 2523 744 2578 caelestis
770 2529 824 2578 et
847 2522 1032 2577 omnis
1064 2530 1280 2579 terrena
1309 2524 1565 2580 continue
1595 2524 1827 2580 Domino
1857 2524 2111 2580 decantat

500 2610 780 2666 Ecclesia:
807 2611 912 2680 Qui
943 2611 1237 2678 dixerunt,
1270 2613 1545 2685 inquiens,
1570 2613 1902 2670 haereditate
1913 2615 2094 2686 possi-

503 2698 736 2757 deamus
766 2701 1164 2756 sanctuarium
1184 2703 1305 2757 Dei.
1331 2704 1475 2758 Deus
1491 2719 1670 2768 meus,
1698 2719 1843 2774 pone
1873 2702 2010 2758 illos
2038 2705 2104 2758 ut

505 2793 717 2856 rotam,
749 2793 806 2844 et
834 2789 986 2844 sicut
1014 2791 1288 2862 stipulam
1304 2795 1440 2847 ante
1484 2793 1692 2863 faciem
1731 2793 1906 2847 venti.
1940 2792 2099 2846 Sicut

505 2878 656 2950 ignis
675 2879 774 2951 qui
783 2877 1062 2934 comburit
1073 2879 1357 2950 silvam,et
1371 2880 1522 2937 sicut
1531 2882 1766 2950 ﬂamma
1777 2881 2107 2936 comburens

497 2966 840 3037 montesgita
862 2969 1217 3038 persequeris
1231 2969 1360 3026 illos
1390 2971 1452 3025 in
1467 2972 1800 3042 tempestate
1822 2973 1942 3038 tua,
1963 2972 2024 3024 et
2044 2969 2106 3024 in

495 3057 587 3112 ira
605 3059 705 3112 tua
727 3054 977 3128 turbabis
997 3055 1286 3130 eostple
1302 3060 1480 3131 facies
1491 3058 2108 3130 eorumignominia,ut

495 3152 964 3218 quwrantnomen
980 3148 1424 3218 tuum,Domine.
1441 3149 1789 3205 Erubescant
1808 3151 1864 3203 et
1880 3150 2106 3204 contur'

493 3235 772 3294 benturin
783 3241 1056 3297 saeculum
1067 3239 1346 3306 sceculi,et
1357 3237 1787 3310 confundantur
1799 3240 1856 3292 et
1863 3241 2102 3308 pereant

496 3328 554 3381 et
579 3333 918 3398 cognoscant
935 3331 1070 3396 quia
1090 3344 1297 3384 nomen
1317 3328 1418 3383 tibi
1433 3327 1706 3383 Dominus
1723 3330 1809 3392 ,tu
1840 3327 1992 3382 solus
2013 3325 2105 3380 al-

499 3414 754 3472 tissimus
767 3418 830 3473 in
842 3420 1001 3474 omni
1013 3421 1167 3474 terra
1179 3416 1354 3488 (Psal.
1374 3415 1620 3486 Lxxxn).
1639 3414 1869 3470 Sanctus
1883 3429 2100 3486 quoque

491 3504 784 3561 Anacletus
813 3521 978 3579 papa,
1021 3506 1090 3562 ab
1119 3507 1240 3578 ipso
1270 3505 1429 3561 beato
1459 3505 1620 3560 Petro
1659 3502 1910 3574 apostolo
1939 3519 2100 3574 pres-

487 3592 647 3664 byter
674 3595 970 3662 ordinatus,
1007 3603 1196 3668 postea
1224 3593 1280 3650 in
1335 3593 1467 3649 sede
1514 3593 1760 3649 Romana
1809 3605 2100 3648 successor

488 3681 633 3738 illius
664 3681 838 3740 factus
865 3685 1176 3757 episcopus,
1211 3699 1336 3740 cum
1385 3683 1549 3738 totius
1601 3681 1789 3737 mundi
1846 3680 2098 3737 sacerdo-

490 3770 634 3826 tibus
658 3772 965 3841 judicavit:
1005 3795 1027 3823 ι
1065 3772 1170 3842 Qui
1217 3771 1518 3840 abstulerit,
1572 3771 1843 3843 inquiens,
1891 3769 2097 3842 aliquid

489 3860 628 3930 patri
656 3861 746 3918 vel
773 3862 948 3930 matri,
982 3861 1272 3918 homicida
1309 3861 1588 3934 particeps
1640 3867 1742 3916 est.
1797 3860 1958 3914 Pater
2005 3873 2098 3914 no-

490 3955 604 4005 ster
632 3949 750 4005 sine
786 3950 952 4007 dubio
1004 3952 1153 4007 Deus
1208 3958 1310 4015 est,
1361 3949 1450 4022 qui
1491 3965 1592 4005 nos
1639 3948 1884 4015 creavit;
1920 3954 2097 4004 mater

487 4053 616 4094 vero
643 4046 834 4095 nostra
861 4040 1128 4110 Ecclesia,
1176 4056 1298 4112 quae
1345 4039 1400 4094 in
1449 4038 1722 4110 baptismo
1779 4035 2098 4108 spiritaliter

488 4127 856 4201 regeneravit.
891 4131 1042 4204 Ergo
1077 4129 1170 4202 qui
1218 4127 1417 4184 Christi
1446 4127 1707 4200 pecunias
1739 4133 1792 4182 et
1832 4125 2094 4183 Ecclesia:

484 4217 648 4289 rapit,
677 4216 854 4274 aufert
885 4219 971 4275 vel
999 4218 1300 4284 fraudatur,
1341 4217 1617 4274 homicida
1670 4224 1772 4283 est,
1826 4224 1990 4288 atque
2037 4223 2096 4270 ut

484 4306 757 4363 homicida
786 4316 910 4364 ante
935 4315 1290 4379 conspectum
1313 4307 1444 4376 justi
1474 4307 1677 4376 judicis
1723 4304 2089 4376 deputabitur.

483 4393 587 4465 Qui
617 4396 759 4467 rapit
802 4397 1089 4468 pecuniam
1137 4395 1372 4466 proximi
1415 4394 1498 4450 sui
1547 4394 1894 4466 iniquitatem
1953 4407 2092 4464 ope-

2213 1819 2266 1868 et
2297 1813 2492 1868 Christi
2519 1813 2799 1868 sanctione
2837 1812 3193 1884 conﬁrmatis,
3227 1814 3486 1886 scriptum
3520 1823 3603 1870 est
3639 1816 3808 1887 (con-

2213 1903 2316 1958 cil.
2352 1903 2520 1958 Tolet.
2546 1917 2585 1968 r,
2615 1918 2744 1958 can.
2776 1903 2900 1973 li):
2937 1924 2960 1954 ι
2995 1903 3052 1958 Si
3083 1903 3204 1974 quis
3224 1903 3294 1960 de
3322 1903 3630 1974 potentibus
3648 1903 3814 1962 cleri-

2214 2005 2339 2045 cum
2417 1998 2510 2045 aut
2592 1991 2887 2062 quemlibet
2963 2007 3264 2062 pauperum
3335 1999 3425 2046 aut
3490 1992 3812 2066 religiosum

2215 2079 2618 2150 exspoliaverit,
2652 2087 2705 2135 et
2759 2079 3096 2136 mandaverit
3123 2081 3192 2136 ad
3221 2082 3400 2152 ipsum
3432 2081 3726 2154 episcopus
3742 2090 3804 2138 ut

2214 2183 2338 2224 eum
2366 2168 2584 2235 audiat;
2619 2167 2665 2223 si
2696 2170 3104 2240 contempserit,
3136 2169 3369 2226 invicem
3425 2186 3551 2226 mox
3594 2171 3808 2243 scripta

2211 2265 2532 2328 percurrent
2607 2273 2708 2329 per
2774 2273 2965 2314 omnes
3019 2257 3314 2329 provinciae
3377 2258 3684 2331 episcopos,
3759 2269 3817 2316 et

2215 2360 2566 2418 quoscunque
2648 2346 2798 2402 adire
2874 2347 3128 2418 potuerit,
3189 2356 3248 2402 ut
3303 2347 3807 2406 excommunicatus

2212 2433 2494 2501 habeatur,
2527 2435 2703 2492 donec
2731 2435 2913 2490 audiat
2946 2445 3000 2492 et
3045 2437 3238 2492 reddat
3283 2437 3482 2494 aliena.
3521 2458 3543 2488 ι
3575 2438 3644 2492 Εῐ
3667 2437 3812 2495 item

2214 2523 2472 2594 scriptum
2538 2531 2621 2579 est
2685 2524 2908 2594 (concil.
2977 2526 3176 2598 Agath.
3217 2541 3342 2582 can.
3376 2527 3480 2596 4):
3530 2549 3553 2573 ε
3605 2526 3814 2585 Clerici

2203 2611 2398 2693 etiam,
2428 2612 2515 2668 vel
2537 2612 2844 2682 saeculares,
2880 2613 2971 2686 qui
3013 2614 3314 2670 oblationes
3359 2622 3668 2686 parentum,
3714 2623 3812 2672 aut

2213 2699 2460 2767 donatas,
2492 2710 2582 2756 aut
2607 2708 2932 2758 testamento
2964 2702 3199 2769 relictas,
3249 2702 3486 2760 retinere
3527 2719 3808 2776 praesum-

2211 2789 2440 2860 pserint,
2473 2798 2566 2845 aut
2593 2791 2647 2845 id
2681 2791 2827 2862 quod
2882 2791 2984 2862 ipsi
3033 2791 3374 2848 donaverunt
3421 2792 3668 2849 ecclesiis
3711 2794 3809 2850 vel

2212 2877 2553 2935 monasteriis
2616 2879 2947 2937 crediderint
3003 2879 3375 2948 auferendum,
3436 2881 3576 2938 sicut
3631 2897 3811 2955 syno-

2213 2968 2314 3024 dus
2382 2976 2569 3024 sancta
2639 2969 2942 3038 constituit,
3003 2969 3154 3026 velut
3231 2977 3520 3028 necatores
3587 2987 3808 3044 paupe-

2214 3073 2362 3124 rum,
2421 3073 2707 3130 quousque
2767 3058 3024 3125 reddant,
3085 3063 3153 3113 ab
3209 3059 3454 3116 ecclesiis
3499 3059 3808 3117 excludan-

2211 3153 2314 3201 tur.
2355 3169 2377 3195 ω

2277 3235 2432 3292 Unde
2492 3250 2837 3307 summopere
2893 3245 3123 3293 caveant
3172 3237 3506 3309 potentiores
3573 3238 3804 3311 quique,
3835 3279 3854 3290 .

2203 3324 2576 3397 unusquisque
2605 3325 2660 3379 in
2690 3325 2883 3381 ordine
2915 3333 2968 3380 et
2995 3325 3256 3398 dignitate
3297 3341 3415 3392 sua,
3461 3341 3532 3382 ne
3577 3343 3799 3398 praesu-

2201 3420 2350 3468 mant
2378 3414 2432 3468 in
2465 3413 2865 3470 damnationem
2905 3430 3060 3470 suam
3086 3431 3180 3470 res
3227 3415 3330 3470 sibi
3377 3415 3806 3485 ecclesiasticas,

2200 3517 2380 3574 neque
2413 3501 2652 3574 fatigent,
2687 3502 2774 3558 vel
2815 3501 3062 3576 afﬂigant
3089 3504 3420 3560 inconsuetis
3449 3506 3810 3562 consuetudi-

2199 3590 2362 3646 nibus
2409 3591 2510 3647 Dei
2557 3591 2840 3658 ecclesias,
2874 3601 2929 3646 et
2965 3592 3088 3648 loca
3137 3602 3497 3650 sanctorum:
3566 3594 3811 3652 scientes

2199 3679 2323 3751 quia
2369 3687 2427 3733 ut
2480 3679 2862 3750 praemisimus,
2897 3697 2988 3736 res
3049 3681 3438 3739 ecclesiasticas
3501 3691 3628 3738 vota
3678 3692 3813 3740 sunt

2197 3767 2458 3834 ﬁdelium,
2490 3768 2816 3839 patrimonia
2843 3785 3163 3842 pauperum,
3197 3772 3373 3843 pretia
3401 3779 3759 3843 peccatorum
3791 3792 3807 3840 ;

2198 3865 2253 3912 et
2297 3856 2355 3912 in
2395 3857 2616 3913 tuitione
2654 3865 2817 3930 atque
2866 3858 3186 3916 defensione
3229 3859 3424 3916 Christi
3469 3860 3800 3928 consistunt,

2199 3945 2291 4017 qui
2321 3961 2416 4000 eas
2445 3953 2606 4001 terrae
2636 3945 2976 4018 principibus
3019 3956 3182 4019 atque
3209 3949 3538 4020 primoribus
3569 3949 3641 4005 ad
3691 3949 3802 4006 de-

2198 4032 2526 4090 fendendum
2559 4044 2612 4091 et
2659 4037 3118 4105 conservandum,
3169 4052 3278 4092 non
3327 4037 3398 4093 ad
3441 4036 3800 4108 aftligendum

2196 4123 2284 4179 vel
2328 4125 2718 4195 usurpandum,
2791 4125 2906 4182 sive
2970 4127 3430 4196 prtesumendum,
3500 4127 3797 4184 commisit.

2195 4212 2358 4279 Nam,
2415 4228 2750 4286 quacunque
2809 4213 3180 4285 praetendatur
3235 4231 3270 4270 a
3318 4231 3642 4288 quocunque
3687 4216 3799 4271 uti-

2195 4301 2376 4369 litatis,
2415 4302 2530 4359 sive
2589 4303 2936 4359 necessitatis
3002 4303 3260 4372 occasio,
3305 4303 3397 4360 ille
3451 4305 3620 4360 corda
3667 4319 3790 4360 om-

2195 4389 2346 4445 nium
2392 4392 2676 4463 conspicit,
2731 4391 2824 4464 qui
2869 4392 3018 4447 novit
3077 4393 3434 4464 cogitationes
3486 4393 3795 4463 hominum,

481 4492 660 4552 ratur;
695 4483 787 4556 qui
829 4492 1009 4540 autem
1053 4500 1145 4540 res
1193 4483 1462 4540 Ecclesiae
1509 4482 1820 4559 abstulerit,
1869 4474 2166 4538 sacrile-D
2197 4486 2251 4534 et
2281 4488 2594 4536 remunerat
2640 4479 2884 4536 actiones
2932 4488 2983 4536 et
3005 4481 3165 4536 etiam
3187 4481 3543 4554 cogitationes
3565 4482 3802 4539 irremu-

481 4572 631 4646 gium
660 4571 788 4629 facit
819 4580 949 4628 etut
991 4571 1296 4644 sacrilegus
1338 4571 1668 4640 judicandus
1714 4579 1816 4626 est.
1857 4594 1879 4620 η
1933 4573 2086 4638 Item,

483 4670 702 4718 sanctus
731 4661 984 4718 Urbanus
1027 4676 1169 4732 papa.
1201 4668 1254 4716 et
1283 4667 1494 4732 martyr
1527 4677 1542 4714 ε
1580 4681 1602 4711 κ
1638 4661 1746 4715 Res
1775 4667 1827 4714 et
1859 4657 2092 4716 faculta-

481 4757 564 4804 tes
609 4750 994 4806 ecclesiasticm
1043 4749 1349 4806 oblationes
1389 4748 1749 4820 appellantur,
1803 4747 1933 4820 quia
1974 4749 2090 4804 Do-

481 4837 630 4894 mino
672 4837 990 4908 offeruntur,
1035 4847 1088 4896 et
1151 4847 1277 4895 vota
1325 4845 1448 4892 sunt
1505 4837 1749 4893 fidelium
1805 4844 1859 4892 et
1917 4837 2095 4909 pretia

480 4934 833 5000 peccatorum
874 4936 1039 5000 atque
1086 4927 1422 5000 patrimonia
1480 4941 1800 4998 pauperum.
1869 4926 1925 4982 Si
1976 4927 2096 4999 quis

482 5019 559 5074 ia
609 5015 864 5088 rapuerit,
915 5032 1042 5072 reus
1074 5025 1157 5073 est
1203 5016 1576 5072 damnationis
1623 5015 1848 5071 Ananiae
1899 5023 1953 5071 et
2001 5016 2098 5072 Sa-

481 5105 670 5178 phiraa,
703 5113 757 5161 et
785 5112 1000 5176 oportet
1017 5106 1337 5178 hujusmodi
1360 5105 1592 5161 tradere
1621 5104 1870 5174 Satante,
1892 5108 1958 5160 ut
1977 5107 2094 5178 spi-

481 5190 632 5246 ritus
659 5191 850 5247 salvus
901 5192 978 5246 sit
1022 5193 1088 5246 in
1135 5191 1225 5246 die
1267 5191 1494 5247 Domini
1531 5189 1586 5260 (Ι
1605 5190 1726 5245 Cor.
1761 5189 1840 5261 v).
1877 5209 1900 5240 ι
1938 5190 2092 5256 Item,

481 5286 705 5336 sanctus
733 5278 928 5335 Lucius
955 5293 1098 5350 papa
1130 5295 1144 5334 :
1177 5299 1200 5330 α
1248 5278 1452 5334 Rerum
1495 5277 1993 5334 ecclesiasticarum
2043 5285 2096 5333 et

483 5367 794 5426 facultatum
837 5377 1095 5439 raptores
1116 5411 1129 5435 ,
1177 5384 1209 5422 a
1254 5366 1530 5422 liminibus
1576 5375 1777 5424 sanctae
1831 5367 2096 5424 Ecclesiae

482 5457 964 5514 anathematizatos
1019 5455 1320 5529 apostolica
1365 5455 1689 5512 auctoritate
1740 5456 1996 5529 pellimus
2044 5463 2100 5512 et

481 5550 828 5624 damnamus,
883 5563 1041 5629 atque
1099 5554 1405 5630 sacrilegos
1461 5570 1586 5611 esse
1638 5555 1969 5626 judicamus
1994 5597 2008 5622 ,
2046 5558 2101 5611 et

2194 4575 2416 4623 neratas
2443 4569 2750 4625 nullatenus
2780 4568 3135 4640 derelinquet.
3169 4569 3439 4639 Quocirca
3466 4571 3645 4626 omnis
3694 4573 3794 4644 qui

2195 4655 2308 4711 vult
2341 4657 2522 4712 salvus
2578 4658 2718 4724 fieri,
2766 4665 2821 4712 et
2865 4658 2936 4713 ab
2983 4667 3189 4714 aeterna
3232 4667 3410 4715 morte
3445 4659 3686 4728 liberari,
3741 4669 3802 4716 et

2197 4747 2267 4800 ad
2312 4754 2571 4802 aeternam
2618 4747 2785 4802 vitam
2830 4747 3136 4818 pervenire,
3199 4749 3556 4804 attentissima
3611 4751 3803 4806 cordis

2197 4850 2329 4892 aure
2359 4835 2609 4890 exaudiat
2637 4835 2765 4907 quid
2797 4835 3028 4906 Spiritus
3057 4844 3278 4892 sanctus
3308 4853 3408 4908 per
3437 4853 3534 4893 eos
3578 4838 3800 4894 locutus

2199 4931 2300 4989 est,
2326 4923 2524 4997 quibus
2551 4923 2686 4979 dixit
2723 4925 2988 4979 Dominus
3020 4943 3033 4980 :
3067 4929 3204 4983 Ecce
3224 4942 3322 4998 ego
3350 4928 3632 4984 vobiscum
3660 4944 3796 4984 sum

2198 5014 2459 5070 omnibus
2477 5013 2667 5069 diebus
2700 5029 2873 5086 usque
2901 5014 2973 5069 ad
3014 5018 3560 5072 consummationem
3598 5019 3801 5074 swculi

2199 5102 2422 5172 (Matth.
2462 5101 2702 5173 xxvru);
2748 5110 2842 5158 et:
2879 5104 2999 5159 Non
3031 5120 3120 5159 vos
3159 5105 3296 5160 estis
3333 5106 3430 5176 qui
3467 5107 3790 5178 loquimini,

2199 5190 2296 5246 sed
2307 5191 2556 5262 Spiritus
2573 5192 2762 5247 Patris
2779 5193 2952 5248 vestri
2967 5193 3063 5266 qui
3079 5193 3329 5265 loquitur
3347 5195 3410 5249 in
3430 5195 3574 5250 vobis
3591 5194 3797 5266 (Matth

2197 5280 2302 5346 x);
2363 5285 2460 5334 et:
2516 5280 2867 5352 Quaecunque
2923 5282 3298 5352 alligaveritis
3352 5299 3524 5354 super
3555 5287 3796 5354 terram,

2201 5372 2374 5424 erunt
2407 5369 2581 5440 ligata
2625 5373 2682 5425 et
2726 5371 2789 5426 in
2837 5371 3011 5437 caele;
3061 5373 3118 5425 et
3167 5387 3510 5445 quacunque
3567 5374 3806 5430 solveri-

2202 5459 2277 5512 tis
2311 5473 2481 5530 super
2515 5461 2746 5525 terram,
2784 5462 2954 5516 erunt
2997 5459 3185 5515 soluta
3213 5464 3271 5515 et
3307 5461 3372 5515 in
3401 5461 3537 5518 caelo
3569 5460 3797 5533 (Matth.

2201 5556 2403 5629 xvm):
2454 5563 2508 5613 et
2539 5572 2552 5612 :
2593 5557 2844 5630 Accipite
2881 5557 3163 5630 Spiritum
3209 5563 3518 5616 sanctum:
3551 5575 3800 5633 quorum
