4026 6292
481 242 581 300 i3!

1474 237 1830 300 'HINCMARI
1855 231 2259 300 RHEMENSIS
2289 208 2844 296 ARCHIEPISCOPI.

3670 241 3781 298 132

484 381 615 424 eum
631 367 696 424 in
720 365 1024 424 novissimo
1053 365 1228 433 ἐϋ,δί
1255 382 1374 424 non
1398 369 1676 426 morietur
1694 368 1758 424 in
1788 371 2070 425 aeternum
2093 366 2144 430 A
2173 371 2284 420 tate
2327 363 2397 420 sit
2455 363 2684 438 quisque
2744 359 3084 420 Christianus
3108 403 3122 428 ,
3165 360 3238 418 ad
3281 375 3382 419 vos
3425 377 3494 418 ex
3540 362 3784 422 Domino

481 454 660 526 (Joan.
711 454 812 526 v1).
867 454 1165 528 Propterea
1208 455 1416 511 nullum
1461 455 1610 513 aliud
1675 463 1841 512 restat
1881 456 2074 513 salutis

482 541 771 614 refugium,
801 543 910 600 nisi
955 551 1014 599 ut
1050 543 1286 602 declinet
1329 544 1574 618 quisquis
1605 545 1718 602 vult
1747 545 1928 602 salvus
1956 543 2078 602 fieri

482 632 552 687 ab
576 631 698 688 istis
742 631 900 688 malis
948 640 1003 688 et
1049 633 1118 688 ab
1161 633 1280 690 aliis
1307 634 1626 690 mortalibus
1657 633 1994 702 criminibus,
2025 640 2078 688 et

480 737 582 792 per
624 720 1003 793 paenitentiam
1037 721 1422 780 reconcilietur
1466 721 1602 791 Deo,
1633 731 1688 779 et
1715 723 2079 780 communicet

481 809 714 867 viviﬁcis
779 811 1052 884 mysteriis
1086 855 1100 879 ,
1148 819 1207 868 ut
1240 812 1428 870 vivere
1472 813 1646 869 valeat
1692 812 1748 867 in
1791 820 2073 869 aeternum.

482 897 628 956 Nihil
655 899 802 957 enim
847 901 1075 973 prodest
1115 901 1212 957 ulli
1240 901 1446 958 homini
1473 901 1521 958 si
1549 901 1888 958 Christianus
1908 916 2077 958 voca-

479 995 588 1057 tur,
612 989 660 1045 si
688 1004 856 1062 opera
881 988 1084 1046 Christi
1107 1033 1120 1058 ,
1159 1007 1280 1062 quae
1323 990 1586 1062 precepit
1629 990 1747 1062 ipse
1794 989 2036 1046 Christus
2061 1031 2075 1060 ,

474 1091 586 1134 non
629 1076 820 1134 fecerit
853 1096 868 1133 :
901 1079 1012 1134 imo
1060 1078 1220 1135 etiam
1261 1079 1440 1152 magis
1489 1079 1561 1134 ad
1611 1095 1777 1134 suum
1815 1077 2080 1149 judicium

479 1165 815 1222 Christianus
852 1175 1096 1236 vocatur,
1127 1166 1218 1240 qui
1277 1167 1378 1224 sub
1415 1168 1634 1224 nomine
1685 1167 1888 1224 Christi
1934 1166 2080 1222 idola

481 1255 608 1311 colit
638 1255 863 1312 diaboli.
895 1256 1021 1329 Ipsa
1047 1256 1193 1312 enim
1222 1257 1452 1325 Veritas,
1485 1273 1605 1330 quae
1634 1257 1782 1313 Deus
1811 1264 1912 1324 est,
1943 1271 2079 1328 pro-

480 1351 730 1416 testatur,
755 1343 885 1416 quia
934 1344 1028 1417 qui
1075 1345 1238 1402 servit
1268 1361 1592 1402 mammonae
1635 1346 1739 1416 (sic
1786 1345 1932 1401 enim
1960 1345 2078 1400 dae-

478 1447 608 1490 mon
653 1433 958 1490 divitiarum
1006 1433 1334 1504 praepositus
1362 1434 1680 1508 appellatur)
1711 1431 1932 1490 diabolo
1963 1449 2081 1488 ser-

479 1521 572 1590 vit,
601 1521 689 1579 vel
733 1521 875 1577 idola
920 1521 1046 1578 colit
1094 1521 1298 1578 diaboli
1329 1541 1342 1578 :
1379 1523 1470 1595 qui
1497 1523 1667 1579 servit
1694 1522 1942 1590 luxuriae,
1972 1537 2079 1578 vo-

475 1609 662 1666 luntati
709 1609 888 1668 carnis
931 1625 1029 1683 pro
1071 1611 1189 1667 Deo
1236 1611 1440 1680 servit;
1469 1612 1614 1668 unde
1659 1612 1920 1683 scriptum
1949 1618 2030 1667 est
2063 1626 2078 1667 :

2175 453 2431 509 mandata
2457 452 2765 526 dirigimus,
2797 449 2889 524 qui
2918 451 2988 508 de
3016 449 3270 507 omnibus
3299 449 3612 508 hominibus
3649 453 3792 510 dicit

2176 541 2325 599 omni
2349 541 2607 616 episcopo
2640 559 2654 596 ε
2694 543 2772 596 Tu
2800 544 2994 598 autem
3023 540 3262 597 audiens
3280 541 3576 598 nuntiabis
3595 543 3678 599 eis
3707 559 3791 599 ea:

2175 647 2265 686 me
2315 631 2534 696 (Ezech.
2606 629 2841 701 χχχιιι).
2888 631 2977 685 Ea:
2996 645 3103 696 me,
3136 627 3328 700 inquit,
3361 637 3415 685 et
3441 645 3552 686 non
3574 671 3588 697 ,
3610 630 3792 688 Exte.

2175 719 2476 791 Pr0pterea
2533 719 2651 775 hac
2696 718 2836 775 sicut
2895 717 3116 774 Domini
3153 717 3414 774 mandata
3459 718 3718 792 suscipite
3774 736 3790 774 :

2177 807 2332 876 cujus
2360 806 2617 878 potentiae
2645 821 2754 862 non
2779 805 3028 878 potestis,
3061 813 3114 862 et
3141 805 3298 876 cujus
3328 805 3590 863 voluntati
3618 814 3793 881 atque

2175 895 2436 951 mandato
2491 909 2600 952 non
2657 895 2870 952 debetis
2924 895 3182 952 resistere
3204 937 3217 962 ,
3251 893 3298 950 si
3353 910 3464 950 non
3519 896 3683 954 vultis
3727 904 3793 953 ut

2177 983 2347 1041 vestri
2391 983 2602 1056 proprii
2647 983 2853 1041 inimici
2897 983 3057 1040 saluti
3101 991 3303 1041 vestrae
3344 983 3634 1043 obsistere.
3667 986 3796 1044 Nos

2179 1081 2361 1130 autem
2402 1071 2531 1129 talia
2580 1073 2740 1130 nobis
2787 1081 2968 1130 tacere
3012 1087 3117 1130 nec
3144 1088 3442 1144 possumus
3469 1089 3573 1132 nec
3599 1075 3784 1133 aude-

2178 1177 2302 1216 mus
2323 1204 2336 1230 ,
2363 1161 2558 1234 quibus
2607 1161 2874 1218 Dominus
2903 1177 3004 1234 per
3047 1162 3368 1234 prophetam
3397 1162 3526 1220 dicit
3555 1165 3702 1236 quod
3733 1164 3788 1222 si

2179 1265 2290 1307 non
2331 1251 2830 1308 annuntiaverimus
2877 1251 3055 1319 vobis,
3106 1251 3426 1322 sanguinem
3455 1261 3698 1310 vestrum
3718 1254 3791 1311 de

2179 1353 2345 1396 manu
2386 1347 2576 1396 nostra
2616 1340 2874 1412 requiret.
2922 1340 2992 1394 Et
3035 1339 3106 1396 ab
3149 1339 3256 1395 illis
3286 1341 3534 1397 Patribus
3562 1349 3618 1400 et
3643 1359 3793 1414 pra-

2181 1429 2564 1485 decessoribus
2629 1429 2834 1485 nostris
2871 1472 2886 1497 ,
2939 1444 3174 1501 quorum
3225 1429 3375 1487 vices
3439 1437 3688 1487 tenemus
3732 1431 3794 1488 in

2182 1517 2344 1574 terris
2367 1559 2382 1587 ,
2417 1533 2602 1574 coram
2639 1517 2874 1574 Domino
2921 1517 3290 1590 degradamur
3317 1517 3374 1574 in
3403 1517 3576 1588 caelis,
3611 1520 3658 1576 si
3677 1535 3794 1578 non

2183 1606 2534 1678 exsequimur
2580 1623 2702 1679 quae
2732 1605 2811 1662 illi
2841 1613 3146 1663 statuerunt
3173 1606 3380 1682 regulis
3408 1607 3666 1666 divinitus
3697 1609 3793 1666 in-

483 1698 674 1756 Gloria
693 1716 890 1758 eorum
915 1701 980 1756 in
1008 1701 1340 1773 confusione
1359 1705 1444 1758 est
1464 1701 1702 1776 (Philip.
1727 1700 1834 1774 ιιι),
1851 1701 1908 1757 id
1928 1700 2081 1756 estin
2111 1731 2165 1792 B
2185 1695 2420 1792 spiratis.
2473 1694 2815 1792 Quapropter
2840 1695 2888 1752 si
2913 1711 3014 1754 vos
3059 1695 3140 1792 ab_
3172 1695 3262 1792 his
3291 1697 3797 1792 undeneommone-

481 1787 806 1860 genitalibus
854 1788 1117 1846 membris
1142 1831 1156 1859 ,
1189 1805 1310 1863 quae
1349 1789 1516 1864 vulgo
1559 1790 1872 1846 verecunda
1903 1790 2084 1862 appel-

475 1875 675 1934 lantur.
711 1878 889 1935 Deum
927 1876 1131 1950 quippe
1175 1877 1459 1952 Scriptura
1503 1878 1738 1952 gloriam
1771 1879 2079 1952 appellavit,

481 1981 605 2038 qua:
631 1965 762 2022 dicit
793 1966 862 2022 de
891 1966 1096 2025 Judais
1127 1983 1142 2022 :
1176 1969 1536 2025 Mutaverunt
1561 1969 1803 2042 gloriam
1825 1985 1992 2024 suam
2019 1969 2084 2024 in

2181 1783 2314 1839 mini
2345 1785 2668 1856 quantocius
2713 1799 2824 1841 non
2866 1784 3235 1852 correxeritis,
3276 1785 3520 1842 sicutilli
3561 1785 3618 1842 in
3647 1788 3794 1844 caelo

2181 1881 2236 1929 et
2265 1888 2367 1930 nos
2395 1873 2453 1928 in
2501 1881 2646 1930 terra
2663 1915 2679 1942 ,
2710 1889 2818 1930 una
2846 1889 2972 1932 cum
3015 1874 3330 1946 apostolicae
3356 1874 3504 1933 sedis
3530 1876 3793 1948 praesule,

2183 1970 2234 2018 et
2282 1961 2431 2019 omni
2469 1963 2814 2020 sacerdotum
2858 1963 3246 2032 unanimitate,
3276 1979 3376 2022 vos
3414 1980 3445 2020 a
3489 1965 3694 2022 Christi
3739 1973 3796 2023 et

480 2053 932 2113 similitudinem
959 2057 1128 2114 vituli
1142 2057 1483 2114 comedenti:
1523 2061 1727 2130 fenum
1767 2058 1942 2129 (Psal.
1977 2055 2092 2128 cv.)
2181 2049 2425 2107 ﬁdelium
2462 2052 2580 2122 ejus
2621 2053 2894 2110 consortio
2925 2053 3361 2127 segregabimus.
3397 2051 3556 2124 Quod
3584 2070 3656 2112 ne
3685 2070 3795 2112 nos

480 2143 592 2200 Sed
610 2151 661 2200 et
677 2143 746 2200 de
768 2143 850 2201 eis
877 2143 966 2217 qui
986 2145 1286 2218 gloriantur
1313 2147 1530 2218 quando
1559 2161 1658 2203 sua
1679 2145 1902 2203 libidine
1917 2145 2082 2202 casti-

481 2239 647 2288 tatem
681 2241 1083 2306 expugnant,et
1107 2233 1336 2291 aliorum
1362 2243 1513 2292 toros
1533 2235 1946 2299 maculant,hzec
1964 2251 2087 2308 quae

481 2336 650 2394 supra
677 2321 822 2378 idem
839 2323 969 2380 dicit
1010 2323 1344 2394 Apostolus:
1379 2325 1647 2398 Glorialin
1679 2324 1958 2398 pudendis
1997 2340 2086 2380 eo-

477 2427 610 2468 rum
627 2413 724 2486 qui
745 2415 975 2470 terrena
1013 2413 1253 2488 sapiunt
1287 2411 1522 2488 (Philip.
1549 2429 1611 2469 ιιι
1630 2413 1673 2486 ;)
1709 2421 1762 2471 et
1781 2413 1913 2470 alibi
1931 2413 2082 2472 Scri-

479 2499 974 2573 pturaszaetaniur
983 2517 1114 2559 cum
1123 2503 1277 2558 male
1293 2503 1626 2575 fecerint,et
1636 2504 1910 2560 exultant
1923 2503 1987 2558 in
2001 2519 2084 2559 re-

438 2580 443 2584 ’
481 2587 580 2646 bus
589 2591 850 2662 pessimis
863 2591 1049 2662 (Prov.
1067 2591 1358 2666 u)_.Contra
1369 2591 1515 2664 quod
1527 2591 1775 2664 praecipit
1789 2599 1846 2647 ut
1857 2595 1956 2666 qui
1965 2591 2084 2665 glo-

477 2679 668 2734 riatur
698 2680 802 2744 ,in
836 2681 1074 2736 Domino
1119 2681 1397 2752 glorietur
1423 2681 1474 2750 (Ι
1497 2681 1615 2737 Cor.
1647 2680 1709 2752 ι).
1763 2679 1868 2750 Qui
1915 2681 2084 2738 servit

481 2763 747 2835 avaritiae,
797 2765 947 2822 idola
975 2767 1126 2836 colit,
1159 2767 1299 2825 sicut
1340 2769 1537 2824 Paulus
1584 2767 1752 2825 dicit:
1784 2771 1856 2826 Et
1889 2771 2081 2826 avari-

483 2855 626 2911 tiam
645 2871 767 2928 qua:
795 2858 882 2912 est
905 2856 1187 2914 idolorum
1206 2859 1447 2914 servitus
1468 2857 1701 2928 (Coloss.
1723 2856 1942 2928 ni).Qui
1967 2874 2084 2914 ser-

479 2943 556 3000 vit
585 2941 728 3018 gulze
757 2951 810 3000 et
859 2943 1132 3014 ebrietati,
1181 2953 1433 3002 ventrem
1458 2960 1556 3018 pro
1583 2945 1702 3004 Deo
1749 2945 1907 3015 colit;
1937 2947 2083 3003 unde

478 3031 611 3088 item
637 3031 801 3088 dicit:
829 3033 1076 3102 Quorum
1089 3036 1238 3092 Deus
1258 3038 1458 3092 venter
1478 3039 1564 3092 est
1580 3035 1813 3110 (Philip.
1837 3035 2082 3108 m).Quae

2182 2155 2352 2213 agere
2397 2140 2756 2214 compellatis,
2797 2157 2896 2198 vos
2925 2157 3025 2214 pro
3075 2142 3286 2198 Christo
3315 2150 3370 2198 et
3395 2151 3580 2200 vestra
3609 2143 3794 2200 salute

2182 2228 2433 2285 obnixius
2463 2229 2838 2302 deprecamur.
2873 2231 2984 2287 Vos
3003 2239 3186 2287 autem
3217 2231 3264 2287 si
3293 2231 3562 2288 mandatis
3591 2231 3796 2290 Domi-

2181 2317 2320 2375 nicis
2348 2319 2576 2375 obedire
2623 2318 2969 2387 studueritis,
3004 2327 3058 2376 et
3083 2327 3326 2376 vestram
3355 2319 3608 2391 salutem,
3635 2337 3795 2394 prte-

2183 2415 2392 2464 sentem
2439 2408 2645 2465 scilicet
2683 2416 2738 2464 et
2779 2408 3017 2466 futuram
3063 2409 3274 2483 agetis;
3307 2416 3360 2466 et
3404 2410 3580 2484 gloria
3626 2418 3797 2484 atque

2183 2512 2384 2554 corona
2404 2505 2598 2554 nostra
2617 2512 2802 2554 coram
2833 2497 2950 2554 Deo
2979 2497 3150 2569 eritis,
3184 2499 3279 2570 qui
3309 2499 3378 2555 de
3402 2499 3560 2556 vobis
3590 2501 3791 2558 redde

2181 2602 2304 2642 mus
2332 2585 2409 2642 illi
2437 2586 2492 2642 in
2520 2587 2608 2643 die
2632 2587 2824 2658 judicii
2850 2587 3135 2656 rationem,
3169 2588 3308 2645 sicut
3337 2595 3390 2644 et
3419 2603 3519 2646 vos
3545 2587 3615 2644 de
3629 2589 3798 2646 vobis

2183 2674 2318 2746 ipsis
2349 2683 2402 2732 et
2433 2676 2502 2732 de
2532 2675 2786 2732 omnibus
2815 2675 2972 2733 vobis
3019 2676 3330 2733 commissis
3358 2679 3624 2736 rationem
3653 2679 3794 2736 estis

2183 2765 2302 2820 sine
2342 2763 2510 2820 dubio
2557 2765 2837 2822 reddituri.
2888 2765 2957 2820 Et
2995 2765 3119 2822 ideo
3148 2765 3318 2822 multo
3347 2767 3526 2822 studio
3555 2768 3798 2840 satagite

2181 2860 2238 2908 ut
2280 2853 2338 2908 in
2379 2853 2471 2908 illa
2512 2854 2796 2910 tremenda
2825 2853 2914 2910 die
2941 2854 3010 2909 ab
3041 2853 3352 2928 iniquorum
3382 2855 3660 2912 consortio
3689 2873 3792 2914 se-

2183 2943 2402 3016 gregati
2428 2941 2582 3010 sitis;
2607 2943 2756 3016 quod
2795 2950 2923 3000 tunc
2953 2943 3052 2999 erit
3081 2943 3129 2999 si
3170 2945 3335 3002 modo
3362 2961 3394 3000 a
3421 2945 3710 3002 diabolicis
3733 2953 3793 3002 et

2181 3030 2342 3086 malis
2369 3031 2627 3102 operibus
2657 3040 2816 3104 atque
2847 3047 2881 3087 a
2913 3032 3186 3104 perversis
3219 3033 3529 3089 hominibus
3556 3049 3656 3090 vos
3687 3051 3792 3091 se-

477 3120 550 3176 ita
578 3135 690 3178 non
719 3095 904 3195 utique
930 3122 1001 3178 ad
1045 3122 1363 3197 dignitatem
1408 3095 1799 3181 dominantium
1821 3169 1834 3193 ,
1858 3095 2087 3182 sedwab-
2118 3095 2166 3160 Ο·
2185 3095 2508 3192 paraveritis
2541 3135 2554 3176 :
2585 3095 2932 3178 vindicantes
2970 3128 3158 3178 contra
3198 3121 3478 3178 diabolum
3505 3165 3518 3190 ,
3576 3131 3630 3179 et
3659 3123 3799 3180 vitia

479 3209 794 3266 infelicitate
822 3209 1223 3282 famulantium,
1263 3213 1344 3269 sic
1359 3212 1595 3286 appellat
1634 3215 1946 3288 Apostolus.
1979 3211 2086 3285 Qui

478 3296 742 3366 fratrem,
782 3299 839 3355 i'd
892 3308 974 3356 est
1021 3301 1382 3357 Christianum
1421 3303 1728 3372 hominem,
1759 3304 1954 3373 injuste
1987 3319 2089 3378 per

476 3387 773 3460 potentiam
827 3388 1114 3460 opprimit;
1151 3397 1241 3446 aut
1281 3405 1386 3464 pro
1447 3391 1760 3464 acceptione
1802 3407 2086 3449 munerum

470 3477 738 3548 justitiam
764 3475 914 3545 facit,
951 3479 1230 3536 diabolum
1262 3480 1525 3551 imitatur,
1580 3488 1632 3538 et
1659 3480 1918 3551 justitiam
1944 3498 2084 3539 ven-

476 3567 573 3634 dit,
605 3583 728 3639 qum
774 3567 1021 3625 Christus
1051 3577 1172 3640 est,
1208 3569 1393 3642 sicque
1421 3570 1612 3627 similis
1645 3571 1797 3628 Iuda
1831 3578 1934 3629 est.
1971 3571 2077 3642 Qui

481 3655 770 3713 veritatem
805 3658 1068 3729 pervertit
1109 3673 1210 3730 pro
1259 3658 1496 3730 invidia,
1531 3668 1620 3715 aut
1647 3660 1930 3718 veritatem
1949 3661 2085 3719 reti-

476 3751 582 3812 cet,
615 3753 711 3800 aut
757 3745 889 3801 dicit
917 3762 1018 3817 pro
1058 3747 1394 3816 muneribus,
1447 3749 1720 3806 diabolum
1750 3750 2004 3818 imitatur,
2033 3759 2087 3808 et

474 3833 629 3888 Iudae
661 3832 854 3889 similis
884 3842 982 3892 est.
1022 3837 1092 3891 Et
1123 3837 1202 3893 sic
1240 3838 1308 3894 de
1337 3839 1546 3894 caeteris
1591 3839 1738 3896 vitiis
1763 3839 2075 3912 intelligen-

477 3921 610 3978 dum
659 3930 765 3978 est.
816 3923 883 3980 Et
932 3924 1020 3982 cui
1063 3925 1198 3982 vitio
1226 3927 1456 4000 quisque
1501 3929 1714 3997 servit,
1745 3927 1824 3985 illi
1869 3927 2088 3986 diabolo

474 4011 752 4082 subjectus
783 4020 866 4069 est
895 4013 988 4086 qui
1018 4014 1198 4071 eidem
1226 4016 1356 4072 vitio
1386 4017 1713 4090 praepositus
1746 4025 1849 4084 est,
1883 4026 1936 4074 et
1963 4034 2088 4074 cum

475 4117 540 4157 eo
569 4101 690 4158 sine
717 4100 826 4160 ﬁne
852 4103 1214 4176 torquebitur,
1245 4105 1352 4161 nisi
1373 4106 1538 4179 digne
1557 4115 1718 4164 antea
1747 4107 2082 4178 pmnituerit.

472 4191 542 4246 Et
563 4207 632 4246 ne
657 4191 935 4264 principes
951 4200 1128 4262 terrae,
1155 4193 1242 4250 vel
1263 4195 1489 4269 quilibet
1524 4195 1836 4264 Christiani,
1867 4197 2082 4256 dicant:

472 4281 783 4354 Episcopis,
825 4283 1163 4356 presbyteris
1213 4293 1264 4340 et
1311 4285 1596 4342 monachis
1637 4285 1912 4342 strictiora
1939 4303 2086 4358 prae-

2184 3217 2346 3282 atque
2385 3217 2611 3282 peccata
2634 3253 2648 3278 ,
2700 3210 2967 3266 honorem
3012 3218 3286 3279 vestrum,
3319 3211 3412 3284 qui
3441 3211 3688 3268 homines
3721 3212 3797 3268 ad

2185 3299 2286 3355 Dei
2333 3299 2631 3372 imaginem
2660 3297 2789 3356 facti
2827 3299 2976 3355 estis.
3022 3299 3106 3356 Ad
3150 3299 3252 3356 hoc
3281 3301 3445 3367 enim,
3472 3299 3608 3357 sicut
3646 3301 3800 3358 scri-

2183 3396 2334 3459 ptum
2372 3397 2472 3454 est,
2505 3396 2564 3444 ut
2594 3390 2769 3446 Deum
2797 3388 2979 3446 timeat
3007 3396 3062 3445 et
3089 3389 3343 3446 mandata
3373 3390 3490 3459 ejus
3521 3389 3800 3448 custodiat

2183 3475 2360 3532 factus
2381 3486 2464 3532 est
2483 3477 2659 3534 omnis
2691 3479 2872 3546 homo,
2897 3487 3120 3550 propter
3142 3495 3305 3550 quem
3333 3479 3501 3536 factus
3528 3487 3612 3535 est
3638 3479 3799 3538 Deus

2184 3564 2368 3632 homo,
2402 3565 2494 3637 qui
2525 3582 2650 3622 cum
2687 3567 2803 3622 Deo
2834 3567 2994 3623 Patre
3031 3566 3087 3622 in
3116 3568 3321 3625 unitate
3347 3567 3580 3642 Spiritus
3609 3569 3798 3627 sancti

2185 3653 2316 3710 vivit
2346 3661 2399 3710 et
2427 3662 2622 3727 regnat
2653 3653 2708 3710 in
2739 3655 2939 3712 saecula
2968 3655 3314 3714 saeculorum.

2770 3789 3112 3848 EPISTOLA
3157 3790 3336 3847 XXII.

2096 3906 2097 3909 ‘
2186 3899 2260 3940 AD
2288 3901 2590 3942 ROFULDUM
2619 3902 3025 3944 BITUBICENSEM
3054 3905 3124 3945 ET
3163 3903 3484 3946 FROTARIUM
3513 3903 3792 3948 BURDIGA-

2423 3991 2662 4045 LENSEM,
2691 3993 3192 4035 METROPOLITANOS
3221 3993 3566 4043 ΑρυιΤΑΝιλΕ.

2257 4093 2334 4150 De
2353 4093 2572 4165 nuptiis
2598 4094 2888 4166 Stephani,
2913 4099 2972 4152 et
2988 4097 3124 4166 ﬁlice
3147 4097 3481 4170 Regimundi
3537 4097 3792 4156 comitis.

2264 4200 2613 4268 HINCMARUS,
2633 4202 2852 4258 nomine
2869 4219 2977 4258 non
2993 4203 3210 4271 merito,
3242 4205 3575 4261 Rhemorum
3603 4206 3796 4262 archi-

2188 4288 2512 4362 episcopus,
2561 4305 2626 4347 ac
2673 4291 2848 4363 plebis
2892 4293 2994 4348 Dei
3041 4292 3293 4361 famulus,
3340 4294 3793 4352 reverentissimo

475 4379 634 4442 cepta
681 4371 830 4427 dedit
880 4373 1026 4428 Deus
1064 4393 1079 4440 -,
1125 4389 1228 4429 nos
1268 4373 1360 4446 qui
1423 4373 1672 4431 homines
1720 4374 1844 4430 laici
1879 4384 1931 4432 et
1974 4393 2085 4434 δερ·
2185 4379 2600 4436 Bituricensium
2621 4381 3038 4454 archiepiscopo
3067 4389 3120 4439 et
3149 4382 3470 4440 charissimo
3501 4382 3657 4440 fratri
3674 4385 3796 4442 Ro-

475 4459 688 4518 culares
719 4476 908 4515 sumus
934 4503 948 4528 ,
980 4461 1099 4516 haec
1147 4462 1332 4518 omnia
1371 4463 1649 4520 attendere
1677 4480 1790 4520 non
1809 4465 2076 4536 valemus,
2098 4461 2152 4523 D
2181 4482 2360 4524 DULFO
2389 4477 2441 4526 et
2485 4469 2770 4526 FROTARIO
2800 4470 2954 4527 fratri
2985 4479 3037 4528 et
3077 4472 3384 4528 honorabili
3411 4472 3792 4546 Burdigalen-

475 4550 698 4606 audiant
741 4549 873 4623 quid
918 4549 1182 4606 Dominus
1211 4550 1268 4634 i_n
1293 4553 1596 4624 Evangelia
1628 4553 1769 4612 dicat
1801 4570 1817 4611 :
1855 4555 1959 4626 Qui
1989 4560 2073 4613 est
2174 4557 2316 4613 sium
2334 4558 2768 4632 archiepiscopo,
2801 4577 2926 4616 cum
2969 4561 3223 4618 omnibus
3250 4561 3657 4634 provinciarum
3688 4581 3791 4621 ve-

477 4654 552 4694 ια)
572 4642 702 4708 Deo,
731 4639 900 4697 verba
914 4640 1018 4696 Dei
1037 4639 1201 4696 audit
1265 4623 1566 4715 propterea
1584 4659 1677 4702 vos
1697 4661 1814 4702 non
1834 4623 2069 4716 auditis,

2174 4655 2414 4703 strarum
2447 4648 2720 4722 episc0pis
2739 4650 3167 4722 venerabilibus,
3200 4651 3495 4725 plurimam
3547 4661 3700 4726 optat
3729 4653 3794 4710 in

477 4729 610 4800 quia
627 4743 700 4784 ex
713 4731 824 4788 Deo
853 4746 970 4790 non
999 4731 1136 4788 estis
1167 4731 1351 4804 (Joan.
1381 4731 1525 4806 vni).
1549 4733 1618 4787 Et
1649 4733 1740 4806 qui
1767 4750 1879 4790 non
1909 4741 2074 4792 estex
2171 4743 2460 4802 Salvatore
2491 4748 2762 4804 salutem.

479 4816 620 4885 Deo,
659 4826 870 4876 certum
901 4829 983 4878 est
1017 4821 1140 4894 quia
1171 4837 1237 4876 ex
1280 4821 1484 4879 diaboli
1525 4830 1680 4893 parte
1707 4830 1812 4880 est.
1845 4825 1916 4879 Et
1945 4824 2076 4898 quid

473 4901 776 4963 lucrabitur
797 4949 810 4974 ,
859 4908 907 4963 si
951 4910 1116 4967 etiam
1157 4917 1328 4968 totum
1393 4911 1657 4968 mundum
1700 4912 1996 4983 habuerit,
2023 4921 2076 4970 et

473 4995 668 5052 animae
697 5011 812 5052 sua
861 4997 1244 5056 detrimentum
1287 5001 1522 5073 patiatur
1542 5003 1570 5057 ?
1599 5003 1706 5058 Aut
1726 5016 1894 5075 quam
1927 5003 2077 5058 dabit

477 5083 643 5142 homo
691 5087 1172 5145 commutationem
1205 5105 1305 5162 pro
1333 5091 1516 5148 anima
1545 5107 1643 5148 sua
1662 5092 1690 5147 ?
1720 5091 1926 5149 Idcirco
1955 5093 2080 5166 qui-

475 5189 692 5248 cunque
740 5183 824 5231 est
879 5177 1076 5246 homo,
1105 5179 1290 5235 audiat
1325 5179 1596 5239 dicentem
1646 5179 1750 5237 sibi
1785 5182 2080 5239 Dominum

475 5277 576 5336 per
591 5262 916 5338 prophetam
938 5283 952 5321 :
975 5267 1234 5324 Indicabo
1256 5269 1380 5337 tibi,
1402 5270 1564 5329 homo
1585 5269 1717 5344 quid
1737 5271 1815 5327 sit
1833 5272 2038 5330 bonum
2061 5288 2076 5330 :

475 5354 680 5411 Facere
689 5354 981 5428 judicium
1002 5360 1061 5414 et
1064 5357 1446 5430 justitiam,et
1459 5359 1774 5418 sollicitum
1789 5360 2079 5421 ambulare

474 5460 606 5503 cum
625 5445 734 5504 Deo
759 5449 872 5505 tuo.
895 5447 1078 5519 (Mich.
1124 5447 1226 5520 v1).

545 5533 694 5606 Hac,
725 5534 924 5596 fratres
952 5544 1008 5596 et
1036 5535 1151 5609 ﬁlii,
1183 5537 1239 5597 in
1260 5551 1585 5615 quocunque
1614 5541 1810 5600 ordine
1827 5550 1880 5601 et
1902 5541 2082 5617 digni-

2245 4833 2434 4906 Nuper
2484 4837 2695 4908 synodo
2747 4836 3133 4910 episcoporum
3186 4837 3593 4910 quatuordecim
3647 4855 3792 4913 pro-

2176 4923 2508 4994 vinciarum,
2543 4926 2984 4998 Lugdunensium
3031 4927 3321 5000 videlicet,
3373 4929 3792 5002 Rothomagen-

2177 5011 2336 5081 sium,
2381 5014 2797 5083 Turonensium,
2841 5017 3137 5086 Senonum,
3191 5017 3599 5088 Viennensium,
3631 5021 3786 5076 Are-

2177 5102 2488 5174 latensium,
2507 5103 3034 5175 Vesontionensium,
3059 5106 3789 5182 Maguntinensium,Agrip—

2177 5192 2487 5264 pinensium
2521 5235 2535 5260 ,
2609 5193 2972 5263 Trevirorum,
3021 5197 3350 5253 Rhemorum
3386 5239 3401 5268 ,
3463 5198 3786 5254 Bituricen-

2181 5277 2341 5344 sium,
2403 5277 2914 5351 Burdigalensium,
2959 5281 3433 5350 Narbonensium,
3465 5281 3612 5356 apud
3665 5283 3788 5339 Tu-

2182 5366 2390 5422 siacum
2433 5366 2618 5423 villam
2664 5369 2935 5425 Tullensis
2976 5371 3272 5441 parochias,
3325 5386 3468 5428 anno
3519 5373 3790 5428 Incarna-

2181 5455 2342 5512 tionis
2383 5457 2683 5516 Dominicis
2727 5462 2850 5528 860,
2888 5458 3180 5518 indictione
3210 5477 3291 5531 Ix,
3322 5477 3512 5518 mense
3541 5461 3791 5520 Novem-

2181 5545 2302 5606 brio
2349 5547 2550 5619 habita,
2613 5548 2807 5608 delata
2863 5556 2988 5607 sunt
3025 5549 3220 5610 litterae
3269 5551 3550 5626 querelam
3606 5549 3789 5625 Regi-
