4026 6296
235 243 343 299 133

1733 237 2110 310 EPISTOLE,

3442 240 3551 300 134

234 366 430 424 mundi
479 364 696 423 comitis
736 364 999 423 adversus
1042 354 1378 436 Stephanum
1435 364 1837 437 depromentes,
1871 372 1928 434 Α
1947 366 2272 439 desponsata
2301 364 2434 422 mihi
2462 365 2644 438 puella
2673 366 2772 422 sub
2800 364 3115 438 poenitentia
3157 366 3372 423 occulte
3416 381 3543 424 ma-

239 457 370 528 quia
399 455 656 513 videlicet
675 455 823 511 idem
851 454 1225 527 Regimundus
1241 453 1406 511 ﬁliam
1431 470 1585 510 suam
1613 454 1844 526 praefato

236 546 521 617 Stephano
549 545 806 618 legaliter
830 544 899 600 ad
928 544 1170 617 conjugii
1186 545 1435 615 copulam
1464 544 1677 599 dederit
1701 562 1713 598 :
1748 544 1844 599 sed

235 634 356 705 ipse
389 650 501 689 non
539 634 633 688 illa
674 641 856 689 utatur
903 641 961 687 ut
1005 634 1258 705 conjuge,
1295 649 1360 688 eo
1402 634 1568 705 quod,
1601 640 1659 688 ut
1704 632 1845 687 fate-

236 731 345 790 tur,
380 739 506 778 cum
546 722 729 795 aliqua
777 722 1021 792 ejusdem
1066 721 1262 793 puellae
1310 721 1618 794 propinqua
1675 737 1846 793 quon-

236 812 369 867 dam
400 811 605 867 carnali
635 811 967 867 commercio
998 826 1058 867 se
1098 810 1381 867 miscuerit
1413 828 1426 864 :
1462 810 1558 865 sed
1591 825 1712 866 cum
1742 826 1849 882 qua

235 900 327 956 vel
359 916 526 973 quam
552 899 801 971 proxima
825 898 1078 955 aﬂinitate
1127 900 1435 969 conjuncta,
1469 898 1712 955 indicare
1736 914 1847 955 non

237 989 392 1045 velit.
434 989 536 1045 Hic
570 989 876 1045 litterarum
916 1005 1131 1055 sensus,
1167 989 1213 1043 si
1242 988 1342 1045 rite
1387 988 1664 1055 remetior,
1706 1003 1845 1059 qna-

237 1094 362 1133 rum
392 1078 564 1134 verba
593 1094 704 1133 non
731 1086 911 1144 teneo,
961 1077 1199 1134 constitit
1245 1077 1299 1132 in
1329 1077 1541 1149 synodo
1570 1075 1843 1133 recitatus.

234 1167 394 1223 Unde
421 1167 553 1222 licet
584 1166 705 1221 talis
733 1166 1011 1223 accusatio
1041 1181 1151 1222 non
1179 1172 1486 1225 mereretur
1516 1163 1848 1237 synodaliter

238 1255 496 1310 obtinere
558 1271 907 1327 responsum,
971 1255 1121 1326 quia,
1152 1271 1313 1310 nemo
1369 1270 1697 1326 quemquam
1752 1270 1849 1325 per

247 1345 581 1416 scripturam
614 1344 815 1401 absens
845 1352 1022 1416 potest
1050 1343 1385 1417 regulariter
1400 1358 1665 1400 accusare
1698 1350 1784 1398 :et
1803 1342 1848 1397 si

238 1432 492 1506 legaliter
519 1431 691 1489 ﬁliam
718 1449 871 1488 suam
906 1432 1064 1489 alteri
1108 1440 1335 1505 nuptum
1382 1431 1621 1499 tradidit,
1669 1447 1790 1487 eam
1818 1448 1849 1486 a

245 1539 344 1577 sua
375 1530 653 1594 potestate
681 1521 917 1589 dimisit;
947 1537 1047 1593 pro
1077 1539 1183 1594 qua
1212 1539 1279 1577 ex
1308 1522 1413 1577 hoc
1431 1521 1671 1594 negotio,
1705 1520 1851 1592 quod

238 1611 383 1667 forte
416 1620 603 1667 utrum
629 1612 701 1666 ita
743 1628 812 1667 an
840 1626 951 1667 non
981 1611 1050 1667 sit
1102 1610 1269 1667 latere
1298 1618 1525 1683 poterat,
1574 1618 1663 1664 aut
1693 1609 1850 1665 aliter

1944 472 2102 527 nens,
2136 455 2253 511 sine
2282 471 2403 511 mea
2434 462 2486 512 et
2512 455 2684 527 ipsius
2712 463 2917 513 aeterna
2933 455 3299 523 damnatione,
3328 455 3385 512 in
3415 471 3545 513 con-

1944 544 2110 601 nubio
2135 544 2287 600 illam
2315 544 2446 600 mihi
2473 544 2773 617 potuissem
2799 545 3151 616 conjungere.
3185 544 3288 614 Qui
3339 552 3534 602 osten-

1947 633 2024 688 dit
2065 633 2199 689 mibi
2238 633 2437 689 librum
2489 650 2672 707 quem,
2721 641 2780 690 ut
2801 649 2984 705 spero,
3042 649 3278 690 canones
3338 633 3538 706 appel-

1947 722 2097 791 lavit,
2128 729 2181 777 et
2220 720 2356 795 legit
2393 737 2579 779 coram
2623 738 2729 789 me,
2781 721 3039 795 quoniam
3097 721 3333 794 quandiu
3361 730 3542 795 potest

1947 810 2218 867 afﬁnitatis
2273 810 2648 884 pr0pinquitas
2697 812 3028 883 computari,
3077 810 3227 878 mihi,
3273 826 3375 867 nec
3400 810 3539 883 {cui-

1948 915 2111 972 quam
2140 899 2463 967 Christiano,
2497 916 2618 956 cum
2665 907 2900 974 cognata
2957 915 3076 968 sua,
3126 900 3213 956 vel
3242 916 3405 972 quam
3444 913 3542 956 co-

1947 997 2143 1061 gnatus
2172 988 2377 1057 habuit,
2411 988 2499 1045 vel
2537 1005 2661 1046 cum
2712 989 2927 1045 duabus
2977 988 3226 1061 cognatis
3256 987 3547 1045 salubriter

1948 1078 2139 1135 liceret
2167 1078 2426 1151 conjungi
2459 1098 2474 1146 ;
2508 1086 2562 1134 et
2591 1077 2833 1151 quandiu
2862 1078 2917 1133 in
2946 1077 3042 1133 tali
3062 1079 3275 1135 incestu
3291 1093 3552 1135 manere-

1948 1184 2088 1235 mus,
2150 1184 2252 1225 nec
2307 1183 2433 1241 ego,
2494 1183 2599 1225 nec
2654 1167 2764 1235 illa,
2814 1166 3147 1225 fructuosam
3174 1167 3547 1240 paenitentiam

1949 1273 2118 1330 agere
2146 1273 2435 1329 possemus
2465 1275 2478 1312 :
2509 1273 2687 1331 neque
2708 1246 2841 1312 talis
2872 1257 3133 1324 incestus,
3166 1257 3272 1313 nisi
3323 1271 3549 1330 separa-

1948 1347 2093 1403 tione
2122 1353 2309 1403 nostra
2338 1346 2409 1403 ab
2435 1345 2669 1403 invicem
2698 1346 2879 1402 sanari
2933 1344 3160 1402 valeret.
3194 1347 3411 1403 Interea
3461 1360 3553 1402 ac-

1950 1435 2079 1492 cidit
2132 1435 2409 1493 discordia
2473 1435 2615 1492 inter
2688 1436 2948 1491 domuum
3011 1451 3205 1508 regem
3278 1435 3554 1492 seniorem

1949 1539 2150 1593 meum,
2200 1532 2253 1581 et
2301 1539 2483 1581 meam
2526 1524 2878 1591 iuventutem,
2924 1524 3187 1579 intentum
3235 1532 3293 1580 ut
3338 1523 3394 1579 in
3457 1523 3552 1581 illo

1950 1629 2123 1685 regno
2154 1613 2327 1669 solide
2356 1628 2467 1669 non
2507 1628 2727 1685 possem
2793 1612 3104 1670 subsistere.
3155 1614 3457 1684 PrOpterea
3486 1629 3555 1668 ex

239 1716 403 1772 quam
423 1701 494 1755 sit
522 1700 731 1757 dictum
779 1699 1135 1771 interpretari,
1187 1700 1340 1755 illum
1367 1699 1455 1756 cui
1502 1714 1620 1754 eam
1670 1699 1846 1754 tradi-
1878 1734 1930 1795 B
1956 1710 2184 1773 utraque
2213 1708 2363 1774 parte
2393 1703 2739 1769 constrictus,
2771 1717 2875 1758 nec
2904 1701 3157 1773 frangere
3205 1700 3554 1773 desponsalia

236 1789 314 1843 dit
361 1789 630 1846 canonice
668 1803 931 1846 accusare
960 1804 1069 1846 non
1096 1797 1324 1861 poterat.
1357 1787 1478 1858 Qua
1507 1788 1576 1844 de
1605 1803 1665 1842 re
1686 1804 1830 1843 accu-

234 1877 502 1934 sationem
550 1879 666 1935 sive
720 1878 1213 1949 interpellationem
1279 1878 1543 1934 adversus
1591 1876 1845 1932 maritum

239 1983 417 2034 suum,
450 1966 500 2021 si
526 1967 828 2023 necessitas
858 1967 1113 2038 postulat,
1146 1982 1284 2023 uxor
1326 1966 1489 2021 debet
1532 1981 1842 2033 conserere,

239 2055 530 2112 consilium
557 2064 736 2111 autem
765 2063 921 2127 pater
938 2056 1099 2112 debet
1119 2072 1217 2127 pro
1236 2055 1329 2110 illa
1360 2055 1553 2110 exinde
1576 2069 1843 2126 quaerere,

236 2144 325 2201 vel
355 2145 757 2202 correctionem
777 2145 880 2200 viri
901 2146 1036 2216 ejus,
1062 2144 1357 2215 suadendo,
1379 2143 1467 2200 vel
1497 2142 1846 2216 suggerendo

240 2233 420 2289 modis
447 2232 648 2305 quibus
678 2233 931 2305 potuerit,
964 2241 1016 2289 et
1044 2234 1162 2305 ipse
1194 2249 1358 2306 agere
1386 2232 1537 2287 satis.
1571 2231 1679 2287 Sed
1706 2246 1846 2302 quo-

240 2322 387 2377 niam
417 2323 538 2379 hzec
567 2307 857 2394 ratio'per
885 2330 995 2378 tres
1040 2323 1260 2378 circiter
1308 2337 1480 2377 annos
1517 2336 1551 2376 a
1597 2318 1847 2390 plurimis

238 2411 553 2479 ventilatur,
589 2418 642 2467 et
671 2411 835 2467 ambo
862 2411 963 2467 viri
1000 2411 1213 2467 nobiles
1243 2418 1296 2466 et
1325 2410 1585 2477 illustres,
1623 2415 1676 2463 et
1698 2408 1848 2477 juxta

239 2500 423 2557 saeculi
450 2499 780 2573 dignitatem
817 2508 1087 2572 potentes,
1138 2499 1185 2555 si
1214 2499 1355 2555 inter
1384 2515 1443 2554 se
1490 2498 1618 2554 hinc
1648 2496 1849 2551 diutius

239 2588 528 2654 dissident,
558 2589 855 2644 maximum
902 2588 1221 2646 scandalum
1260 2589 1317 2643 in
1353 2587 1607 2645 Ecclesia
1650 2593 1703 2641 et
1747 2586 1849 2641 de-

243 2677 561 2733 trimentum
590 2678 648 2733 in
679 2695 850 2751 regno
880 2679 950 2734 ob
978 2680 1084 2735 hoc
1112 2678 1359 2735 accidere
1387 2676 1604 2749 poterit,
1647 2682 1698 2730 et
1722 2674 1851 2746 quia

240 2765 418 2821 isdem
448 2767 762 2838 Stephanus
798 2767 1001 2823 ibidem
1031 2767 1088 2822 in
1117 2767 1302 2823 domni
1345 2767 1492 2840 regis
1532 2771 1650 2821 erat
1689 2763 1851 2818 obse—

242 2855 391 2927 quio,
424 2856 605 2911 visum
634 2866 718 2912 est
750 2856 959 2929 synodo
988 2863 1047 2911 ut
1076 2872 1200 2912 eum
1248 2863 1585 2922 accerseret,
1637 2860 1689 2908 et
1718 2850 1851 2924 quid

240 2944 307 2999 de
336 2944 424 2998 his
454 2944 664 3001 diceret
731 2962 832 3016 per
876 2945 1055 3018 ipsum
1086 2945 1290 3001 rescire
1338 2952 1576 3002 curaret.
1640 2944 1849 2999 Vocato

237 3041 417 3088 autem
448 3041 509 3088 ut
542 3035 658 3090 haec
706 3034 881 3090 relata
926 3034 1097 3102 fuere,
1130 3042 1254 3106 post
1300 3035 1551 3105 quaedam
1594 3048 1705 3087 suae
1752 3046 1848 3085 re-

1956 1791 2125 1863 potui,
2176 1803 2279 1847 nec
2338 1791 2586 1847 eamdem
2634 1805 2894 1863 sponsam
2938 1806 3118 1845 meam
3165 1789 3220 1844 in
3260 1790 3553 1862 conjugem

1952 1880 2157 1936 ducere
2186 1895 2353 1935 ausus
2397 1878 2474 1934 fui
2508 1898 2521 1934 :
2570 1895 2639 1936 ne
2671 1894 2793 1936 cum
2840 1879 3113 1935 discordia
3160 1878 3391 1934 senioris
3419 1878 3547 1946 mei,

1945 1968 2110 2024 etiam
2136 1967 2308 2039 ipsius
2337 1967 2687 2040 Regimundi,
2723 1967 3057 2024 et'nobilium
3081 1974 3374 2039 parentum
3406 1967 3545 2037 ejus,

1944 2057 2378 2113 accumularetur
2406 2056 2684 2112 discordia
2715 2075 2729 2124 ;
2754 2065 2806 2112 et
2836 2056 2915 2113 sic
2945 2064 3037 2112 aut
3063 2056 3132 2113 de
3161 2071 3338 2129 regno
3365 2055 3554 2111 fundi-

1946 2152 2030 2201 tus
2060 2145 2308 2217 pelleret,
2353 2153 2442 2200 aut
2489 2145 2535 2200 si
2584 2145 2664 2201 in‘
2688 2161 2862 2219 regno
2912 2160 3136 2202 manere
3186 2143 3406 2214 vellem,
3457 2160 3556 2201 oc-

1948 2234 2292 2290 cumberem.
2338 2234 2407 2290 Et
2443 2233 2653 2290 idcirco
2684 2250 2786 2306 per
2812 2234 2923 2291 duo
2978 2233 3178 2306 placita
3232 2232 3558 2305 subterfugi,

1948 2338 2017 2379 ne
2052 2338 2313 2395 sponsam
2342 2339 2523 2381 meam
2552 2323 2609 2378 in
2656 2323 2946 2397 conjugem
2994 2324 3277 2381 ducerem.
3309 2323 3555 2379 Tandem

1949 2419 2134 2468 autem
2178 2413 2505 2469 necessitate
2554 2412 2888 2486 compulsus,
2942 2412 3067 2485 quia
3115 2427 3282 2470 causa
3323 2411 3458 2468 mihi
3486 2410 3557 2468 de

1949 2500 2057 2556 vita
2084 2500 2336 2567 instabat,
2370 2500 2551 2557 dotavi
2583 2517 2723 2567 eam,
2760 2508 2814 2557 et
2853 2500 3086 2573 publicis
3133 2500 3334 2572 nuptiis
3373 2500 3555 2557 hono-

1950 2596 2127 2645 ratam
2158 2589 2367 2661 accepi.
2404 2589 2509 2645 Sed
2540 2605 2609 2645 ne
2655 2589 2825 2656 illam,
2880 2604 3001 2662 quae
3048 2589 3227 2646 adhuc
3254 2604 3384 2643 sana
3412 2597 3547 2657 erat,

1952 2694 2169 2735 mecum
2198 2679 2506 2750 perderem,
2541 2686 2594 2734 et
2641 2678 2774 2733 mihi
2820 2677 3143 2734 cumulatius
3185 2677 3551 2751 perditionem

1950 2768 2313 2840 acquirerem,
2346 2767 2603 2823 intactam
2632 2767 2896 2824 hactenus
2912 2783 3245 2825 conservare
3288 2766 3552 2840 disposui.

1950 2856 2020 2912 Et
2051 2858 2304 2930 quoniam
2336 2857 2411 2912 ita
2445 2873 2504 2913 se
2521 2857 2746 2914 rationis
2766 2857 2964 2913 veritas
2983 2873 3085 2929 per
3103 2856 3286 2913 omnia
3332 2856 3549 2924 habeat,

1952 2954 2005 3003 et
2034 2962 2143 3001 non
2173 2946 2319 3013 dolo,
2352 2963 2529 3018 neque
2559 2946 2706 3014 odio,
2740 2945 2855 3002 sive
2905 2946 3165 3019 despectu
3195 2945 3441 3016 alicujus,
3465 2953 3555 3001 aut

1951 3051 2134 3092 amore
2166 3035 2383 3092 feminae
2420 3036 2664 3106 alterius,
2696 3035 2802 3090 nisi
2852 3035 2991 3091 sicut
3038 3035 3194 3092 vobis
3242 3035 3407 3090 modo
3438 3035 3554 3090 Deo

240 3122 556 3193 sponsionis
587 3123 865 3195 obloquia,
896 3124 1052 3195 petiit
1081 3132 1137 3178 ut
1167 3124 1547 3179 tantummodo
1572 3138 1695 3179 cum
1726 3118 1850 3191 epi—
1887 3097 2090 3180 Clteste
2118 3125 2356 3192 narravi,
2391 3126 2495 3180 hoc
2523 3125 2735 3197 egerim
2770 3140 2783 3179 :
2818 3125 3173 3196 qualicunque
3202 3124 3366 3178 modo
3397 3123 3554 3179 vobis

241 3212 423 3282 scopis
455 3211 560 3266 sibi
598 3211 747 3284 loqui
786 3212 1010 3268 liceret.’
1032 3213 1100 3267 Et
1120 3213 1506 3268 recedentibus
1535 3211 1676 3276 aliis,
1721 3226 1844 3280 quae

241 3300 349 3355 sibi
375 3301 495 3356 visa
523 3300 745 3355 fuerunt
775 3301 1046 3373 episcopis
1076 3302 1362 3357 intimavit.
1399 3302 1531 3356 Cum
1561 3300 1701 3356 inter
1731 3314 1842 3354 cae—

240 3396 355 3444 tera
386 3390 644 3445 dixerunt
700 3390 961 3462 episcopi,
1010 3391 1134 3463 quia
1173 3391 1241 3446 de
1277 3391 1497 3457 talibus,
1534 3406 1600 3444 ex
1645 3388 1844 3459 quibus

239 3478 571 3550 Regimundi
602 3480 797 3536 locutae
831 3488 954 3535 sunt
999 3479 1214 3548 litterae,
1251 3488 1302 3536 et
1332 3497 1452 3550 quae
1478 3494 1579 3551 per
1601 3477 1843 3534 omnium

235 3583 375 3639 pene
401 3582 505 3623 ora.
534 3568 594 3622 in
622 3568 809 3642 regnis
839 3568 1090 3640 plurimis
1137 3569 1480 3638 ventilentur,
1514 3567 1562 3623 ei
1607 3584 1717 3623 non
1749 3583 1842 3623 se-

238 3665 449 3713 cretum
479 3657 615 3713 dare
646 3657 952 3727 consilium,
1000 3674 1177 3730 neque
1226 3658 1499 3731 privatum
1547 3658 1843 3714 decernere

236 3755 465 3817 possent
503 3746 789 3816 judicium.
841 3746 1187 3819 Quapropter
1229 3756 1281 3804 et
1335 3747 1474 3818 ipse,
1528 3748 1674 3819 quod
1717 3746 1845 3802 hinc

236 3836 378 3906 apud
400 3852 463 3891 se
495 3843 630 3901 erat,
662 3835 719 3890 in
747 3836 986 3892 omnium
1017 3836 1150 3892 dixit
1178 3836 1317 3893 velle
1346 3836 1534 3893 venire
1573 3835 1839 3901 notitiam,

236 3931 292 3979 et
331 3925 712 3980 necessarium
758 3923 1005 3981 obtinere
1052 3924 1358 3992 consilium,
1411 3931 1463 3980 et
1495 3924 1710 3980 salubre
1742 3923 1847 3979 sibi

236 4012 462 4069 decerni
507 4013 820 4083 judicium:
865 4014 1004 4069 velle
1049 4022 1233 4070 tamen
1279 4014 1451 4086 prius,
1500 4023 1556 4069 ut
1605 4013 1845 4085 synodus

235 4102 505 4174 patienter
560 4103 677 4173 ejus
714 4102 922 4159 audiret
970 4103 1312 4171 sententiam,
1363 4112 1415 4159 et
1455 4112 1583 4159 tunc
1626 4102 1846 4159 demum

237 4191 342 4247 sibi
371 4191 610 4248 donaret
639 4192 946 4260 consilium,
978 4199 1032 4249 et
1070 4193 1435 4265 promulgaret
1451 4193 1737 4262 judicium.

306 4290 374 4346 Et
402 4297 464 4344 ut
492 4305 786 4361 personam
815 4289 960 4345 illius
1024 4290 1347 4346 inducamus
1390 4290 1703 4361 loquentem
1735 4308 1753 4345 :
1782 4290 1850 4344 Ut

235 4378 461 4447 assolet,
513 4377 765 4450 inquiens
818 4378 1146 4450 Stephanus,
1196 4379 1252 4434 in
1313 4378 1495 4451 fragili
1552 4376 1848 4447 juventutis

1949 3214 2149 3285 placet,
2180 3229 2281 3285 per
2311 3213 2599 3284 meipsum,
2637 3221 2690 3268 et
2720 3228 2819 3284 per
2848 3221 3104 3284 parentes
3133 3219 3295 3284 atque
3327 3212 3550 3279 amicos,

1942 3319 2036 3358 seu
2067 3302 2259 3358 fideles
2290 3319 2461 3369 meos,
2492 3304 2597 3358 hoc
2623 3302 2780 3358 vobis
2809 3318 2997 3358 verum
3027 3318 3152 3357 esse
3182 3308 3544 3371 sacramento,

1942 3391 2030 3447 vel
2074 3392 2179 3447 alio
2229 3392 2474 3463 quolibet
2498 3390 2858 3448 conveniente
2899 3391 3064 3448 modo
3116 3391 3500 3447 demonstrabo
3531 3410 3551 3447 :

1939 3487 1993 3536 et
2023 3480 2069 3535 si
2106 3480 2269 3536 vultis
2300 3498 2363 3537 ac
2396 3481 2656 3553 quaeritis,
2690 3488 3143 3554 quantoscunque
3179 3496 3369 3536 servos
3398 3495 3553 3536 meos

1944 3570 2238 3625 decernitis
2266 3570 2395 3625 inde
2425 3571 2481 3625 in
2524 3569 2789 3640 judicium
2836 3570 3017 3639 mitto,
3070 3577 3123 3625 et
3166 3569 3327 3643 quale
3381 3585 3550 3628 cons-

1943 3658 2074 3713 lium
2103 3658 2243 3713 mihi
2272 3659 2399 3715 inde
2430 3659 2725 3715 secundum
2779 3661 2952 3715 Deum
2983 3659 3053 3716 ad
3083 3676 3264 3717 meam
3297 3661 3550 3730 salutem,

1946 3756 1999 3803 et
2047 3748 2347 3803 secundum
2397 3748 2658 3804 saeculum
2706 3750 2776 3805 ad
2835 3756 3239 3820 competentem
3292 3752 3551 3808 honorem

1946 3844 1999 3892 et
2027 3838 2095 3892 ad
2116 3836 2553 3909 paciﬁcationem
2581 3839 2929 3912 Regimundi,
2949 3847 3002 3895 et
3032 3840 3100 3895 ad
3130 3840 3546 3910 salvamentum,

1948 3933 2001 3981 et
2028 3926 2297 3981 honorem
2327 3926 2498 3998 ipsius
2524 3928 2723 3999 puellae
2771 3927 3053 3997 dederitis,
3085 3937 3311 4001 paratus
3342 3947 3462 3987 sum
3489 3930 3544 3985 in

1945 4014 2216 4083 omnibus,
2239 4014 2434 4086 quibus
2463 4016 2705 4085 valuero,
2750 4016 2996 4074 obedire.

2018 4121 2277 4176 Auditum
2322 4131 2502 4178 autem
2552 4139 2677 4179 cum
2705 4124 2946 4194 synodus
2975 4123 3137 4193 jussit
3175 4125 3461 4192 secedere,
3498 4132 3552 4180 et

1948 4209 2253 4265 dicentibus
2284 4210 2534 4283 singulis,
2565 4219 2726 4281 prout
2768 4212 2965 4283 cuique
2994 4212 3173 4266 visum
3202 4212 3319 4283 fuit,
3353 4214 3547 4269 decre-

1949 4305 2061 4353 tum
2090 4306 2190 4368 cst,
2228 4306 2286 4352 ut
2314 4315 2411 4353 vos
2441 4299 2933 4370 comprovinciales
2962 4299 3378 4372 aI‘ChlepiSCOpi,
3416 4316 3541 4356 cum

1950 4386 2290 4458 coepiscopis
2319 4388 2534 4455 vestris,
2559 4388 2615 4443 in
2642 4388 2800 4463 regni
2831 4388 2975 4445 illius
3022 4389 3363 4446 convenienti
3399 4389 3543 4458 loco,

232 4475 391 4523 εειθοῑθ
422 4483 551 4523 cum
590 4467 825 4540 quadam
869 4467 1071 4523 femina
1124 4469 1324 4538 juvene
1384 4466 1517 4523 mihi
1560 4468 1829 4524 convenit-
1864 4459 1918 4521 D
1941 4484 1993 4532 et
2021 4485 2267 4547 tempore
2299 4478 2569 4549 synodum
2597 4459 2919 4548 condicatis,
2953 4487 3005 4535 et
3032 4478 3290 4550 placitum
3308 4478 3419 4547 fiat,
3452 4477 3547 4534 ubi

233 4556 342 4612 Sed
374 4564 429 4611 et
456 4556 680 4630 quando
710 4563 922 4628 tempus
950 4558 1081 4612 mihi
1136 4558 1375 4627 advenit,
1409 4564 1467 4613 ut
1510 4572 1658 4613 more
1688 4574 1835 4629 prm-

233 4645 589 4702 decessorum
617 4661 863 4701 meorum
890 4646 1198 4719 legitimum
1224 4646 1537 4719 conjugium
1565 4654 1836 4718 peterem,

230 4750 339 4789 una
368 4751 496 4791 cum
529 4750 801 4791 consensu
829 4743 1109 4806 parentum
1140 4744 1191 4791 et
1222 4736 1523 4792 amicorum
1570 4752 1834 4806 meorum,

230 4822 402 4894 ipsius
432 4824 767 4897 Regimundi
794 4831 853 4878 ut
883 4824 1083 4880 nobilis
1122 4825 1244 4892 viri,
1281 4824 1449 4881 ﬁliam
1497 4825 1635 4880 meis
1681 4832 1840 4880 nata-

231 4910 374 4968 libus
404 4920 807 4985 competentem
840 4914 986 4985 apud
1023 4929 1145 4970 eum
1190 4915 1246 4968 in
1273 4915 1561 4987 conjugem
1591 4913 1842 4987 legaliter

230 5002 379 5072 petii,
413 5009 466 5057 et
488 5003 771 5058 obtentam
800 5002 1054 5075 legaliter
1082 5003 1432 5074 desponsavi.
1456 5004 1517 5058 In
1537 5020 1625 5058 me
1662 5011 1843 5058 autem

231 5096 507 5159 reversus,
561 5098 614 5147 et
658 5090 838 5147 sciens
884 5091 1016 5166 quid
1061 5091 1305 5162 fecerim,
1358 5092 1429 5148 ad
1469 5092 1845 5149 confessorem

228 5196 410 5237 meum
438 5178 681 5253 perrexi,
725 5188 779 5236 et
808 5180 1098 5238 consilium
1145 5181 1263 5251 ejus
1307 5181 1539 5253 quaesivi
1575 5200 1588 5236 :
1624 5189 1681 5237 ut
1711 5198 1849 5254 quo-

230 5268 373 5326 niam
426 5268 654 5341 juvenis
693 5269 914 5340 femina,
950 5287 1076 5327 cum
1125 5287 1230 5343 qua
1262 5271 1472 5327 carnali
1512 5272 1846 5329 commercio

232 5358 424 5415 mistus
454 5359 690 5428 fueram,
722 5360 1033 5433 pr0pinqua
1074 5359 1231 5416 istius
1267 5359 1463 5431 puellae
1504 5361 1728 5431 exstitit,
1792 5366 1850 5417 et

227 5449 515 5506 audieram
545 5449 695 5522 quod
733 5457 787 5506 et
820 5457 1018 5523 quarto
1049 5467 1215 5525 genu,
1251 5448 1379 5504 etin
1417 5448 1692 5523 reliquum
1721 5466 1851 5523 per-

226 5537 462 5597 tinentes
492 5538 601 5596 sibi
630 5537 876 5612 copulari
904 5555 1017 5598 non
1061 5540 1330 5608 valerent,
1363 5546 1542 5595 utrum
1588 5556 1713 5597 cum
1740 5541 1848 5598 hac

1936 4565 2194 4636 princeps
2223 4581 2348 4621 cum
2378 4567 2712 4638 primoribus
2760 4576 2924 4624 terrae
2969 4567 3183 4623 intersit
3219 4586 3231 4622 :
3264 4584 3353 4635 ne,
3395 4566 3579 4639 quod,

1939 4655 2100 4722 absit,
2136 4671 2203 4710 ex
2231 4663 2463 4728 utraque
2490 4664 2667 4728 parte,
2704 4673 2824 4714 cum
2853 4664 3143 4728 parentum
3162 4663 3215 4711 et
3244 4656 3546 4714 amicorum

1940 4743 2160 4812 auxilio,
2212 4744 2452 4801 illustres
2513 4746 2602 4801 isti
2649 4746 2752 4802 viri
2817 4744 3223 4814 convenientes,
3288 4754 3548 4817 operante

1941 4832 2161 4889 diabolo
2194 4833 2486 4890 seditiosus
2515 4835 2693 4890 valeat
2723 4833 2922 4889 exoriri
2966 4833 3247 4890 tumultus.
3296 4836 3366 4891 Et
3405 4836 3549 4894 hanc

1942 4937 2164 4978 causam
2192 4939 2309 4992 rex,
2340 4939 2463 4979 cum
2492 4923 2626 4978 viris
2655 4921 2947 4990 nobilibus,
2982 4922 3127 4978 inter
3155 4924 3304 4981 viros
3332 4924 3547 4982 nobiles

1948 5010 2234 5082 paciﬁcare
2279 5019 2554 5084 procuret.
2582 5012 2690 5066 Vos
2747 5018 2927 5067 autem
2979 5012 3276 5087 episcopali
3315 5015 3551 5071 auctori-

1944 5108 2069 5167 tate,
2103 5108 2156 5156 et
2183 5100 2447 5157 canonica
2476 5098 2790 5156 diﬂinitione
2806 5116 2931 5157 eam
2963 5102 3241 5171 dirimere,
3275 5110 3329 5159 et
3358 5104 3429 5161 ad
3459 5104 3553 5161 de-

1945 5188 2118 5245 bitum
2160 5197 2323 5261 atque
2386 5188 2659 5244 salubrem
2711 5191 3000 5247 terminum
3032 5192 3295 5248 studeatis
3337 5193 3547 5264 perdu-

1947 5294 2089 5336 cere.
2151 5278 2423 5335 Revocato
2472 5284 2656 5333 autem
2702 5278 2999 5353 Stephano,
3032 5281 3269 5339 conditio
3316 5281 3422 5338 ista
3468 5281 3549 5339 illi

1945 5366 2241 5440 proposita,
2290 5373 2343 5421 et
2380 5366 2449 5421 ab
2498 5382 2565 5423 eo
2607 5376 2692 5425 est
2734 5371 3045 5444 gratissime
3093 5378 3336 5443 accepta.
3374 5369 3548 5441 Hujus

1946 5464 2124 5511 autem
2152 5455 2234 5510 rei
2261 5453 2504 5526 modum,
2537 5464 2590 5514 et
2619 5458 2870 5517 ordinem
2899 5459 3252 5528 dit’ﬁnitionis,
3297 5459 3548 5532 quoniam

1946 5543 2209 5618 pusillitas
2238 5543 2776 5620 intelligentiunculae
2803 5567 2962 5623 meae,
2995 5549 3123 5624 quid
3153 5547 3349 5608 exinde
3369 5547 3545 5606 senti-
