  <div class='ocr_page' id='page_1' title='image "/cluster/home/n/w/nwhite01/storage/ocr_20150623/126/umn.31951002477419r/087.png"; bbox 0 0 4026 6308; ppageno 0'>
   <div class='ocr_carea' id='block_1_1' title="bbox 480 210 584 266">
    <p class='ocr_par' dir='ltr' id='par_1_1' title="bbox 480 210 584 266">
     <span class='ocr_line' id='line_1_1' title="bbox 480 210 584 266; baseline -0.019 0"><span class='ocrx_word' id='word_1_1' title='bbox 480 210 584 266; x_wconf 69' lang='grc'><strong>131</strong></span> 
     </span>
    </p>
   </div>
   <div class='ocr_carea' id='block_1_2' title="bbox 1432 200 2787 266">
    <p class='ocr_par' dir='ltr' id='par_1_2' title="bbox 1432 200 2787 266">
     <span class='ocr_line' id='line_1_2' title="bbox 1432 200 2787 266; baseline -0.001 -2"><span class='ocrx_word' id='word_1_2' title='bbox 1432 204 1776 264; x_wconf 83' lang='lat' dir='ltr'><strong>HINCMARI</strong></span> <span class='ocrx_word' id='word_1_3' title='bbox 1802 200 2206 263; x_wconf 82' lang='lat' dir='ltr'><strong>RHEMENSIS</strong></span> <span class='ocrx_word' id='word_1_4' title='bbox 2232 203 2787 266; x_wconf 80' lang='lat' dir='ltr'><strong>ARCHIEPISCOPI.</strong></span> 
     </span>
    </p>
   </div>
   <div class='ocr_carea' id='block_1_3' title="bbox 3682 210 3793 265">
    <p class='ocr_par' dir='ltr' id='par_1_3' title="bbox 3682 210 3793 265">
     <span class='ocr_line' id='line_1_3' title="bbox 3682 210 3793 265; baseline 0 0"><span class='ocrx_word' id='word_1_5' title='bbox 3682 210 3793 265; x_wconf 79' lang='grc'><strong>136</strong></span> 
     </span>
    </p>
   </div>
   <div class='ocr_carea' id='block_1_4' title="bbox 482 327 3849 407">
    <p class='ocr_par' dir='ltr' id='par_1_4' title="bbox 482 327 3849 407">
     <span class='ocr_line' id='line_1_4' title="bbox 482 327 3849 407; baseline -0 -18"><span class='ocrx_word' id='word_1_6' title='bbox 482 341 583 401; x_wconf 92' lang='lat' dir='ltr'><strong>ret,</strong></span> <span class='ocrx_word' id='word_1_7' title='bbox 610 332 760 402; x_wconf 81' lang='lat' dir='ltr'><strong>juSsa</strong></span> <span class='ocrx_word' id='word_1_8' title='bbox 789 330 999 403; x_wconf 83' lang='lat' dir='ltr'><strong>synodo</strong></span> <span class='ocrx_word' id='word_1_9' title='bbox 1022 345 1321 405; x_wconf 77' lang='lat' dir='ltr'><strong>suggerere</strong></span> <span class='ocrx_word' id='word_1_10' title='bbox 1351 331 1572 403; x_wconf 80' lang='lat' dir='ltr'><strong>studuit,</strong></span> <span class='ocrx_word' id='word_1_11' title='bbox 1621 332 1896 390; x_wconf 90' lang='lat' dir='ltr'><strong>communi</strong></span> <span class='ocrx_word' id='word_1_12' title='bbox 1937 348 2075 389; x_wconf 89' lang='lat' dir='ltr'><strong>con-</strong></span> <span class='ocrx_word' id='word_1_13' title='bbox 2105 327 2162 390; x_wconf 89' lang='lat' dir='ltr'><strong>A</strong></span> <span class='ocrx_word' id='word_1_14' title='bbox 2182 331 2256 387; x_wconf 90' lang='lat' dir='ltr'><strong>ita</strong></span> <span class='ocrx_word' id='word_1_15' title='bbox 2284 340 2342 389; x_wconf 91' lang='lat' dir='ltr'><strong>ut</strong></span> <span class='ocrx_word' id='word_1_16' title='bbox 2362 334 2689 407; x_wconf 83' lang='lat' dir='ltr'><strong>Stephanus,</strong></span> <span class='ocrx_word' id='word_1_17' title='bbox 2719 341 2851 390; x_wconf 90' lang='lat' dir='ltr'><strong>tunc</strong></span> <span class='ocrx_word' id='word_1_18' title='bbox 2898 332 2944 388; x_wconf 90' lang='lat' dir='ltr'><strong>si</strong></span> <span class='ocrx_word' id='word_1_19' title='bbox 2996 347 3227 389; x_wconf 91' lang='lat' dir='ltr'><strong>necesse</strong></span> <span class='ocrx_word' id='word_1_20' title='bbox 3256 330 3439 399; x_wconf 88' lang='lat' dir='ltr'><strong>fuerit,</strong></span> <span class='ocrx_word' id='word_1_21' title='bbox 3492 331 3796 389; x_wconf 80' lang='lat' dir='ltr'><strong>credulitas</strong></span> <span class='ocrx_word' id='word_1_22' title='bbox 3842 391 3849 397; x_wconf 65' lang='grc'><em>,</em></span> 
     </span>
    </p>
   </div>
   <div class='ocr_carea' id='block_1_5' title="bbox 481 420 2081 494">
    <p class='ocr_par' dir='ltr' id='par_1_5' title="bbox 481 420 2081 494">
     <span class='ocr_line' id='line_1_5' title="bbox 481 420 2081 494; baseline -0.001 -17"><span class='ocrx_word' id='word_1_23' title='bbox 481 438 647 478; x_wconf 91' lang='lat' dir='ltr'><strong>sensu</strong></span> <span class='ocrx_word' id='word_1_24' title='bbox 675 427 877 476; x_wconf 85' lang='lat' dir='ltr'><strong>sancta</strong></span> <span class='ocrx_word' id='word_1_25' title='bbox 903 420 1237 477; x_wconf 90' lang='lat' dir='ltr'><strong>unanimitati</strong></span> <span class='ocrx_word' id='word_1_26' title='bbox 1278 421 1624 494; x_wconf 78' lang='lat' dir='ltr'><strong>complacuit,</strong></span> <span class='ocrx_word' id='word_1_27' title='bbox 1676 429 1733 478; x_wconf 91' lang='lat' dir='ltr'><strong>ut</strong></span> <span class='ocrx_word' id='word_1_28' title='bbox 1781 438 1845 479; x_wconf 92' lang='lat' dir='ltr'><strong>ea</strong></span> <span class='ocrx_word' id='word_1_29' title='bbox 1891 421 2081 479; x_wconf 84' lang='lat' dir='ltr'><strong>litteris</strong></span> 
     </span>
    </p>
   </div>
   <div class='ocr_carea' id='block_1_6' title="bbox 483 510 2083 589">
    <p class='ocr_par' dir='ltr' id='par_1_6' title="bbox 483 510 2083 589">
     <span class='ocr_line' id='line_1_6' title="bbox 483 510 2083 589; baseline 0 -22"><span class='ocrx_word' id='word_1_30' title='bbox 483 510 907 589; x_wconf 80' lang='lat' dir='ltr'><strong>commendaret,</strong></span> <span class='ocrx_word' id='word_1_31' title='bbox 939 518 992 566; x_wconf 91' lang='lat' dir='ltr'><strong>et</strong></span> <span class='ocrx_word' id='word_1_32' title='bbox 1037 510 1314 583; x_wconf 87' lang='lat' dir='ltr'><strong>sapientia</strong></span> <span class='ocrx_word' id='word_1_33' title='bbox 1343 519 1558 580; x_wconf 76' lang='lat' dir='ltr'><strong>vestrae,</strong></span> <span class='ocrx_word' id='word_1_34' title='bbox 1610 511 1747 567; x_wconf 82' lang='lat' dir='ltr'><strong>sicut</strong></span> <span class='ocrx_word' id='word_1_35' title='bbox 1790 518 1918 567; x_wconf 89' lang='lat' dir='ltr'><strong>tunc</strong></span> <span class='ocrx_word' id='word_1_36' title='bbox 1958 510 2083 568; x_wconf 85' lang='lat' dir='ltr'><strong>fue-</strong></span> 
     </span>
    </p>
   </div>
   <div class='ocr_carea' id='block_1_7' title="bbox 485 599 2082 672">
    <p class='ocr_par' dir='ltr' id='par_1_7' title="bbox 485 599 2082 672">
     <span class='ocr_line' id='line_1_7' title="bbox 485 599 2082 672; baseline 0 -16"><span class='ocrx_word' id='word_1_37' title='bbox 485 606 611 656; x_wconf 89' lang='lat' dir='ltr'><strong>runt</strong></span> <span class='ocrx_word' id='word_1_38' title='bbox 635 599 691 655; x_wconf 92' lang='lat' dir='ltr'><strong>in</strong></span> <span class='ocrx_word' id='word_1_39' title='bbox 739 599 972 656; x_wconf 92' lang='lat' dir='ltr'><strong>concilio</strong></span> <span class='ocrx_word' id='word_1_40' title='bbox 1000 607 1290 672; x_wconf 87' lang='lat' dir='ltr'><strong>acceptata,</strong></span> <span class='ocrx_word' id='word_1_41' title='bbox 1343 600 1745 657; x_wconf 77' lang='lat' dir='ltr'><strong>transmitteret.</strong></span> <span class='ocrx_word' id='word_1_42' title='bbox 1780 601 1850 656; x_wconf 89' lang='lat' dir='ltr'><strong>Et</strong></span> <span class='ocrx_word' id='word_1_43' title='bbox 1879 600 2082 656; x_wconf 90' lang='lat' dir='ltr'><strong>idcirco</strong></span> 
     </span>
    </p>
   </div>
   <div class='ocr_carea' id='block_1_8' title="bbox 482 688 2084 762">
    <p class='ocr_par' dir='ltr' id='par_1_8' title="bbox 482 688 2084 762">
     <span class='ocr_line' id='line_1_8' title="bbox 482 688 2084 762; baseline -0.001 -18"><span class='ocrx_word' id='word_1_44' title='bbox 482 704 591 746; x_wconf 91' lang='lat' dir='ltr'><strong>non</strong></span> <span class='ocrx_word' id='word_1_45' title='bbox 649 689 806 762; x_wconf 86' lang='lat' dir='ltr'><strong>quasi</strong></span> <span class='ocrx_word' id='word_1_46' title='bbox 860 689 1231 745; x_wconf 80' lang='lat' dir='ltr'><strong>nescientibus</strong></span> <span class='ocrx_word' id='word_1_47' title='bbox 1273 688 1391 746; x_wconf 86' lang='lat' dir='ltr'><strong>hac</strong></span> <span class='ocrx_word' id='word_1_48' title='bbox 1440 706 1561 762; x_wconf 89' lang='lat' dir='ltr'><strong>qua</strong></span> <span class='ocrx_word' id='word_1_49' title='bbox 1582 696 1880 762; x_wconf 90' lang='lat' dir='ltr'><strong>sequuntur</strong></span> <span class='ocrx_word' id='word_1_50' title='bbox 1926 688 2084 744; x_wconf 88' lang='lat' dir='ltr'><strong>vobis</strong></span> 
     </span>
    </p>
   </div>
   <div class='ocr_carea' id='block_1_9' title="bbox 486 777 2083 850">
    <p class='ocr_par' dir='ltr' id='par_1_9' title="bbox 486 777 2083 850">
     <span class='ocr_line' id='line_1_9' title="bbox 486 777 2083 850; baseline -0.001 -16"><span class='ocrx_word' id='word_1_51' title='bbox 486 779 823 848; x_wconf 85' lang='lat' dir='ltr'><strong>necessaria,</strong></span> <span class='ocrx_word' id='word_1_52' title='bbox 844 794 947 834; x_wconf 91' lang='lat' dir='ltr'><strong>nec</strong></span> <span class='ocrx_word' id='word_1_53' title='bbox 986 785 1045 833; x_wconf 92' lang='lat' dir='ltr'><strong>ut</strong></span> <span class='ocrx_word' id='word_1_54' title='bbox 1089 793 1346 850; x_wconf 84' lang='lat' dir='ltr'><strong>arrogans</strong></span> <span class='ocrx_word' id='word_1_55' title='bbox 1400 778 1765 835; x_wconf 82' lang='lat' dir='ltr'><strong>auctoritatem</strong></span> <span class='ocrx_word' id='word_1_56' title='bbox 1828 777 2083 850; x_wconf 75' lang='lat' dir='ltr'><strong>specialis</strong></span> 
     </span>
    </p>
   </div>
   <div class='ocr_carea' id='block_1_10' title="bbox 490 866 2085 936">
    <p class='ocr_par' dir='ltr' id='par_1_10' title="bbox 490 866 2085 936">
     <span class='ocr_line' id='line_1_10' title="bbox 490 866 2085 936; baseline -0.001 -14"><span class='ocrx_word' id='word_1_57' title='bbox 490 866 752 935; x_wconf 87' lang='lat' dir='ltr'><strong>scientia,</strong></span> <span class='ocrx_word' id='word_1_58' title='bbox 786 867 874 923; x_wconf 87' lang='lat' dir='ltr'><strong>vel</strong></span> <span class='ocrx_word' id='word_1_59' title='bbox 913 867 1127 936; x_wconf 90' lang='lat' dir='ltr'><strong>jactans</strong></span> <span class='ocrx_word' id='word_1_60' title='bbox 1157 867 1487 924; x_wconf 82' lang='lat' dir='ltr'><strong>diﬂinitionis</strong></span> <span class='ocrx_word' id='word_1_61' title='bbox 1529 868 1831 936; x_wconf 86' lang='lat' dir='ltr'><strong>audaciam,</strong></span> <span class='ocrx_word' id='word_1_62' title='bbox 1881 866 1981 923; x_wconf 91' lang='lat' dir='ltr'><strong>sed</strong></span> <span class='ocrx_word' id='word_1_63' title='bbox 2029 872 2085 921; x_wconf 90' lang='lat' dir='ltr'><strong>ut</strong></span> 
     </span>
    </p>
   </div>
   <div class='ocr_carea' id='block_1_11' title="bbox 478 954 2081 1013">
    <p class='ocr_par' dir='ltr' id='par_1_11' title="bbox 478 954 2081 1013">
     <span class='ocr_line' id='line_1_11' title="bbox 478 954 2081 1013; baseline -0.001 -1"><span class='ocrx_word' id='word_1_64' title='bbox 478 956 746 1013; x_wconf 74' lang='lat' dir='ltr'><strong>Ecclesia:</strong></span> <span class='ocrx_word' id='word_1_65' title='bbox 774 970 841 1012; x_wconf 91' lang='lat' dir='ltr'><strong>ac</strong></span> <span class='ocrx_word' id='word_1_66' title='bbox 867 963 1050 1013; x_wconf 87' lang='lat' dir='ltr'><strong>vester</strong></span> <span class='ocrx_word' id='word_1_67' title='bbox 1078 956 1318 1012; x_wconf 90' lang='lat' dir='ltr'><strong>omnium</strong></span> <span class='ocrx_word' id='word_1_68' title='bbox 1377 956 1631 1013; x_wconf 87' lang='lat' dir='ltr'><strong>videlicet</strong></span> <span class='ocrx_word' id='word_1_69' title='bbox 1668 970 1948 1013; x_wconf 90' lang='lat' dir='ltr'><strong>servorum</strong></span> <span class='ocrx_word' id='word_1_70' title='bbox 1978 954 2081 1011; x_wconf 92' lang='lat' dir='ltr'><strong>do-</strong></span> 
     </span>
    </p>
   </div>
   <div class='ocr_carea' id='block_1_12' title="bbox 483 1044 2085 1117">
    <p class='ocr_par' dir='ltr' id='par_1_12' title="bbox 483 1044 2085 1117">
     <span class='ocr_line' id='line_1_12' title="bbox 483 1044 2085 1117; baseline -0.001 -17"><span class='ocrx_word' id='word_1_71' title='bbox 483 1045 621 1101; x_wconf 91' lang='lat' dir='ltr'><strong>mini</strong></span> <span class='ocrx_word' id='word_1_72' title='bbox 647 1061 859 1111; x_wconf 87' lang='lat' dir='ltr'><strong>servus,</strong></span> <span class='ocrx_word' id='word_1_73' title='bbox 890 1052 943 1102; x_wconf 91' lang='lat' dir='ltr'><strong>et</strong></span> <span class='ocrx_word' id='word_1_74' title='bbox 969 1044 1144 1117; x_wconf 87' lang='lat' dir='ltr'><strong>plebis</strong></span> <span class='ocrx_word' id='word_1_75' title='bbox 1166 1044 1451 1102; x_wconf 88' lang='lat' dir='ltr'><strong>dominica</strong></span> <span class='ocrx_word' id='word_1_76' title='bbox 1472 1044 1726 1112; x_wconf 88' lang='lat' dir='ltr'><strong>famulus,</strong></span> <span class='ocrx_word' id='word_1_77' title='bbox 1777 1059 2085 1117; x_wconf 88' lang='lat' dir='ltr'><strong>quanquam</strong></span> 
     </span>
    </p>
   </div>
   <div class='ocr_carea' id='block_1_13' title="bbox 486 1130 2087 1205">
    <p class='ocr_par' dir='ltr' id='par_1_13' title="bbox 486 1130 2087 1205">
     <span class='ocr_line' id='line_1_13' title="bbox 486 1130 2087 1205; baseline -0.003 -13"><span class='ocrx_word' id='word_1_78' title='bbox 486 1150 595 1192; x_wconf 92' lang='lat' dir='ltr'><strong>non</strong></span> <span class='ocrx_word' id='word_1_79' title='bbox 624 1142 685 1190; x_wconf 91' lang='lat' dir='ltr'><strong>ut</strong></span> <span class='ocrx_word' id='word_1_80' title='bbox 714 1134 895 1201; x_wconf 91' lang='lat' dir='ltr'><strong>debui,</strong></span> <span class='ocrx_word' id='word_1_81' title='bbox 935 1141 1117 1189; x_wconf 88' lang='lat' dir='ltr'><strong>tamen</strong></span> <span class='ocrx_word' id='word_1_82' title='bbox 1156 1141 1213 1189; x_wconf 90' lang='lat' dir='ltr'><strong>ut</strong></span> <span class='ocrx_word' id='word_1_83' title='bbox 1240 1134 1411 1205; x_wconf 87' lang='lat' dir='ltr'><strong>potui,</strong></span> <span class='ocrx_word' id='word_1_84' title='bbox 1448 1130 1752 1190; x_wconf 83' lang='lat' dir='ltr'><strong>devotionis</strong></span> <span class='ocrx_word' id='word_1_85' title='bbox 1780 1133 2087 1189; x_wconf 89' lang='lat' dir='ltr'><strong>obedientia</strong></span> 
     </span>
    </p>
   </div>
   <div class='ocr_carea' id='block_1_14' title="bbox 486 1222 2083 1296">
    <p class='ocr_par' dir='ltr' id='par_1_14' title="bbox 486 1222 2083 1296">
     <span class='ocr_line' id='line_1_14' title="bbox 486 1222 2083 1296; baseline -0.003 -15"><span class='ocrx_word' id='word_1_86' title='bbox 486 1224 766 1296; x_wconf 83' lang='lat' dir='ltr'><strong>colligere,</strong></span> <span class='ocrx_word' id='word_1_87' title='bbox 799 1229 852 1279; x_wconf 92' lang='lat' dir='ltr'><strong>et</strong></span> <span class='ocrx_word' id='word_1_88' title='bbox 902 1223 1131 1281; x_wconf 91' lang='lat' dir='ltr'><strong>collecta</strong></span> <span class='ocrx_word' id='word_1_89' title='bbox 1156 1223 1312 1279; x_wconf 90' lang='lat' dir='ltr'><strong>vobis</strong></span> <span class='ocrx_word' id='word_1_90' title='bbox 1372 1222 1736 1279; x_wconf 85' lang='lat' dir='ltr'><strong>transmittere</strong></span> <span class='ocrx_word' id='word_1_91' title='bbox 1760 1222 2083 1294; x_wconf 88' lang='lat' dir='ltr'><strong>procuravi.</strong></span> 
     </span>
    </p>
   </div>
   <div class='ocr_carea' id='block_1_15' title="bbox 486 1311 2088 1386">
    <p class='ocr_par' dir='ltr' id='par_1_15' title="bbox 486 1311 2088 1386">
     <span class='ocr_line' id='line_1_15' title="bbox 486 1311 2088 1386; baseline -0.001 -17"><span class='ocrx_word' id='word_1_92' title='bbox 486 1315 548 1369; x_wconf 89' lang='lat' dir='ltr'><strong>In</strong></span> <span class='ocrx_word' id='word_1_93' title='bbox 574 1313 772 1386; x_wconf 88' lang='lat' dir='ltr'><strong>quibus</strong></span> <span class='ocrx_word' id='word_1_94' title='bbox 825 1311 959 1368; x_wconf 91' lang='lat' dir='ltr'><strong>nihil</strong></span> <span class='ocrx_word' id='word_1_95' title='bbox 1016 1312 1085 1367; x_wconf 92' lang='lat' dir='ltr'><strong>de</strong></span> <span class='ocrx_word' id='word_1_96' title='bbox 1112 1312 1256 1370; x_wconf 92' lang='lat' dir='ltr'><strong>civili</strong></span> <span class='ocrx_word' id='word_1_97' title='bbox 1306 1312 1532 1382; x_wconf 91' lang='lat' dir='ltr'><strong>judicio,</strong></span> <span class='ocrx_word' id='word_1_98' title='bbox 1591 1313 1744 1382; x_wconf 89' lang='lat' dir='ltr'><strong>cujus</strong></span> <span class='ocrx_word' id='word_1_99' title='bbox 1772 1311 2088 1385; x_wconf 79' lang='lat' dir='ltr'><strong>cognitores</strong></span> 
     </span>
    </p>
   </div>
   <div class='ocr_carea' id='block_1_16' title="bbox 484 1399 2088 1474">
    <p class='ocr_par' dir='ltr' id='par_1_16' title="bbox 484 1399 2088 1474">
     <span class='ocr_line' id='line_1_16' title="bbox 484 1399 2088 1474; baseline -0.002 -16"><span class='ocrx_word' id='word_1_100' title='bbox 484 1418 595 1459; x_wconf 92' lang='lat' dir='ltr'><strong>non</strong></span> <span class='ocrx_word' id='word_1_101' title='bbox 623 1401 886 1459; x_wconf 87' lang='lat' dir='ltr'><strong>debemus</strong></span> <span class='ocrx_word' id='word_1_102' title='bbox 918 1416 1039 1458; x_wconf 92' lang='lat' dir='ltr'><strong>esse</strong></span> <span class='ocrx_word' id='word_1_103' title='bbox 1060 1401 1322 1473; x_wconf 91' lang='lat' dir='ltr'><strong>episcopi,</strong></span> <span class='ocrx_word' id='word_1_104' title='bbox 1353 1417 1577 1473; x_wconf 90' lang='lat' dir='ltr'><strong>ponere,</strong></span> <span class='ocrx_word' id='word_1_105' title='bbox 1628 1401 1725 1457; x_wconf 90' lang='lat' dir='ltr'><strong>sed</strong></span> <span class='ocrx_word' id='word_1_106' title='bbox 1753 1418 1875 1474; x_wconf 89' lang='lat' dir='ltr'><strong>qua</strong></span> <span class='ocrx_word' id='word_1_107' title='bbox 1905 1399 2088 1457; x_wconf 80' lang='lat' dir='ltr'><strong>eccle-</strong></span> 
     </span>
    </p>
   </div>
   <div class='ocr_carea' id='block_1_17' title="bbox 486 1489 2090 1564">
    <p class='ocr_par' dir='ltr' id='par_1_17' title="bbox 486 1489 2090 1564">
     <span class='ocr_line' id='line_1_17' title="bbox 486 1489 2090 1564; baseline -0.002 -17"><span class='ocrx_word' id='word_1_108' title='bbox 486 1491 720 1548; x_wconf 87' lang='lat' dir='ltr'><strong>siastica</strong></span> <span class='ocrx_word' id='word_1_109' title='bbox 767 1489 1067 1547; x_wconf 84' lang='lat' dir='ltr'><strong>deﬁnitioni</strong></span> <span class='ocrx_word' id='word_1_110' title='bbox 1120 1498 1418 1547; x_wconf 87' lang='lat' dir='ltr'><strong>noscuntur</strong></span> <span class='ocrx_word' id='word_1_111' title='bbox 1455 1498 1787 1564; x_wconf 89' lang='lat' dir='ltr'><strong>competere,</strong></span> <span class='ocrx_word' id='word_1_112' title='bbox 1833 1497 2090 1562; x_wconf 88' lang='lat' dir='ltr'><strong>quantum</strong></span> 
     </span>
    </p>
   </div>
   <div class='ocr_carea' id='block_1_18' title="bbox 486 1577 2091 1645">
    <p class='ocr_par' dir='ltr' id='par_1_18' title="bbox 486 1577 2091 1645">
     <span class='ocr_line' id='line_1_18' title="bbox 486 1577 2091 1645; baseline -0.004 -7"><span class='ocrx_word' id='word_1_113' title='bbox 486 1580 721 1638; x_wconf 88' lang='lat' dir='ltr'><strong>occurrit</strong></span> <span class='ocrx_word' id='word_1_114' title='bbox 748 1580 1042 1645; x_wconf 86' lang='lat' dir='ltr'><strong>memoria,</strong></span> <span class='ocrx_word' id='word_1_115' title='bbox 1076 1578 1313 1635; x_wconf 86' lang='lat' dir='ltr'><strong>breviter</strong></span> <span class='ocrx_word' id='word_1_116' title='bbox 1361 1579 1541 1635; x_wconf 88' lang='lat' dir='ltr'><strong>studui</strong></span> <span class='ocrx_word' id='word_1_117' title='bbox 1592 1580 1870 1635; x_wconf 87' lang='lat' dir='ltr'><strong>adnotare.</strong></span> <span class='ocrx_word' id='word_1_118' title='bbox 1925 1577 2091 1634; x_wconf 92' lang='lat' dir='ltr'><strong>Ordi-</strong></span> 
     </span>
    </p>
   </div>
   <div class='ocr_carea' id='block_1_19' title="bbox 2179 421 3798 481">
    <p class='ocr_par' dir='ltr' id='par_1_19' title="bbox 2179 421 3798 481">
     <span class='ocr_line' id='line_1_19' title="bbox 2179 421 3798 481; baseline 0.001 -4"><span class='ocrx_word' id='word_1_119' title='bbox 2179 422 2378 479; x_wconf 88' lang='lat' dir='ltr'><strong>rationi</strong></span> <span class='ocrx_word' id='word_1_120' title='bbox 2407 431 2459 479; x_wconf 91' lang='lat' dir='ltr'><strong>et</strong></span> <span class='ocrx_word' id='word_1_121' title='bbox 2489 422 2795 481; x_wconf 86' lang='lat' dir='ltr'><strong>auctoritati</strong></span> <span class='ocrx_word' id='word_1_122' title='bbox 2823 421 3158 479; x_wconf 89' lang='lat' dir='ltr'><strong>conveniens</strong></span> <span class='ocrx_word' id='word_1_123' title='bbox 3203 429 3552 479; x_wconf 90' lang='lat' dir='ltr'><strong>sacramento</strong></span> <span class='ocrx_word' id='word_1_124' title='bbox 3592 421 3798 478; x_wconf 85' lang='lat' dir='ltr'><strong>exinde</strong></span> 
     </span>
    </p>
   </div>
   <div class='ocr_carea' id='block_1_20' title="bbox 2182 510 3796 584">
    <p class='ocr_par' dir='ltr' id='par_1_20' title="bbox 2182 510 3796 584">
     <span class='ocr_line' id='line_1_20' title="bbox 2182 510 3796 584; baseline -0.001 -17"><span class='ocrx_word' id='word_1_125' title='bbox 2182 511 2523 584; x_wconf 84' lang='lat' dir='ltr'><strong>suscipiatur,</strong></span> <span class='ocrx_word' id='word_1_126' title='bbox 2555 512 2644 569; x_wconf 92' lang='lat' dir='ltr'><strong>vel</strong></span> <span class='ocrx_word' id='word_1_127' title='bbox 2680 528 2778 584; x_wconf 89' lang='lat' dir='ltr'><strong>per</strong></span> <span class='ocrx_word' id='word_1_128' title='bbox 2791 510 3204 568; x_wconf 90' lang='lat' dir='ltr'><strong>convenientem</strong></span> <span class='ocrx_word' id='word_1_129' title='bbox 3235 526 3533 583; x_wconf 86' lang='lat' dir='ltr'><strong>personam</strong></span> <span class='ocrx_word' id='word_1_130' title='bbox 3573 510 3796 567; x_wconf 90' lang='lat' dir='ltr'><strong>satisfa-</strong></span> 
     </span>
    </p>
   </div>
   <div class='ocr_carea' id='block_1_21' title="bbox 2182 600 3797 675">
    <p class='ocr_par' dir='ltr' id='par_1_21' title="bbox 2182 600 3797 675">
     <span class='ocr_line' id='line_1_21' title="bbox 2182 600 3797 675; baseline 0 -19"><span class='ocrx_word' id='word_1_131' title='bbox 2182 600 2309 671; x_wconf 92' lang='lat' dir='ltr'><strong>ctio,</strong></span> <span class='ocrx_word' id='word_1_132' title='bbox 2343 602 2388 655; x_wconf 93' lang='lat' dir='ltr'><strong>si</strong></span> <span class='ocrx_word' id='word_1_133' title='bbox 2417 601 2492 656; x_wconf 90' lang='lat' dir='ltr'><strong>ita</strong></span> <span class='ocrx_word' id='word_1_134' title='bbox 2520 600 2821 657; x_wconf 89' lang='lat' dir='ltr'><strong>necessitas</strong></span> <span class='ocrx_word' id='word_1_135' title='bbox 2851 600 3037 675; x_wconf 84' lang='lat' dir='ltr'><strong>exigit,</strong></span> <span class='ocrx_word' id='word_1_136' title='bbox 3064 600 3271 671; x_wconf 90' lang='lat' dir='ltr'><strong>judicio</strong></span> <span class='ocrx_word' id='word_1_137' title='bbox 3311 607 3613 672; x_wconf 87' lang='lat' dir='ltr'><strong>expetatur,</strong></span> <span class='ocrx_word' id='word_1_138' title='bbox 3664 600 3797 672; x_wconf 86' lang='lat' dir='ltr'><strong>quia</strong></span> 
     </span>
    </p>
   </div>
   <div class='ocr_carea' id='block_1_22' title="bbox 2181 689 3797 763">
    <p class='ocr_par' dir='ltr' id='par_1_22' title="bbox 2181 689 3797 763">
     <span class='ocr_line' id='line_1_22' title="bbox 2181 689 3797 763; baseline 0 -19"><span class='ocrx_word' id='word_1_139' title='bbox 2181 705 2292 745; x_wconf 91' lang='lat' dir='ltr'><strong>non</strong></span> <span class='ocrx_word' id='word_1_140' title='bbox 2318 705 2421 761; x_wconf 91' lang='lat' dir='ltr'><strong>pro</strong></span> <span class='ocrx_word' id='word_1_141' title='bbox 2453 690 2601 757; x_wconf 88' lang='lat' dir='ltr'><strong>dolo,</strong></span> <span class='ocrx_word' id='word_1_142' title='bbox 2631 706 2810 763; x_wconf 91' lang='lat' dir='ltr'><strong>neque</strong></span> <span class='ocrx_word' id='word_1_143' title='bbox 2838 706 2939 761; x_wconf 90' lang='lat' dir='ltr'><strong>pro</strong></span> <span class='ocrx_word' id='word_1_144' title='bbox 2970 690 3074 745; x_wconf 86' lang='lat' dir='ltr'><strong>alia</strong></span> <span class='ocrx_word' id='word_1_145' title='bbox 3105 689 3343 762; x_wconf 89' lang='lat' dir='ltr'><strong>qualibet</strong></span> <span class='ocrx_word' id='word_1_146' title='bbox 3367 690 3797 761; x_wconf 88' lang='lat' dir='ltr'><strong>causa,Stepha-</strong></span> 
     </span>
    </p>
   </div>
   <div class='ocr_carea' id='block_1_23' title="bbox 2183 777 3788 851">
    <p class='ocr_par' dir='ltr' id='par_1_23' title="bbox 2183 777 3788 851">
     <span class='ocr_line' id='line_1_23' title="bbox 2183 777 3788 851; baseline 0 -18"><span class='ocrx_word' id='word_1_147' title='bbox 2183 795 2285 833; x_wconf 91' lang='lat' dir='ltr'><strong>nus</strong></span> <span class='ocrx_word' id='word_1_148' title='bbox 2331 796 2393 834; x_wconf 89' lang='lat' dir='ltr'><strong>se</strong></span> <span class='ocrx_word' id='word_1_149' title='bbox 2438 795 2473 834; x_wconf 90' lang='lat' dir='ltr'><strong>a</strong></span> <span class='ocrx_word' id='word_1_150' title='bbox 2513 779 2723 836; x_wconf 89' lang='lat' dir='ltr'><strong>carnali</strong></span> <span class='ocrx_word' id='word_1_151' title='bbox 2752 779 2946 851; x_wconf 91' lang='lat' dir='ltr'><strong>copula</strong></span> <span class='ocrx_word' id='word_1_152' title='bbox 2963 778 3161 850; x_wconf 87' lang='lat' dir='ltr'><strong>puella</strong></span> <span class='ocrx_word' id='word_1_153' title='bbox 3210 778 3372 848; x_wconf 89' lang='lat' dir='ltr'><strong>hujus</strong></span> <span class='ocrx_word' id='word_1_154' title='bbox 3432 777 3788 846; x_wconf 81' lang='lat' dir='ltr'><strong>subtraxerit,</strong></span> 
     </span>
    </p>
   </div>
   <div class='ocr_carea' id='block_1_24' title="bbox 2182 867 3794 941">
    <p class='ocr_par' dir='ltr' id='par_1_24' title="bbox 2182 867 3794 941">
     <span class='ocr_line' id='line_1_24' title="bbox 2182 867 3794 941; baseline -0.001 -19"><span class='ocrx_word' id='word_1_155' title='bbox 2182 867 2288 922; x_wconf 90' lang='lat' dir='ltr'><strong>nisi</strong></span> <span class='ocrx_word' id='word_1_156' title='bbox 2328 882 2430 939; x_wconf 89' lang='lat' dir='ltr'><strong>pro</strong></span> <span class='ocrx_word' id='word_1_157' title='bbox 2460 882 2527 924; x_wconf 89' lang='lat' dir='ltr'><strong>ea</strong></span> <span class='ocrx_word' id='word_1_158' title='bbox 2556 884 2720 941; x_wconf 89' lang='lat' dir='ltr'><strong>quam</strong></span> <span class='ocrx_word' id='word_1_159' title='bbox 2752 868 2869 940; x_wconf 91' lang='lat' dir='ltr'><strong>ipse</strong></span> <span class='ocrx_word' id='word_1_160' title='bbox 2918 868 3130 939; x_wconf 89' lang='lat' dir='ltr'><strong>synodo</strong></span> <span class='ocrx_word' id='word_1_161' title='bbox 3178 867 3438 924; x_wconf 88' lang='lat' dir='ltr'><strong>indicavit</strong></span> <span class='ocrx_word' id='word_1_162' title='bbox 3474 884 3487 921; x_wconf 92' lang='lat'>:</span> <span class='ocrx_word' id='word_1_163' title='bbox 3530 867 3794 925; x_wconf 88' lang='lat' dir='ltr'><strong>videlicet</strong></span> 
     </span>
    </p>
   </div>
   <div class='ocr_carea' id='block_1_25' title="bbox 2184 955 3796 1029">
    <p class='ocr_par' dir='ltr' id='par_1_25' title="bbox 2184 955 3796 1029">
     <span class='ocr_line' id='line_1_25' title="bbox 2184 955 3796 1029; baseline -0.001 -17"><span class='ocrx_word' id='word_1_164' title='bbox 2184 957 2311 1029; x_wconf 90' lang='lat' dir='ltr'><strong>quia</strong></span> <span class='ocrx_word' id='word_1_165' title='bbox 2347 973 2470 1013; x_wconf 91' lang='lat' dir='ltr'><strong>cum</strong></span> <span class='ocrx_word' id='word_1_166' title='bbox 2508 957 2708 1029; x_wconf 87' lang='lat' dir='ltr'><strong>puella</strong></span> <span class='ocrx_word' id='word_1_167' title='bbox 2737 957 2841 1012; x_wconf 90' lang='lat' dir='ltr'><strong>sibi</strong></span> <span class='ocrx_word' id='word_1_168' title='bbox 2879 958 3225 1029; x_wconf 83' lang='lat' dir='ltr'><strong>desponsata</strong></span> <span class='ocrx_word' id='word_1_169' title='bbox 3267 955 3700 1029; x_wconf 90' lang='lat' dir='ltr'><strong>consanguinea,</strong></span> <span class='ocrx_word' id='word_1_170' title='bbox 3735 964 3796 1012; x_wconf 91' lang='lat' dir='ltr'><strong>et</strong></span> 
     </span>
    </p>
   </div>
   <div class='ocr_carea' id='block_1_26' title="bbox 2184 1045 3791 1120">
    <p class='ocr_par' dir='ltr' id='par_1_26' title="bbox 2184 1045 3791 1120">
     <span class='ocr_line' id='line_1_26' title="bbox 2184 1045 3791 1120; baseline -0.001 -18"><span class='ocrx_word' id='word_1_171' title='bbox 2184 1046 2365 1102; x_wconf 89' lang='lat' dir='ltr'><strong>carnis</strong></span> <span class='ocrx_word' id='word_1_172' title='bbox 2378 1046 2706 1120; x_wconf 88' lang='lat' dir='ltr'><strong>cognatione</strong></span> <span class='ocrx_word' id='word_1_173' title='bbox 2735 1047 3058 1119; x_wconf 82' lang='lat' dir='ltr'><strong>propinqua,</strong></span> <span class='ocrx_word' id='word_1_174' title='bbox 3076 1046 3373 1103; x_wconf 89' lang='lat' dir='ltr'><strong>carnaliter</strong></span> <span class='ocrx_word' id='word_1_175' title='bbox 3403 1045 3791 1103; x_wconf 89' lang='lat' dir='ltr'><strong>concubuerit.</strong></span> 
     </span>
    </p>
   </div>
   <div class='ocr_carea' id='block_1_27' title="bbox 2255 1135 3793 1208">
    <p class='ocr_par' dir='ltr' id='par_1_27' title="bbox 2255 1135 3793 1208">
     <span class='ocr_line' id='line_1_27' title="bbox 2255 1135 3793 1208; baseline -0.001 -18"><span class='ocrx_word' id='word_1_176' title='bbox 2255 1136 2371 1192; x_wconf 91' lang='lat' dir='ltr'><strong>Hoc</strong></span> <span class='ocrx_word' id='word_1_177' title='bbox 2398 1135 2544 1190; x_wconf 91' lang='lat' dir='ltr'><strong>enim</strong></span> <span class='ocrx_word' id='word_1_178' title='bbox 2572 1142 2795 1192; x_wconf 90' lang='lat' dir='ltr'><strong>sanctus</strong></span> <span class='ocrx_word' id='word_1_179' title='bbox 2824 1136 2933 1193; x_wconf 91' lang='lat' dir='ltr'><strong>Leo</strong></span> <span class='ocrx_word' id='word_1_180' title='bbox 2977 1152 3140 1207; x_wconf 87' lang='lat' dir='ltr'><strong>papa,</strong></span> <span class='ocrx_word' id='word_1_181' title='bbox 3175 1143 3229 1191; x_wconf 90' lang='lat' dir='ltr'><strong>et</strong></span> <span class='ocrx_word' id='word_1_182' title='bbox 3272 1135 3457 1190; x_wconf 89' lang='lat' dir='ltr'><strong>beatus</strong></span> <span class='ocrx_word' id='word_1_183' title='bbox 3488 1135 3793 1208; x_wconf 88' lang='lat' dir='ltr'><strong>Gregorius</strong></span> 
     </span>
    </p>
   </div>
   <div class='ocr_carea' id='block_1_28' title="bbox 2185 1223 3792 1296">
    <p class='ocr_par' dir='ltr' id='par_1_28' title="bbox 2185 1223 3792 1296">
     <span class='ocr_line' id='line_1_28' title="bbox 2185 1223 3792 1296; baseline -0.001 -17"><span class='ocrx_word' id='word_1_184' title='bbox 2185 1224 2243 1280; x_wconf 94' lang='lat' dir='ltr'><strong>in</strong></span> <span class='ocrx_word' id='word_1_185' title='bbox 2264 1240 2325 1279; x_wconf 91' lang='lat' dir='ltr'><strong>re</strong></span> <span class='ocrx_word' id='word_1_186' title='bbox 2355 1224 2522 1279; x_wconf 91' lang='lat' dir='ltr'><strong>dubia</strong></span> <span class='ocrx_word' id='word_1_187' title='bbox 2549 1239 2583 1280; x_wconf 91' lang='lat' dir='ltr'><strong>a</strong></span> <span class='ocrx_word' id='word_1_188' title='bbox 2637 1224 2980 1296; x_wconf 87' lang='lat' dir='ltr'><strong>presbytero,</strong></span> <span class='ocrx_word' id='word_1_189' title='bbox 3021 1223 3168 1281; x_wconf 88' lang='lat' dir='ltr'><strong>vela</strong></span> <span class='ocrx_word' id='word_1_190' title='bbox 3216 1223 3459 1296; x_wconf 91' lang='lat' dir='ltr'><strong>quolibet</strong></span> <span class='ocrx_word' id='word_1_191' title='bbox 3515 1230 3622 1278; x_wconf 90' lang='lat' dir='ltr'><strong>tam</strong></span> <span class='ocrx_word' id='word_1_192' title='bbox 3670 1223 3792 1280; x_wconf 90' lang='lat' dir='ltr'><strong>viro</strong></span> 
     </span>
    </p>
   </div>
   <div class='ocr_carea' id='block_1_29' title="bbox 2189 1312 3792 1386">
    <p class='ocr_par' dir='ltr' id='par_1_29' title="bbox 2189 1312 3792 1386">
     <span class='ocr_line' id='line_1_29' title="bbox 2189 1312 3792 1386; baseline -0.002 -17"><span class='ocrx_word' id='word_1_193' title='bbox 2189 1329 2354 1385; x_wconf 90' lang='lat' dir='ltr'><strong>quam</strong></span> <span class='ocrx_word' id='word_1_194' title='bbox 2380 1312 2597 1379; x_wconf 85' lang='lat' dir='ltr'><strong>femina,</strong></span> <span class='ocrx_word' id='word_1_195' title='bbox 2631 1312 2801 1368; x_wconf 92' lang='lat' dir='ltr'><strong>nobili</strong></span> <span class='ocrx_word' id='word_1_196' title='bbox 2830 1312 2918 1369; x_wconf 91' lang='lat' dir='ltr'><strong>vel</strong></span> <span class='ocrx_word' id='word_1_197' title='bbox 2979 1312 3224 1386; x_wconf 86' lang='lat' dir='ltr'><strong>ignobili,</strong></span> <span class='ocrx_word' id='word_1_198' title='bbox 3255 1329 3357 1385; x_wconf 91' lang='lat' dir='ltr'><strong>per</strong></span> <span class='ocrx_word' id='word_1_199' title='bbox 3388 1319 3792 1368; x_wconf 87' lang='lat' dir='ltr'><strong>sacramentum</strong></span> 
     </span>
    </p>
   </div>
   <div class='ocr_carea' id='block_1_30' title="bbox 2188 1401 3795 1474">
    <p class='ocr_par' dir='ltr' id='par_1_30' title="bbox 2188 1401 3795 1474">
     <span class='ocr_line' id='line_1_30' title="bbox 2188 1401 3795 1474; baseline 0 -18"><span class='ocrx_word' id='word_1_200' title='bbox 2188 1401 2308 1458; x_wconf 84' lang='lat' dir='ltr'><strong>fieri</strong></span> <span class='ocrx_word' id='word_1_201' title='bbox 2337 1401 2625 1458; x_wconf 86' lang='lat' dir='ltr'><strong>manifeste</strong></span> <span class='ocrx_word' id='word_1_202' title='bbox 2656 1402 2974 1469; x_wconf 90' lang='lat' dir='ltr'><strong>decernunt,</strong></span> <span class='ocrx_word' id='word_1_203' title='bbox 3019 1401 3158 1458; x_wconf 90' lang='lat' dir='ltr'><strong>sicut</strong></span> <span class='ocrx_word' id='word_1_204' title='bbox 3186 1402 3279 1474; x_wconf 92' lang='lat' dir='ltr'><strong>qui</strong></span> <span class='ocrx_word' id='word_1_205' title='bbox 3324 1401 3513 1473; x_wconf 90' lang='lat' dir='ltr'><strong>legere</strong></span> <span class='ocrx_word' id='word_1_206' title='bbox 3556 1401 3795 1458; x_wconf 89' lang='lat' dir='ltr'><strong>voluerit</strong></span> 
     </span>
    </p>
   </div>
   <div class='ocr_carea' id='block_1_31' title="bbox 2188 1490 3791 1560">
    <p class='ocr_par' dir='ltr' id='par_1_31' title="bbox 2188 1490 3791 1560">
     <span class='ocr_line' id='line_1_31' title="bbox 2188 1490 3791 1560; baseline 0.001 -14"><span class='ocrx_word' id='word_1_207' title='bbox 2188 1491 2434 1548; x_wconf 90' lang='lat' dir='ltr'><strong>invenire</strong></span> <span class='ocrx_word' id='word_1_208' title='bbox 2465 1490 2663 1547; x_wconf 88' lang='lat' dir='ltr'><strong>valebit</strong></span> <span class='ocrx_word' id='word_1_209' title='bbox 2692 1509 2706 1558; x_wconf 93' lang='lat'><strong>;</strong></span> <span class='ocrx_word' id='word_1_210' title='bbox 2731 1491 2871 1546; x_wconf 90' lang='lat' dir='ltr'><strong>inter</strong></span> <span class='ocrx_word' id='word_1_211' title='bbox 2898 1498 3095 1548; x_wconf 89' lang='lat' dir='ltr'><strong>catera</strong></span> <span class='ocrx_word' id='word_1_212' title='bbox 3126 1491 3341 1547; x_wconf 88' lang='lat' dir='ltr'><strong>dicente</strong></span> <span class='ocrx_word' id='word_1_213' title='bbox 3373 1491 3532 1547; x_wconf 90' lang='lat' dir='ltr'><strong>beato</strong></span> <span class='ocrx_word' id='word_1_214' title='bbox 3565 1490 3791 1560; x_wconf 90' lang='lat' dir='ltr'><strong>juniore</strong></span> 
     </span>
    </p>
   </div>
   <div class='ocr_carea' id='block_1_32' title="bbox 2191 1578 3792 1653">
    <p class='ocr_par' dir='ltr' id='par_1_32' title="bbox 2191 1578 3792 1653">
     <span class='ocr_line' id='line_1_32' title="bbox 2191 1578 3792 1653; baseline 0 -18"><span class='ocrx_word' id='word_1_215' title='bbox 2191 1579 2479 1653; x_wconf 90' lang='lat' dir='ltr'><strong>Gregorio,</strong></span> <span class='ocrx_word' id='word_1_216' title='bbox 2510 1580 2566 1634; x_wconf 91' lang='lat' dir='ltr'><strong>in</strong></span> <span class='ocrx_word' id='word_1_217' title='bbox 2611 1578 2843 1651; x_wconf 90' lang='lat' dir='ltr'><strong>epistola</strong></span> <span class='ocrx_word' id='word_1_218' title='bbox 2886 1596 2987 1651; x_wconf 91' lang='lat' dir='ltr'><strong>per</strong></span> <span class='ocrx_word' id='word_1_219' title='bbox 3033 1580 3374 1635; x_wconf 90' lang='lat' dir='ltr'><strong>Denualdum</strong></span> <span class='ocrx_word' id='word_1_220' title='bbox 3401 1580 3792 1651; x_wconf 86' lang='lat' dir='ltr'><strong>presbyterum</strong></span> 
     </span>
    </p>
   </div>
   <div class='ocr_carea' id='block_1_33' title="bbox 487 1667 3795 1752">
    <p class='ocr_par' dir='ltr' id='par_1_33' title="bbox 487 1667 3795 1752">
     <span class='ocr_line' id='line_1_33' title="bbox 487 1667 3795 1752; baseline -0 -26"><span class='ocrx_word' id='word_1_221' title='bbox 487 1686 615 1726; x_wconf 90' lang='lat' dir='ltr'><strong>nem</strong></span> <span class='ocrx_word' id='word_1_222' title='bbox 637 1668 828 1739; x_wconf 92' lang='lat' dir='ltr'><strong>judicii</strong></span> <span class='ocrx_word' id='word_1_223' title='bbox 858 1668 927 1725; x_wconf 92' lang='lat' dir='ltr'><strong>de</strong></span> <span class='ocrx_word' id='word_1_224' title='bbox 952 1668 1196 1724; x_wconf 91' lang='lat' dir='ltr'><strong>nondum</strong></span> <span class='ocrx_word' id='word_1_225' title='bbox 1224 1675 1418 1740; x_wconf 89' lang='lat' dir='ltr'><strong>sponte</strong></span> <span class='ocrx_word' id='word_1_226' title='bbox 1446 1667 1735 1735; x_wconf 80' lang='lat' dir='ltr'><strong>confessis,</strong></span> <span class='ocrx_word' id='word_1_227' title='bbox 1767 1667 1856 1724; x_wconf 90' lang='lat' dir='ltr'><strong>vel</strong></span> <span class='ocrx_word' id='word_1_228' title='bbox 1904 1673 2087 1739; x_wconf 90' lang='lat' dir='ltr'><strong>aperte</strong></span> <span class='ocrx_word' id='word_1_229' title='bbox 2116 1691 2171 1752; x_wconf 83' lang='grc' dir='ltr'><strong>Β</strong></span> <span class='ocrx_word' id='word_1_230' title='bbox 2192 1669 2393 1725; x_wconf 90' lang='lat' dir='ltr'><strong>directa</strong></span> <span class='ocrx_word' id='word_1_231' title='bbox 2421 1668 2492 1723; x_wconf 89' lang='lat' dir='ltr'><strong>ad</strong></span> <span class='ocrx_word' id='word_1_232' title='bbox 2519 1667 2870 1736; x_wconf 86' lang='lat' dir='ltr'><strong>Bonifacium,</strong></span> <span class='ocrx_word' id='word_1_233' title='bbox 2904 1668 3280 1741; x_wconf 89' lang='lat' dir='ltr'><strong>Moguntinum</strong></span> <span class='ocrx_word' id='word_1_234' title='bbox 3325 1668 3640 1740; x_wconf 90' lang='lat' dir='ltr'><strong>episcopum</strong></span> <span class='ocrx_word' id='word_1_235' title='bbox 3679 1685 3694 1724; x_wconf 88' lang='lat'><strong>:</strong></span> <span class='ocrx_word' id='word_1_236' title='bbox 3729 1668 3795 1725; x_wconf 92' lang='lat' dir='ltr'><strong>In</strong></span> 
     </span>
    </p>
   </div>
   <div class='ocr_carea' id='block_1_34' title="bbox 494 1756 2085 1830">
    <p class='ocr_par' dir='ltr' id='par_1_34' title="bbox 494 1756 2085 1830">
     <span class='ocr_line' id='line_1_34' title="bbox 494 1756 2085 1830; baseline -0.003 -14"><span class='ocrx_word' id='word_1_237' title='bbox 494 1758 779 1826; x_wconf 90' lang='lat' dir='ltr'><strong>convictis,</strong></span> <span class='ocrx_word' id='word_1_238' title='bbox 805 1757 1062 1830; x_wconf 91' lang='lat' dir='ltr'><strong>quoniam</strong></span> <span class='ocrx_word' id='word_1_239' title='bbox 1092 1758 1251 1813; x_wconf 86' lang='lat' dir='ltr'><strong>aliter</strong></span> <span class='ocrx_word' id='word_1_240' title='bbox 1279 1773 1461 1824; x_wconf 90' lang='lat' dir='ltr'><strong>nemo,</strong></span> <span class='ocrx_word' id='word_1_241' title='bbox 1494 1763 1552 1812; x_wconf 91' lang='lat' dir='ltr'><strong>ut</strong></span> <span class='ocrx_word' id='word_1_242' title='bbox 1582 1758 1690 1812; x_wconf 92' lang='lat' dir='ltr'><strong>Leo</strong></span> <span class='ocrx_word' id='word_1_243' title='bbox 1710 1772 1855 1828; x_wconf 91' lang='lat' dir='ltr'><strong>papa</strong></span> <span class='ocrx_word' id='word_1_244' title='bbox 1884 1756 2085 1812; x_wconf 90' lang='lat' dir='ltr'><strong>decer-</strong></span> 
     </span>
    </p>
   </div>
   <div class='ocr_carea' id='block_1_35' title="bbox 482 1844 2086 1919">
    <p class='ocr_par' dir='ltr' id='par_1_35' title="bbox 482 1844 2086 1919">
     <span class='ocr_line' id='line_1_35' title="bbox 482 1844 2086 1919; baseline -0.004 -14"><span class='ocrx_word' id='word_1_245' title='bbox 482 1848 582 1919; x_wconf 91' lang='lat' dir='ltr'><strong>nit,</strong></span> <span class='ocrx_word' id='word_1_246' title='bbox 613 1854 793 1919; x_wconf 79' lang='lat' dir='ltr'><strong>potest</strong></span> <span class='ocrx_word' id='word_1_247' title='bbox 819 1846 1144 1919; x_wconf 89' lang='lat' dir='ltr'><strong>regulariter</strong></span> <span class='ocrx_word' id='word_1_248' title='bbox 1163 1846 1415 1915; x_wconf 90' lang='lat' dir='ltr'><strong>judicari,</strong></span> <span class='ocrx_word' id='word_1_249' title='bbox 1465 1853 1687 1902; x_wconf 89' lang='lat' dir='ltr'><strong>sanctus</strong></span> <span class='ocrx_word' id='word_1_250' title='bbox 1716 1844 2011 1916; x_wconf 84' lang='lat' dir='ltr'><strong>Gregorius</strong></span> <span class='ocrx_word' id='word_1_251' title='bbox 2031 1844 2086 1900; x_wconf 92' lang='lat' dir='ltr'><strong>in</strong></span> 
     </span>
    </p>
   </div>
   <div class='ocr_carea' id='block_1_36' title="bbox 486 1933 2087 1994">
    <p class='ocr_par' dir='ltr' id='par_1_36' title="bbox 486 1933 2087 1994">
     <span class='ocr_line' id='line_1_36' title="bbox 486 1933 2087 1994; baseline -0.003 -1"><span class='ocrx_word' id='word_1_252' title='bbox 486 1936 900 1994; x_wconf 89' lang='lat' dir='ltr'><strong>commonitorio</strong></span> <span class='ocrx_word' id='word_1_253' title='bbox 933 1935 1003 1991; x_wconf 89' lang='lat' dir='ltr'><strong>ad</strong></span> <span class='ocrx_word' id='word_1_254' title='bbox 1039 1936 1306 1991; x_wconf 87' lang='lat' dir='ltr'><strong>Joannem</strong></span> <span class='ocrx_word' id='word_1_255' title='bbox 1357 1933 1703 1992; x_wconf 82' lang='lat' dir='ltr'><strong>defensorem</strong></span> <span class='ocrx_word' id='word_1_256' title='bbox 1751 1934 2087 1991; x_wconf 89' lang='lat' dir='ltr'><strong>demonstrat</strong></span> 
     </span>
    </p>
   </div>
   <div class='ocr_carea' id='block_1_37' title="bbox 487 2023 2137 2095">
    <p class='ocr_par' dir='ltr' id='par_1_37' title="bbox 487 2023 2137 2095">
     <span class='ocr_line' id='line_1_37' title="bbox 487 2023 2137 2095; baseline -0.002 -14"><span class='ocrx_word' id='word_1_257' title='bbox 487 2026 677 2084; x_wconf 92' lang='lat' dir='ltr'><strong>dicens</strong></span> <span class='ocrx_word' id='word_1_258' title='bbox 710 2025 992 2081; x_wconf 88' lang='lat' dir='ltr'><strong>:Primum</strong></span> <span class='ocrx_word' id='word_1_259' title='bbox 1019 2032 1079 2079; x_wconf 91' lang='lat' dir='ltr'><strong>ut</strong></span> <span class='ocrx_word' id='word_1_260' title='bbox 1098 2023 1360 2093; x_wconf 86' lang='lat' dir='ltr'><strong>judicium</strong></span> <span class='ocrx_word' id='word_1_261' title='bbox 1390 2023 1770 2083; x_wconf 87' lang='lat' dir='ltr'><strong>ordinabiliter</strong></span> <span class='ocrx_word' id='word_1_262' title='bbox 1797 2023 1912 2091; x_wconf 77' lang='lat' dir='ltr'><strong>fiat,</strong></span> <span class='ocrx_word' id='word_1_263' title='bbox 1946 2038 2086 2095; x_wconf 89' lang='lat' dir='ltr'><strong>qua-</strong></span> <span class='ocrx_word' id='word_1_264' title='bbox 2128 2032 2137 2037; x_wconf 82' lang='lat'><strong><em>&#39;</em></strong></span> 
     </span>
    </p>
   </div>
   <div class='ocr_carea' id='block_1_38' title="bbox 485 2111 2089 2181">
    <p class='ocr_par' dir='ltr' id='par_1_38' title="bbox 485 2111 2089 2181">
     <span class='ocr_line' id='line_1_38' title="bbox 485 2111 2089 2181; baseline -0.003 -10"><span class='ocrx_word' id='word_1_265' title='bbox 485 2123 644 2172; x_wconf 91' lang='lat' dir='ltr'><strong>tenus</strong></span> <span class='ocrx_word' id='word_1_266' title='bbox 672 2115 781 2170; x_wconf 89' lang='lat' dir='ltr'><strong>sint</strong></span> <span class='ocrx_word' id='word_1_267' title='bbox 809 2114 900 2169; x_wconf 86' lang='lat' dir='ltr'><strong>alii</strong></span> <span class='ocrx_word' id='word_1_268' title='bbox 926 2120 1285 2181; x_wconf 89' lang='lat' dir='ltr'><strong>accusatores,</strong></span> <span class='ocrx_word' id='word_1_269' title='bbox 1320 2120 1373 2168; x_wconf 92' lang='lat' dir='ltr'><strong>et</strong></span> <span class='ocrx_word' id='word_1_270' title='bbox 1401 2112 1495 2169; x_wconf 89' lang='lat' dir='ltr'><strong>alii</strong></span> <span class='ocrx_word' id='word_1_271' title='bbox 1549 2120 1717 2170; x_wconf 91' lang='lat' dir='ltr'><strong>testes</strong></span> <span class='ocrx_word' id='word_1_272' title='bbox 1757 2129 1770 2167; x_wconf 90' lang='lat'><strong>:</strong></span> <span class='ocrx_word' id='word_1_273' title='bbox 1805 2111 2003 2168; x_wconf 91' lang='lat' dir='ltr'><strong>deinde</strong></span> <span class='ocrx_word' id='word_1_274' title='bbox 2029 2118 2089 2167; x_wconf 92' lang='lat' dir='ltr'><strong>ut</strong></span> 
     </span>
    </p>
   </div>
   <div class='ocr_carea' id='block_1_39' title="bbox 490 2201 2086 2275">
    <p class='ocr_par' dir='ltr' id='par_1_39' title="bbox 490 2201 2086 2275">
     <span class='ocr_line' id='line_1_39' title="bbox 490 2201 2086 2275; baseline -0.004 -14"><span class='ocrx_word' id='word_1_275' title='bbox 490 2220 775 2262; x_wconf 88' lang='lat' dir='ltr'><strong>causarum</strong></span> <span class='ocrx_word' id='word_1_276' title='bbox 806 2202 1059 2275; x_wconf 87' lang='lat' dir='ltr'><strong>qualitas,</strong></span> <span class='ocrx_word' id='word_1_277' title='bbox 1093 2201 1140 2257; x_wconf 91' lang='lat' dir='ltr'><strong>si</strong></span> <span class='ocrx_word' id='word_1_278' title='bbox 1184 2201 1350 2274; x_wconf 89' lang='lat' dir='ltr'><strong>digna</strong></span> <span class='ocrx_word' id='word_1_279' title='bbox 1379 2201 1572 2257; x_wconf 87' lang='lat' dir='ltr'><strong>exsilio</strong></span> <span class='ocrx_word' id='word_1_280' title='bbox 1618 2201 1707 2257; x_wconf 90' lang='lat' dir='ltr'><strong>vel</strong></span> <span class='ocrx_word' id='word_1_281' title='bbox 1751 2201 2086 2258; x_wconf 89' lang='lat' dir='ltr'><strong>condemna-</strong></span> 
     </span>
    </p>
   </div>
   <div class='ocr_carea' id='block_1_40' title="bbox 487 2290 2083 2364">
    <p class='ocr_par' dir='ltr' id='par_1_40' title="bbox 487 2290 2083 2364">
     <span class='ocr_line' id='line_1_40' title="bbox 487 2290 2083 2364; baseline -0.004 -14"><span class='ocrx_word' id='word_1_282' title='bbox 487 2294 635 2350; x_wconf 89' lang='lat' dir='ltr'><strong>tione</strong></span> <span class='ocrx_word' id='word_1_283' title='bbox 665 2293 753 2360; x_wconf 90' lang='lat' dir='ltr'><strong>sit,</strong></span> <span class='ocrx_word' id='word_1_284' title='bbox 786 2292 1096 2364; x_wconf 84' lang='lat' dir='ltr'><strong>exploretur</strong></span> <span class='ocrx_word' id='word_1_285' title='bbox 1126 2309 1140 2346; x_wconf 90' lang='lat'><strong>:</strong></span> <span class='ocrx_word' id='word_1_286' title='bbox 1176 2299 1227 2347; x_wconf 92' lang='lat' dir='ltr'><strong>et</strong></span> <span class='ocrx_word' id='word_1_287' title='bbox 1254 2299 1525 2363; x_wconf 92' lang='lat' dir='ltr'><strong>prasente</strong></span> <span class='ocrx_word' id='word_1_288' title='bbox 1554 2306 1619 2347; x_wconf 91' lang='lat' dir='ltr'><strong>eo</strong></span> <span class='ocrx_word' id='word_1_289' title='bbox 1659 2290 1752 2362; x_wconf 92' lang='lat' dir='ltr'><strong>qui</strong></span> <span class='ocrx_word' id='word_1_290' title='bbox 1780 2297 2083 2361; x_wconf 88' lang='lat' dir='ltr'><strong>accusatur,</strong></span> 
     </span>
    </p>
   </div>
   <div class='ocr_carea' id='block_1_41' title="bbox 487 2379 2082 2452">
    <p class='ocr_par' dir='ltr' id='par_1_41' title="bbox 487 2379 2082 2452">
     <span class='ocr_line' id='line_1_41' title="bbox 487 2379 2082 2452; baseline -0.003 -13"><span class='ocrx_word' id='word_1_291' title='bbox 487 2383 591 2439; x_wconf 87' lang='lat' dir='ltr'><strong>sub</strong></span> <span class='ocrx_word' id='word_1_292' title='bbox 609 2382 962 2452; x_wconf 88' lang='lat' dir='ltr'><strong>jurejurando</strong></span> <span class='ocrx_word' id='word_1_293' title='bbox 991 2388 1183 2437; x_wconf 90' lang='lat' dir='ltr'><strong>contra</strong></span> <span class='ocrx_word' id='word_1_294' title='bbox 1212 2396 1335 2436; x_wconf 90' lang='lat' dir='ltr'><strong>eum</strong></span> <span class='ocrx_word' id='word_1_295' title='bbox 1355 2379 1722 2437; x_wconf 90' lang='lat' dir='ltr'><strong>testimonium</strong></span> <span class='ocrx_word' id='word_1_296' title='bbox 1749 2379 2082 2451; x_wconf 89' lang='lat' dir='ltr'><strong>proferatur,</strong></span> 
     </span>
    </p>
   </div>
   <div class='ocr_carea' id='block_1_42' title="bbox 491 2468 2088 2542">
    <p class='ocr_par' dir='ltr' id='par_1_42' title="bbox 491 2468 2088 2542">
     <span class='ocr_line' id='line_1_42' title="bbox 491 2468 2088 2542; baseline -0.003 -14"><span class='ocrx_word' id='word_1_297' title='bbox 491 2479 545 2528; x_wconf 91' lang='lat' dir='ltr'><strong>et</strong></span> <span class='ocrx_word' id='word_1_298' title='bbox 573 2471 794 2542; x_wconf 89' lang='lat' dir='ltr'><strong>scriptis</strong></span> <span class='ocrx_word' id='word_1_299' title='bbox 822 2476 1040 2527; x_wconf 89' lang='lat' dir='ltr'><strong>actuum</strong></span> <span class='ocrx_word' id='word_1_300' title='bbox 1062 2469 1338 2525; x_wconf 90' lang='lat' dir='ltr'><strong>inseratur</strong></span> <span class='ocrx_word' id='word_1_301' title='bbox 1369 2488 1382 2525; x_wconf 92' lang='lat'>:</span> <span class='ocrx_word' id='word_1_302' title='bbox 1415 2478 1468 2525; x_wconf 92' lang='lat' dir='ltr'><strong>et</strong></span> <span class='ocrx_word' id='word_1_303' title='bbox 1497 2476 1785 2525; x_wconf 90' lang='lat' dir='ltr'><strong>accusatus</strong></span> <span class='ocrx_word' id='word_1_304' title='bbox 1806 2468 2088 2524; x_wconf 91' lang='lat' dir='ltr'><strong>licentiam</strong></span> 
     </span>
    </p>
   </div>
   <div class='ocr_carea' id='block_1_43' title="bbox 485 2557 2091 2634">
    <p class='ocr_par' dir='ltr' id='par_1_43' title="bbox 485 2557 2091 2634">
     <span class='ocr_line' id='line_1_43' title="bbox 485 2557 2091 2634; baseline -0.003 -16"><span class='ocrx_word' id='word_1_305' title='bbox 485 2560 858 2634; x_wconf 84' lang='lat' dir='ltr'><strong>respondendi</strong></span> <span class='ocrx_word' id='word_1_306' title='bbox 877 2567 931 2616; x_wconf 92' lang='lat' dir='ltr'><strong>et</strong></span> <span class='ocrx_word' id='word_1_307' title='bbox 960 2558 1292 2616; x_wconf 90' lang='lat' dir='ltr'><strong>defendendi</strong></span> <span class='ocrx_word' id='word_1_308' title='bbox 1322 2573 1381 2615; x_wconf 91' lang='lat' dir='ltr'><strong>se</strong></span> <span class='ocrx_word' id='word_1_309' title='bbox 1412 2558 1631 2614; x_wconf 90' lang='lat' dir='ltr'><strong>habeat.</strong></span> <span class='ocrx_word' id='word_1_310' title='bbox 1650 2558 1759 2614; x_wconf 94' lang='lat' dir='ltr'><strong>Sed</strong></span> <span class='ocrx_word' id='word_1_311' title='bbox 1788 2565 1842 2613; x_wconf 90' lang='lat' dir='ltr'><strong>et</strong></span> <span class='ocrx_word' id='word_1_312' title='bbox 1871 2557 1940 2613; x_wconf 92' lang='lat' dir='ltr'><strong>de</strong></span> <span class='ocrx_word' id='word_1_313' title='bbox 1968 2574 2091 2629; x_wconf 90' lang='lat' dir='ltr'><strong>per-</strong></span> 
     </span>
    </p>
   </div>
   <div class='ocr_carea' id='block_1_44' title="bbox 486 2646 2089 2706">
    <p class='ocr_par' dir='ltr' id='par_1_44' title="bbox 486 2646 2089 2706">
     <span class='ocr_line' id='line_1_44' title="bbox 486 2646 2089 2706; baseline -0.002 0"><span class='ocrx_word' id='word_1_314' title='bbox 486 2650 636 2706; x_wconf 93' lang='lat' dir='ltr'><strong>sonis</strong></span> <span class='ocrx_word' id='word_1_315' title='bbox 695 2648 1068 2706; x_wconf 86' lang='lat' dir='ltr'><strong>accusantium</strong></span> <span class='ocrx_word' id='word_1_316' title='bbox 1132 2655 1187 2704; x_wconf 93' lang='lat' dir='ltr'><strong>et</strong></span> <span class='ocrx_word' id='word_1_317' title='bbox 1227 2646 1629 2704; x_wconf 82' lang='lat' dir='ltr'><strong>testificantium</strong></span> <span class='ocrx_word' id='word_1_318' title='bbox 1696 2646 1962 2702; x_wconf 89' lang='lat' dir='ltr'><strong>subtiliter</strong></span> <span class='ocrx_word' id='word_1_319' title='bbox 2005 2655 2089 2703; x_wconf 92' lang='lat' dir='ltr'><strong>est</strong></span> 
     </span>
    </p>
   </div>
   <div class='ocr_carea' id='block_1_45' title="bbox 485 2735 2084 2813">
    <p class='ocr_par' dir='ltr' id='par_1_45' title="bbox 485 2735 2084 2813">
     <span class='ocr_line' id='line_1_45' title="bbox 485 2735 2084 2813; baseline -0.003 -18"><span class='ocrx_word' id='word_1_320' title='bbox 485 2739 855 2813; x_wconf 89' lang='lat' dir='ltr'><strong>quarendum,</strong></span> <span class='ocrx_word' id='word_1_321' title='bbox 915 2738 1069 2807; x_wconf 88' lang='lat' dir='ltr'><strong>cujus</strong></span> <span class='ocrx_word' id='word_1_322' title='bbox 1121 2736 1469 2805; x_wconf 88' lang='lat' dir='ltr'><strong>conditionis,</strong></span> <span class='ocrx_word' id='word_1_323' title='bbox 1525 2736 1745 2806; x_wconf 89' lang='lat' dir='ltr'><strong>cujusve</strong></span> <span class='ocrx_word' id='word_1_324' title='bbox 1793 2735 2084 2807; x_wconf 90' lang='lat' dir='ltr'><strong>opinionis,</strong></span> 
     </span>
    </p>
   </div>
   <div class='ocr_carea' id='block_1_46' title="bbox 484 2825 2091 2899">
    <p class='ocr_par' dir='ltr' id='par_1_46' title="bbox 484 2825 2091 2899">
     <span class='ocr_line' id='line_1_46' title="bbox 484 2825 2091 2899; baseline -0.002 -16"><span class='ocrx_word' id='word_1_325' title='bbox 484 2836 577 2884; x_wconf 85' lang='lat' dir='ltr'><strong>aut</strong></span> <span class='ocrx_word' id='word_1_326' title='bbox 605 2844 673 2884; x_wconf 91' lang='lat' dir='ltr'><strong>ne</strong></span> <span class='ocrx_word' id='word_1_327' title='bbox 709 2827 901 2899; x_wconf 88' lang='lat' dir='ltr'><strong>inopes</strong></span> <span class='ocrx_word' id='word_1_328' title='bbox 932 2827 1056 2894; x_wconf 91' lang='lat' dir='ltr'><strong>sint,</strong></span> <span class='ocrx_word' id='word_1_329' title='bbox 1088 2834 1180 2882; x_wconf 87' lang='lat' dir='ltr'><strong>aut</strong></span> <span class='ocrx_word' id='word_1_330' title='bbox 1208 2841 1277 2883; x_wconf 92' lang='lat' dir='ltr'><strong>ne</strong></span> <span class='ocrx_word' id='word_1_331' title='bbox 1304 2825 1446 2882; x_wconf 90' lang='lat' dir='ltr'><strong>forte</strong></span> <span class='ocrx_word' id='word_1_332' title='bbox 1476 2826 1689 2898; x_wconf 88' lang='lat' dir='ltr'><strong>aliquas</strong></span> <span class='ocrx_word' id='word_1_333' title='bbox 1718 2833 1906 2881; x_wconf 91' lang='lat' dir='ltr'><strong>contra</strong></span> <span class='ocrx_word' id='word_1_334' title='bbox 1934 2840 2091 2881; x_wconf 91' lang='lat' dir='ltr'><strong>accu-</strong></span> 
     </span>
    </p>
   </div>
   <div class='ocr_carea' id='block_1_47' title="bbox 487 2913 2088 2974">
    <p class='ocr_par' dir='ltr' id='par_1_47' title="bbox 487 2913 2088 2974">
     <span class='ocr_line' id='line_1_47' title="bbox 487 2913 2088 2974; baseline -0.004 0"><span class='ocrx_word' id='word_1_335' title='bbox 487 2925 670 2974; x_wconf 90' lang='lat' dir='ltr'><strong>satum</strong></span> <span class='ocrx_word' id='word_1_336' title='bbox 696 2916 1006 2973; x_wconf 88' lang='lat' dir='ltr'><strong>inimicitias</strong></span> <span class='ocrx_word' id='word_1_337' title='bbox 1035 2916 1273 2971; x_wconf 87' lang='lat' dir='ltr'><strong>habeant</strong></span> <span class='ocrx_word' id='word_1_338' title='bbox 1302 2932 1315 2969; x_wconf 90' lang='lat'><strong>:</strong></span> <span class='ocrx_word' id='word_1_339' title='bbox 1351 2922 1404 2969; x_wconf 89' lang='lat' dir='ltr'><strong>et</strong></span> <span class='ocrx_word' id='word_1_340' title='bbox 1418 2921 1603 2970; x_wconf 91' lang='lat' dir='ltr'><strong>utrum</strong></span> <span class='ocrx_word' id='word_1_341' title='bbox 1632 2913 1999 2970; x_wconf 88' lang='lat' dir='ltr'><strong>testimonium</strong></span> <span class='ocrx_word' id='word_1_342' title='bbox 2021 2928 2088 2969; x_wconf 88' lang='lat' dir='ltr'><strong>ex</strong></span> 
     </span>
    </p>
   </div>
   <div class='ocr_carea' id='block_1_48' title="bbox 2191 1755 3788 1829">
    <p class='ocr_par' dir='ltr' id='par_1_48' title="bbox 2191 1755 3788 1829">
     <span class='ocr_line' id='line_1_48' title="bbox 2191 1755 3788 1829; baseline -0.002 -14"><span class='ocrx_word' id='word_1_343' title='bbox 2191 1773 2377 1824; x_wconf 90' lang='lat' dir='ltr'><strong>causa,</strong></span> <span class='ocrx_word' id='word_1_344' title='bbox 2428 1756 2697 1829; x_wconf 90' lang='lat' dir='ltr'><strong>inquiens,</strong></span> <span class='ocrx_word' id='word_1_345' title='bbox 2754 1756 2811 1812; x_wconf 92' lang='lat' dir='ltr'><strong>in</strong></span> <span class='ocrx_word' id='word_1_346' title='bbox 2864 1772 2973 1829; x_wconf 89' lang='lat' dir='ltr'><strong>qua</strong></span> <span class='ocrx_word' id='word_1_347' title='bbox 3020 1757 3156 1814; x_wconf 91' lang='lat' dir='ltr'><strong>certi</strong></span> <span class='ocrx_word' id='word_1_348' title='bbox 3204 1772 3314 1813; x_wconf 91' lang='lat' dir='ltr'><strong>non</strong></span> <span class='ocrx_word' id='word_1_349' title='bbox 3360 1755 3559 1813; x_wconf 87' lang='lat' dir='ltr'><strong>fuerint</strong></span> <span class='ocrx_word' id='word_1_350' title='bbox 3594 1764 3788 1826; x_wconf 88' lang='lat' dir='ltr'><strong>testes,</strong></span> 
     </span>
    </p>
   </div>
   <div class='ocr_carea' id='block_1_49' title="bbox 2186 1844 3791 1920">
    <p class='ocr_par' dir='ltr' id='par_1_49' title="bbox 2186 1844 3791 1920">
     <span class='ocr_line' id='line_1_49' title="bbox 2186 1844 3791 1920; baseline -0.001 -17"><span class='ocrx_word' id='word_1_351' title='bbox 2186 1846 2278 1920; x_wconf 86' lang='lat' dir='ltr'><strong>qui</strong></span> <span class='ocrx_word' id='word_1_352' title='bbox 2307 1844 2547 1903; x_wconf 90' lang='lat' dir='ltr'><strong>criminis</strong></span> <span class='ocrx_word' id='word_1_353' title='bbox 2575 1844 2707 1901; x_wconf 90' lang='lat' dir='ltr'><strong>illati</strong></span> <span class='ocrx_word' id='word_1_354' title='bbox 2734 1845 3034 1917; x_wconf 91' lang='lat' dir='ltr'><strong>approbent</strong></span> <span class='ocrx_word' id='word_1_355' title='bbox 3063 1845 3362 1914; x_wconf 87' lang='lat' dir='ltr'><strong>veritatem,</strong></span> <span class='ocrx_word' id='word_1_356' title='bbox 3406 1846 3791 1916; x_wconf 87' lang='lat' dir='ltr'><strong>jusjurandum</strong></span> 
     </span>
    </p>
   </div>
   <div class='ocr_carea' id='block_1_50' title="bbox 2187 1934 3789 2007">
    <p class='ocr_par' dir='ltr' id='par_1_50' title="bbox 2187 1934 3789 2007">
     <span class='ocr_line' id='line_1_50' title="bbox 2187 1934 3789 2007; baseline 0.001 -16"><span class='ocrx_word' id='word_1_357' title='bbox 2187 1936 2288 1991; x_wconf 91' lang='lat' dir='ltr'><strong>erit</strong></span> <span class='ocrx_word' id='word_1_358' title='bbox 2313 1936 2368 1991; x_wconf 92' lang='lat' dir='ltr'><strong>in</strong></span> <span class='ocrx_word' id='word_1_359' title='bbox 2388 1934 2591 2003; x_wconf 87' lang='lat' dir='ltr'><strong>medio,</strong></span> <span class='ocrx_word' id='word_1_360' title='bbox 2624 1942 2677 1991; x_wconf 93' lang='lat' dir='ltr'><strong>et</strong></span> <span class='ocrx_word' id='word_1_361' title='bbox 2704 1935 2860 1990; x_wconf 90' lang='lat' dir='ltr'><strong>illum</strong></span> <span class='ocrx_word' id='word_1_362' title='bbox 2887 1941 3084 1991; x_wconf 91' lang='lat' dir='ltr'><strong>testem</strong></span> <span class='ocrx_word' id='word_1_363' title='bbox 3112 1934 3357 2007; x_wconf 85' lang='lat' dir='ltr'><strong>proferat</strong></span> <span class='ocrx_word' id='word_1_364' title='bbox 3402 1944 3686 1992; x_wconf 90' lang='lat' dir='ltr'><strong>accusatus</strong></span> <span class='ocrx_word' id='word_1_365' title='bbox 3718 1936 3789 1993; x_wconf 89' lang='lat' dir='ltr'><strong>de</strong></span> 
     </span>
    </p>
   </div>
   <div class='ocr_carea' id='block_1_51' title="bbox 2186 2023 3791 2096">
    <p class='ocr_par' dir='ltr' id='par_1_51' title="bbox 2186 2023 3791 2096">
     <span class='ocr_line' id='line_1_51' title="bbox 2186 2023 3791 2096; baseline -0.001 -16"><span class='ocrx_word' id='word_1_366' title='bbox 2186 2024 2507 2081; x_wconf 89' lang='lat' dir='ltr'><strong>innocentia</strong></span> <span class='ocrx_word' id='word_1_367' title='bbox 2536 2040 2647 2080; x_wconf 87' lang='lat' dir='ltr'><strong>sua</strong></span> <span class='ocrx_word' id='word_1_368' title='bbox 2701 2023 2955 2096; x_wconf 91' lang='lat' dir='ltr'><strong>puritate,</strong></span> <span class='ocrx_word' id='word_1_369' title='bbox 3003 2024 3092 2080; x_wconf 93' lang='lat' dir='ltr'><strong>cui</strong></span> <span class='ocrx_word' id='word_1_370' title='bbox 3134 2025 3282 2080; x_wconf 91' lang='lat' dir='ltr'><strong>nuda</strong></span> <span class='ocrx_word' id='word_1_371' title='bbox 3338 2032 3391 2081; x_wconf 93' lang='lat' dir='ltr'><strong>et</strong></span> <span class='ocrx_word' id='word_1_372' title='bbox 3435 2032 3622 2096; x_wconf 88' lang='lat' dir='ltr'><strong>aperta</strong></span> <span class='ocrx_word' id='word_1_373' title='bbox 3661 2032 3791 2082; x_wconf 89' lang='lat' dir='ltr'><strong>sunt</strong></span> 
     </span>
    </p>
   </div>
   <div class='ocr_carea' id='block_1_52' title="bbox 2188 2113 3792 2186">
    <p class='ocr_par' dir='ltr' id='par_1_52' title="bbox 2188 2113 3792 2186">
     <span class='ocr_line' id='line_1_52' title="bbox 2188 2113 3792 2186; baseline -0.001 -16"><span class='ocrx_word' id='word_1_374' title='bbox 2188 2114 2388 2184; x_wconf 88' lang='lat' dir='ltr'><strong>omnia,</strong></span> <span class='ocrx_word' id='word_1_375' title='bbox 2420 2113 2721 2186; x_wconf 89' lang='lat' dir='ltr'><strong>habeatque</strong></span> <span class='ocrx_word' id='word_1_376' title='bbox 2788 2113 3135 2170; x_wconf 86' lang='lat' dir='ltr'><strong>conscientia</strong></span> <span class='ocrx_word' id='word_1_377' title='bbox 3188 2131 3302 2170; x_wconf 83' lang='lat' dir='ltr'><strong>sua</strong></span> <span class='ocrx_word' id='word_1_378' title='bbox 3356 2121 3569 2184; x_wconf 89' lang='lat' dir='ltr'><strong>testem,</strong></span> <span class='ocrx_word' id='word_1_379' title='bbox 3627 2130 3792 2186; x_wconf 90' lang='lat' dir='ltr'><strong>quem</strong></span> 
     </span>
    </p>
   </div>
   <div class='ocr_carea' id='block_1_53' title="bbox 2186 2202 3791 2275">
    <p class='ocr_par' dir='ltr' id='par_1_53' title="bbox 2186 2202 3791 2275">
     <span class='ocr_line' id='line_1_53' title="bbox 2186 2202 3791 2275; baseline 0 -17"><span class='ocrx_word' id='word_1_380' title='bbox 2186 2203 2403 2260; x_wconf 90' lang='lat' dir='ltr'><strong>habebit</strong></span> <span class='ocrx_word' id='word_1_381' title='bbox 2433 2211 2485 2260; x_wconf 92' lang='lat' dir='ltr'><strong>et</strong></span> <span class='ocrx_word' id='word_1_382' title='bbox 2506 2203 2762 2273; x_wconf 91' lang='lat' dir='ltr'><strong>judicem.</strong></span> <span class='ocrx_word' id='word_1_383' title='bbox 2798 2202 2932 2273; x_wconf 87' lang='lat' dir='ltr'><strong>Qua</strong></span> <span class='ocrx_word' id='word_1_384' title='bbox 2980 2203 3300 2259; x_wconf 89' lang='lat' dir='ltr'><strong>sacramenti</strong></span> <span class='ocrx_word' id='word_1_385' title='bbox 3339 2203 3605 2275; x_wconf 89' lang='lat' dir='ltr'><strong>purgatio,</strong></span> <span class='ocrx_word' id='word_1_386' title='bbox 3640 2212 3693 2259; x_wconf 93' lang='lat' dir='ltr'><strong>et</strong></span> <span class='ocrx_word' id='word_1_387' title='bbox 3732 2203 3791 2258; x_wconf 91' lang='lat' dir='ltr'><strong>in</strong></span> 
     </span>
    </p>
   </div>
   <div class='ocr_carea' id='block_1_54' title="bbox 2187 2291 3794 2364">
    <p class='ocr_par' dir='ltr' id='par_1_54' title="bbox 2187 2291 3794 2364">
     <span class='ocr_line' id='line_1_54' title="bbox 2187 2291 3794 2364; baseline 0 -16"><span class='ocrx_word' id='word_1_388' title='bbox 2187 2292 2588 2361; x_wconf 90' lang='lat' dir='ltr'><strong>ecclesiasticis,</strong></span> <span class='ocrx_word' id='word_1_389' title='bbox 2618 2300 2670 2348; x_wconf 92' lang='lat' dir='ltr'><strong>et</strong></span> <span class='ocrx_word' id='word_1_390' title='bbox 2698 2292 2753 2347; x_wconf 89' lang='lat' dir='ltr'><strong>in</strong></span> <span class='ocrx_word' id='word_1_391' title='bbox 2794 2292 2991 2348; x_wconf 87' lang='lat' dir='ltr'><strong>exteris</strong></span> <span class='ocrx_word' id='word_1_392' title='bbox 3045 2292 3260 2364; x_wconf 90' lang='lat' dir='ltr'><strong>legibus</strong></span> <span class='ocrx_word' id='word_1_393' title='bbox 3312 2291 3678 2363; x_wconf 82' lang='lat' dir='ltr'><strong>usitatissima,</strong></span> <span class='ocrx_word' id='word_1_394' title='bbox 3737 2299 3794 2348; x_wconf 90' lang='lat' dir='ltr'><strong>et</strong></span> 
     </span>
    </p>
   </div>
   <div class='ocr_carea' id='block_1_55' title="bbox 2187 2380 3792 2453">
    <p class='ocr_par' dir='ltr' id='par_1_55' title="bbox 2187 2380 3792 2453">
     <span class='ocr_line' id='line_1_55' title="bbox 2187 2380 3792 2453; baseline 0 -17"><span class='ocrx_word' id='word_1_395' title='bbox 2187 2381 2256 2437; x_wconf 92' lang='lat' dir='ltr'><strong>de</strong></span> <span class='ocrx_word' id='word_1_396' title='bbox 2282 2380 2408 2437; x_wconf 88' lang='lat' dir='ltr'><strong>ﬁdei</strong></span> <span class='ocrx_word' id='word_1_397' title='bbox 2435 2381 2656 2437; x_wconf 88' lang='lat' dir='ltr'><strong>veritate</strong></span> <span class='ocrx_word' id='word_1_398' title='bbox 2687 2380 2844 2437; x_wconf 89' lang='lat' dir='ltr'><strong>etiam</strong></span> <span class='ocrx_word' id='word_1_399' title='bbox 2876 2398 2907 2436; x_wconf 92' lang='lat' dir='ltr'><strong>a</strong></span> <span class='ocrx_word' id='word_1_400' title='bbox 2941 2381 3130 2453; x_wconf 88' lang='lat' dir='ltr'><strong>primis</strong></span> <span class='ocrx_word' id='word_1_401' title='bbox 3181 2381 3391 2438; x_wconf 90' lang='lat' dir='ltr'><strong>saculis</strong></span> <span class='ocrx_word' id='word_1_402' title='bbox 3422 2398 3546 2437; x_wconf 91' lang='lat' dir='ltr'><strong>esse</strong></span> <span class='ocrx_word' id='word_1_403' title='bbox 3576 2389 3792 2438; x_wconf 88' lang='lat' dir='ltr'><strong>constat</strong></span> 
     </span>
    </p>
   </div>
   <div class='ocr_carea' id='block_1_56' title="bbox 2186 2470 3786 2545">
    <p class='ocr_par' dir='ltr' id='par_1_56' title="bbox 2186 2470 3786 2545">
     <span class='ocr_line' id='line_1_56' title="bbox 2186 2470 3786 2545; baseline 0 -20"><span class='ocrx_word' id='word_1_404' title='bbox 2186 2478 2388 2527; x_wconf 82' lang='lat' dir='ltr'><strong>exorta.</strong></span> <span class='ocrx_word' id='word_1_405' title='bbox 2435 2470 2702 2525; x_wconf 86' lang='lat' dir='ltr'><strong>Judicium</strong></span> <span class='ocrx_word' id='word_1_406' title='bbox 2746 2478 2944 2541; x_wconf 89' lang='lat' dir='ltr'><strong>autem,</strong></span> <span class='ocrx_word' id='word_1_407' title='bbox 3001 2470 3217 2526; x_wconf 92' lang='lat' dir='ltr'><strong>nonnisi</strong></span> <span class='ocrx_word' id='word_1_408' title='bbox 3258 2486 3357 2543; x_wconf 92' lang='lat' dir='ltr'><strong>pro</strong></span> <span class='ocrx_word' id='word_1_409' title='bbox 3403 2471 3552 2543; x_wconf 88' lang='lat' dir='ltr'><strong>pacis</strong></span> <span class='ocrx_word' id='word_1_410' title='bbox 3604 2470 3786 2545; x_wconf 82' lang='lat' dir='ltr'><strong>chari-</strong></span> 
     </span>
    </p>
   </div>
   <div class='ocr_carea' id='block_1_57' title="bbox 2186 2558 3793 2632">
    <p class='ocr_par' dir='ltr' id='par_1_57' title="bbox 2186 2558 3793 2632">
     <span class='ocr_line' id='line_1_57' title="bbox 2186 2558 3793 2632; baseline 0 -18"><span class='ocrx_word' id='word_1_411' title='bbox 2186 2560 2413 2632; x_wconf 89' lang='lat' dir='ltr'><strong>tatisque</strong></span> <span class='ocrx_word' id='word_1_412' title='bbox 2457 2560 2765 2627; x_wconf 89' lang='lat' dir='ltr'><strong>concordia,</strong></span> <span class='ocrx_word' id='word_1_413' title='bbox 2815 2560 2953 2615; x_wconf 91' lang='lat' dir='ltr'><strong>inter</strong></span> <span class='ocrx_word' id='word_1_414' title='bbox 2981 2559 3282 2631; x_wconf 86' lang='lat' dir='ltr'><strong>coaquales</strong></span> <span class='ocrx_word' id='word_1_415' title='bbox 3325 2559 3442 2616; x_wconf 85' lang='lat' dir='ltr'><strong>fieri</strong></span> <span class='ocrx_word' id='word_1_416' title='bbox 3485 2560 3621 2617; x_wconf 89' lang='lat' dir='ltr'><strong>solet</strong></span> <span class='ocrx_word' id='word_1_417' title='bbox 3668 2579 3681 2627; x_wconf 91' lang='lat'><strong>;</strong></span> <span class='ocrx_word' id='word_1_418' title='bbox 3731 2558 3793 2615; x_wconf 83' lang='lat' dir='ltr'><strong>fit</strong></span> 
     </span>
    </p>
   </div>
   <div class='ocr_carea' id='block_1_58' title="bbox 2186 2648 3788 2721">
    <p class='ocr_par' dir='ltr' id='par_1_58' title="bbox 2186 2648 3788 2721">
     <span class='ocr_line' id='line_1_58' title="bbox 2186 2648 3788 2721; baseline 0 -18"><span class='ocrx_word' id='word_1_419' title='bbox 2186 2657 2365 2704; x_wconf 89' lang='lat' dir='ltr'><strong>autem</strong></span> <span class='ocrx_word' id='word_1_420' title='bbox 2395 2665 2425 2703; x_wconf 90' lang='lat' dir='ltr'><strong>a</strong></span> <span class='ocrx_word' id='word_1_421' title='bbox 2456 2648 2710 2718; x_wconf 90' lang='lat' dir='ltr'><strong>subjectis</strong></span> <span class='ocrx_word' id='word_1_422' title='bbox 2739 2648 2806 2703; x_wconf 92' lang='lat' dir='ltr'><strong>ad</strong></span> <span class='ocrx_word' id='word_1_423' title='bbox 2836 2648 3256 2705; x_wconf 87' lang='lat' dir='ltr'><strong>satisfactionem</strong></span> <span class='ocrx_word' id='word_1_424' title='bbox 3305 2650 3586 2719; x_wconf 90' lang='lat' dir='ltr'><strong>majorum,</strong></span> <span class='ocrx_word' id='word_1_425' title='bbox 3637 2648 3788 2721; x_wconf 90' lang='lat' dir='ltr'><strong>quod</strong></span> 
     </span>
    </p>
   </div>
   <div class='ocr_carea' id='block_1_59' title="bbox 2182 2736 3790 2809">
    <p class='ocr_par' dir='ltr' id='par_1_59' title="bbox 2182 2736 3790 2809">
     <span class='ocr_line' id='line_1_59' title="bbox 2182 2736 3790 2809; baseline 0.001 -17"><span class='ocrx_word' id='word_1_426' title='bbox 2182 2736 2241 2793; x_wconf 91' lang='lat' dir='ltr'><strong>in</strong></span> <span class='ocrx_word' id='word_1_427' title='bbox 2271 2738 2370 2793; x_wconf 89' lang='lat' dir='ltr'><strong>hac</strong></span> <span class='ocrx_word' id='word_1_428' title='bbox 2399 2754 2561 2794; x_wconf 89' lang='lat' dir='ltr'><strong>causa</strong></span> <span class='ocrx_word' id='word_1_429' title='bbox 2590 2737 2695 2793; x_wconf 91' lang='lat' dir='ltr'><strong>nisi</strong></span> <span class='ocrx_word' id='word_1_430' title='bbox 2732 2755 2797 2793; x_wconf 92' lang='lat' dir='ltr'><strong>ex</strong></span> <span class='ocrx_word' id='word_1_431' title='bbox 2826 2738 3024 2809; x_wconf 90' lang='lat' dir='ltr'><strong>placito</strong></span> <span class='ocrx_word' id='word_1_432' title='bbox 3058 2737 3167 2808; x_wconf 83' lang='lat' dir='ltr'><strong>ﬁat,</strong></span> <span class='ocrx_word' id='word_1_433' title='bbox 3216 2754 3325 2794; x_wconf 92' lang='lat' dir='ltr'><strong>non</strong></span> <span class='ocrx_word' id='word_1_434' title='bbox 3374 2746 3550 2809; x_wconf 88' lang='lat' dir='ltr'><strong>potest</strong></span> <span class='ocrx_word' id='word_1_435' title='bbox 3578 2754 3645 2793; x_wconf 88' lang='lat' dir='ltr'><strong>ex</strong></span> <span class='ocrx_word' id='word_1_436' title='bbox 3684 2755 3790 2794; x_wconf 76' lang='lat' dir='ltr'><strong>au-</strong></span> 
     </span>
    </p>
   </div>
   <div class='ocr_carea' id='block_1_60' title="bbox 2186 2826 3790 2900">
    <p class='ocr_par' dir='ltr' id='par_1_60' title="bbox 2186 2826 3790 2900">
     <span class='ocr_line' id='line_1_60' title="bbox 2186 2826 3790 2900; baseline 0.002 -18"><span class='ocrx_word' id='word_1_437' title='bbox 2186 2826 2425 2883; x_wconf 90' lang='lat' dir='ltr'><strong>ctoritate</strong></span> <span class='ocrx_word' id='word_1_438' title='bbox 2457 2826 2676 2899; x_wconf 90' lang='lat' dir='ltr'><strong>requiri.</strong></span> <span class='ocrx_word' id='word_1_439' title='bbox 2713 2827 2849 2883; x_wconf 90' lang='lat' dir='ltr'><strong>Hinc</strong></span> <span class='ocrx_word' id='word_1_440' title='bbox 2875 2835 3051 2882; x_wconf 92' lang='lat' dir='ltr'><strong>autem</strong></span> <span class='ocrx_word' id='word_1_441' title='bbox 3105 2826 3321 2900; x_wconf 89' lang='lat' dir='ltr'><strong>cognita</strong></span> <span class='ocrx_word' id='word_1_442' title='bbox 3357 2827 3596 2897; x_wconf 86' lang='lat' dir='ltr'><strong>veritate,</strong></span> <span class='ocrx_word' id='word_1_443' title='bbox 3645 2843 3790 2900; x_wconf 89' lang='lat' dir='ltr'><strong>quo-</strong></span> 
     </span>
    </p>
   </div>
   <div class='ocr_carea' id='block_1_61' title="bbox 2185 2914 3796 2988">
    <p class='ocr_par' dir='ltr' id='par_1_61' title="bbox 2185 2914 3796 2988">
     <span class='ocr_line' id='line_1_61' title="bbox 2185 2914 3796 2988; baseline 0.001 -19"><span class='ocrx_word' id='word_1_444' title='bbox 2185 2915 2333 2970; x_wconf 91' lang='lat' dir='ltr'><strong>niam</strong></span> <span class='ocrx_word' id='word_1_445' title='bbox 2363 2914 2562 2971; x_wconf 91' lang='lat' dir='ltr'><strong>dictum</strong></span> <span class='ocrx_word' id='word_1_446' title='bbox 2588 2922 2672 2970; x_wconf 92' lang='lat' dir='ltr'><strong>est</strong></span> <span class='ocrx_word' id='word_1_447' title='bbox 2699 2915 2877 2983; x_wconf 89' lang='lat' dir='ltr'><strong>nobis,</strong></span> <span class='ocrx_word' id='word_1_448' title='bbox 2901 2915 3098 2988; x_wconf 90' lang='lat' dir='ltr'><strong>requiri</strong></span> <span class='ocrx_word' id='word_1_449' title='bbox 3129 2932 3159 2969; x_wconf 90' lang='lat' dir='ltr'><strong>a</strong></span> <span class='ocrx_word' id='word_1_450' title='bbox 3191 2915 3483 2987; x_wconf 88' lang='lat' dir='ltr'><strong>Stephano,</strong></span> <span class='ocrx_word' id='word_1_451' title='bbox 3534 2924 3591 2971; x_wconf 90' lang='lat' dir='ltr'><strong>ut</strong></span> <span class='ocrx_word' id='word_1_452' title='bbox 3637 2914 3796 2972; x_wconf 87' lang='lat' dir='ltr'><strong>femi-</strong></span> 
     </span>
    </p>
   </div>
   <div class='ocr_carea' id='block_1_62' title="bbox 489 3002 3790 3078">
    <p class='ocr_par' dir='ltr' id='par_1_62' title="bbox 489 3002 3790 3078">
     <span class='ocr_line' id='line_1_62' title="bbox 489 3002 3790 3078; baseline -0.001 -15"><span class='ocrx_word' id='word_1_453' title='bbox 489 3007 673 3063; x_wconf 87' lang='lat' dir='ltr'><strong>auditu</strong></span> <span class='ocrx_word' id='word_1_454' title='bbox 702 3006 954 3073; x_wconf 82' lang='lat' dir='ltr'><strong>dixerint,</strong></span> <span class='ocrx_word' id='word_1_455' title='bbox 985 3013 1075 3060; x_wconf 91' lang='lat' dir='ltr'><strong>aut</strong></span> <span class='ocrx_word' id='word_1_456' title='bbox 1096 3012 1246 3062; x_wconf 90' lang='lat' dir='ltr'><strong>certe</strong></span> <span class='ocrx_word' id='word_1_457' title='bbox 1295 3004 1608 3076; x_wconf 88' lang='lat' dir='ltr'><strong>specialiter</strong></span> <span class='ocrx_word' id='word_1_458' title='bbox 1636 3020 1697 3060; x_wconf 92' lang='lat' dir='ltr'><strong>se</strong></span> <span class='ocrx_word' id='word_1_459' title='bbox 1725 3003 1863 3060; x_wconf 90' lang='lat' dir='ltr'><strong>scire</strong></span> <span class='ocrx_word' id='word_1_460' title='bbox 1904 3002 2085 3058; x_wconf 90' lang='lat' dir='ltr'><strong>testati</strong></span> <span class='ocrx_word' id='word_1_461' title='bbox 2107 3053 2155 3078; x_wconf 68' lang='grc' dir='ltr'>η</span> <span class='ocrx_word' id='word_1_462' title='bbox 2185 3019 2312 3059; x_wconf 89' lang='lat' dir='ltr'><strong>nam</strong></span> <span class='ocrx_word' id='word_1_463' title='bbox 2340 3003 2590 3076; x_wconf 85' lang='lat' dir='ltr'><strong>designet</strong></span> <span class='ocrx_word' id='word_1_464' title='bbox 2634 3020 2699 3059; x_wconf 90' lang='lat' dir='ltr'><strong>ex</strong></span> <span class='ocrx_word' id='word_1_465' title='bbox 2728 3003 2965 3075; x_wconf 88' lang='lat' dir='ltr'><strong>nomine,</strong></span> <span class='ocrx_word' id='word_1_466' title='bbox 3018 3012 3069 3060; x_wconf 91' lang='lat' dir='ltr'><strong>et</strong></span> <span class='ocrx_word' id='word_1_467' title='bbox 3117 3012 3316 3061; x_wconf 90' lang='lat' dir='ltr'><strong>certam</strong></span> <span class='ocrx_word' id='word_1_468' title='bbox 3370 3004 3790 3078; x_wconf 81' lang='lat' dir='ltr'><strong>prapinquitatis</strong></span> 
     </span>
    </p>
   </div>
   <div class='ocr_carea' id='block_1_63' title="bbox 2107 3053 2157 3117">
    <p class='ocr_par' dir='ltr' id='par_1_63' title="bbox 2107 3053 2157 3117">
     <span class='ocr_line' id='line_1_63' title="bbox 2107 3053 2157 3117; baseline 0 0"><span class='ocrx_word' id='word_1_469' title='bbox 2107 3053 2157 3117; x_wconf 85' lang='lat' dir='ltr'>C</span> 
     </span>
    </p>
   </div>
   <div class='ocr_carea' id='block_1_64' title="bbox 482 3091 3789 3168">
    <p class='ocr_par' dir='ltr' id='par_1_64' title="bbox 482 3091 3789 3168">
     <span class='ocr_line' id='line_1_64' title="bbox 482 3091 3789 3168; baseline -0.001 -15"><span class='ocrx_word' id='word_1_470' title='bbox 482 3097 590 3153; x_wconf 90' lang='lat' dir='ltr'><strong>sint</strong></span> <span class='ocrx_word' id='word_1_471' title='bbox 631 3115 644 3151; x_wconf 94' lang='lat'>:</span> <span class='ocrx_word' id='word_1_472' title='bbox 680 3103 734 3152; x_wconf 92' lang='lat' dir='ltr'><strong>et</strong></span> <span class='ocrx_word' id='word_1_473' title='bbox 782 3103 841 3152; x_wconf 91' lang='lat' dir='ltr'><strong>ut</strong></span> <span class='ocrx_word' id='word_1_474' title='bbox 884 3095 1101 3168; x_wconf 85' lang='lat' dir='ltr'><strong>scriptis</strong></span> <span class='ocrx_word' id='word_1_475' title='bbox 1140 3094 1383 3165; x_wconf 91' lang='lat' dir='ltr'><strong>judicata</strong></span> <span class='ocrx_word' id='word_1_476' title='bbox 1429 3093 1671 3165; x_wconf 89' lang='lat' dir='ltr'><strong>partibus</strong></span> <span class='ocrx_word' id='word_1_477' title='bbox 1726 3091 2157 3164; x_wconf 73' lang='lat' dir='ltr'><strong>prasentibus“I</strong></span> <span class='ocrx_word' id='word_1_478' title='bbox 2188 3092 2493 3148; x_wconf 75' lang='lat' dir='ltr'><strong>affinitatem</strong></span> <span class='ocrx_word' id='word_1_479' title='bbox 2539 3092 2888 3163; x_wconf 89' lang='lat' dir='ltr'><strong>demonstret,</strong></span> <span class='ocrx_word' id='word_1_480' title='bbox 2948 3108 3047 3165; x_wconf 88' lang='lat' dir='ltr'><strong>pro</strong></span> <span class='ocrx_word' id='word_1_481' title='bbox 3099 3093 3250 3162; x_wconf 90' lang='lat' dir='ltr'><strong>cujus</strong></span> <span class='ocrx_word' id='word_1_482' title='bbox 3306 3093 3593 3149; x_wconf 88' lang='lat' dir='ltr'><strong>concubitu</strong></span> <span class='ocrx_word' id='word_1_483' title='bbox 3657 3094 3789 3151; x_wconf 90' lang='lat' dir='ltr'><strong>huic</strong></span> 
     </span>
    </p>
   </div>
   <div class='ocr_carea' id='block_1_65' title="bbox 482 3181 2084 3253">
    <p class='ocr_par' dir='ltr' id='par_1_65' title="bbox 482 3181 2084 3253">
     <span class='ocr_line' id='line_1_65' title="bbox 482 3181 2084 3253; baseline -0.004 -9"><span class='ocrx_word' id='word_1_484' title='bbox 482 3187 754 3244; x_wconf 89' lang='lat' dir='ltr'><strong>sententia</strong></span> <span class='ocrx_word' id='word_1_485' title='bbox 801 3185 1071 3253; x_wconf 90' lang='lat' dir='ltr'><strong>recitetur,</strong></span> <span class='ocrx_word' id='word_1_486' title='bbox 1119 3191 1173 3239; x_wconf 90' lang='lat' dir='ltr'><strong>et</strong></span> <span class='ocrx_word' id='word_1_487' title='bbox 1218 3183 1296 3239; x_wconf 92' lang='lat' dir='ltr'><strong>sic</strong></span> <span class='ocrx_word' id='word_1_488' title='bbox 1327 3182 1507 3238; x_wconf 88' lang='lat' dir='ltr'><strong>omnia</strong></span> <span class='ocrx_word' id='word_1_489' title='bbox 1552 3182 1868 3238; x_wconf 91' lang='lat' dir='ltr'><strong>solemniter</strong></span> <span class='ocrx_word' id='word_1_490' title='bbox 1912 3181 2084 3237; x_wconf 88' lang='lat' dir='ltr'><strong>robo-</strong></span> 
     </span>
    </p>
   </div>
   <div class='ocr_carea' id='block_1_66' title="bbox 484 3271 2080 3343">
    <p class='ocr_par' dir='ltr' id='par_1_66' title="bbox 484 3271 2080 3343">
     <span class='ocr_line' id='line_1_66' title="bbox 484 3271 2080 3343; baseline -0.004 -11"><span class='ocrx_word' id='word_1_491' title='bbox 484 3283 689 3332; x_wconf 91' lang='lat' dir='ltr'><strong>rentur.</strong></span> <span class='ocrx_word' id='word_1_492' title='bbox 723 3275 805 3330; x_wconf 90' lang='lat' dir='ltr'><strong>De</strong></span> <span class='ocrx_word' id='word_1_493' title='bbox 833 3272 1118 3328; x_wconf 89' lang='lat' dir='ltr'><strong>manifesta</strong></span> <span class='ocrx_word' id='word_1_494' title='bbox 1148 3279 1349 3339; x_wconf 90' lang='lat' dir='ltr'><strong>autem,</strong></span> <span class='ocrx_word' id='word_1_495' title='bbox 1384 3280 1434 3327; x_wconf 94' lang='lat' dir='ltr'><strong>et</strong></span> <span class='ocrx_word' id='word_1_496' title='bbox 1464 3279 1589 3327; x_wconf 90' lang='lat' dir='ltr'><strong>nota</strong></span> <span class='ocrx_word' id='word_1_497' title='bbox 1617 3271 1868 3343; x_wconf 88' lang='lat' dir='ltr'><strong>plurimis</strong></span> <span class='ocrx_word' id='word_1_498' title='bbox 1897 3284 2080 3337; x_wconf 88' lang='lat' dir='ltr'><strong>causa,</strong></span> 
     </span>
    </p>
   </div>
   <div class='ocr_carea' id='block_1_67' title="bbox 480 3359 2085 3435">
    <p class='ocr_par' dir='ltr' id='par_1_67' title="bbox 480 3359 2085 3435">
     <span class='ocr_line' id='line_1_67' title="bbox 480 3359 2085 3435; baseline -0.004 -14"><span class='ocrx_word' id='word_1_499' title='bbox 480 3363 571 3422; x_wconf 88' lang='lat' dir='ltr'><strong>vel</strong></span> <span class='ocrx_word' id='word_1_500' title='bbox 600 3378 722 3435; x_wconf 88' lang='lat' dir='ltr'><strong>qua</strong></span> <span class='ocrx_word' id='word_1_501' title='bbox 740 3363 815 3418; x_wconf 90' lang='lat' dir='ltr'><strong>ita</strong></span> <span class='ocrx_word' id='word_1_502' title='bbox 838 3360 1146 3427; x_wconf 84' lang='lat' dir='ltr'><strong>confitetur,</strong></span> <span class='ocrx_word' id='word_1_503' title='bbox 1193 3368 1251 3416; x_wconf 91' lang='lat' dir='ltr'><strong>ut</strong></span> <span class='ocrx_word' id='word_1_504' title='bbox 1278 3361 1402 3428; x_wconf 89' lang='lat' dir='ltr'><strong>ista,</strong></span> <span class='ocrx_word' id='word_1_505' title='bbox 1438 3360 1485 3415; x_wconf 91' lang='lat' dir='ltr'><strong>si</strong></span> <span class='ocrx_word' id='word_1_506' title='bbox 1520 3368 1702 3416; x_wconf 90' lang='lat' dir='ltr'><strong>tamen</strong></span> <span class='ocrx_word' id='word_1_507' title='bbox 1729 3359 1805 3415; x_wconf 91' lang='lat' dir='ltr'><strong>ita</strong></span> <span class='ocrx_word' id='word_1_508' title='bbox 1835 3367 1886 3415; x_wconf 91' lang='lat' dir='ltr'><strong>et</strong></span> <span class='ocrx_word' id='word_1_509' title='bbox 1901 3360 2085 3431; x_wconf 90' lang='lat' dir='ltr'><strong>puella</strong></span> 
     </span>
    </p>
   </div>
   <div class='ocr_carea' id='block_1_68' title="bbox 482 3448 2086 3529">
    <p class='ocr_par' dir='ltr' id='par_1_68' title="bbox 482 3448 2086 3529">
     <span class='ocr_line' id='line_1_68' title="bbox 482 3448 2086 3529; baseline -0.004 -21"><span class='ocrx_word' id='word_1_510' title='bbox 482 3453 679 3509; x_wconf 84' lang='lat' dir='ltr'><strong>dixerit</strong></span> <span class='ocrx_word' id='word_1_511' title='bbox 726 3459 785 3507; x_wconf 93' lang='lat' dir='ltr'><strong>ut</strong></span> <span class='ocrx_word' id='word_1_512' title='bbox 840 3451 1145 3529; x_wconf 77' lang='lat' dir='ltr'><strong>Stephanus</strong></span> <span class='ocrx_word' id='word_1_513' title='bbox 1192 3449 1495 3522; x_wconf 82' lang='lat' dir='ltr'><strong>profitetur,</strong></span> <span class='ocrx_word' id='word_1_514' title='bbox 1554 3448 1683 3521; x_wconf 88' lang='lat' dir='ltr'><strong>quia</strong></span> <span class='ocrx_word' id='word_1_515' title='bbox 1730 3463 1875 3519; x_wconf 90' lang='lat' dir='ltr'><strong>sape</strong></span> <span class='ocrx_word' id='word_1_516' title='bbox 1947 3448 2086 3503; x_wconf 92' lang='lat' dir='ltr'><strong>inter</strong></span> 
     </span>
    </p>
   </div>
   <div class='ocr_carea' id='block_1_69' title="bbox 480 3536 2081 3610">
    <p class='ocr_par' dir='ltr' id='par_1_69' title="bbox 480 3536 2081 3610">
     <span class='ocr_line' id='line_1_69' title="bbox 480 3536 2081 3610; baseline -0.006 -12"><span class='ocrx_word' id='word_1_517' title='bbox 480 3542 757 3599; x_wconf 89' lang='lat' dir='ltr'><strong>masculos</strong></span> <span class='ocrx_word' id='word_1_518' title='bbox 784 3540 1032 3595; x_wconf 89' lang='lat' dir='ltr'><strong>audimus</strong></span> <span class='ocrx_word' id='word_1_519' title='bbox 1063 3546 1115 3595; x_wconf 89' lang='lat' dir='ltr'><strong>et</strong></span> <span class='ocrx_word' id='word_1_520' title='bbox 1143 3538 1390 3608; x_wconf 88' lang='lat' dir='ltr'><strong>feminas,</strong></span> <span class='ocrx_word' id='word_1_521' title='bbox 1425 3538 1551 3610; x_wconf 91' lang='lat' dir='ltr'><strong>quia</strong></span> <span class='ocrx_word' id='word_1_522' title='bbox 1580 3538 1725 3609; x_wconf 92' lang='lat' dir='ltr'><strong>quod</strong></span> <span class='ocrx_word' id='word_1_523' title='bbox 1753 3537 1889 3592; x_wconf 90' lang='lat' dir='ltr'><strong>alter</strong></span> <span class='ocrx_word' id='word_1_524' title='bbox 1933 3536 2081 3603; x_wconf 92' lang='lat' dir='ltr'><strong>dicit,</strong></span> 
     </span>
    </p>
   </div>
   <div class='ocr_carea' id='block_1_70' title="bbox 481 3626 2080 3703">
    <p class='ocr_par' dir='ltr' id='par_1_70' title="bbox 481 3626 2080 3703">
     <span class='ocr_line' id='line_1_70' title="bbox 481 3626 2080 3703; baseline -0.005 -16"><span class='ocrx_word' id='word_1_525' title='bbox 481 3632 621 3688; x_wconf 86' lang='lat' dir='ltr'><strong>alter</strong></span> <span class='ocrx_word' id='word_1_526' title='bbox 642 3645 1013 3703; x_wconf 84' lang='lat' dir='ltr'><strong>saepenumero</strong></span> <span class='ocrx_word' id='word_1_527' title='bbox 1031 3630 1264 3700; x_wconf 90' lang='lat' dir='ltr'><strong>denegat</strong></span> <span class='ocrx_word' id='word_1_528' title='bbox 1289 3644 1301 3683; x_wconf 90' lang='lat'><strong>:</strong></span> <span class='ocrx_word' id='word_1_529' title='bbox 1321 3644 1432 3683; x_wconf 92' lang='lat' dir='ltr'><strong>non</strong></span> <span class='ocrx_word' id='word_1_530' title='bbox 1452 3635 1577 3682; x_wconf 92' lang='lat' dir='ltr'><strong>sunt</strong></span> <span class='ocrx_word' id='word_1_531' title='bbox 1595 3626 2080 3699; x_wconf 88' lang='lat' dir='ltr'><strong>quarendi&#39;testes,</strong></span> 
     </span>
    </p>
   </div>
   <div class='ocr_carea' id='block_1_71' title="bbox 478 3714 2085 3797">
    <p class='ocr_par' dir='ltr' id='par_1_71' title="bbox 478 3714 2085 3797">
     <span class='ocr_line' id='line_1_71' title="bbox 478 3714 2085 3797; baseline -0.006 -20"><span class='ocrx_word' id='word_1_532' title='bbox 478 3728 538 3776; x_wconf 92' lang='lat' dir='ltr'><strong>ut</strong></span> <span class='ocrx_word' id='word_1_533' title='bbox 568 3727 783 3776; x_wconf 88' lang='lat' dir='ltr'><strong>sanctus</strong></span> <span class='ocrx_word' id='word_1_534' title='bbox 812 3718 1134 3774; x_wconf 87' lang='lat' dir='ltr'><strong>Ambrosius</strong></span> <span class='ocrx_word' id='word_1_535' title='bbox 1165 3717 1220 3772; x_wconf 90' lang='lat' dir='ltr'><strong>in</strong></span> <span class='ocrx_word' id='word_1_536' title='bbox 1252 3716 1541 3789; x_wconf 82' lang='lat' dir='ltr'><strong>epistolam</strong></span> <span class='ocrx_word' id='word_1_537' title='bbox 1569 3716 1639 3771; x_wconf 91' lang='lat' dir='ltr'><strong>ad</strong></span> <span class='ocrx_word' id='word_1_538' title='bbox 1668 3715 1973 3771; x_wconf 89' lang='lat' dir='ltr'><strong>Corinthios</strong></span> <span class='ocrx_word' id='word_1_539' title='bbox 2004 3714 2085 3797; x_wconf 86' lang='lat' dir='ltr'><strong>di-</strong></span> 
     </span>
    </p>
   </div>
   <div class='ocr_carea' id='block_1_72' title="bbox 483 3804 2089 3878">
    <p class='ocr_par' dir='ltr' id='par_1_72' title="bbox 483 3804 2089 3878">
     <span class='ocr_line' id='line_1_72' title="bbox 483 3804 2089 3878; baseline -0.005 -11"><span class='ocrx_word' id='word_1_540' title='bbox 483 3809 575 3877; x_wconf 93' lang='lat' dir='ltr'><strong>cit,</strong></span> <span class='ocrx_word' id='word_1_541' title='bbox 602 3807 1006 3865; x_wconf 90' lang='lat' dir='ltr'><strong>defornicatore</strong></span> <span class='ocrx_word' id='word_1_542' title='bbox 1052 3822 1332 3878; x_wconf 82' lang='lat' dir='ltr'><strong>exponens</strong></span> <span class='ocrx_word' id='word_1_543' title='bbox 1367 3805 1692 3862; x_wconf 89' lang='lat' dir='ltr'><strong>sententiam</strong></span> <span class='ocrx_word' id='word_1_544' title='bbox 1716 3804 1946 3876; x_wconf 89' lang='lat' dir='ltr'><strong>apostoli</strong></span> <span class='ocrx_word' id='word_1_545' title='bbox 1971 3805 2089 3859; x_wconf 86' lang='lat' dir='ltr'><strong>:Ju-</strong></span> 
     </span>
    </p>
   </div>
   <div class='ocr_carea' id='block_1_73' title="bbox 482 3892 2086 3970">
    <p class='ocr_par' dir='ltr' id='par_1_73' title="bbox 482 3892 2086 3970">
     <span class='ocr_line' id='line_1_73' title="bbox 482 3892 2086 3970; baseline -0.005 -15"><span class='ocrx_word' id='word_1_546' title='bbox 482 3898 639 3965; x_wconf 90' lang='lat' dir='ltr'><strong>dicis,</strong></span> <span class='ocrx_word' id='word_1_547' title='bbox 671 3897 867 3970; x_wconf 92' lang='lat' dir='ltr'><strong>inquit,</strong></span> <span class='ocrx_word' id='word_1_548' title='bbox 898 3912 1010 3953; x_wconf 93' lang='lat' dir='ltr'><strong>non</strong></span> <span class='ocrx_word' id='word_1_549' title='bbox 1037 3903 1140 3963; x_wconf 90' lang='lat' dir='ltr'><strong>est,</strong></span> <span class='ocrx_word' id='word_1_550' title='bbox 1161 3897 1279 3951; x_wconf 89' lang='lat' dir='ltr'><strong>sine</strong></span> <span class='ocrx_word' id='word_1_551' title='bbox 1309 3903 1622 3953; x_wconf 89' lang='lat' dir='ltr'><strong>accusatore</strong></span> <span class='ocrx_word' id='word_1_552' title='bbox 1651 3894 1926 3961; x_wconf 89' lang='lat' dir='ltr'><strong>damnare,</strong></span> <span class='ocrx_word' id='word_1_553' title='bbox 1960 3892 2086 3965; x_wconf 90' lang='lat' dir='ltr'><strong>quia</strong></span> 
     </span>
    </p>
   </div>
   <div class='ocr_carea' id='block_1_74' title="bbox 485 3983 2084 4055">
    <p class='ocr_par' dir='ltr' id='par_1_74' title="bbox 485 3983 2084 4055">
     <span class='ocr_line' id='line_1_74' title="bbox 485 3983 2084 4055; baseline -0.005 -10"><span class='ocrx_word' id='word_1_554' title='bbox 485 3996 540 4045; x_wconf 92' lang='lat' dir='ltr'><strong>et</strong></span> <span class='ocrx_word' id='word_1_555' title='bbox 567 3987 833 4044; x_wconf 90' lang='lat' dir='ltr'><strong>Dominus</strong></span> <span class='ocrx_word' id='word_1_556' title='bbox 878 3986 1096 4055; x_wconf 88' lang='lat' dir='ltr'><strong>Judam,</strong></span> <span class='ocrx_word' id='word_1_557' title='bbox 1131 4000 1255 4042; x_wconf 90' lang='lat' dir='ltr'><strong>cum</strong></span> <span class='ocrx_word' id='word_1_558' title='bbox 1285 3984 1373 4040; x_wconf 92' lang='lat' dir='ltr'><strong>fur</strong></span> <span class='ocrx_word' id='word_1_559' title='bbox 1403 3983 1696 4055; x_wconf 89' lang='lat' dir='ltr'><strong>esset,quia</strong></span> <span class='ocrx_word' id='word_1_560' title='bbox 1725 3999 1833 4038; x_wconf 92' lang='lat' dir='ltr'><strong>non</strong></span> <span class='ocrx_word' id='word_1_561' title='bbox 1864 3990 1946 4038; x_wconf 90' lang='lat' dir='ltr'><strong>est</strong></span> <span class='ocrx_word' id='word_1_562' title='bbox 1990 3996 2084 4038; x_wconf 88' lang='lat' dir='ltr'><strong>ac-</strong></span> 
     </span>
    </p>
   </div>
   <div class='ocr_carea' id='block_1_75' title="bbox 483 4070 2084 4144">
    <p class='ocr_par' dir='ltr' id='par_1_75' title="bbox 483 4070 2084 4144">
     <span class='ocr_line' id='line_1_75' title="bbox 483 4070 2084 4144; baseline -0.005 -11"><span class='ocrx_word' id='word_1_563' title='bbox 483 4084 723 4143; x_wconf 89' lang='lat' dir='ltr'><strong>cusatus,</strong></span> <span class='ocrx_word' id='word_1_564' title='bbox 758 4075 981 4131; x_wconf 89' lang='lat' dir='ltr'><strong>minime</strong></span> <span class='ocrx_word' id='word_1_565' title='bbox 1011 4074 1229 4144; x_wconf 90' lang='lat' dir='ltr'><strong>abjecit,</strong></span> <span class='ocrx_word' id='word_1_566' title='bbox 1283 4072 1504 4144; x_wconf 85' lang='lat' dir='ltr'><strong>cognito</strong></span> <span class='ocrx_word' id='word_1_567' title='bbox 1534 4088 1699 4144; x_wconf 90' lang='lat' dir='ltr'><strong>opere</strong></span> <span class='ocrx_word' id='word_1_568' title='bbox 1737 4071 1841 4126; x_wconf 91' lang='lat' dir='ltr'><strong>isto</strong></span> <span class='ocrx_word' id='word_1_569' title='bbox 1867 4070 2084 4143; x_wconf 90' lang='lat' dir='ltr'><strong>pellen-</strong></span> 
     </span>
    </p>
   </div>
   <div class='ocr_carea' id='block_1_76' title="bbox 485 4159 2083 4229">
    <p class='ocr_par' dir='ltr' id='par_1_76' title="bbox 485 4159 2083 4229">
     <span class='ocr_line' id='line_1_76' title="bbox 485 4159 2083 4229; baseline -0.006 -7"><span class='ocrx_word' id='word_1_570' title='bbox 485 4165 616 4222; x_wconf 91' lang='lat' dir='ltr'><strong>dum</strong></span> <span class='ocrx_word' id='word_1_571' title='bbox 646 4165 797 4222; x_wconf 91' lang='lat' dir='ltr'><strong>illum</strong></span> <span class='ocrx_word' id='word_1_572' title='bbox 827 4164 999 4220; x_wconf 87' lang='lat' dir='ltr'><strong>fuisse</strong></span> <span class='ocrx_word' id='word_1_573' title='bbox 1030 4164 1100 4220; x_wconf 90' lang='lat' dir='ltr'><strong>de</strong></span> <span class='ocrx_word' id='word_1_574' title='bbox 1128 4170 1273 4219; x_wconf 76' lang='lat' dir='ltr'><strong>catu</strong></span> <span class='ocrx_word' id='word_1_575' title='bbox 1314 4161 1685 4229; x_wconf 89' lang='lat' dir='ltr'><strong>fraternitatis,</strong></span> <span class='ocrx_word' id='word_1_576' title='bbox 1720 4176 1909 4215; x_wconf 91' lang='lat' dir='ltr'><strong>omnes</strong></span> <span class='ocrx_word' id='word_1_577' title='bbox 1941 4159 2083 4214; x_wconf 89' lang='lat' dir='ltr'><strong>enim</strong></span> 
     </span>
    </p>
   </div>
   <div class='ocr_carea' id='block_1_77' title="bbox 482 4247 2086 4325">
    <p class='ocr_par' dir='ltr' id='par_1_77' title="bbox 482 4247 2086 4325">
     <span class='ocr_line' id='line_1_77' title="bbox 482 4247 2086 4325; baseline -0.006 -13"><span class='ocrx_word' id='word_1_578' title='bbox 482 4255 690 4313; x_wconf 86' lang='lat' dir='ltr'><strong>crimen</strong></span> <span class='ocrx_word' id='word_1_579' title='bbox 747 4255 862 4325; x_wconf 88' lang='lat' dir='ltr'><strong>ejus</strong></span> <span class='ocrx_word' id='word_1_580' title='bbox 916 4253 1178 4320; x_wconf 90' lang='lat' dir='ltr'><strong>sciebant,</strong></span> <span class='ocrx_word' id='word_1_581' title='bbox 1238 4259 1291 4307; x_wconf 92' lang='lat' dir='ltr'><strong>et</strong></span> <span class='ocrx_word' id='word_1_582' title='bbox 1331 4267 1442 4308; x_wconf 90' lang='lat' dir='ltr'><strong>non</strong></span> <span class='ocrx_word' id='word_1_583' title='bbox 1498 4250 1827 4325; x_wconf 89' lang='lat' dir='ltr'><strong>arguebant.</strong></span> <span class='ocrx_word' id='word_1_584' title='bbox 1866 4247 2086 4303; x_wconf 88' lang='lat' dir='ltr'><strong>Publice</strong></span> 
     </span>
    </p>
   </div>
   <div class='ocr_carea' id='block_1_78' title="bbox 484 4337 2084 4408">
    <p class='ocr_par' dir='ltr' id='par_1_78' title="bbox 484 4337 2084 4408">
     <span class='ocr_line' id='line_1_78' title="bbox 484 4337 2084 4408; baseline -0.006 -7"><span class='ocrx_word' id='word_1_585' title='bbox 484 4345 632 4401; x_wconf 90' lang='lat' dir='ltr'><strong>enim</strong></span> <span class='ocrx_word' id='word_1_586' title='bbox 659 4360 950 4401; x_wconf 87' lang='lat' dir='ltr'><strong>novercam</strong></span> <span class='ocrx_word' id='word_1_587' title='bbox 980 4359 1138 4398; x_wconf 91' lang='lat' dir='ltr'><strong>suam</strong></span> <span class='ocrx_word' id='word_1_588' title='bbox 1165 4341 1287 4397; x_wconf 88' lang='lat' dir='ltr'><strong>loco</strong></span> <span class='ocrx_word' id='word_1_589' title='bbox 1344 4339 1529 4396; x_wconf 86' lang='lat' dir='ltr'><strong>uxoris</strong></span> <span class='ocrx_word' id='word_1_590' title='bbox 1576 4338 1812 4394; x_wconf 88' lang='lat' dir='ltr'><strong>habebat</strong></span> <span class='ocrx_word' id='word_1_591' title='bbox 1845 4356 1858 4404; x_wconf 93' lang='lat'><strong>;</strong></span> <span class='ocrx_word' id='word_1_592' title='bbox 1891 4337 1947 4391; x_wconf 91' lang='lat' dir='ltr'><strong>in</strong></span> <span class='ocrx_word' id='word_1_593' title='bbox 1977 4351 2084 4408; x_wconf 93' lang='lat' dir='ltr'><strong>qua</strong></span> 
     </span>
    </p>
   </div>
   <div class='ocr_carea' id='block_1_79' title="bbox 2184 3182 3792 3255">
    <p class='ocr_par' dir='ltr' id='par_1_79' title="bbox 2184 3182 3792 3255">
     <span class='ocr_line' id='line_1_79' title="bbox 2184 3182 3792 3255; baseline 0.001 -17"><span class='ocrx_word' id='word_1_594' title='bbox 2184 3182 2378 3254; x_wconf 89' lang='lat' dir='ltr'><strong>puella</strong></span> <span class='ocrx_word' id='word_1_595' title='bbox 2410 3199 2468 3238; x_wconf 90' lang='lat' dir='ltr'><strong>se</strong></span> <span class='ocrx_word' id='word_1_596' title='bbox 2499 3197 2608 3238; x_wconf 90' lang='lat' dir='ltr'><strong>non</strong></span> <span class='ocrx_word' id='word_1_597' title='bbox 2640 3183 2780 3238; x_wconf 90' lang='lat' dir='ltr'><strong>valet</strong></span> <span class='ocrx_word' id='word_1_598' title='bbox 2809 3182 3088 3238; x_wconf 89' lang='lat' dir='ltr'><strong>salubriter</strong></span> <span class='ocrx_word' id='word_1_599' title='bbox 3133 3182 3336 3238; x_wconf 90' lang='lat' dir='ltr'><strong>carnali</strong></span> <span class='ocrx_word' id='word_1_600' title='bbox 3387 3182 3579 3255; x_wconf 90' lang='lat' dir='ltr'><strong>c0pula</strong></span> <span class='ocrx_word' id='word_1_601' title='bbox 3622 3198 3792 3239; x_wconf 89' lang='lat' dir='ltr'><strong>com-</strong></span> 
     </span>
    </p>
   </div>
   <div class='ocr_carea' id='block_1_80' title="bbox 2185 3271 3791 3343">
    <p class='ocr_par' dir='ltr' id='par_1_80' title="bbox 2185 3271 3791 3343">
     <span class='ocr_line' id='line_1_80' title="bbox 2185 3271 3791 3343; baseline 0.002 -17"><span class='ocrx_word' id='word_1_602' title='bbox 2185 3272 2415 3327; x_wconf 90' lang='lat' dir='ltr'><strong>miscere</strong></span> <span class='ocrx_word' id='word_1_603' title='bbox 2448 3289 2460 3325; x_wconf 89' lang='lat'><strong>:</strong></span> <span class='ocrx_word' id='word_1_604' title='bbox 2495 3271 2619 3343; x_wconf 92' lang='lat' dir='ltr'><strong>quia</strong></span> <span class='ocrx_word' id='word_1_605' title='bbox 2666 3280 2849 3328; x_wconf 89' lang='lat' dir='ltr'><strong>contra</strong></span> <span class='ocrx_word' id='word_1_606' title='bbox 2890 3271 3154 3327; x_wconf 87' lang='lat' dir='ltr'><strong>rationem</strong></span> <span class='ocrx_word' id='word_1_607' title='bbox 3202 3279 3254 3327; x_wconf 93' lang='lat' dir='ltr'><strong>et</strong></span> <span class='ocrx_word' id='word_1_608' title='bbox 3283 3271 3651 3327; x_wconf 90' lang='lat' dir='ltr'><strong>auctoritatem</strong></span> <span class='ocrx_word' id='word_1_609' title='bbox 3694 3288 3791 3329; x_wconf 91' lang='lat' dir='ltr'><strong>ec-</strong></span> 
     </span>
    </p>
   </div>
   <div class='ocr_carea' id='block_1_81' title="bbox 2185 3360 3790 3430">
    <p class='ocr_par' dir='ltr' id='par_1_81' title="bbox 2185 3360 3790 3430">
     <span class='ocr_line' id='line_1_81' title="bbox 2185 3360 3790 3430; baseline 0 -13"><span class='ocrx_word' id='word_1_610' title='bbox 2185 3361 2561 3430; x_wconf 88' lang='lat' dir='ltr'><strong>clesiasticam,</strong></span> <span class='ocrx_word' id='word_1_611' title='bbox 2608 3369 2661 3417; x_wconf 88' lang='lat' dir='ltr'><strong>et</strong></span> <span class='ocrx_word' id='word_1_612' title='bbox 2701 3361 3019 3417; x_wconf 86' lang='lat' dir='ltr'><strong>Christiana</strong></span> <span class='ocrx_word' id='word_1_613' title='bbox 3068 3360 3372 3417; x_wconf 88' lang='lat' dir='ltr'><strong>devotionis</strong></span> <span class='ocrx_word' id='word_1_614' title='bbox 3435 3377 3663 3427; x_wconf 92' lang='lat' dir='ltr'><strong>morem,</strong></span> <span class='ocrx_word' id='word_1_615' title='bbox 3715 3362 3790 3417; x_wconf 89' lang='lat' dir='ltr'><strong>ab</strong></span> 
     </span>
    </p>
   </div>
   <div class='ocr_carea' id='block_1_82' title="bbox 2185 3448 3790 3522">
    <p class='ocr_par' dir='ltr' id='par_1_82' title="bbox 2185 3448 3790 3522">
     <span class='ocr_line' id='line_1_82' title="bbox 2185 3448 3790 3522; baseline 0.001 -17"><span class='ocrx_word' id='word_1_616' title='bbox 2185 3466 2250 3505; x_wconf 94' lang='lat' dir='ltr'><strong>eo</strong></span> <span class='ocrx_word' id='word_1_617' title='bbox 2283 3450 2554 3522; x_wconf 90' lang='lat' dir='ltr'><strong>quaritur,</strong></span> <span class='ocrx_word' id='word_1_618' title='bbox 2606 3450 2651 3504; x_wconf 92' lang='lat' dir='ltr'><strong>si</strong></span> <span class='ocrx_word' id='word_1_619' title='bbox 2690 3448 2828 3505; x_wconf 91' lang='lat' dir='ltr'><strong>forte</strong></span> <span class='ocrx_word' id='word_1_620' title='bbox 2874 3449 2944 3505; x_wconf 90' lang='lat' dir='ltr'><strong>ab</strong></span> <span class='ocrx_word' id='word_1_621' title='bbox 2989 3466 3054 3505; x_wconf 94' lang='lat' dir='ltr'><strong>eo</strong></span> <span class='ocrx_word' id='word_1_622' title='bbox 3097 3449 3370 3522; x_wconf 82' lang='lat' dir='ltr'><strong>quaeritur,</strong></span> <span class='ocrx_word' id='word_1_623' title='bbox 3420 3466 3540 3522; x_wconf 88' lang='lat' dir='ltr'><strong>qua</strong></span> <span class='ocrx_word' id='word_1_624' title='bbox 3588 3466 3655 3505; x_wconf 85' lang='lat' dir='ltr'><strong>ex</strong></span> <span class='ocrx_word' id='word_1_625' title='bbox 3680 3449 3790 3507; x_wconf 92' lang='lat' dir='ltr'><strong>hoc</strong></span> 
     </span>
    </p>
   </div>
   <div class='ocr_carea' id='block_1_83' title="bbox 2184 3538 3791 3610">
    <p class='ocr_par' dir='ltr' id='par_1_83' title="bbox 2184 3538 3791 3610">
     <span class='ocr_line' id='line_1_83' title="bbox 2184 3538 3791 3610; baseline 0.001 -17"><span class='ocrx_word' id='word_1_626' title='bbox 2184 3538 2478 3610; x_wconf 91' lang='lat' dir='ltr'><strong>apostolica</strong></span> <span class='ocrx_word' id='word_1_627' title='bbox 2533 3538 2773 3593; x_wconf 90' lang='lat' dir='ltr'><strong>decrevit</strong></span> <span class='ocrx_word' id='word_1_628' title='bbox 2834 3539 3140 3606; x_wconf 88' lang='lat' dir='ltr'><strong>auctoritas,</strong></span> <span class='ocrx_word' id='word_1_629' title='bbox 3209 3548 3262 3594; x_wconf 94' lang='lat' dir='ltr'><strong>et</strong></span> <span class='ocrx_word' id='word_1_630' title='bbox 3308 3538 3568 3594; x_wconf 88' lang='lat' dir='ltr'><strong>catholica</strong></span> <span class='ocrx_word' id='word_1_631' title='bbox 3637 3545 3791 3596; x_wconf 87' lang='lat' dir='ltr'><strong>tenet</strong></span> 
     </span>
    </p>
   </div>
   <div class='ocr_carea' id='block_1_84' title="bbox 2183 3614 3790 3698">
    <p class='ocr_par' dir='ltr' id='par_1_84' title="bbox 2183 3614 3790 3698">
     <span class='ocr_line' id='line_1_84' title="bbox 2183 3614 3790 3698; baseline -0.001 -14"><span class='ocrx_word' id='word_1_632' title='bbox 2183 3627 2450 3694; x_wconf 88' lang='lat' dir='ltr'><strong>Ecclesia,</strong></span> <span class='ocrx_word' id='word_1_633' title='bbox 2478 3626 2565 3682; x_wconf 90' lang='lat' dir='ltr'><strong>hic</strong></span> <span class='ocrx_word' id='word_1_634' title='bbox 2586 3614 2787 3698; x_wconf 70' lang='lat' dir='ltr'><strong>ponere</strong></span> <span class='ocrx_word' id='word_1_635' title='bbox 2807 3627 3031 3698; x_wconf 89' lang='lat' dir='ltr'><strong>dignum</strong></span> <span class='ocrx_word' id='word_1_636' title='bbox 3059 3627 3345 3682; x_wconf 88' lang='lat' dir='ltr'><strong>duximus:</strong></span> <span class='ocrx_word' id='word_1_637' title='bbox 3374 3616 3483 3684; x_wconf 84' lang='lat' dir='ltr'><strong>Leo</strong></span> <span class='ocrx_word' id='word_1_638' title='bbox 3513 3627 3790 3684; x_wconf 89' lang='lat' dir='ltr'><strong>universis</strong></span> 
     </span>
    </p>
   </div>
   <div class='ocr_carea' id='block_1_85' title="bbox 2186 3716 3785 3788">
    <p class='ocr_par' dir='ltr' id='par_1_85' title="bbox 2186 3716 3785 3788">
     <span class='ocr_line' id='line_1_85' title="bbox 2186 3716 3785 3788; baseline 0.001 -16"><span class='ocrx_word' id='word_1_639' title='bbox 2186 3716 2455 3787; x_wconf 85' lang='lat' dir='ltr'><strong>episcOpis</strong></span> <span class='ocrx_word' id='word_1_640' title='bbox 2513 3732 2611 3786; x_wconf 90' lang='lat' dir='ltr'><strong>per</strong></span> <span class='ocrx_word' id='word_1_641' title='bbox 2652 3716 3016 3788; x_wconf 90' lang='lat' dir='ltr'><strong>Campaniam,</strong></span> <span class='ocrx_word' id='word_1_642' title='bbox 3080 3717 3357 3773; x_wconf 89' lang='lat' dir='ltr'><strong>Samnium</strong></span> <span class='ocrx_word' id='word_1_643' title='bbox 3406 3725 3458 3773; x_wconf 88' lang='lat' dir='ltr'><strong>et</strong></span> <span class='ocrx_word' id='word_1_644' title='bbox 3501 3716 3785 3786; x_wconf 88' lang='lat' dir='ltr'><strong>Picenum,</strong></span> 
     </span>
    </p>
   </div>
   <div class='ocr_carea' id='block_1_86' title="bbox 2184 3805 3793 3878">
    <p class='ocr_par' dir='ltr' id='par_1_86' title="bbox 2184 3805 3793 3878">
     <span class='ocr_line' id='line_1_86' title="bbox 2184 3805 3793 3878; baseline 0 -17"><span class='ocrx_word' id='word_1_645' title='bbox 2184 3813 2343 3878; x_wconf 84' lang='lat' dir='ltr'><strong>atque</strong></span> <span class='ocrx_word' id='word_1_646' title='bbox 2370 3805 2651 3861; x_wconf 90' lang='lat' dir='ltr'><strong>universas</strong></span> <span class='ocrx_word' id='word_1_647' title='bbox 2679 3805 2985 3877; x_wconf 90' lang='lat' dir='ltr'><strong>provincias</strong></span> <span class='ocrx_word' id='word_1_648' title='bbox 3016 3807 3261 3862; x_wconf 88' lang='lat' dir='ltr'><strong>salutem.</strong></span> <span class='ocrx_word' id='word_1_649' title='bbox 3308 3808 3504 3877; x_wconf 87' lang='lat' dir='ltr'><strong>Magna</strong></span> <span class='ocrx_word' id='word_1_650' title='bbox 3534 3806 3793 3878; x_wconf 90' lang='lat' dir='ltr'><strong>indigna-</strong></span> 
     </span>
    </p>
   </div>
   <div class='ocr_carea' id='block_1_87' title="bbox 2183 3895 3790 3967">
    <p class='ocr_par' dir='ltr' id='par_1_87' title="bbox 2183 3895 3790 3967">
     <span class='ocr_line' id='line_1_87' title="bbox 2183 3895 3790 3967; baseline 0.002 -18"><span class='ocrx_word' id='word_1_651' title='bbox 2183 3895 2331 3951; x_wconf 90' lang='lat' dir='ltr'><strong>tione</strong></span> <span class='ocrx_word' id='word_1_652' title='bbox 2362 3910 2725 3963; x_wconf 91' lang='lat' dir='ltr'><strong>commoveor,</strong></span> <span class='ocrx_word' id='word_1_653' title='bbox 2756 3903 2807 3951; x_wconf 94' lang='lat' dir='ltr'><strong>et</strong></span> <span class='ocrx_word' id='word_1_654' title='bbox 2834 3895 3020 3951; x_wconf 91' lang='lat' dir='ltr'><strong>dolore</strong></span> <span class='ocrx_word' id='word_1_655' title='bbox 3065 3896 3234 3951; x_wconf 90' lang='lat' dir='ltr'><strong>multo</strong></span> <span class='ocrx_word' id='word_1_656' title='bbox 3285 3895 3588 3964; x_wconf 88' lang='lat' dir='ltr'><strong>contristor,</strong></span> <span class='ocrx_word' id='word_1_657' title='bbox 3634 3896 3790 3967; x_wconf 90' lang='lat' dir='ltr'><strong>quod</strong></span> 
     </span>
    </p>
   </div>
   <div class='ocr_carea' id='block_1_88' title="bbox 2184 3984 3793 4056">
    <p class='ocr_par' dir='ltr' id='par_1_88' title="bbox 2184 3984 3793 4056">
     <span class='ocr_line' id='line_1_88' title="bbox 2184 3984 3793 4056; baseline 0.001 -18"><span class='ocrx_word' id='word_1_658' title='bbox 2184 3984 2447 4056; x_wconf 90' lang='lat' dir='ltr'><strong>quosdam</strong></span> <span class='ocrx_word' id='word_1_659' title='bbox 2496 4001 2559 4040; x_wconf 83' lang='lat' dir='ltr'><strong>ex</strong></span> <span class='ocrx_word' id='word_1_660' title='bbox 2609 3984 2763 4040; x_wconf 91' lang='lat' dir='ltr'><strong>vobis</strong></span> <span class='ocrx_word' id='word_1_661' title='bbox 2821 3984 3077 4056; x_wconf 89' lang='lat' dir='ltr'><strong>comperi,</strong></span> <span class='ocrx_word' id='word_1_662' title='bbox 3125 3985 3435 4056; x_wconf 90' lang='lat' dir='ltr'><strong>apostolica</strong></span> <span class='ocrx_word' id='word_1_663' title='bbox 3478 3984 3793 4041; x_wconf 91' lang='lat' dir='ltr'><strong>traditionis</strong></span> 
     </span>
    </p>
   </div>
   <div class='ocr_carea' id='block_1_89' title="bbox 2184 4073 3790 4146">
    <p class='ocr_par' dir='ltr' id='par_1_89' title="bbox 2184 4073 3790 4146">
     <span class='ocr_line' id='line_1_89' title="bbox 2184 4073 3790 4146; baseline 0.001 -17"><span class='ocrx_word' id='word_1_664' title='bbox 2184 4073 2399 4141; x_wconf 90' lang='lat' dir='ltr'><strong>oblitos,</strong></span> <span class='ocrx_word' id='word_1_665' title='bbox 2452 4081 2506 4129; x_wconf 91' lang='lat' dir='ltr'><strong>et</strong></span> <span class='ocrx_word' id='word_1_666' title='bbox 2540 4074 2718 4129; x_wconf 91' lang='lat' dir='ltr'><strong>studio</strong></span> <span class='ocrx_word' id='word_1_667' title='bbox 2764 4075 2846 4128; x_wconf 90' lang='lat' dir='ltr'><strong>sui</strong></span> <span class='ocrx_word' id='word_1_668' title='bbox 2892 4074 3089 4129; x_wconf 88' lang='lat' dir='ltr'><strong>erroris</strong></span> <span class='ocrx_word' id='word_1_669' title='bbox 3126 4073 3381 4130; x_wconf 90' lang='lat' dir='ltr'><strong>intentos.</strong></span> <span class='ocrx_word' id='word_1_670' title='bbox 3428 4074 3498 4129; x_wconf 88' lang='lat' dir='ltr'><strong>Et</strong></span> <span class='ocrx_word' id='word_1_671' title='bbox 3526 4082 3651 4146; x_wconf 92' lang='lat' dir='ltr'><strong>post</strong></span> <span class='ocrx_word' id='word_1_672' title='bbox 3681 4074 3790 4130; x_wconf 89' lang='lat' dir='ltr'><strong>ali-</strong></span> 
     </span>
    </p>
   </div>
   <div class='ocr_carea' id='block_1_90' title="bbox 2185 4156 3792 4231">
    <p class='ocr_par' dir='ltr' id='par_1_90' title="bbox 2185 4156 3792 4231">
     <span class='ocr_line' id='line_1_90' title="bbox 2185 4156 3792 4231; baseline 0.002 -20"><span class='ocrx_word' id='word_1_673' title='bbox 2185 4165 2383 4229; x_wconf 89' lang='lat' dir='ltr'><strong>quanta</strong></span> <span class='ocrx_word' id='word_1_674' title='bbox 2417 4175 2430 4212; x_wconf 93' lang='lat'>:</span> <span class='ocrx_word' id='word_1_675' title='bbox 2461 4159 2542 4212; x_wconf 93' lang='lat' dir='ltr'><strong>De</strong></span> <span class='ocrx_word' id='word_1_676' title='bbox 2570 4158 2884 4229; x_wconf 74' lang='lat' dir='ltr'><strong>panitenlia</strong></span> <span class='ocrx_word' id='word_1_677' title='bbox 2913 4158 3134 4225; x_wconf 89' lang='lat' dir='ltr'><strong>scilicet,</strong></span> <span class='ocrx_word' id='word_1_678' title='bbox 3200 4175 3322 4231; x_wconf 86' lang='lat' dir='ltr'><strong>qua</strong></span> <span class='ocrx_word' id='word_1_679' title='bbox 3349 4174 3379 4213; x_wconf 92' lang='lat' dir='ltr'><strong>a</strong></span> <span class='ocrx_word' id='word_1_680' title='bbox 3410 4156 3659 4214; x_wconf 80' lang='lat' dir='ltr'><strong>fidelibus</strong></span> <span class='ocrx_word' id='word_1_681' title='bbox 3685 4174 3792 4230; x_wconf 84' lang='lat' dir='ltr'><strong>po-</strong></span> 
     </span>
    </p>
   </div>
   <div class='ocr_carea' id='block_1_91' title="bbox 2185 4246 3792 4320">
    <p class='ocr_par' dir='ltr' id='par_1_91' title="bbox 2185 4246 3792 4320">
     <span class='ocr_line' id='line_1_91' title="bbox 2185 4246 3792 4320; baseline 0.002 -20"><span class='ocrx_word' id='word_1_682' title='bbox 2185 4246 2427 4318; x_wconf 86' lang='lat' dir='ltr'><strong>stulatur,</strong></span> <span class='ocrx_word' id='word_1_683' title='bbox 2461 4263 2530 4302; x_wconf 91' lang='lat' dir='ltr'><strong>ne</strong></span> <span class='ocrx_word' id='word_1_684' title='bbox 2559 4246 2626 4301; x_wconf 90' lang='lat' dir='ltr'><strong>de</strong></span> <span class='ocrx_word' id='word_1_685' title='bbox 2648 4246 2980 4317; x_wconf 85' lang='lat' dir='ltr'><strong>singulorum</strong></span> <span class='ocrx_word' id='word_1_686' title='bbox 2998 4253 3340 4317; x_wconf 87' lang='lat' dir='ltr'><strong>peccatorum</strong></span> <span class='ocrx_word' id='word_1_687' title='bbox 3370 4264 3572 4320; x_wconf 89' lang='lat' dir='ltr'><strong>genere</strong></span> <span class='ocrx_word' id='word_1_688' title='bbox 3602 4246 3792 4304; x_wconf 91' lang='lat' dir='ltr'><strong>libello</strong></span> 
     </span>
    </p>
   </div>
   <div class='ocr_carea' id='block_1_92' title="bbox 2186 4335 3791 4408">
    <p class='ocr_par' dir='ltr' id='par_1_92' title="bbox 2186 4335 3791 4408">
     <span class='ocr_line' id='line_1_92' title="bbox 2186 4335 3791 4408; baseline 0.001 -18"><span class='ocrx_word' id='word_1_689' title='bbox 2186 4335 2386 4408; x_wconf 89' lang='lat' dir='ltr'><strong>scripta</strong></span> <span class='ocrx_word' id='word_1_690' title='bbox 2430 4335 2703 4407; x_wconf 88' lang='lat' dir='ltr'><strong>professio</strong></span> <span class='ocrx_word' id='word_1_691' title='bbox 2745 4336 3066 4407; x_wconf 88' lang='lat' dir='ltr'><strong>publicetur,</strong></span> <span class='ocrx_word' id='word_1_692' title='bbox 3108 4352 3233 4392; x_wconf 91' lang='lat' dir='ltr'><strong>cum</strong></span> <span class='ocrx_word' id='word_1_693' title='bbox 3268 4345 3446 4392; x_wconf 91' lang='lat' dir='ltr'><strong>reatus</strong></span> <span class='ocrx_word' id='word_1_694' title='bbox 3494 4336 3791 4393; x_wconf 91' lang='lat' dir='ltr'><strong>conscien-</strong></span> 
     </span>
    </p>
   </div>
   <div class='ocr_carea' id='block_1_93' title="bbox 478 4417 3793 4506">
    <p class='ocr_par' dir='ltr' id='par_1_93' title="bbox 478 4417 3793 4506">
     <span class='ocr_line' id='line_1_93' title="bbox 478 4417 3793 4506; baseline -0.003 -14"><span class='ocrx_word' id='word_1_695' title='bbox 478 4452 542 4492; x_wconf 92' lang='lat' dir='ltr'><strong>re</strong></span> <span class='ocrx_word' id='word_1_696' title='bbox 589 4450 767 4506; x_wconf 89' lang='lat' dir='ltr'><strong>neque</strong></span> <span class='ocrx_word' id='word_1_697' title='bbox 795 4432 1024 4488; x_wconf 90' lang='lat' dir='ltr'><strong>testibus</strong></span> <span class='ocrx_word' id='word_1_698' title='bbox 1053 4446 1190 4503; x_wconf 85' lang='lat' dir='ltr'><strong>Opus</strong></span> <span class='ocrx_word' id='word_1_699' title='bbox 1247 4437 1379 4497; x_wconf 90' lang='lat' dir='ltr'><strong>erat,</strong></span> <span class='ocrx_word' id='word_1_700' title='bbox 1413 4444 1588 4501; x_wconf 88' lang='lat' dir='ltr'><strong>neque</strong></span> <span class='ocrx_word' id='word_1_701' title='bbox 1636 4425 2082 4498; x_wconf 88' lang='lat' dir='ltr'><strong>tergiversatione</strong></span> <span class='ocrx_word' id='word_1_702' title='bbox 2107 4417 2162 4480; x_wconf 92' lang='lat' dir='ltr'>D</span> <span class='ocrx_word' id='word_1_703' title='bbox 2190 4424 2389 4480; x_wconf 88' lang='lat' dir='ltr'><strong>tiarum</strong></span> <span class='ocrx_word' id='word_1_704' title='bbox 2418 4424 2642 4481; x_wconf 73' lang='lat' dir='ltr'><strong>sufﬁciat</strong></span> <span class='ocrx_word' id='word_1_705' title='bbox 2697 4424 2827 4479; x_wconf 90' lang='lat' dir='ltr'><strong>solis</strong></span> <span class='ocrx_word' id='word_1_706' title='bbox 2880 4426 3250 4481; x_wconf 89' lang='lat' dir='ltr'><strong>sacerdotibus</strong></span> <span class='ocrx_word' id='word_1_707' title='bbox 3304 4426 3532 4482; x_wconf 87' lang='lat' dir='ltr'><strong>indicari</strong></span> <span class='ocrx_word' id='word_1_708' title='bbox 3569 4425 3793 4483; x_wconf 87' lang='lat' dir='ltr'><strong>confes-</strong></span> 
     </span>
    </p>
   </div>
   <div class='ocr_carea' id='block_1_94' title="bbox 480 4514 2085 4597">
    <p class='ocr_par' dir='ltr' id='par_1_94' title="bbox 480 4514 2085 4597">
     <span class='ocr_line' id='line_1_94' title="bbox 480 4514 2085 4597; baseline -0.006 -19"><span class='ocrx_word' id='word_1_709' title='bbox 480 4523 661 4597; x_wconf 90' lang='lat' dir='ltr'><strong>aliqua</strong></span> <span class='ocrx_word' id='word_1_710' title='bbox 688 4528 902 4595; x_wconf 90' lang='lat' dir='ltr'><strong>poterat</strong></span> <span class='ocrx_word' id='word_1_711' title='bbox 931 4519 1044 4594; x_wconf 89' lang='lat' dir='ltr'><strong>tegi</strong></span> <span class='ocrx_word' id='word_1_712' title='bbox 1087 4519 1312 4576; x_wconf 89' lang='lat' dir='ltr'><strong>crimen.</strong></span> <span class='ocrx_word' id='word_1_713' title='bbox 1370 4520 1439 4574; x_wconf 89' lang='lat' dir='ltr'><strong>Et</strong></span> <span class='ocrx_word' id='word_1_714' title='bbox 1481 4516 1642 4590; x_wconf 91' lang='lat' dir='ltr'><strong>paulo</strong></span> <span class='ocrx_word' id='word_1_715' title='bbox 1670 4523 1793 4588; x_wconf 90' lang='lat' dir='ltr'><strong>post</strong></span> <span class='ocrx_word' id='word_1_716' title='bbox 1825 4533 1838 4570; x_wconf 87' lang='lat'><strong>:</strong></span> <span class='ocrx_word' id='word_1_717' title='bbox 1872 4514 2085 4571; x_wconf 89' lang='lat' dir='ltr'><strong>Absens</strong></span> 
     </span>
    </p>
   </div>
   <div class='ocr_carea' id='block_1_95' title="bbox 450 4603 2084 4685">
    <p class='ocr_par' dir='ltr' id='par_1_95' title="bbox 450 4603 2084 4685">
     <span class='ocr_line' id='line_1_95' title="bbox 450 4603 2084 4685; baseline -0.006 -18"><span class='ocrx_word' id='word_1_718' title='bbox 450 4612 638 4683; x_wconf 77' lang='lat' dir='ltr'><strong>&#39;facie,</strong></span> <span class='ocrx_word' id='word_1_719' title='bbox 669 4627 912 4685; x_wconf 89' lang='lat' dir='ltr'><strong>prasens</strong></span> <span class='ocrx_word' id='word_1_720' title='bbox 960 4617 1139 4665; x_wconf 90' lang='lat' dir='ltr'><strong>autem</strong></span> <span class='ocrx_word' id='word_1_721' title='bbox 1171 4606 1483 4665; x_wconf 88' lang='lat' dir='ltr'><strong>auctoritate</strong></span> <span class='ocrx_word' id='word_1_722' title='bbox 1542 4605 1793 4677; x_wconf 88' lang='lat' dir='ltr'><strong>Spiritus,</strong></span> <span class='ocrx_word' id='word_1_723' title='bbox 1826 4603 1919 4676; x_wconf 85' lang='lat' dir='ltr'><strong>qui</strong></span> <span class='ocrx_word' id='word_1_724' title='bbox 1948 4619 2084 4658; x_wconf 92' lang='lat' dir='ltr'><strong>nus-</strong></span> 
     </span>
    </p>
   </div>
   <div class='ocr_carea' id='block_1_96' title="bbox 484 4693 2086 4773">
    <p class='ocr_par' dir='ltr' id='par_1_96' title="bbox 484 4693 2086 4773">
     <span class='ocr_line' id='line_1_96' title="bbox 484 4693 2086 4773; baseline -0.005 -16"><span class='ocrx_word' id='word_1_725' title='bbox 484 4717 646 4773; x_wconf 91' lang='lat' dir='ltr'><strong>quam</strong></span> <span class='ocrx_word' id='word_1_726' title='bbox 692 4702 867 4770; x_wconf 91' lang='lat' dir='ltr'><strong>abest,</strong></span> <span class='ocrx_word' id='word_1_727' title='bbox 892 4700 1007 4770; x_wconf 89' lang='lat' dir='ltr'><strong>jam</strong></span> <span class='ocrx_word' id='word_1_728' title='bbox 1028 4696 1269 4769; x_wconf 89' lang='lat' dir='ltr'><strong>judicavi</strong></span> <span class='ocrx_word' id='word_1_729' title='bbox 1296 4705 1354 4753; x_wconf 93' lang='lat' dir='ltr'><strong>ut</strong></span> <span class='ocrx_word' id='word_1_730' title='bbox 1399 4711 1642 4768; x_wconf 87' lang='lat' dir='ltr'><strong>prasens</strong></span> <span class='ocrx_word' id='word_1_731' title='bbox 1685 4710 1811 4749; x_wconf 91' lang='lat' dir='ltr'><strong>eum</strong></span> <span class='ocrx_word' id='word_1_732' title='bbox 1861 4693 1952 4765; x_wconf 89' lang='lat' dir='ltr'><strong>qui</strong></span> <span class='ocrx_word' id='word_1_733' title='bbox 1981 4693 2086 4749; x_wconf 92' lang='lat' dir='ltr'><strong>hoc</strong></span> 
     </span>
    </p>
   </div>
   <div class='ocr_carea' id='block_1_97' title="bbox 483 4780 2088 4861">
    <p class='ocr_par' dir='ltr' id='par_1_97' title="bbox 483 4780 2088 4861">
     <span class='ocr_line' id='line_1_97' title="bbox 483 4780 2088 4861; baseline -0.005 -17"><span class='ocrx_word' id='word_1_734' title='bbox 483 4789 721 4845; x_wconf 88' lang='lat' dir='ltr'><strong>admisit.</strong></span> <span class='ocrx_word' id='word_1_735' title='bbox 755 4789 1096 4861; x_wconf 89' lang='lat' dir='ltr'><strong>Quapropter</strong></span> <span class='ocrx_word' id='word_1_736' title='bbox 1152 4802 1381 4843; x_wconf 90' lang='lat' dir='ltr'><strong>necesse</strong></span> <span class='ocrx_word' id='word_1_737' title='bbox 1409 4793 1494 4842; x_wconf 90' lang='lat' dir='ltr'><strong>est</strong></span> <span class='ocrx_word' id='word_1_738' title='bbox 1520 4792 1578 4840; x_wconf 91' lang='lat' dir='ltr'><strong>ut</strong></span> <span class='ocrx_word' id='word_1_739' title='bbox 1610 4784 1922 4853; x_wconf 91' lang='lat' dir='ltr'><strong>Stephanus</strong></span> <span class='ocrx_word' id='word_1_740' title='bbox 1937 4780 2088 4853; x_wconf 92' lang='lat' dir='ltr'><strong>puel-</strong></span> 
     </span>
    </p>
   </div>
   <div class='ocr_carea' id='block_1_98' title="bbox 483 4870 2085 4950">
    <p class='ocr_par' dir='ltr' id='par_1_98' title="bbox 483 4870 2085 4950">
     <span class='ocr_line' id='line_1_98' title="bbox 483 4870 2085 4950; baseline -0.005 -16"><span class='ocrx_word' id='word_1_741' title='bbox 483 4877 597 4934; x_wconf 89' lang='lat' dir='ltr'><strong>lam</strong></span> <span class='ocrx_word' id='word_1_742' title='bbox 623 4878 856 4935; x_wconf 90' lang='lat' dir='ltr'><strong>adducat</strong></span> <span class='ocrx_word' id='word_1_743' title='bbox 900 4878 969 4933; x_wconf 89' lang='lat' dir='ltr'><strong>ad</strong></span> <span class='ocrx_word' id='word_1_744' title='bbox 1001 4877 1289 4950; x_wconf 89' lang='lat' dir='ltr'><strong>synodum,</strong></span> <span class='ocrx_word' id='word_1_745' title='bbox 1340 4883 1393 4931; x_wconf 90' lang='lat' dir='ltr'><strong>et</strong></span> <span class='ocrx_word' id='word_1_746' title='bbox 1448 4881 1602 4947; x_wconf 88' lang='lat' dir='ltr'><strong>pater</strong></span> <span class='ocrx_word' id='word_1_747' title='bbox 1659 4871 1834 4944; x_wconf 89' lang='lat' dir='ltr'><strong>ipsius</strong></span> <span class='ocrx_word' id='word_1_748' title='bbox 1888 4870 2085 4943; x_wconf 87' lang='lat' dir='ltr'><strong>puella</strong></span> 
     </span>
    </p>
   </div>
   <div class='ocr_carea' id='block_1_99' title="bbox 484 4960 2086 5039">
    <p class='ocr_par' dir='ltr' id='par_1_99' title="bbox 484 4960 2086 5039">
     <span class='ocr_line' id='line_1_99' title="bbox 484 4960 2086 5039; baseline -0.006 -15"><span class='ocrx_word' id='word_1_749' title='bbox 484 4967 684 5035; x_wconf 90' lang='lat' dir='ltr'><strong>veniat,</strong></span> <span class='ocrx_word' id='word_1_750' title='bbox 725 4975 781 5023; x_wconf 90' lang='lat' dir='ltr'><strong>et</strong></span> <span class='ocrx_word' id='word_1_751' title='bbox 824 4967 1190 5039; x_wconf 88' lang='lat' dir='ltr'><strong>interrogetur</strong></span> <span class='ocrx_word' id='word_1_752' title='bbox 1231 4964 1428 5037; x_wconf 90' lang='lat' dir='ltr'><strong>puella,</strong></span> <span class='ocrx_word' id='word_1_753' title='bbox 1476 4964 1523 5019; x_wconf 90' lang='lat' dir='ltr'><strong>si</strong></span> <span class='ocrx_word' id='word_1_754' title='bbox 1560 4978 1755 5019; x_wconf 89' lang='lat' dir='ltr'><strong>verum</strong></span> <span class='ocrx_word' id='word_1_755' title='bbox 1807 4966 1891 5015; x_wconf 89' lang='lat' dir='ltr'><strong>est</strong></span> <span class='ocrx_word' id='word_1_756' title='bbox 1939 4960 2086 5032; x_wconf 90' lang='lat' dir='ltr'><strong>quod</strong></span> 
     </span>
    </p>
   </div>
   <div class='ocr_carea' id='block_1_100' title="bbox 485 5048 2085 5129">
    <p class='ocr_par' dir='ltr' id='par_1_100' title="bbox 485 5048 2085 5129">
     <span class='ocr_line' id='line_1_100' title="bbox 485 5048 2085 5129; baseline -0.006 -16"><span class='ocrx_word' id='word_1_757' title='bbox 485 5057 795 5129; x_wconf 89' lang='lat' dir='ltr'><strong>Stephanus</strong></span> <span class='ocrx_word' id='word_1_758' title='bbox 844 5055 991 5126; x_wconf 91' lang='lat' dir='ltr'><strong>dicit,</strong></span> <span class='ocrx_word' id='word_1_759' title='bbox 1046 5072 1106 5111; x_wconf 91' lang='lat' dir='ltr'><strong>se</strong></span> <span class='ocrx_word' id='word_1_760' title='bbox 1146 5055 1295 5110; x_wconf 88' lang='lat' dir='ltr'><strong>illam</strong></span> <span class='ocrx_word' id='word_1_761' title='bbox 1351 5054 1613 5110; x_wconf 89' lang='lat' dir='ltr'><strong>hactenus</strong></span> <span class='ocrx_word' id='word_1_762' title='bbox 1645 5065 1897 5107; x_wconf 89' lang='lat' dir='ltr'><strong>servasse</strong></span> <span class='ocrx_word' id='word_1_763' title='bbox 1949 5048 2085 5104; x_wconf 88' lang='lat' dir='ltr'><strong>inta-</strong></span> 
     </span>
    </p>
   </div>
   <div class='ocr_carea' id='block_1_101' title="bbox 484 5138 2086 5219">
    <p class='ocr_par' dir='ltr' id='par_1_101' title="bbox 484 5138 2086 5219">
     <span class='ocr_line' id='line_1_101' title="bbox 484 5138 2086 5219; baseline -0.006 -16"><span class='ocrx_word' id='word_1_764' title='bbox 484 5153 645 5204; x_wconf 88' lang='lat' dir='ltr'><strong>ctam.</strong></span> <span class='ocrx_word' id='word_1_765' title='bbox 684 5146 754 5201; x_wconf 94' lang='lat' dir='ltr'><strong>Et</strong></span> <span class='ocrx_word' id='word_1_766' title='bbox 782 5144 1037 5219; x_wconf 89' lang='lat' dir='ltr'><strong>quoniam</strong></span> <span class='ocrx_word' id='word_1_767' title='bbox 1066 5144 1134 5200; x_wconf 89' lang='lat' dir='ltr'><strong>de</strong></span> <span class='ocrx_word' id='word_1_768' title='bbox 1158 5145 1328 5200; x_wconf 89' lang='lat' dir='ltr'><strong>altera</strong></span> <span class='ocrx_word' id='word_1_769' title='bbox 1364 5142 1565 5199; x_wconf 91' lang='lat' dir='ltr'><strong>femina</strong></span> <span class='ocrx_word' id='word_1_770' title='bbox 1590 5139 1916 5205; x_wconf 89' lang='lat' dir='ltr'><strong>audivimus,</strong></span> <span class='ocrx_word' id='word_1_771' title='bbox 1963 5138 2086 5210; x_wconf 91' lang='lat' dir='ltr'><strong>quia</strong></span> 
     </span>
    </p>
   </div>
   <div class='ocr_carea' id='block_1_102' title="bbox 483 5226 2087 5307">
    <p class='ocr_par' dir='ltr' id='par_1_102' title="bbox 483 5226 2087 5307">
     <span class='ocr_line' id='line_1_102' title="bbox 483 5226 2087 5307; baseline -0.005 -15"><span class='ocrx_word' id='word_1_772' title='bbox 483 5236 673 5293; x_wconf 87' lang='lat' dir='ltr'><strong>volens</strong></span> <span class='ocrx_word' id='word_1_773' title='bbox 702 5235 921 5292; x_wconf 89' lang='lat' dir='ltr'><strong>liberari</strong></span> <span class='ocrx_word' id='word_1_774' title='bbox 951 5250 985 5292; x_wconf 94' lang='lat' dir='ltr'><strong>a</strong></span> <span class='ocrx_word' id='word_1_775' title='bbox 1012 5235 1265 5307; x_wconf 89' lang='lat' dir='ltr'><strong>conjuge,</strong></span> <span class='ocrx_word' id='word_1_776' title='bbox 1314 5246 1581 5306; x_wconf 90' lang='lat' dir='ltr'><strong>persuasa</strong></span> <span class='ocrx_word' id='word_1_777' title='bbox 1626 5244 1792 5300; x_wconf 91' lang='lat' dir='ltr'><strong>super</strong></span> <span class='ocrx_word' id='word_1_778' title='bbox 1816 5243 1876 5285; x_wconf 90' lang='lat' dir='ltr'><strong>se</strong></span> <span class='ocrx_word' id='word_1_779' title='bbox 1904 5226 2087 5301; x_wconf 89' lang='lat' dir='ltr'><strong>aliqua</strong></span> 
     </span>
    </p>
   </div>
   <div class='ocr_carea' id='block_1_103' title="bbox 484 5316 2080 5399">
    <p class='ocr_par' dir='ltr' id='par_1_103' title="bbox 484 5316 2080 5399">
     <span class='ocr_line' id='line_1_103' title="bbox 484 5316 2080 5399; baseline -0.007 -17"><span class='ocrx_word' id='word_1_780' title='bbox 484 5343 605 5399; x_wconf 91' lang='lat' dir='ltr'><strong>qua</strong></span> <span class='ocrx_word' id='word_1_781' title='bbox 633 5342 744 5383; x_wconf 91' lang='lat' dir='ltr'><strong>non</strong></span> <span class='ocrx_word' id='word_1_782' title='bbox 772 5333 941 5393; x_wconf 89' lang='lat' dir='ltr'><strong>erant,</strong></span> <span class='ocrx_word' id='word_1_783' title='bbox 973 5332 1030 5381; x_wconf 92' lang='lat' dir='ltr'><strong>ut</strong></span> <span class='ocrx_word' id='word_1_784' title='bbox 1058 5324 1247 5389; x_wconf 91' lang='lat' dir='ltr'><strong>fertur,</strong></span> <span class='ocrx_word' id='word_1_785' title='bbox 1288 5323 1405 5393; x_wconf 89' lang='lat' dir='ltr'><strong>jam</strong></span> <span class='ocrx_word' id='word_1_786' title='bbox 1438 5318 1634 5376; x_wconf 85' lang='lat' dir='ltr'><strong>dixerit</strong></span> <span class='ocrx_word' id='word_1_787' title='bbox 1665 5335 1679 5374; x_wconf 91' lang='lat'><strong>:</strong></span> <span class='ocrx_word' id='word_1_788' title='bbox 1734 5317 1915 5374; x_wconf 88' lang='lat' dir='ltr'><strong>debita</strong></span> <span class='ocrx_word' id='word_1_789' title='bbox 1935 5316 1987 5373; x_wconf 90' lang='lat' dir='ltr'><strong>ei</strong></span> <span class='ocrx_word' id='word_1_790' title='bbox 2013 5316 2080 5372; x_wconf 94' lang='lat' dir='ltr'><strong>li-</strong></span> 
     </span>
    </p>
   </div>
   <div class='ocr_carea' id='block_1_104' title="bbox 482 5407 2085 5485">
    <p class='ocr_par' dir='ltr' id='par_1_104' title="bbox 482 5407 2085 5485">
     <span class='ocr_line' id='line_1_104' title="bbox 482 5407 2085 5485; baseline -0.006 -14"><span class='ocrx_word' id='word_1_791' title='bbox 482 5416 674 5472; x_wconf 91' lang='lat' dir='ltr'><strong>bertas</strong></span> <span class='ocrx_word' id='word_1_792' title='bbox 702 5415 990 5483; x_wconf 90' lang='lat' dir='ltr'><strong>tribuatur,</strong></span> <span class='ocrx_word' id='word_1_793' title='bbox 1038 5422 1091 5471; x_wconf 92' lang='lat' dir='ltr'><strong>et</strong></span> <span class='ocrx_word' id='word_1_794' title='bbox 1128 5411 1429 5485; x_wconf 91' lang='lat' dir='ltr'><strong>periculum</strong></span> <span class='ocrx_word' id='word_1_795' title='bbox 1486 5407 1773 5476; x_wconf 89' lang='lat' dir='ltr'><strong>indicetur,</strong></span> <span class='ocrx_word' id='word_1_796' title='bbox 1841 5423 1911 5463; x_wconf 92' lang='lat' dir='ltr'><strong>ne</strong></span> <span class='ocrx_word' id='word_1_797' title='bbox 1950 5422 2085 5478; x_wconf 88' lang='lat' dir='ltr'><strong>per-</strong></span> 
     </span>
    </p>
   </div>
   <div class='ocr_carea' id='block_1_105' title="bbox 485 5496 2086 5580">
    <p class='ocr_par' dir='ltr' id='par_1_105' title="bbox 485 5496 2086 5580">
     <span class='ocr_line' id='line_1_105' title="bbox 485 5496 2086 5580; baseline -0.008 -14"><span class='ocrx_word' id='word_1_798' title='bbox 485 5523 650 5566; x_wconf 88' lang='lat' dir='ltr'><strong>suasa</strong></span> <span class='ocrx_word' id='word_1_799' title='bbox 682 5522 784 5580; x_wconf 92' lang='lat' dir='ltr'><strong>pro</strong></span> <span class='ocrx_word' id='word_1_800' title='bbox 812 5504 1034 5565; x_wconf 84' lang='lat' dir='ltr'><strong>veritate</strong></span> <span class='ocrx_word' id='word_1_801' title='bbox 1060 5501 1408 5561; x_wconf 89' lang='lat' dir='ltr'><strong>mendacium</strong></span> <span class='ocrx_word' id='word_1_802' title='bbox 1436 5498 1685 5558; x_wconf 89' lang='lat' dir='ltr'><strong>fateatur.</strong></span> <span class='ocrx_word' id='word_1_803' title='bbox 1715 5497 1786 5557; x_wconf 90' lang='lat' dir='ltr'><strong>Et</strong></span> <span class='ocrx_word' id='word_1_804' title='bbox 1813 5496 1861 5555; x_wconf 89' lang='lat' dir='ltr'><strong>si</strong></span> <span class='ocrx_word' id='word_1_805' title='bbox 1888 5496 2086 5555; x_wconf 89' lang='lat' dir='ltr'><strong>dixerit</strong></span> 
     </span>
    </p>
   </div>
   <div class='ocr_carea' id='block_1_106' title="bbox 2186 4512 3795 4587">
    <p class='ocr_par' dir='ltr' id='par_1_106' title="bbox 2186 4512 3795 4587">
     <span class='ocr_line' id='line_1_106' title="bbox 2186 4512 3795 4587; baseline 0.002 -18"><span class='ocrx_word' id='word_1_806' title='bbox 2186 4515 2339 4570; x_wconf 91' lang='lat' dir='ltr'><strong>sione</strong></span> <span class='ocrx_word' id='word_1_807' title='bbox 2368 4522 2596 4570; x_wconf 87' lang='lat' dir='ltr'><strong>secreta.</strong></span> <span class='ocrx_word' id='word_1_808' title='bbox 2619 4512 2879 4583; x_wconf 83' lang='lat' dir='ltr'><strong>Quamvis</strong></span> <span class='ocrx_word' id='word_1_809' title='bbox 2911 4515 3054 4571; x_wconf 91' lang='lat' dir='ltr'><strong>enim</strong></span> <span class='ocrx_word' id='word_1_810' title='bbox 3082 4515 3359 4587; x_wconf 91' lang='lat' dir='ltr'><strong>plenitudo</strong></span> <span class='ocrx_word' id='word_1_811' title='bbox 3392 4515 3520 4571; x_wconf 86' lang='lat' dir='ltr'><strong>fidei</strong></span> <span class='ocrx_word' id='word_1_812' title='bbox 3539 4516 3795 4573; x_wconf 89' lang='lat' dir='ltr'><strong>videatur</strong></span> 
     </span>
    </p>
   </div>
   <div class='ocr_carea' id='block_1_107' title="bbox 2186 4604 3793 4677">
    <p class='ocr_par' dir='ltr' id='par_1_107' title="bbox 2186 4604 3793 4677">
     <span class='ocr_line' id='line_1_107' title="bbox 2186 4604 3793 4677; baseline 0.003 -17"><span class='ocrx_word' id='word_1_813' title='bbox 2186 4619 2309 4660; x_wconf 89' lang='lat' dir='ltr'><strong>esse</strong></span> <span class='ocrx_word' id='word_1_814' title='bbox 2338 4604 2638 4675; x_wconf 86' lang='lat' dir='ltr'><strong>laudabilis,</strong></span> <span class='ocrx_word' id='word_1_815' title='bbox 2696 4621 2819 4676; x_wconf 90' lang='lat' dir='ltr'><strong>qua</strong></span> <span class='ocrx_word' id='word_1_816' title='bbox 2846 4613 3068 4676; x_wconf 88' lang='lat' dir='ltr'><strong>propter</strong></span> <span class='ocrx_word' id='word_1_817' title='bbox 3097 4605 3197 4660; x_wconf 88' lang='lat' dir='ltr'><strong>Dei</strong></span> <span class='ocrx_word' id='word_1_818' title='bbox 3229 4604 3477 4661; x_wconf 90' lang='lat' dir='ltr'><strong>timorem</strong></span> <span class='ocrx_word' id='word_1_819' title='bbox 3504 4605 3647 4677; x_wconf 87' lang='lat' dir='ltr'><strong>apud</strong></span> <span class='ocrx_word' id='word_1_820' title='bbox 3692 4607 3793 4665; x_wconf 90' lang='lat' dir='ltr'><strong>ho-</strong></span> 
     </span>
    </p>
   </div>
   <div class='ocr_carea' id='block_1_108' title="bbox 2184 4692 3793 4766">
    <p class='ocr_par' dir='ltr' id='par_1_108' title="bbox 2184 4692 3793 4766">
     <span class='ocr_line' id='line_1_108' title="bbox 2184 4692 3793 4766; baseline 0.001 -17"><span class='ocrx_word' id='word_1_821' title='bbox 2184 4692 2361 4750; x_wconf 89' lang='lat' dir='ltr'><strong>mines</strong></span> <span class='ocrx_word' id='word_1_822' title='bbox 2407 4693 2732 4750; x_wconf 84' lang='lat' dir='ltr'><strong>erubescere</strong></span> <span class='ocrx_word' id='word_1_823' title='bbox 2778 4709 2889 4749; x_wconf 90' lang='lat' dir='ltr'><strong>non</strong></span> <span class='ocrx_word' id='word_1_824' title='bbox 2932 4702 3151 4750; x_wconf 91' lang='lat' dir='ltr'><strong>veretur</strong></span> <span class='ocrx_word' id='word_1_825' title='bbox 3198 4710 3212 4750; x_wconf 90' lang='lat'><strong>:</strong></span> <span class='ocrx_word' id='word_1_826' title='bbox 3258 4701 3457 4763; x_wconf 91' lang='lat' dir='ltr'><strong>tamen,</strong></span> <span class='ocrx_word' id='word_1_827' title='bbox 3507 4693 3633 4766; x_wconf 91' lang='lat' dir='ltr'><strong>quia</strong></span> <span class='ocrx_word' id='word_1_828' title='bbox 3673 4710 3793 4751; x_wconf 90' lang='lat' dir='ltr'><strong>non</strong></span> 
     </span>
    </p>
   </div>
   <div class='ocr_carea' id='block_1_109' title="bbox 2184 4776 3790 4852">
    <p class='ocr_par' dir='ltr' id='par_1_109' title="bbox 2184 4776 3790 4852">
     <span class='ocr_line' id='line_1_109' title="bbox 2184 4776 3790 4852; baseline 0 -18"><span class='ocrx_word' id='word_1_829' title='bbox 2184 4777 2424 4834; x_wconf 91' lang='lat' dir='ltr'><strong>omnium</strong></span> <span class='ocrx_word' id='word_1_830' title='bbox 2452 4777 2763 4848; x_wconf 90' lang='lat' dir='ltr'><strong>hujusmodi</strong></span> <span class='ocrx_word' id='word_1_831' title='bbox 2784 4785 2906 4832; x_wconf 91' lang='lat' dir='ltr'><strong>sunt</strong></span> <span class='ocrx_word' id='word_1_832' title='bbox 2932 4787 3171 4848; x_wconf 88' lang='lat' dir='ltr'><strong>peccata,</strong></span> <span class='ocrx_word' id='word_1_833' title='bbox 3202 4785 3260 4834; x_wconf 90' lang='lat' dir='ltr'><strong>ut</strong></span> <span class='ocrx_word' id='word_1_834' title='bbox 3297 4796 3359 4834; x_wconf 91' lang='lat' dir='ltr'><strong>ea</strong></span> <span class='ocrx_word' id='word_1_835' title='bbox 3388 4778 3478 4852; x_wconf 88' lang='lat' dir='ltr'><strong>qui</strong></span> <span class='ocrx_word' id='word_1_836' title='bbox 3507 4776 3790 4850; x_wconf 66' lang='lat' dir='ltr'><strong>paeniten-</strong></span> 
     </span>
    </p>
   </div>
   <div class='ocr_carea' id='block_1_110' title="bbox 2184 4866 3793 4939">
    <p class='ocr_par' dir='ltr' id='par_1_110' title="bbox 2184 4866 3793 4939">
     <span class='ocr_line' id='line_1_110' title="bbox 2184 4866 3793 4939; baseline 0.001 -16"><span class='ocrx_word' id='word_1_837' title='bbox 2184 4866 2315 4924; x_wconf 90' lang='lat' dir='ltr'><strong>tiam</strong></span> <span class='ocrx_word' id='word_1_838' title='bbox 2371 4874 2605 4939; x_wconf 91' lang='lat' dir='ltr'><strong>poscunt</strong></span> <span class='ocrx_word' id='word_1_839' title='bbox 2650 4882 2761 4923; x_wconf 93' lang='lat' dir='ltr'><strong>non</strong></span> <span class='ocrx_word' id='word_1_840' title='bbox 2805 4866 3029 4922; x_wconf 88' lang='lat' dir='ltr'><strong>timeant</strong></span> <span class='ocrx_word' id='word_1_841' title='bbox 3092 4867 3386 4939; x_wconf 91' lang='lat' dir='ltr'><strong>publicare,</strong></span> <span class='ocrx_word' id='word_1_842' title='bbox 3438 4876 3793 4925; x_wconf 91' lang='lat' dir='ltr'><strong>removeatur</strong></span> 
     </span>
    </p>
   </div>
   <div class='ocr_carea' id='block_1_111' title="bbox 2183 4955 3789 5029">
    <p class='ocr_par' dir='ltr' id='par_1_111' title="bbox 2183 4955 3789 5029">
     <span class='ocr_line' id='line_1_111' title="bbox 2183 4955 3789 5029; baseline 0.002 -18"><span class='ocrx_word' id='word_1_843' title='bbox 2183 4955 2555 5029; x_wconf 88' lang='lat' dir='ltr'><strong>improbabilis</strong></span> <span class='ocrx_word' id='word_1_844' title='bbox 2587 4956 2944 5024; x_wconf 89' lang='lat' dir='ltr'><strong>consuetudo,</strong></span> <span class='ocrx_word' id='word_1_845' title='bbox 2977 4973 3046 5012; x_wconf 89' lang='lat' dir='ltr'><strong>ne</strong></span> <span class='ocrx_word' id='word_1_846' title='bbox 3088 4956 3241 5012; x_wconf 92' lang='lat' dir='ltr'><strong>multi</strong></span> <span class='ocrx_word' id='word_1_847' title='bbox 3272 4973 3303 5011; x_wconf 91' lang='lat' dir='ltr'><strong>a</strong></span> <span class='ocrx_word' id='word_1_848' title='bbox 3330 4957 3662 5029; x_wconf 89' lang='lat' dir='ltr'><strong>poenitentia</strong></span> <span class='ocrx_word' id='word_1_849' title='bbox 3690 4974 3789 5014; x_wconf 89' lang='lat' dir='ltr'><strong>re-</strong></span> 
     </span>
    </p>
   </div>
   <div class='ocr_carea' id='block_1_112' title="bbox 2182 5045 3789 5114">
    <p class='ocr_par' dir='ltr' id='par_1_112' title="bbox 2182 5045 3789 5114">
     <span class='ocr_line' id='line_1_112' title="bbox 2182 5045 3789 5114; baseline 0 -12"><span class='ocrx_word' id='word_1_850' title='bbox 2182 5046 2374 5102; x_wconf 89' lang='lat' dir='ltr'><strong>mediis</strong></span> <span class='ocrx_word' id='word_1_851' title='bbox 2411 5053 2711 5114; x_wconf 90' lang='lat' dir='ltr'><strong>arceantur,</strong></span> <span class='ocrx_word' id='word_1_852' title='bbox 2733 5045 2859 5099; x_wconf 91' lang='lat' dir='ltr'><strong>dum</strong></span> <span class='ocrx_word' id='word_1_853' title='bbox 2879 5053 2970 5100; x_wconf 90' lang='lat' dir='ltr'><strong>aut</strong></span> <span class='ocrx_word' id='word_1_854' title='bbox 3026 5046 3375 5113; x_wconf 90' lang='lat' dir='ltr'><strong>erubescunt,</strong></span> <span class='ocrx_word' id='word_1_855' title='bbox 3408 5054 3501 5102; x_wconf 86' lang='lat' dir='ltr'><strong>aut</strong></span> <span class='ocrx_word' id='word_1_856' title='bbox 3535 5054 3789 5103; x_wconf 90' lang='lat' dir='ltr'><strong>metuunt</strong></span> 
     </span>
    </p>
   </div>
   <div class='ocr_carea' id='block_1_113' title="bbox 2183 5133 3788 5208">
    <p class='ocr_par' dir='ltr' id='par_1_113' title="bbox 2183 5133 3788 5208">
     <span class='ocr_line' id='line_1_113' title="bbox 2183 5133 3788 5208; baseline 0.001 -17"><span class='ocrx_word' id='word_1_857' title='bbox 2183 5134 2418 5191; x_wconf 90' lang='lat' dir='ltr'><strong>inimicis</strong></span> <span class='ocrx_word' id='word_1_858' title='bbox 2444 5135 2556 5190; x_wconf 92' lang='lat' dir='ltr'><strong>suis</strong></span> <span class='ocrx_word' id='word_1_859' title='bbox 2579 5149 2672 5189; x_wconf 90' lang='lat' dir='ltr'><strong>sua</strong></span> <span class='ocrx_word' id='word_1_860' title='bbox 2699 5133 2841 5191; x_wconf 83' lang='lat' dir='ltr'><strong>facta</strong></span> <span class='ocrx_word' id='word_1_861' title='bbox 2888 5135 3137 5203; x_wconf 87' lang='lat' dir='ltr'><strong>reserari,</strong></span> <span class='ocrx_word' id='word_1_862' title='bbox 3196 5136 3391 5208; x_wconf 89' lang='lat' dir='ltr'><strong>quibus</strong></span> <span class='ocrx_word' id='word_1_863' title='bbox 3427 5135 3638 5208; x_wconf 91' lang='lat' dir='ltr'><strong>possint</strong></span> <span class='ocrx_word' id='word_1_864' title='bbox 3696 5135 3788 5192; x_wconf 79' lang='lat' dir='ltr'><strong>le-</strong></span> 
     </span>
    </p>
   </div>
   <div class='ocr_carea' id='block_1_114' title="bbox 2185 5223 3788 5297">
    <p class='ocr_par' dir='ltr' id='par_1_114' title="bbox 2185 5223 3788 5297">
     <span class='ocr_line' id='line_1_114' title="bbox 2185 5223 3788 5297; baseline 0.001 -17"><span class='ocrx_word' id='word_1_865' title='bbox 2185 5241 2317 5297; x_wconf 88' lang='lat' dir='ltr'><strong>gum</strong></span> <span class='ocrx_word' id='word_1_866' title='bbox 2345 5223 2724 5280; x_wconf 89' lang='lat' dir='ltr'><strong>constitutione</strong></span> <span class='ocrx_word' id='word_1_867' title='bbox 2753 5224 2993 5296; x_wconf 91' lang='lat' dir='ltr'><strong>percelli.</strong></span> <span class='ocrx_word' id='word_1_868' title='bbox 3030 5223 3235 5281; x_wconf 80' lang='lat' dir='ltr'><strong>Sufﬁcit</strong></span> <span class='ocrx_word' id='word_1_869' title='bbox 3260 5225 3405 5281; x_wconf 90' lang='lat' dir='ltr'><strong>enim</strong></span> <span class='ocrx_word' id='word_1_870' title='bbox 3437 5225 3529 5280; x_wconf 92' lang='lat' dir='ltr'><strong>illa</strong></span> <span class='ocrx_word' id='word_1_871' title='bbox 3558 5224 3788 5281; x_wconf 89' lang='lat' dir='ltr'><strong>confes-</strong></span> 
     </span>
    </p>
   </div>
   <div class='ocr_carea' id='block_1_115' title="bbox 2185 5313 3779 5387">
    <p class='ocr_par' dir='ltr' id='par_1_115' title="bbox 2185 5313 3779 5387">
     <span class='ocr_line' id='line_1_115' title="bbox 2185 5313 3779 5387; baseline -0.001 -16"><span class='ocrx_word' id='word_1_872' title='bbox 2185 5315 2287 5383; x_wconf 91' lang='lat' dir='ltr'><strong>sio,</strong></span> <span class='ocrx_word' id='word_1_873' title='bbox 2318 5330 2438 5387; x_wconf 89' lang='lat' dir='ltr'><strong>qua</strong></span> <span class='ocrx_word' id='word_1_874' title='bbox 2460 5314 2689 5385; x_wconf 91' lang='lat' dir='ltr'><strong>primum</strong></span> <span class='ocrx_word' id='word_1_875' title='bbox 2719 5315 2834 5371; x_wconf 88' lang='lat' dir='ltr'><strong>Deo</strong></span> <span class='ocrx_word' id='word_1_876' title='bbox 2862 5313 3101 5383; x_wconf 84' lang='lat' dir='ltr'><strong>offertur,</strong></span> <span class='ocrx_word' id='word_1_877' title='bbox 3123 5321 3252 5371; x_wconf 92' lang='lat' dir='ltr'><strong>tunc</strong></span> <span class='ocrx_word' id='word_1_878' title='bbox 3282 5314 3443 5370; x_wconf 88' lang='lat' dir='ltr'><strong>etiam</strong></span> <span class='ocrx_word' id='word_1_879' title='bbox 3480 5315 3779 5386; x_wconf 89' lang='lat' dir='ltr'><strong>sacerdoti,</strong></span> 
     </span>
    </p>
   </div>
   <div class='ocr_carea' id='block_1_116' title="bbox 2186 5402 3777 5476">
    <p class='ocr_par' dir='ltr' id='par_1_116' title="bbox 2186 5402 3777 5476">
     <span class='ocr_line' id='line_1_116' title="bbox 2186 5402 3777 5476; baseline 0.001 -17"><span class='ocrx_word' id='word_1_880' title='bbox 2186 5404 2279 5476; x_wconf 92' lang='lat' dir='ltr'><strong>qui</strong></span> <span class='ocrx_word' id='word_1_881' title='bbox 2327 5419 2427 5475; x_wconf 93' lang='lat' dir='ltr'><strong>pro</strong></span> <span class='ocrx_word' id='word_1_882' title='bbox 2500 5402 2715 5461; x_wconf 91' lang='lat' dir='ltr'><strong>delictis</strong></span> <span class='ocrx_word' id='word_1_883' title='bbox 2770 5402 3149 5475; x_wconf 76' lang='lat' dir='ltr'><strong>paenitentiam</strong></span> <span class='ocrx_word' id='word_1_884' title='bbox 3220 5412 3476 5476; x_wconf 88' lang='lat' dir='ltr'><strong>peccator</strong></span> <span class='ocrx_word' id='word_1_885' title='bbox 3544 5404 3777 5461; x_wconf 84' lang='lat' dir='ltr'><strong>accedit.</strong></span> 
     </span>
    </p>
   </div>
   <div class='ocr_carea' id='block_1_117' title="bbox 2184 5492 3779 5567">
    <p class='ocr_par' dir='ltr' id='par_1_117' title="bbox 2184 5492 3779 5567">
     <span class='ocr_line' id='line_1_117' title="bbox 2184 5492 3779 5567; baseline 0.002 -16"><span class='ocrx_word' id='word_1_886' title='bbox 2184 5493 2338 5552; x_wconf 88' lang='lat' dir='ltr'><strong>Tunc</strong></span> <span class='ocrx_word' id='word_1_887' title='bbox 2365 5492 2511 5551; x_wconf 89' lang='lat' dir='ltr'><strong>enim</strong></span> <span class='ocrx_word' id='word_1_888' title='bbox 2538 5492 2724 5567; x_wconf 89' lang='lat' dir='ltr'><strong>plures</strong></span> <span class='ocrx_word' id='word_1_889' title='bbox 2760 5492 2827 5550; x_wconf 89' lang='lat' dir='ltr'><strong>ad</strong></span> <span class='ocrx_word' id='word_1_890' title='bbox 2855 5492 3227 5565; x_wconf 80' lang='lat' dir='ltr'><strong>paenitentiam</strong></span> <span class='ocrx_word' id='word_1_891' title='bbox 3253 5500 3548 5567; x_wconf 87' lang='lat' dir='ltr'><strong>potuerunt</strong></span> <span class='ocrx_word' id='word_1_892' title='bbox 3574 5508 3779 5567; x_wconf 89' lang='lat' dir='ltr'><strong>provo-</strong></span> 
     </span>
    </p>
   </div>
  </div>
