4026 6338
140 329 231 383 137

1602 280 1609 287 ’
1637 321 2009 379 EPISTOLE.

3339 337 3441 388 138

139 451 276 544 cari,
304 451 356 505 si
382 449 577 544 populi
618 449 844 544 auribus
891 464 1002 505 non
1030 449 1355 544 Publitfefm‘
1409 447 1744 544 ορῐξεξῑίθοῐία
1772 458 1828 518 Α
1843 465 2052 533 juncta,
2084 463 2328 537 legitime
2357 465 2562 536 dotata,
2598 474 2652 524 et
2665 468 2897 539 publicis
2917 471 3117 542 nuptiis
3135 472 3440 544 honestate,

141 539 473 612 pmnitentis.
508 539 585 594 Et
615 538 871 611 quoniam
920 537 1154 610 qualiter
1192 538 1391 594 debeat
1437 537 1564 593 iniri
1612 553 1750 594 con-

137 636 365 710 jugium,
401 642 633 691 etvetus
691 642 745 691 et
796 650 937 690 nova
983 634 1071 689 lex
1112 635 1325 704 edocet,
1376 634 1609 690 Domino
1650 650 1752 705 per

144 726 367 797 Moysen
412 723 785 795 praecipiente,
841 731 895 779 et
941 723 1245 795 Evangelio
1297 723 1746 779 demonstrante:

150 816 279 871 Cum
308 817 482 878 esset,
512 812 707 883 inquit,
786 813 1122 884 desponsata
1161 817 1349 868 mater
1390 815 1523 868 Jesu
1578 813 1751 868 Maria

148 904 344 975 Ioseph
374 907 687 974 antequam
728 902 1327 969 convenirent(Matth.
1349 901 1409 974 ι),
1432 900 1490 956 id
1506 907 1589 957 est
1608 907 1754 956 ante-

145 1007 305 1064 quam
362 990 594 1061 nuptiali
652 989 1013 1046 celebratione
1067 990 1443 1057 convenirent,
1503 989 1641 1046 sicut
1695 989 1751 1044 in

140 1079 337 1150 nuptiis
367 1078 660 1134 celebratis
688 1078 836 1135 idem
864 1078 1125 1147 ostendit,
1180 1093 1319 1150 quas
1373 1092 1474 1134 sua
1504 1093 1750 1150 praesen-

149 1169 219 1223 tia
262 1165 631 1234 sanctiﬁcare,
692 1175 746 1223 et
800 1167 1068 1223 miraculo
1114 1166 1323 1223 ibidem
1379 1175 1591 1239 patrato
1622 1166 1750 1222 illu-

146 1264 312 1312 strare
386 1255 649 1327 dignatus
718 1263 820 1311 est.
882 1255 992 1311 Sed
1054 1263 1107 1311 et
1163 1263 1383 1312 sanctus
1440 1255 1748 1323 Evarislus,

151 1352 372 1416 quartus
427 1360 460 1398 a
505 1344 670 1399 beato
726 1345 887 1400 Petro
930 1344 1192 1401 Romanas
1238 1343 1387 1400 sedis
1435 1343 1747 1416 episcopus,

151 1442 199 1489 et
225 1441 448 1489 sanctus
508 1432 751 1501 Siricius,
803 1440 857 1488 et
913 1432 1105 1488 beatus
1158 1434 1287 1503 Leo,
1341 1440 1503 1504 atque
1568 1432 1751 1488 caeteri

158 1521 356 1594 quique
414 1521 668 1578 doctores
727 1521 1038 1591 ostendunt,
1112 1538 1233 1593 quae
1276 1520 1457 1576 omnia
1514 1520 1602 1577 hic
1646 1536 1750 1591 po—

147 1626 273 1667 nere
321 1618 550 1683 propter
611 1609 978 1682 pluralitatem
1043 1616 1097 1667 et
1149 1610 1545 1683 longitudinem
1600 1610 1752 1667 devi-

148 1707 336 1755 tamus.

1853 568 2076 608 sexuum
2108 554 2486 610 commistione
2501 557 2873 629 conjungitur.
2897 557 2967 614 Et
2993 566 3121 616 tunc
3135 561 3334 617 habent
3353 578 3448 619 nu-

1850 642 1977 714 ptiae
2004 642 2061 697 in
2090 657 2150 699 se
2183 642 2380 698 Christi
2409 651 2463 699 et
2488 644 2753 701 Ecclesiae
2782 656 3199 720 sacramentum,
3230 658 3285 707 et
3319 658 3448 708 tunc

1850 730 2125 802 pertinere
2147 731 2391 788 noscitur
2408 732 2606 789 mulier
2620 732 2713 789 illa
2729 736 2801 791 ad
2818 736 3244 805 matrimonium,
3258 738 3313 795 in
3341 755 3448 812 qua

1853 826 1906 874 et
1917 834 2144 876 sexuum
2154 820 2481 889 commistio,
2502 823 2808 895 etnuptiale
2824 826 3053 881 docetur
3066 824 3236 882 tuisse
3246 835 3439 900 myste-

1852 908 2011 963 rium.
2036 908 2117 964 De
2138 924 2245 981 quo
2261 911 2520 981 mysterio
2531 910 2697 968 Paulo
2708 911 2986 983 apostolus
2998 915 3068 970 ad
3094 915 3365 986 Ephesios
3376 914 3451 971 di-

1848 993 1953 1049 cit:
1983 995 2086 1063 Qui
2100 1011 2265 1050 suam
2281 1012 2519 1052 uxorem
2538 996 2744 1069 diligit,
2769 1000 3018 1071 seipsum
3040 1000 3248 1072 diligit.
3275 1001 3445 1057 Nemo

1853 1081 2008 1136 enim
2036 1098 2292 1155 unquam
2320 1099 2553 1140 carnem
2580 1101 2747 1141 suam
2763 1086 2887 1143 odio
2904 1087 3116 1156 habuit,
3142 1088 3241 1144 sed
3258 1091 3450 1146 nutrit

1854 1174 1910 1224 et
1928 1172 2079 1235 fovet
2095 1187 2236 1238 eam,
2246 1171 2396 1228 sicut
2411 1177 2467 1228 et
2484 1173 2739 1230 Christus
2763 1177 3076 1232 Ecclesium
3096 1197 3115 1245 ;
3135 1178 3269 1249 quia
3279 1193 3452 1234 mem-

1855 1258 1954 1313 bra
1981 1275 2179 1315 sumus
2199 1262 2447 1333 corporis
2466 1264 2606 1333 ejus,
2631 1262 2696 1317 de
2718 1280 2888 1320 carne
2906 1266 3045 1335 ejus,
3072 1269 3130 1320 et
3148 1266 3214 1322 de
3240 1265 3458 1324 ossibus

1852 1348 2000 1418 ejus.
2029 1349 2270 1420 Propter
2289 1349 2387 1405 hoc
2407 1350 2694 1423 relinquet
2711 1351 2872 1408 homo
2880 1357 3108 1425 patrem
3131 1356 3190 1410 et
3215 1358 3461 1412 matrem

1853 1451 2036 1503 suam,
2057 1440 2117 1492 et
2133 1436 2444 1494 adhterebit
2461 1440 2634 1496 uxori
2651 1456 2786 1505 suae,
2813 1444 2868 1496 et
2882 1445 3056 1497 erunt
3075 1440 3182 1499 duo
3200 1443 3266 1499 in
3285 1457 3461 1499 carne

1853 1536 1991 1575 una.
2016 1520 2451 1577 Sacramentum
2473 1523 2574 1579 hoc
2586 1540 2859 1595 magnum
2881 1528 2967 1581 est
2983 1546 3001 1593 ;
3024 1542 3117 1598 ego
3130 1530 3323 1583 autem
3334 1527 3459 1584 dico

1851 1609 1916 1662 in
1951 1608 2167 1665 Christo
2187 1612 2246 1665 et
2271 1612 2338 1665 in
2365 1611 2618 1667 Ecclesia
2660 1612 2882 1685 (Ephes.
2939 1613 3021 1686 v).
3055 1614 3195 1672 Hinc
3237 1622 3461 1672 sanctus

1851 1696 2178 1753 Ambrosius
2206 1699 2451 1769 mysterii
2481 1709 2877 1757 sacramentum
2906 1703 3115 1774 grande
3157 1702 3213 1759 in
3259 1703 3464 1762 unitate

245 1789 479 1845 Tantum
534 1788 724 1845 dicere
770 1787 1147 1845 necessarium
1183 1787 1454 1857 duximus,
1518 1796 1569 1845 et
1605 1787 1747 1844 inter
1778 1784 1955 1874 Bviri
2013 1801 2080 1843 ac
2132 1784 2349 1843 feminae
2404 1803 2527 1844 esse
2586 1787 2858 1861 signiﬁcat
2886 1806 2903 1845 :
2929 1807 3035 1847 nec
3084 1784 3193 1848 hoc
3247 1799 3459 1849 tantum

148 1877 384 1950 aequales
412 1877 664 1951 legitima
693 1874 827 1933 ﬁunt
855 1877 1126 1948 conjugia,
1179 1893 1302 1934 cum
1348 1893 1383 1933 a
1411 1878 1744 1949 parentibus,

152 1982 379 2038 quorum
406 1966 656 2035 interest,
689 1966 873 2038 petita,
925 1974 979 2022 et
1025 1964 1278 2039 legaliter
1319 1966 1670 2038 desponsata,
1704 1975 1757 2022 et

148 2054 348 2125 dotata,
382 2063 437 2111 et
467 2054 701 2127 publicis
730 2053 933 2126 nuptiis
962 2055 1227 2110 honorata
1258 2053 1460 2110 femina
1515 2054 1759 2127 conjugii

149 2151 357 2224 copulae
385 2151 651 2222 sociatur,
686 2157 740 2206 et
766 2167 833 2206 ex
862 2149 1077 2206 duobus
1107 2167 1273 2206 unum
1301 2166 1498 2223 corpus
1540 2167 1758 2225 unaque

147 2254 273 2297 caro
322 2239 575 2306 efﬁcitur,
636 2238 777 2296 sicut
821 2239 1085 2311 scriptum
1140 2248 1223 2295 est
1256 2257 1270 2295 :
1301 2242 1488 2297 Erunt
1535 2241 1643 2297 duo
1692 2242 1758 2296 in

149 2344 319 2385 carne
344 2347 466 2386 una
494 2328 661 2401 (Gen.
698 2327 763 2399 ιι)
786 2347 802 2396 ;
827 2328 938 2398 jam
977 2344 1085 2384 non
1140 2328 1267 2396 duo,
1320 2328 1419 2385 sed
1473 2344 1578 2384 una
1633 2336 1760 2385 sunt

150 2433 294 2474 caro.
314 2419 386 2474 Et
415 2436 429 2473 :
457 2417 610 2486 Quod
630 2419 776 2474 Deus
789 2419 1015 2490 junacit,
1041 2419 1202 2475 homo
1222 2433 1339 2474 non
1359 2422 1585 2490 separet
1604 2419 1759 2490 (Mat-

152 2508 228 2563 th.
257 2506 410 2578 nx).
446 2506 529 2563 De
559 2521 670 2579 qua
699 2505 1077 2575 conjunctione
1105 2522 1336 2579 magnus
1365 2507 1473 2563 Leo
1503 2522 1649 2579 papa
1688 2507 1759 2563 ad

148 2596 562 2652 Narbonensem
610 2594 800 2650 scribit
840 2594 1154 2667 episcopum
1204 2613 1218 2650 :
1260 2595 1383 2651 Non
1430 2595 1626 2665 omnis,
1669 2596 1759 2652 in-

153 2685 363 2756 quiens,
397 2683 600 2740 mulier
630 2683 749 2740 viro
793 2684 991 2754 juncta
1044 2699 1183 2740 uxor
1220 2692 1305 2740 est
1350 2684 1474 2750 viri,
1523 2684 1651 2756 quia
1693 2701 1761 2740 ne

147 2774 322 2829 omnis
351 2772 499 2829 ﬁlius
522 2774 704 2829 hmres
734 2780 817 2828 est
844 2773 1036 2843 patris.
1069 2773 1391 2845 Nuptiarum
1434 2780 1617 2830 autem
1645 2772 1758 2830 foe-

150 2861 280 2919 dera
317 2861 467 2917 inter
493 2861 765 2933 ingenuos
793 2868 918 2917 sunt
946 2861 1208 2935 legitima,
1238 2869 1292 2916 et
1318 2862 1458 2919 inter
1501 2861 1756 2935 aequales.

148 2949 214 3004 Et
239 2950 408 3020 paulo
436 2957 565 3021 post
595 2966 611 3005 :
643 2949 799 3006 Unde
828 2965 952 3009 cum
981 2950 1216 3006 societas
1245 2950 1556 3021 nuptiarum
1583 2950 1660 3006 ita
1689 2951 1759 3006 ab

148 3037 296 3095 initio
326 3038 626 3095 constituta
645 3037 733 3107 sit,
757 3047 817 3094 ut
836 3047 1036 3110 praeter
1052 3054 1280 3094 sexuum
1297 3039 1417 3107 conj
1424 3038 1753 3106 unctionem,

148 3122 376 3179 haberet
406 3123 465 3178 in
509 3139 571 3179 se
623 3122 822 3179 Christi
877 3130 931 3179 et
984 3123 1247 3179 Ecclesiae
1305 3133 1751 3190 sacramentum;

145 3211 371 3267 dubium
400 3227 516 3267 non
572 3218 657 3267 est
713 3226 836 3267 eam
886 3210 1169 3267 mulierem
1226 3226 1335 3267 non
1383 3212 1660 3284 pertinere
1689 3212 1759 3268 ad

151 3298 575 3367 matrimonium,
636 3299 693 3354 in
733 3316 839 3372 qua
882 3300 1107 3356 docetur
1147 3298 1386 3372 nuptiale
1432 3316 1542 3356 non
1592 3299 1762 3355 fuisse

153 3389 489 3460 mysterium.
522 3389 594 3443 Et
621 3403 724 3444 nos
751 3405 781 3444 c
824 3388 1049 3462 regione
1092 3389 1220 3445 hinc
1263 3389 1427 3444 etiam
1475 3388 1763 3445 ostendere

151 3493 465 3548 possumus,
495 3477 625 3549 quia
652 3492 763 3533 non
805 3492 997 3534 omnes
1035 3476 1235 3548 nuptiae
1281 3477 1622 3549 conjugalem
1670 3492 1763 3534 co-

151 3566 335 3636 pulam
378 3565 603 3635 faciunt,
664 3581 801 3638 quas
859 3581 970 3622 non
1025 3565 1268 3639 sequitur
1314 3565 1620 3622 commistio
1678 3582 1763 3622 se-

153 3670 313 3711 xuum
345 3672 362 3710 :
397 3654 542 3710 sicut
589 3669 693 3711 nec
740 3670 959 3727 semper
1000 3653 1148 3710 illius
1186 3662 1269 3711 est
1316 3652 1458 3710 ﬁlius
1505 3654 1681 3710 omnis
1713 3662 1765 3710 et

156 3743 350 3811 haeres,
380 3743 540 3813 cujus
568 3759 693 3799 esse
721 3743 966 3800 noscitur
984 3743 1182 3799 haeres.
1208 3744 1323 3800 Nec
1339 3744 1541 3799 habent
1563 3744 1763 3814 nuptias

155 3830 206 3886 in
236 3848 296 3888 se
321 3831 527 3889 Christi
572 3839 627 3887 et
667 3831 931 3888 Ecclesiae
974 3840 1395 3902 sacramentum,
1446 3831 1590 3888 sicut
1616 3832 1764 3888 sbea-

155 3927 235 3975 tus
261 3920 607 3994 Augustinus
634 3920 784 3989 dicit,
819 3920 867 3976 si
904 3937 964 3976 se
1005 3920 1321 3992 nuptialiter
1361 3936 1472 3977 non
1516 3928 1760 3990 utuntur,

158 4007 209 4065 id
236 4019 338 4080 est,
376 4009 423 4065 si
453 4026 551 4065 eas
591 4025 704 4065 non
755 4008 1106 4082 subsequitur
1148 4008 1455 4066 commistio
1513 4025 1761 4067 sexuum.

157 4097 267 4153 Nec
292 4099 573 4171 pertinere
600 4097 799 4170 poterit
825 4097 920 4153 illa
958 4097 1156 4155 mulier
1204 4100 1275 4154 ad
1332 4098 1760 4166 matrimonium,

163 4201 279 4242 cum
335 4203 446 4261 qua
496 4187 723 4245 docetur
764 4202 876 4265 non
920 4185 1089 4243 fuisse
1135 4187 1443 4244 commistio
1488 4203 1760 4243 sexuum:

159 4276 290 4333 sicut
318 4276 551 4332 dubium
576 4292 688 4332 non
718 4284 803 4334 est
841 4292 962 4332 eam
1005 4275 1295 4333 mulierem
1336 4292 1445 4333 non
1490 4277 1765 4348 pertinere

159 4365 223 4421 ad
248 4366 681 4437 matrimonium,
712 4366 770 4420 in
798 4382 902 4438 qua
932 4365 1157 4422 docetur
1183 4364 1423 4437 nuptiale
1452 4381 1563 4421 non
1594 4364 1763 4421 fuisse

158 4455 501 4526 mysterium.
538 4454 701 4524 Quod
730 4454 806 4510 ita
837 4470 961 4511 esse
987 4454 1241 4527 praefatus
1271 4455 1380 4511 Leo
1426 4454 1765 4510 demonstrat

1856 1874 2057 1945 prodit,
2101 1874 2200 1931 sed
2228 1873 2393 1931 aliam
2419 1890 2660 1944 causam,
2694 1893 2816 1951 quae
2847 1894 2958 1935 non
2985 1879 3261 1936 discordet
3289 1895 3324 1936 a
3350 1897 3466 1939 me-

1856 1969 2071 2019 morato
2099 1963 2380 2034 mysterio,
2414 1964 2644 2038 ﬂagitat,
2679 1983 2841 2038 quam
2896 1967 3000 2024 scit
3055 1969 3125 2024 ad
3151 1967 3464 2041 profectum

1857 2049 2079 2106 humani
2108 2051 2328 2123 generis
2353 2053 2648 2125 pertinere,
2678 2054 2784 2112 hoc
2813 2063 2899 2112 est
2935 2056 3197 2119 Ecclesia:
3251 2064 3306 2114 et
3334 2057 3463 2115 Sal-

1858 2138 2084 2207 vatoris,
2144 2147 2204 2195 ut
2259 2139 2398 2198 sicut
2452 2140 2660 2218 relictis
2710 2144 3032 2215 parentibus
3087 2146 3252 2203 homo
3306 2148 3467 2204 uxori

1859 2242 1975 2284 suae
2012 2228 2273 2298 adhaeret,
2320 2228 2393 2285 ita
2438 2238 2493 2287 et
2537 2231 2729 2288 relicto
2779 2233 2928 2289 omni
2971 2249 3161 2291 errore
3208 2234 3464 2292 Ecclesia

1859 2315 2159 2386 adhaereat,
2181 2325 2236 2374 et
2255 2318 2576 2388 subjiciatur
2600 2319 2766 2393 capiti
2786 2336 2886 2377 suo
2915 2323 3062 2395 quod
3082 2330 3166 2380 est
3193 2323 3463 2381 Christus.

1861 2403 2136 2474 Quoniam
2191 2423 2302 2463 una
2355 2416 2548 2465 natura
2595 2409 2652 2465 in
2698 2409 2813 2466 viro
2841 2417 2896 2467 et
2951 2410 3155 2468 femina
3209 2419 3295 2469 est
3325 2428 3342 2470 :
3372 2412 3463 2470 id-

1862 2501 2008 2559 circo
2038 2503 2125 2560 vir
2153 2504 2308 2577 quasi
2339 2505 2579 2576 seipsum
2612 2513 2668 2562 et
2711 2506 2999 2564 mulierem
3051 2508 3284 2582 diligere
3312 2524 3472 2567 com-

1858 2598 2132 2648 monetur.
2175 2592 2421 2649 Naturali
2476 2593 2689 2651 ratione
2742 2595 2940 2651 mulier
2994 2597 3172 2669 portio
3220 2597 3479 2671 corporis

1859 2678 1964 2735 viri
1993 2688 2076 2737 est
2104 2695 2210 2738 :ac
2238 2697 2336 2753 per
2365 2682 2471 2739 hoc
2498 2682 2581 2739 vir
2608 2683 2665 2739 in
2694 2683 2923 2740 muliere
2970 2685 3213 2758 seipsum
3256 2686 3468 2761 diligit;

1861 2784 1970 2840 quo
1997 2770 2164 2826 modo
2195 2770 2242 2826 si
2273 2769 2566 2828 fornicatur
2594 2771 2653 2828 in
2682 2773 2925 2844 seipsum
2954 2782 3167 2846 peccat,
3201 2777 3333 2849 quia
3359 2775 3470 2834 duo

1860 2856 1914 2911 in
1944 2871 2113 2915 carne
2132 2874 2244 2915 una
2272 2866 2422 2916 sunt.
2461 2858 2588 2917 Non
2618 2876 2754 2934 ergo
2803 2878 3058 2935 personae
3114 2864 3477 2921 substantiam

1862 2944 2130 3013 dividunt,
2164 2954 2223 3002 ut
2252 2963 2351 3019 per
2376 2963 2639 3019 personas
2667 2965 2930 3007 numerus
2951 2950 3053 3015 ,ﬁat
3100 2960 3344 3023 naturae;
3373 2953 3476 3011 sed

1863 3041 1988 3089 sunt
2014 3034 2070 3091 in
2112 3035 2320 3093 unitate
2374 3045 2603 3094 naturae.
2664 3038 2736 3092 Et
2781 3047 3003 3096 sanctus
3049 3040 3385 3114 Augustinus
3412 3041 3471 3098 in

1860 3120 2001 3177 libro
2029 3122 2099 3179 de
2129 3124 2348 3194 Nuptiis
2376 3132 2431 3180 et
2471 3126 2922 3198 Concupiscentia
2977 3128 3109 3186 dicit
3141 3146 3156 3185 :
3189 3130 3336 3186 Sane
3362 3145 3475 3187 non

1867 3217 2075 3266 tantum
2099 3210 2426 3280 fecunditas,
2483 3228 2639 3281 cujus
2695 3214 2903 3271 fructus
2929 3214 2986 3272 in
3040 3216 3199 3288 prole
3227 3225 3332 3285 est,
3363 3233 3469 3277 nec

1867 3302 2076 3350 tantum
2119 3296 2405 3366 pudicitia,
2456 3298 2610 3367 cujus
2638 3298 2914 3356 vinculum
2962 3299 3101 3358 fides
3150 3309 3253 3371 est,
3284 3318 3478 3360 verum

1867 3382 2031 3440 etiam
2061 3384 2337 3457 quoddam
2383 3396 2791 3444 sacramentum
2843 3390 3156 3460 nuptiarum
3186 3407 3468 3449 commen-

1866 3471 2027 3528 datur
2082 3471 2335 3530 ﬁdelibus
2389 3476 2716 3549 conjugatis,
2764 3478 2912 3534 unde
2968 3478 3100 3537 dicit
3125 3480 3472 3553 Apostolus:

1873 3563 2005 3629 Viri,
2024 3562 2247 3635 diligite
2256 3581 2465 3620 uxores
2490 3570 2720 3632 vestras,
2746 3566 2897 3623 sicut
2916 3571 2975 3624 et
2992 3567 3248 3625 Christus
3266 3571 3480 3627 dilexit

1866 3651 2189 3709 Ecclesium
2209 3654 2433 3725 (Ephes.
2458 3653 2537 3725 v).
2559 3655 2729 3721 Hujus
2749 3654 2938 3726 procul
2955 3656 3122 3714 dubio
3138 3659 3472 3716 sacramenti

1867 3754 1956 3795 res
1986 3746 2089 3810 est,
2121 3747 2179 3796 ut
2205 3755 2325 3797 mas
2357 3749 2410 3797 et
2437 3740 2640 3798 femina
2680 3743 2957 3801 connubio
3003 3746 3263 3818 copulati,
3298 3761 3479 3820 quan-

1867 3826 1960 3883 diu
1989 3828 2192 3897 vivant,
2252 3830 2693 3902 inseparabiliter
2745 3832 3023 3903 conjuncti
3075 3844 3469 3908 perseverent;

1866 3931 1969 3973 nec
1996 3917 2173 3987 liceat,
2212 3927 2441 3992 excepta
2468 3935 2639 3978 causa
2664 3921 3063 3993 fornicationis,
3120 3925 3414 3999 conjugem
3446 3941 3482 3983 a

1868 4005 2102 4080 conjuge
2140 4006 2342 4064 dirimi.
2390 4011 2505 4066 Hoc
2552 4010 2699 4066 enim
2747 4011 3045 4068 custoditur
3084 4012 3143 4067 in
3170 4013 3390 4071 Christo
3420 4021 3484 4072 et

1866 4092 1922 4150 in
1953 4094 2225 4165 Ecclesia,
2258 4104 2317 4153 ut
2345 4097 2538 4155 vivens
2563 4114 2689 4154 cum
2716 4101 2935 4157 vivente
2963 4099 3020 4156 in
3047 4107 3313 4158 aeternum
3328 4102 3477 4161 nullo

1860 4182 2093 4240 divortio
2106 4192 2395 4256 separetur
2431 4186 2488 4241 in
2508 4185 2726 4243 civitate
2745 4186 2963 4243 Domini
2984 4190 3178 4258 nostri,
3199 4190 3255 4245 in
3291 4198 3477 4249 monte

1867 4279 2052 4329 sancto
2084 4273 2224 4342 ejus,
2256 4273 2363 4330 hoc
2391 4281 2474 4329 est
2504 4272 2560 4330 in
2616 4273 2869 4332 Ecclesia
2921 4276 3211 4335 catholica.
3248 4278 3319 4334 Et
3347 4293 3477 4336 san-

1865 4367 1987 4417 ctus
2015 4361 2319 4435 Gregorius
2348 4360 2406 4417 in
2437 4361 2673 4434 epistola
2702 4363 2774 4420 ad
2801 4364 3172 4422 Theoctistam
3189 4365 3477 4439 patriciam

1867 4448 1997 4506 dicit
2027 4467 2042 4506 :
2075 4451 2180 4507 Per
2197 4467 2258 4508 se
2281 4449 2426 4508 enim
2444 4451 2657 4509 Veritas
2677 4452 2842 4511 dicit:
2865 4453 3017 4524 Quod
3033 4456 3308 4514 Dominus
3329 4459 3469 4531 jun-

158 4543 341 4601 dicens
376 4561 392 4600 :
426 4544 588 4601 Unde
616 4559 745 4601 cum
771 4543 1007 4600 societas
1033 4544 1347 4616 nuptiarum
1375 4542 1446 4599 ita
1489 4544 1557 4598 ab
1613 4543 1767 4598 initio
1795 4538 1849 4598 D
1872 4541 1982 4606 ait,
2019 4540 2178 4598 homo
2208 4558 2321 4598 non
2359 4548 2580 4614 separet
2608 4542 2829 4615 (Matth.
2862 4545 3010 4616 xxx).
3036 4542 3344 4614 Qumetiam
3364 4547 3468 4604 ait:

173 4634 461 4690 constituta
515 4632 605 4701 sit,
650 4641 710 4688 ut
761 4640 961 4705 praeter
1032 4649 1255 4689 sexuum
1338 4632 1772 4703 conjunctionem
1871 4629 1991 4684 Non
2007 4630 2435 4687 licetdimittere
2448 4637 3121 4706 umoremexceptacausa
3133 4636 3465 4706 fornicatio-

163 4722 392 4779 haberet
420 4723 479 4779 in
509 4737 571 4780 se
601 4721 804 4778 Christi
836 4729 891 4779 et
939 4721 1205 4779 Ecclesiae
1249 4729 1668 4779 sacramentum.
1706 4722 1752 4776 E

163 4810 286 4867 item
313 4813 465 4868 idem
499 4829 514 4867 :
555 4811 750 4884 Igitur,
780 4810 1054 4884 inquiens,
1099 4812 1191 4882 qui
1240 4809 1407 4867 ﬁliam
1450 4826 1606 4867 suam
1651 4828 1768 4867 νιΓο

154 4898 365 4957 habenti
408 4900 773 4958 concubinam
832 4899 889 4955 in
933 4899 1335 4956 matrimonium
1377 4899 1606 4965 dederit,
1658 4916 1766 4956 non

160 4988 229 5045 ita
250 4990 630 5063 accipiendum
661 4997 763 5060 est,
798 4990 953 5062 quasi
999 5005 1120 5045 eam
1166 4990 1456 5061 conjugato
1502 4989 1712 5045 dederit
1748 4997 1761 5035 ε

158 5078 255 5133 nisi
282 5079 423 5137 forte
452 5080 546 5135 illa
577 5078 775 5136 mulier
805 5086 859 5135 et
901 5078 1143 5152 ingenua
1189 5077 1344 5144 facta,
1404 5087 1456 5134 et
1514 5078 1762 5152 legitime

162 5166 349 5236 dotata,
386 5177 439 5224 et
483 5167 720 5240 publicis
762 5168 962 5239 nuptiis
1006 5168 1293 5223 honestate
1333 5167 1598 5224 videatur.
1654 5168 1761 5224 Pa-

160 5263 305 5315 terno
332 5257 560 5314 arbitrio
590 5256 724 5312 viris
746 5257 950 5327 junctae
978 5263 1182 5321 carent,
1206 5254 1386 5326 culpa,
1407 5256 1451 5311 si
1481 5255 1758 5322 mulieres,

161 5361 272 5416 qua:
296 5362 329 5402 a
355 5347 491 5403 viris
519 5345 886 5413 habebantur,
918 5345 973 5401 in
1002 5344 1346 5401 matrimonio
1374 5360 1483 5399 non
1523 5344 1755 5401 fuerunt.

1870 4719 1980 4773 nis.
1990 4718 2204 4775 Scimus
2220 4719 2365 4775 enim
2376 4720 2500 4791 quia
2516 4721 2775 4794 scriptum
2789 4729 2891 4778 est:
2905 4722 3206 4781 Eruntduo
3223 4723 3284 4780 in
3295 4741 3469 4782 carne

1868 4822 1985 4863 una
1999 4806 2019 4877 (
2024 4808 2156 4863 Gen.
2182 4809 2261 4879 ιι).
2283 4809 2339 4864 Si
2359 4809 2528 4880 igitur
2541 4810 2625 4867 vir
2637 4818 2690 4866 et
2700 4826 2840 4867 uxor
2854 4825 2960 4865 una
2971 4824 3102 4867 caro
3116 4818 3260 4883 sunt,
3276 4820 3330 4871 et
3341 4813 3464 4871 reli-

1867 4893 2046 4967 gionis
2075 4911 2237 4952 causa
2263 4897 2350 4954 vir
2376 4897 2596 4954 dimittit
2621 4912 2861 4964 uxorem,
2895 4898 3191 4957 velmulier
3208 4900 3388 4959 virum
3406 4902 3462 4961 in

1864 4985 1970 5040 hoc
1997 4984 2203 5042 mundo
2230 4996 2623 5055 remanentem,
2655 4986 2743 5044 vel
2770 4985 3003 5045 fortasse
3025 4988 3094 5045 ad
3139 4989 3331 5049 illicita
3358 4993 3460 5048 mi-

1864 5080 2133 5147 grantem,
2153 5090 2275 5147 qua:
2292 5082 2375 5131 est
2394 5075 2495 5130 ista
2510 5074 2818 5144 conversio,
2834 5075 2892 5132 in
2913 5094 3017 5149 qua
3026 5093 3137 5136 una
3152 5081 3454 5155 eademque

1862 5177 1992 5220 caro
2020 5180 2085 5219 ex
2113 5170 2267 5236 parte
2320 5164 2509 5219 transit
2536 5163 2610 5219 ad
2663 5163 3071 5238 continentiam,
3130 5176 3184 5226 et
3204 5185 3270 5225 ex
3298 5178 3455 5243 parte

1859 5259 2043 5309 manet
2094 5252 2151 5308 in
2194 5251 2490 5326 pollutione
2509 5252 2538 5308 τ
2568 5251 2625 5307 Si
2681 5269 2816 5312 vero
2872 5255 3115 5329 utrisque
3164 5259 3453 5317 conveniat

1858 5341 2222 5398 continentem
2270 5340 2433 5397 vitam
2488 5340 2711 5411 ducere,
2751 5345 2857 5401 hoc
2910 5345 3032 5419 quis
3060 5345 3261 5404 audeat
3287 5363 3451 5406 accu-

100 5456 111 5466 -
163 5431 359 5501 Quibus
388 5434 686 5491 sententiis
719 5434 1002 5505 evidenter
1042 5434 1298 5500 ostendit,
1350 5433 1477 5505 quia
1521 5441 1648 5490 tunc
1677 5443 1758 5491 est
1857 5431 2025 5486 sare?
2054 5429 2273 5502 quando
2301 5436 2510 5486 certum
2543 5439 2645 5500 est,
2679 5432 2804 5506 quia
2823 5434 3166 5508 omnipotens
3182 5436 3446 5495 Dominus

162 5536 280 5578 vera
308 5525 542 5599 legitimi
572 5523 811 5596 conjugii
834 5524 1045 5594 copula,
1068 5523 1283 5595 quando
1302 5521 1444 5577 inter
1465 5521 1752 5595 ingenuos,

1854 5518 1947 5592 qui
1971 5518 2185 5575 minora
2211 5519 2501 5587 concessit,
2534 5523 2741 5591 majora
2769 5539 2878 5580 non
2907 5524 3200 5596 prohibuit.
3224 5525 3295 5580 Et
3322 5534 3448 5597 post

163 5618 210 5666 et
235 5612 369 5671 inter
398 5613 596 5688 quales
641 5612 718 5681 ﬁt,
767 5620 821 5668 et
867 5620 1090 5685 paterno
1135 5612 1356 5668 arbitrio
1397 5610 1515 5668 viro
1562 5611 1756 5667 mulier
1850 5607 2174 5680 aliquanta:
2208 5606 2264 5664 Si
2291 5622 2424 5665 vero
2481 5611 2887 5682 continentiam,
2938 5630 3100 5687 quam
3127 5613 3210 5673 vir
3236 5615 3441 5687 appetit

653 5729 895 5787 PATROL.
927 5729 1173 5790 CXXVI.

2983 5740 3016 5792 5
