4026 6312
579 297 680 350 139

1603 291 1944 348 HINCMARI
1980 289 2378 348 RHEMENSIS
2415 291 2966 349 ARCHIEPISCOPI.

3764 290 3876 346 140

581 432 719 472 uxor
743 431 854 472 non
882 415 1162 488 sequitur;
1195 423 1286 471 aut
1315 432 1477 487 quam
1514 431 1652 472 uxor
1680 417 1903 488 appetit,
1949 417 2038 472 vir
2069 433 2158 472 re—
2188 414 2245 474 A
2267 423 2347 472 ter
2375 425 2633 489 casteque
2660 416 2980 474 custodiant.
3017 414 3204 472 Solum
3234 421 3316 470 est
3343 413 3508 482 enim,
3529 414 3673 487 quod
3703 413 3876 470 etiam

574 513 750 576 cusat,
783 504 952 562 dividi
1008 505 1320 577 conjugium
1377 521 1486 562 non
1529 505 1657 562 licet
1688 523 1702 561 :
1737 507 1859 580 quia
1913 506 2170 578 scriptum

575 601 659 650 est
681 611 695 650 :
743 594 944 652 Mulier
970 596 1065 666 sui
1089 597 1338 668 corporis
1364 599 1701 668 potestatem
1717 611 1833 652 non
1846 595 2029 662 habet,
2077 593 2174 652 sed

571 683 660 740 vir
679 698 692 738 :
714 683 987 740 similiter
1001 685 1216 742 vimen
1252 683 1416 740 habet
1445 684 2164 756 potestatemcorporissui,

570 772 668 828 sed
695 771 906 829 mulier
933 771 985 844 (Ι
1014 771 1134 828 Cor.
1165 770 1264 841 vx).
1290 771 1362 828 Et
1395 771 1452 827 in
1494 771 1727 843 epistola
1763 772 1833 828 ad
1868 771 2168 828 Adrianum

573 860 1014 917 Panormitanum
1051 879 1064 914 :
1110 860 1269 928 Nam,
1328 859 1520 933 inquit,
1579 868 1806 932 excepta
1850 859 2168 918 fornicatio—

569 949 656 1004 nis
703 965 883 1017 causa,
941 949 1122 1006 virum
1175 963 1403 1006 uxorem
1460 947 1789 1021 relinquere,
1837 947 2022 1005 divina
2078 948 2168 1005 lex

566 1037 717 1094 nulla
745 1037 953 1095 ratione
982 1037 1232 1095 concedit
1265 1056 1278 1092 :
1314 1037 1438 1111 quia
1479 1045 1769 1110 postquam
1817 1037 2166 1109 c0pulatione

568 1126 808 1200 conjugii
828 1125 931 1182 viri
960 1134 1123 1198 atque
1152 1125 1392 1182 mulieris
1437 1141 1605 1182 unum
1660 1142 1861 1196 corpus
1913 1124 2162 1192 efﬁcitur,

568 1230 680 1272 non
706 1222 886 1288 potest
904 1231 972 1272 ex
1000 1223 1156 1286 parte
1184 1214 1442 1280 converti,
1476 1222 1532 1271 et
1559 1229 1628 1270 ex
1671 1222 1827 1286 parte
1867 1213 1921 1269 in
1965 1213 2164 1271 saeculo

567 1317 886 1361 remanere.
953 1304 1020 1360 Et
1069 1311 1288 1360 sanctus
1361 1303 1702 1376 Augustinus
1773 1303 1828 1358 in
1890 1303 2032 1359 libro
2095 1302 2164 1358 de

565 1392 716 1450 Bono
738 1391 978 1466 conjugii
1010 1409 1024 1447 :
1064 1393 1149 1448 Ad
1203 1393 1309 1448 hoc
1349 1392 1492 1448 enim
1539 1391 1738 1464 nuptim
1794 1400 1938 1459 sunt,
1971 1399 2030 1448 ut
2070 1391 2164 1448 illa

563 1479 1020 1553 concupiscentia,
1081 1481 1300 1538 redacta
1363 1479 1434 1536 ad
1493 1480 1794 1552 legitimum
1865 1479 2160 1551 vinculum,

559 1584 672 1626 non
700 1567 962 1626 deformis
992 1579 1046 1626 et
1093 1569 1358 1626 dissoluta
1412 1567 1667 1640 ﬂuitaret,
1723 1569 1934 1626 habens
1979 1569 2048 1626 de
2077 1585 2164 1626 se-

561 1658 680 1731 ipsa
733 1657 1171 1715 irrefrenabilem
1225 1657 1405 1714 carnis
1463 1657 1852 1725 infirmitatem,
1930 1658 2000 1716 de
2054 1674 2162 1714 nu-

561 1745 690 1818 ptiis
745 1754 929 1804 autem
985 1745 1421 1803 indissolubilem
1476 1745 1604 1803 tidei
1657 1747 1971 1804 societatem
2015 1763 2030 1802 :

560 1835 746 1908 seipsa
797 1850 1156 1910 progressum
1183 1835 1538 1892 immoderate
1565 1837 1816 1903 coeundi,
1861 1835 1931 1893 de
1958 1835 2158 1907 nuptiis

561 1923 783 1981 modum
814 1931 964 1980 caste
993 1923 1334 1996 procreandi.
1367 1923 1582 1982 Debent
1627 1941 1761 1996 ergo
1806 1924 1910 1980 sibi
1963 1925 2156 1995 conju-

567 2013 703 2085 gati,
727 2028 838 2068 non
863 2013 1043 2070 solum
1071 2012 1242 2085 ipsius
1272 2027 1436 2070 sexus
1455 2011 1538 2070 sui
1554 2012 1944 2070 commiscendi
1971 2011 2153 2084 tidem,

559 2099 854 2158 liberorum
883 2101 1346 2173 procreandorum
1373 2116 1556 2169 causa,
1589 2117 1710 2174 quae
1737 2101 1912 2174 prima
1941 2109 2025 2158 est
2047 2102 2154 2158 hu-

555 2188 700 2244 mani
757 2190 977 2262 generis
1026 2190 1080 2245 in
1129 2190 1232 2246 ista
1285 2189 1612 2246 mortalitate
1664 2190 1932 2257 societas;
1960 2205 2152 2247 verum

557 2277 719 2334 etiam
748 2277 1074 2335 infirmitatis
1131 2277 1366 2337 invicem
1413 2279 1766 2352 excipiendae,
1809 2279 1879 2335 ad
1935 2278 2152 2337 illicitos

550 2365 868 2424 concubitus
896 2367 1200 2434 evitandas,
1243 2376 1486 2424 mutuam
1533 2367 1935 2440 quodammodo
1978 2367 2150 2424 servi-

546 2461 718 2512 tutem
753 2473 767 2510 :
799 2464 859 2512 ut
887 2465 941 2514 et
969 2456 1016 2511 si
1034 2455 1188 2513 alteri
1208 2471 1400 2514 eorum
1417 2465 1650 2530 pepetua
1683 2455 2010 2514 continentia
2025 2457 2148 2530 pla-

547 2552 687 2612 ceat,
718 2543 824 2601 nisi
853 2561 920 2602 ex
949 2545 1172 2602 alterius
1211 2561 1506 2616 consensu,
1553 2545 1836 2603 continere
1865 2561 1976 2603 non
2018 2561 2146 2618 pos-

543 2633 632 2688 sit.
665 2632 750 2688 Ad
778 2633 883 2689 hoc
913 2633 1058 2689 enim
1083 2649 1223 2690 uxor
1250 2649 1358 2690 non
1381 2635 1544 2690 habet
1587 2641 1907 2706 potestatem
1949 2650 2145 2707 corpo-

539 2720 618 2775 ris
649 2721 750 2788 sui,
776 2721 873 2777 sed
892 2721 1116 2778 mulier:
1152 2730 1209 2778 ut
1224 2723 1437 2794 etquod
1458 2738 1568 2778 non
1585 2721 1818 2779 ﬁliorum
1838 2737 2143 2796 procrean-

543 2810 757 2876 dorum,
792 2809 890 2866 sed
917 2809 1238 2866 inﬁrmitatis
1269 2819 1322 2867 et
1347 2810 1754 2868 incontinentiae
1783 2827 1951 2869 causa
1978 2827 2142 2885 expe-

536 2897 619 2969 tit,
649 2897 738 2954 vel
765 2897 859 2954 ille
885 2897 953 2954 de
986 2898 1349 2966 matrimonio,
1383 2899 1471 2956 vel
1509 2899 1600 2954 illa
1654 2900 1724 2957 de
1780 2901 1998 2968 marito,
2031 2917 2142 2957 non

537 2985 642 3042 sibi
669 2985 984 3042 alterutrum
1013 2994 1249 3060 negent;
1283 3003 1351 3044 ne
1377 3003 1476 3058 per
1504 2987 1608 3044 hoc
1635 2987 1869 3044 incidant
1898 2989 1954 3045 in
1984 2989 2138 3044 dam-

532 3073 742 3130 nabiles
761 3074 1126 3146 .corruptelas,
1159 3083 1401 3132 tentante
1431 3075 1654 3143 Satana,
1687 3085 1910 3148 propter
1937 3077 2132 3134 incon-

530 3163 813 3220 tinentiam
839 3163 928 3221 vel
956 3163 1263 3231 amborum,
1295 3164 1383 3220 vel
1412 3165 1734 3238 cujusquam
1763 3181 1970 3222 eorum.

637 3253 706 3308 Et
729 3251 858 3307 item
880 3251 938 3306 in
970 3251 1164 3308 eodem
1177 3251 1320 3308 libro
1340 3269 1354 3308 :
1379 3253 1758 3310 Generationis
1772 3253 1952 3326 itaque
1972 3271 2138 3310 causa

535 3339 656 3396 fieri
683 3339 902 3410 nuptias
930 3340 1224 3411 Apostolus
1253 3340 1329 3395 ita
1369 3339 1524 3396 testis
1554 3349 1637 3396 est
1669 3359 1684 3396 :
1731 3342 1882 3408 Volo,
1941 3343 2132 3416 inquit,

519 3429 784 3501 juniores
813 3427 1025 3484 nubere
1051 3445 1063 3483 :
1090 3435 1144 3484 et
1163 3427 1318 3500 quasi
1335 3427 1384 3483 ei
1401 3428 1671 3485 diceretur
1694 3447 1707 3484 :
1731 3431 1800 3486 Ut
1813 3430 1943 3503 quid
1960 3431 1988 3485 ?
2003 3446 2135 3487 con-

529 3515 677 3572 tinuo
729 3515 958 3586 subjecit
989 3535 1002 3571 :
1032 3517 1206 3574 Filios
1247 3533 1566 3590 procreare,
1614 3523 1828 3574 matres
1875 3519 2134 3590 familias

525 3621 643 3660 esse
673 3605 724 3665 (1
755 3606 892 3660 Tim.
929 3604 1002 3676 v),
1045 3606 1116 3661 ad
1146 3604 1310 3661 fidem
1349 3605 1614 3662 castitatis
1643 3605 1777 3662 illud
1807 3607 2084 3678 pertinere
2113 3625 2128 3664 :

530 3695 684 3749 Uxor
710 3697 902 3748 autem
927 3710 1043 3750 non
1075 3693 1241 3750 habet
1264 3698 1606 3767 potestatem
1626 3698 1874 3768 corporis
1890 3697 1998 3763 sui,
2035 3697 2130 3754 sed

525 3781 612 3836 vir
629 3781 839 3836 :simili
844 3785 931 3837 ter
947 3785 1003 3838 et
1016 3783 1101 3838 vir
1113 3798 1228 3839 non
1239 3783 1402 3839 habet
1411 3787 1751 3856 potestatem
1762 3785 2010 3856 corporis
2037 3787 2131 3842 sui

520 3869 620 3924 sed
650 3870 860 3926 mulier
887 3870 938 3938 (Ι
966 3872 1086 3927 Cor.
1120 3872 1218 3938 tv),
1248 3870 1318 3926 ad
1375 3873 1701 3929 sacramenti
1747 3875 2124 3942 sanctitatem;

2089 1747 2243 1832 deB

2169 3129 2216 3192 Ο

2269 504 2454 561 sterile
2483 505 2796 580 conjugium
2819 512 2963 561 tenet
2980 504 3105 575 jura
3129 503 3364 576 pietatis,
3391 505 3508 574 jam
3536 519 3634 575 spe
3676 501 3876 559 fecun-

2268 593 2447 650 ditatis
2476 595 2698 660 amissa,
2726 602 2952 666 propter
2978 607 3138 666 quam
3168 592 3346 649 fuerat
3375 591 3704 664 copulatum.
3737 592 3877 648 Haec

2268 683 2414 738 bona
2441 681 2701 755 nuptialia
2746 682 2931 738 laudet
2979 682 3037 737 in
3087 681 3292 754 nuptiis
3325 699 3339 736 :
3373 681 3465 753 qui
3495 679 3720 737 laudare
3748 681 3876 736 vult

2266 771 2500 843 nuptias.
2533 772 2603 826 Et
2629 771 2684 826 in
2713 771 2915 828 Genesi
2966 769 3037 826 ad
3064 769 3300 827 litteram
3325 787 3338 825 :
3373 768 3535 839 Quod
3551 768 3752 825 bonum
3767 769 3877 824 ha-

2265 859 2394 916 bent
2421 860 2640 932 nuptiaa,
2663 867 2718 916 et
2745 858 2892 932 quod
2934 859 3093 916 bona
3147 866 3273 915 sunt
3325 859 3546 930 nuptiae,
3577 864 3874 929 peccatum

2267 962 2390 1004 esse
2435 963 2715 1021 nunquam
2757 954 2954 1020 potest.
3003 947 3120 1004 Hoc
3165 954 3341 1003 autem
3397 947 3720 1018 tripertitum
3751 953 3867 1014 est,

2265 1034 2422 1107 fides,
2478 1035 2682 1108 proles,
2743 1043 3163 1094 sacramentum.
3197 1036 3257 1090 In
3277 1033 3386 1092 ﬁde
3442 1034 3759 1105 attenditur,
3791 1051 3871 1091 ne

2262 1131 2464 1196 praeter
2502 1123 2779 1181 vinculum
2831 1123 3116 1198 conjugale
3164 1140 3290 1180 cum
3345 1123 3534 1193 altera,
3565 1121 3655 1180 vel
3685 1123 3869 1181 altero

2265 1213 2660 1270 concumbatur
2688 1230 2706 1270 :
2735 1213 2793 1268 in
2818 1212 2994 1284 prole,
3025 1221 3082 1269 ut
3109 1221 3364 1270 amanter
3395 1209 3867 1284 suscipiatur,be-

2261 1302 2428 1376 nigne
2457 1302 2724 1358 nutriatur
2765 1301 3026 1374 religiose
3069 1301 3332 1358 educetur
3361 1319 3374 1357 :
3405 1301 3460 1357 in
3491 1307 3864 1367 sacramento,

2261 1397 2320 1447 ut
2347 1391 2660 1464 conjugium
2676 1407 2787 1447 non
2802 1397 3108 1463 reparetur,
3135 1399 3187 1447 et
3207 1390 3486 1460 dimissus,
3505 1397 3596 1446 aut
3609 1388 3865 1460 dimissa,

2261 1494 2364 1536 nec
2394 1495 2554 1536 causa
2582 1480 2752 1552 prolis
2780 1479 2936 1536 alteri
2955 1481 3330 1554 conjungatur.
3354 1480 3484 1536 Haec
3503 1485 3585 1534 est
3599 1485 3870 1552 tanquam

2261 1567 2454 1642 regula
2523 1567 2834 1641 nuptiarum
2860 1611 2874 1636 ,
2951 1583 3058 1641 qua
3128 1567 3218 1626 vel
3289 1575 3498 1625 natura;
3569 1565 3868 1624 decoratur

2260 1655 2587 1726 fecunditas,
2621 1657 2709 1714 vel
2739 1657 3142 1714 incontinentiae
3171 1657 3378 1730 regitur
3402 1655 3664 1728 pravitas.
3697 1655 3865 1712 Nunc

2262 1759 2386 1804 cum
2414 1745 2500 1802 his
2527 1763 2647 1818 quae
2675 1745 2847 1803 sancti
2873 1745 3128 1804 doctores
3155 1746 3340 1803 dicunt
3367 1746 3437 1802 de
3466 1745 3686 1818 nuptiis,
3719 1759 3865 1803 con-

2262 1835 2499 1892 feramus
2528 1835 2787 1907 Stephani
2840 1835 3075 1908 nuptias,
3134 1851 3245 1892 non
3298 1833 3560 1890 habentes
3612 1849 3864 1891 amorem

2255 1923 2443 1995 prolis,
2475 1924 2574 1980 sed
2601 1924 2978 1981 necessitatem
3009 1924 3215 1981 vitandi
3243 1923 3439 1993 exsilii,
3469 1924 3586 1981 sive
3613 1923 3807 1980 mortis
3843 1941 3858 1979 :

2254 2027 2364 2069 non
2395 2013 2659 2069 habentes
2688 2013 2970 2070 servandae
3012 2012 3319 2087 conjugalis
3373 2013 3639 2068 castitatis
3664 2010 3854 2080 ﬁdem,

2256 2101 2354 2158 sed
2380 2101 2698 2158 incurrendi
2725 2100 2968 2158 incestus
2995 2101 3263 2158 mortiferi
3294 2117 3406 2158 non
3446 2100 3858 2174 parvipenden-

2253 2191 2386 2246 dum
2413 2189 2661 2248 timorem
2691 2208 2707 2246 :
2741 2206 2849 2247 non
2901 2191 3164 2248 habentes
3219 2190 3673 2264 incorporationis
3726 2188 3859 2246 uni-

2250 2285 2362 2336 tate
2393 2279 2590 2336 Christi
2620 2287 2675 2336 et
2704 2279 2968 2336 Ecclesiae
2996 2287 3414 2350 sacramentum,
3447 2278 3546 2336 sed
3575 2278 3857 2352 superdu-

2251 2375 2442 2426 centes
2472 2367 2792 2440 turpitudini
2839 2368 3206 2426 velamentum
3239 2385 3252 2424 :
3285 2376 3565 2442 totumque
3618 2367 3770 2441 quod
3795 2369 3856 2425 in

2249 2457 2328 2513 eis
2353 2464 2436 2512 est
2464 2464 2664 2525 actum,
2695 2455 3013 2530 ﬁgmentum
3061 2455 3419 2514 simulationis
3457 2459 3578 2528 fuit,
3607 2471 3720 2514 non
3747 2473 3853 2514 ve-

2247 2545 2550 2616 ritas.Quae
2568 2545 2788 2618 nuptiae,
2820 2545 2946 2603 licet
2965 2546 3107 2602 inter
3133 2547 3404 2620 ingenuos
3431 2554 3485 2602 et
3497 2545 3638 2602 inter
3656 2561 3854 2620 aequa-

2247 2634 2346 2702 les,
2369 2643 2596 2707 paterno
2621 2634 2847 2692 arbitrio
2885 2635 3364 2706 desponsationem
3417 2643 3579 2708 atque
3607 2635 3852 2692 dotatio-

2245 2738 2372 2780 nem
2415 2724 2776 2796 praecedente,
2827 2723 3044 2780 fuerunt
3100 2723 3412 2794 celebratae,
3471 2723 3685 2780 etiamsi
3733 2740 3852 2794 jam

2243 2827 2471 2868 sexuum
2525 2811 2831 2869 commistio
2885 2829 2977 2869 eas
3033 2813 3480 2886 subsequeretur,
3539 2811 3854 2887 legitimam

2241 2899 2481 2974 conjugii
2509 2901 2760 2974 copulam
2787 2900 3037 2958 obtinere
3091 2916 3202 2959 non
3257 2908 3504 2974 possent,
3536 2917 3642 2958 nec
3667 2910 3856 2958 ratum

2241 2989 2558 3063 conjugium
2584 2989 2829 3046 stabilire
2848 2989 3112 3057 valerent,
3137 2989 3269 3064 quin
3295 2991 3475 3063 potius
3491 2989 3646 3047 irrita
3660 2990 3858 3048 omnia

2239 3076 2430 3136 tierent
2461 3095 2476 3135 :
2509 3079 2766 3151 quoniam
2791 3095 2903 3136 non
2930 3079 3049 3136 sine
3097 3080 3457 3152 separatione,
3501 3086 3728 3152 propter
3755 3080 3854 3136 in-

2241 3175 2422 3224 cestus
2465 3167 2690 3236 crimen,
2751 3169 2896 3240 quod
2953 3168 3156 3226 habere
3211 3183 3320 3225 non
3347 3175 3528 3242 potest
3555 3167 3762 3226 Christi
3790 3184 3854 3227 e-

2239 3254 2502 3313 Ecclesiae
2529 3265 2953 3325 sacramentum,
2986 3256 3210 3314 vulnera
3243 3273 3368 3330 quae
3403 3257 3846 3315 concumbentes

2237 3345 2438 3401 inflicta
2469 3345 2826 3418 susciperent,
2854 3345 3251 3403 medicamento
3306 3346 3641 3418 paenitentiae
3665 3346 3727 3402 in
3757 3348 3846 3404 eis

2237 3432 2418 3490 sanari
2445 3450 2556 3489 non
2584 3433 2847 3502 valerent,
2883 3434 3022 3490 sicut
3042 3433 3442 3507 subsequentes
3497 3434 3848 3493 orthodoxo-

2235 3537 2354 3576 rum
2379 3530 2432 3578 et
2459 3522 2724 3579 Ecclesiae
2752 3522 3138 3596 magistrorum
3178 3523 3461 3581 sententiae
3487 3523 3845 3582 demonstra-

2235 3609 2386 3666 bunt.
2430 3609 2772 3682 Quapropter
2797 3611 2935 3668 tales
2961 3627 3074 3668 non
3124 3611 3388 3684 mysticae,
3419 3628 3599 3685 neque
3625 3612 3846 3686 legales

2231 3698 2286 3753 in
2337 3699 2512 3755 oculis
2555 3699 2655 3756 Dei
2685 3708 2809 3755 sunt
2837 3700 3059 3773 nuptiae.

2373 3786 2512 3856 Quia
2541 3786 2590 3842 si
2618 3803 2720 3860 per
2749 3788 3014 3861 Stephani
3045 3797 3098 3846 et
3127 3789 3341 3862 puellae,
3373 3805 3482 3847 non
3502 3798 3628 3847 ante
3659 3790 3847 3849 Deum

2227 3875 2486 3948 legaliter
2513 3875 2710 3947 ductae,
2745 3877 2844 3933 sed
2874 3879 3050 3950 magis
3077 3877 3344 3944 abductae,
3377 3879 3578 3935 coitum
3598 3881 3846 3938 carnalis

521 3957 744 4013 etillud:
769 3959 1007 4014 Uxorem
1027 3975 1063 4014 a
1083 3960 1198 4016 viro
1211 3977 1326 4016 non
1339 3960 1624 4018 discedere
1647 3978 1658 4016 :
1680 3963 1821 4034 quod
1841 3963 1893 4018 si
1912 3963 2124 4020 discec-
2229 3963 2622 4022 commistionis
2651 3980 2717 4022 ex
2746 3966 2832 4022 his
2859 3965 3074 4023 duobus
3101 3984 3268 4024 unum
3323 3983 3524 4040 corpus
3581 3967 3844 4028 edicere-

519 4049 678 4112 serit,
704 4063 934 4103 manere
951 4048 1275 4121 innuptam,
1299 4053 1400 4105 aut
1420 4052 1536 4108 viro
1557 4067 1659 4107 suo
1690 4052 2052 4108 reconciliari
2081 4053 2132 4123 (I
2227 4060 2334 4121 tur,
2373 4067 2484 4110 non
2513 4053 2816 4110 secundum
2844 4055 3084 4127 nuptiale
3113 4055 3336 4126 bonum,
3385 4057 3485 4113 sed
3527 4057 3844 4116 secundum

524 4135 644 4192 Cor.
679 4134 797 4206 vn),
835 4144 926 4190 et:
965 4137 1055 4192 Vir
1082 4153 1321 4194 uxorem
1349 4155 1422 4194 ne
1455 4139 1733 4195 dimittat.
1767 4140 1898 4196 Haec
1941 4141 2125 4196 omnia
2243 4139 2506 4198 incestale
2536 4143 2759 4214 malum,
2807 4151 3034 4216 propter
3067 4152 3337 4201 incestum
3376 4145 3638 4218 Stephani
3665 4163 3845 4205 unum

517 4222 657 4280 bona
687 4233 826 4294 sunt,
859 4234 1082 4298 propter
1110 4243 1230 4298 quae
1277 4227 1480 4300 nuptiae
1523 4229 1685 4286 bona
1731 4236 1878 4296 sunt,
1913 4229 2118 4301 proles,
2225 4245 2427 4303 corpus
2467 4231 2768 4300 efﬁcerent,
2802 4233 2942 4290 sicut
2968 4233 3232 4305 scriptum
3262 4243 3382 4291 est:
3418 4235 3526 4304 Qui
3577 4235 3844 4294 adhaeret

519 4312 678 4381 fides,
714 4323 1131 4372 sacramentum.
2224 4323 2538 4389 meretrici,
2573 4339 2754 4378 unum
2783 4339 2984 4394 corpus
3030 4325 3276 4394 efﬁcitur
3303 4323 3354 4396 (Ι
3385 4326 3504 4383 Cor.
3535 4325 3632 4396 γι).
3665 4326 3739 4380 Et
3765 4326 3842 4383 sit

623 4403 690 4456 Et
718 4402 775 4456 in
816 4403 954 4458 libro
984 4403 1053 4458 de
1107 4403 1322 4474 Nuptiis
1348 4410 1402 4458 et
1427 4403 1497 4460 de
1530 4405 1987 4477 Concupiscentia
2017 4427 2036 4462 :
2060 4407 2122 4462 In
2227 4408 2409 4480 puella
2439 4409 2508 4466 ab
2537 4409 2750 4467 incestu
2779 4426 2931 4481 sana,
2964 4427 3066 4484 per
3095 4411 3295 4469 coitum
3319 4413 3506 4484 juncta
3534 4413 3842 4486 Stephano,

515 4490 718 4564 nuptiis
747 4498 927 4546 tamen
969 4489 1114 4546 bona
1145 4489 1429 4562 nuptibilia
1470 4492 1782 4567 diligantur,
1832 4494 2032 4567 proles,
2065 4495 2132 4550 ﬁ—
2157 4489 2209 4550 D
2233 4496 2527 4555 incestuosi
2557 4514 2687 4556 caro
2717 4499 2874 4556 fieret
2905 4516 2920 4556 :
2951 4509 3004 4557 et
3037 4501 3344 4574 Stephanus
3372 4502 3451 4560 illi
3473 4505 3718 4573 junctus,
3753 4504 3841 4561 sic

519 4579 638 4651 des,
703 4587 1103 4637 sacramentum
1135 4597 1148 4632 :
1179 4581 1278 4635 sed
1323 4579 1525 4652 proles,
1573 4597 1682 4638 non
1730 4590 1789 4637 ut
1833 4592 2126 4640 nascantur
2229 4594 2319 4643 cut
2350 4594 2512 4644 antea
2539 4586 2858 4657 fornicator,
2890 4589 2967 4645 ita
3013 4597 3064 4647 et
3120 4599 3244 4662 post
3290 4590 3731 4661 conjunctionem
3759 4593 3838 4650 il-

519 4675 746 4736 tantum,
777 4683 968 4725 verum
997 4667 1162 4724 etiam
1183 4675 1240 4723 ut
1270 4679 1650 4726 renascantur.
1682 4671 1936 4728 Nascitur
1972 4689 2124 4729 nam-
2227 4675 2352 4743 lius,
2389 4677 2644 4750 quoniam
2673 4693 2798 4734 cum
2829 4677 3135 4751 propinqua
3166 4681 3284 4750 ejus
3339 4681 3650 4752 concubuit,
3681 4685 3838 4755 quod

521 4771 626 4828 que
647 4755 714 4810 ad
743 4772 982 4827 poenam,
1013 4755 1118 4812 nisi
1147 4765 1462 4814 renascatur
1493 4759 1564 4816 ad
1595 4759 1780 4815 vitam.
1824 4759 1987 4816 Fides
2025 4777 2123 4818 au-
2224 4766 2462 4822 nondum
2518 4774 2655 4831 erat,
2715 4765 3061 4824 incestuosus
3117 4768 3396 4827 existeret.
3427 4771 3498 4826 Et
3534 4779 3838 4842 propterea

521 4851 651 4914 tem,
682 4861 790 4900 non
818 4846 1031 4918 qualem
1057 4846 1258 4901 habent
1285 4847 1425 4902 inter
1461 4863 1520 4904 se
1551 4848 1714 4904 etiam
1751 4847 1998 4906 infideles
2026 4867 2120 4909 ze-
2223 4855 2440 4911 saniore
2480 4855 2730 4923 consilio,
2761 4864 2816 4912 et
2844 4857 3040 4927 puellae
3066 4857 3301 4928 sanitati,
3333 4875 3454 4932 quae
3480 4858 3720 4918 necdum
3747 4861 3838 4918 in-

519 4931 693 5021 lantes
724 4947 984 4990 carnem:
1019 4934 1142 5008 quis
1171 4936 1316 4992 enim
1342 4936 1447 5005 vir,
1467 4937 1760 5009 quamlibet
1775 4937 2122 5010 impius,vult
2223 4940 2434 4998 firmata
2454 4951 2594 5013 erat,
2627 4943 2883 5000 intactam
2911 4961 3034 5002 eam
3063 4962 3291 5004 servans
3341 4931 3593 5021 providit,
3657 4957 3708 5006 et
3739 4966 3826 5019 se,

519 5020 826 5078 adulteram
855 5037 1082 5078 uxorem
1101 5023 1130 5077 ‘I
1160 5033 1254 5080 aut
1283 5040 1404 5098 quae
1431 5025 1646 5095 mulier,
1681 5027 1978 5098 quamlibet
2010 5028 2118 5086 im-
2219 5047 2288 5086 ne
2319 5031 2544 5105 gravius
2571 5029 2891 5106 offenderet,
2925 5035 3134 5092 cautius
3164 5020 3462 5094 secundum
3477 5038 3654 5096 Deum
3666 5039 3832 5108 juxta

518 5110 626 5183 pia,
673 5109 786 5167 vult
833 5110 1140 5168 adulterum
1187 5113 1402 5170 virum?
1427 5115 1544 5171 Hoc
1583 5113 1725 5171 enim
1767 5115 1822 5172 in
1844 5118 2116 5176 connubio
2218 5119 2364 5191 quod
2391 5135 2481 5176 res
2507 5119 2774 5190 conjacuit
2802 5123 3108 5182 custodivit.
3145 5123 3284 5193 Quia
3311 5126 3454 5183 sicut
3481 5127 3620 5184 sacri
3665 5144 3837 5188 cano.

519 5199 723 5288 bonum
735 5198 981 5256 naturale
998 5199 1332 5274 estquidem,
1354 5203 1574 5260 carnale
1596 5211 1799 5270 tamen,
1819 5205 1916 5262 sed
1936 5222 2115 5264 mem-
2215 5223 2316 5264 nes
2341 5207 2546 5276 dicunt,
2578 5209 2685 5266 tale
2712 5213 3062 5280 connubium,
3096 5213 3184 5272 vel
3231 5216 3414 5286 potius
3468 5215 3824 5288 adulterium,

519 5287 677 5344 brum
705 5288 996 5345 Christiani
1023 5289 1270 5362 conjugis
1299 5291 1548 5348 adultero
1590 5293 1810 5365 conjugi
1851 5293 2013 5352 debet
2041 5296 2115 5351 ti-
2215 5297 2334 5354 sine
2384 5297 2730 5369 separatione
2777 5301 2964 5358 sanari
3007 5319 3120 5359 non
3161 5311 3399 5374 poterat,
3449 5305 3496 5360 si
3525 5305 3826 5365 carnaliter

518 5391 692 5443 mere,
725 5393 836 5434 non
865 5377 987 5445 sibi,
1021 5386 1072 5432 et
1100 5393 1131 5434 a
1159 5377 1374 5436 Christo
1403 5395 1624 5453 sperare
1662 5381 1798 5440 ﬁdes
1826 5385 2113 5454 praemium
2213 5385 2588 5444 miscerentur.
2647 5389 2802 5446 Unde
2862 5391 3066 5447 ibidem
3115 5392 3376 5464 scriptum
3450 5402 3534 5450 est
3589 5395 3821 5465 (coacti.

520 5465 804 5537 quodlibet
845 5467 1086 5541 conjugi.
1148 5466 1557 5526 Sacramentum
1610 5487 1758 5538 vero,
1822 5472 1970 5545 quod
2009 5489 2114 5532 nec
2211 5477 2422 5548 Epaon.
2454 5495 2582 5534 can.
2617 5480 2726 5552 30)
2760 5497 2773 5534 :
2804 5479 2886 5536 De
2913 5481 3140 5538 incestis
3185 5483 3658 5553 conjunctionibus
3683 5486 3828 5544 nihil

519 5555 754 5630 separati
801 5563 854 5614 et
885 5555 1168 5616 adulterati
1209 5557 1458 5615 amittunt
1499 5561 1764 5635 conjuges
1812 5562 2110 5619 concordi-
2211 5581 2444 5638 prorsus
2473 5568 2647 5626 veniae
2672 5584 3041 5642 reservamus,
3073 5571 3179 5628 nisi
3208 5587 3334 5630 cum
3363 5572 3691 5633 adulterium
3723 5591 3823 5635 se-
