4026 6298
161 281 179 332 1
197 277 249 332 Η
1649 278 2029 344 EPISTOLE.

3353 308 3456 364 142

155 402 435 472 paratione
468 404 799 460 sanaverint.
824 407 1169 464 Incestuosos
1191 426 1322 466 vero
1343 410 1491 466 nullo
1513 411 1758 483 conjugii
1783 412 1839 472 A
1861 415 2106 472 Christus
2136 425 2190 473 et
2216 418 2478 489 Ecclesia,
2510 419 2636 476 huic
2669 420 2846 478 eidem
2893 426 3069 482 ordini
3118 429 3347 484 maritus
3399 438 3452 486 et

155 492 373 547 nomine
404 508 697 548 censemus
731 494 1086 565 deputandos,
1106 514 1241 568 quos
1272 499 1433 554 etiam
1463 501 1756 572 designare

154 577 431 634 funestum
466 591 568 638 est.
602 583 673 638 Et
705 583 761 639 S.
797 583 1098 658 Gregorius
1119 587 1413 658 inepistola
1435 589 1502 644 ad
1520 589 1758 645 Felicem

158 669 503 725 Siciliensem
575 671 922 743 episcopum,
979 691 1141 746 quem
1203 677 1446 731 audierat
1496 695 1759 748 perverse

156 757 506 828 interpretari
537 761 684 830 quod
716 761 904 816 beatus
955 762 1258 836 Gregorius
1304 767 1610 838 Augustino
1641 769 1757 820 An-

158 845 369 918 glorum
403 848 669 919 episcopo
699 850 985 905 consilium
1017 854 1315 909 secundum
1369 855 1758 926 indulgentiam
1813 853 1822 860 ’

159 935 219 988 de
251 935 494 1007 Paganis
527 952 560 991 a
591 946 788 1008 quarto
819 956 985 1012 genu,
1018 949 1069 996 et
1100 941 1154 995 in
1187 943 1473 1014 reliquum,
1507 961 1622 998 nea
1653 944 1758 1000 fide

158 1021 498 1094 refugerent,
532 1025 780 1095 dederat,
817 1029 1070 1099 quodque
1100 1030 1205 1101 ipsi
1250 1033 1565 1088 venerando
1601 1049 1759 1104 papae

162 1122 537 1184 suggesserat,
573 1114 640 1168 ad
673 1116 921 1171 eumdem
950 1117 1186 1174 Felicem
1237 1121 1548 1176 rescribens
1579 1122 1710 1177 dicit
1742 1140 1756 1177 :

163 1201 511 1272 Progeniem,
545 1202 818 1274 inquiens,
853 1221 1004 1260 suam
1047 1224 1508 1281 unumquemque,
1559 1210 1626 1264 de
1675 1211 1759 1265 his

163 1289 246 1361 qui
293 1288 535 1345 fideliter
584 1292 783 1358 edocti,
836 1302 887 1349 et
927 1295 1042 1364 jam
1090 1295 1246 1352 ﬁrma
1307 1298 1489 1353 radice
1538 1299 1760 1369 plantali

164 1387 296 1432 stant
328 1379 663 1446 inconvulsi,
698 1398 868 1453 usque
896 1384 964 1437 ad
994 1385 1278 1456 septimam
1323 1388 1617 1444 observare
1665 1389 1759 1444 de-

164 1467 436 1522 cernimus
485 1469 917 1541 generationem,
964 1480 1016 1527 et
1059 1475 1298 1545 quandiu
1347 1492 1406 1531 se
1455 1484 1758 1548 agnoscunt

167 1555 426 1611 afﬁnitate
458 1557 820 1630 propinquos,
853 1561 920 1614 ad
950 1561 1256 1630 hujusmodi
1287 1565 1496 1634 copulze
1527 1581 1635 1620 non
1662 1581 1758 1621 ac-

164 1644 356 1700 cedere
387 1645 712 1701 societatem
745 1664 758 1703 :
792 1665 892 1704 nec
921 1666 1063 1717 eam,
1098 1668 1257 1722 quam
1288 1653 1482 1724 aliquis
1529 1671 1593 1709 ex
1624 1671 1758 1725 pro-

168 1733 281 1802 pria
323 1735 799 1806 consanguinitate
848 1739 1135 1812 conjugem
1183 1741 1388 1806 habuit,
1441 1743 1527 1798 vel
1576 1742 1838 1830 aliquaB

165 1821 349 1877 illicita
394 1823 695 1893 pollutione
750 1826 1060 1894 maculavit,
1108 1829 1164 1882 in
1210 1830 1518 1901 conjugium
1559 1832 1759 1888 ducere

164 1910 252 1964 ulli
283 1911 535 1981 profecto
569 1913 1002 1971 Christianorum
1049 1916 1193 1985 licet,
1240 1919 1325 1973 vel
1372 1919 1552 1976 licebit
1585 1939 1599 1974 :
1636 1921 1759 1992 quia

166 1998 508 2055 incestuosus
537 2011 618 2056 est
651 2002 772 2057 talis
803 2005 993 2073 coitus,
1028 2014 1076 2060 et
1095 2007 1476 2064 abominabilis
1505 2009 1756 2078 Domino,

165 2096 212 2142 et
239 2090 454 2144 cunctis
485 2088 739 2146 fidelibus
772 2110 784 2146 :
817 2092 1156 2150 incestuosos
1184 2113 1316 2152 vero
1345 2097 1494 2152 nullo
1524 2097 1762 2168 conjugii

170 2177 387 2232 nomine
420 2179 764 2248 deputandos
793 2196 822 2235 a
853 2183 1054 2239 sanctis
1083 2185 1326 2255 patribus
1373 2187 1576 2242 dudum
1617 2187 1760 2260 legi-

163 2281 277 2320 mus
299 2267 676 2324 constitutum.

233 2355 350 2411 Nec
381 2356 491 2411 hoc
523 2373 742 2428 quoque
771 2358 827 2412 in
853 2358 955 2414 hac
987 2360 1364 2418 sollicitudinis
1393 2372 1543 2434 parte
1589 2365 1748 2420 relinv

165 2443 397 2514 quimus,
432 2445 582 2516 quod
612 2445 860 2502 homines
900 2449 1196 2505 incestuosi
1225 2467 1257 2505 a
1305 2451 1581 2507 liminibus
1630 2470 1761 2509 san-

163 2541 257 2588 ctae
287 2533 556 2589 Ecclesiae
585 2543 710 2589 sunt
757 2539 1068 2606 separandi,
1103 2556 1388 2612 usquequo
1418 2558 1518 2612 per
1549 2542 1763 2598 satisfa-

163 2621 396 2677 ctionem
429 2623 688 2693 precibus
739 2627 1083 2680 sacerdotum
1114 2628 1291 2682 eidem
1338 2639 1540 2686 sancta:
1584 2632 1765 2688 Eccle-

163 2711 251 2765 siae
283 2703 574 2767 catholicae
601 2713 1042 2768 reconcilientur.
1080 2717 1146 2770 Et
1177 2717 1235 2770 in
1277 2717 1455 2773 edicto
1504 2721 1763 2776 canonico

163 2809 280 2854 ante
305 2815 510 2870 corpus
531 2801 674 2855 beati
697 2801 838 2857 Petri
857 2803 1067 2872 prolato
1087 2820 1100 2858 :
1123 2805 1179 2860 Si
1209 2806 1329 2876 quis
1351 2808 1416 2861 de
1433 2809 1654 2879 prOpria
1675 2825 1766 2866 co-

162 2889 438 2960 gnatione,
473 2889 560 2945 vel
591 2905 756 2961 quam
783 2900 1046 2961 cognatus
1077 2893 1282 2964 habuit,
1311 2896 1522 2951 duxerit
1541 2914 1766 2954 uxorem

163 2978 450 3032 anathema
481 2977 566 3032 sit.
586 2980 652 3032 Et
682 2981 1080 3050 responderunt
1103 2999 1295 3038 omnes
1328 2986 1506 3054 tertio,
1539 2990 1764 3044 anathe-

165 3081 249 3120 ma
277 3067 368 3120 sit.
402 3067 472 3121 Et
500 3082 611 3121 non
643 3066 864 3122 dubium
897 3077 978 3124 est
1009 3071 1132 3126 huic
1171 3074 1622 3130 anathematismo
1657 3093 1763 3131 nu—

163 3155 295 3224 ptias
327 3155 593 3225 Stephani
625 3156 909 3224 subjacerc
958 3159 1233 3227 debuisse,
1266 3160 1311 3215 si
1341 3177 1462 3216 cum
1493 3163 1594 3217 ista
1640 3181 1763 3220 con-
1795 3133 1814 3187 (“

167 3244 467 3311 cumberet,
502 3244 594 3315 qui
623 3260 682 3300 se
713 3261 836 3300 cum
867 3255 1094 3319 cognata
1136 3248 1251 3316 ejus
1297 3251 1658 3307 concubuisse
1680 3253 1762 3308 fa-

166 3338 322 3387 tetur.
359 3332 429 3386 Et
452 3332 583 3388 item
605 3333 660 3387 in
682 3334 982 3390 canonibus
1004 3337 1264 3407 scriptum
1287 3346 1366 3393 est
1388 3340 1564 3409 (conc.
1592 3342 1754 3396 Ilerd.

165 3435 286 3475 can.
314 3421 371 3490 4)
397 3436 409 3476 :
431 3420 513 3474 De
531 3421 616 3475 his
637 3422 730 3492 qui
748 3439 806 3477 se
823 3422 1317 3494 incestipollutione
1337 3428 1756 3496 commaculant,

161 3508 399 3577 placuit,
445 3517 504 3563 ut
563 3525 847 3581 quousque
909 3512 964 3565 in
1018 3513 1137 3583 ipso
1185 3514 1504 3571 detestando
1570 3525 1621 3572 et
1665 3517 1764 3572 illi-

167 3597 266 3652 cito
295 3597 482 3652 carnis
511 3599 866 3655 contubernio
895 3611 1269 3670 perseverant,
1305 3620 1475 3676 usque
1507 3605 1576 3660 ad
1623 3607 1759 3661 mis-

166 3699 274 3740 sam
305 3695 519 3742 tantum
549 3688 1063 3744 cathecumenorum
1093 3691 1148 3744 in
1179 3691 1431 3747 Ecclesia
1478 3695 1763 3749 admittan-

166 3783 284 3841 tur;
318 3792 445 3831 cum
479 3775 678 3848 quibus
727 3777 911 3844 etiam,
952 3793 1054 3834 nec
1102 3780 1280 3834 cibum
1329 3797 1544 3837 sumere
1589 3783 1760 3838 ullum

167 3862 619 3928 Christianorum,
672 3863 809 3920 sicut
853 3867 1145 3938 Apostolus
1185 3868 1367 3936 jussit,
1420 3878 1650 3941 oportet.
1695 3871 1762 3926 Et

165 3951 285 4008 hinc
315 3953 478 4024 plura
507 3969 574 4008 ex
606 3954 912 4009 canonibus
943 3955 1312 4025 potuissemus
1359 3973 1677 4031 congerere,
1719 3960 1766 4015 si

167 4039 372 4096 incestu
427 4041 802 4098 intercedente
841 4044 987 4115 quod
1037 4045 1342 4116 Stephanus
1378 4047 1653 4113 devitavit,
1702 4064 1761 4104 se

169 4136 215 4184 et
243 4145 476 4186 uxorem
507 4145 665 4186 suam
694 4139 922 4203 prOpter
949 4132 1052 4188 hoc
1081 4149 1308 4190 necesse
1338 4135 1529 4190 fuisset
1560 4136 1764 4206 disjun-

166 4234 306 4290 gere.
342 4220 504 4276 Nunc
547 4228 746 4287 autem,
796 4237 867 4276 ne
916 4222 1141 4293 nuptiali
1187 4223 1513 4280 simulationi
1563 4241 1760 4297 super-

166 4308 394 4364 addatur
428 4309 692 4376 incestus,
744 4309 1001 4382 quoniam
1049 4318 1262 4383 oportet
1305 4329 1417 4379 eos,
1471 4321 1524 4368 et
1578 4329 1757 4370 coram

165 4396 354 4452 divinis
383 4405 437 4453 et
468 4413 658 4454 coram
686 4399 938 4454 humanis
968 4400 1142 4456 oculis
1174 4400 1419 4472 legaliter
1440 4417 1500 4457 ac
1522 4403 1760 4458 rationa-

1859 520 1997 560 uxor
2043 507 2382 579 astringitur.
2454 509 2562 565 Sed
2609 511 2923 581 videndum,
2974 523 3030 569 ut
3077 518 3347 587 quomodo
3397 519 3453 574 in

1860 593 2071 649 Christo
2101 602 2156 650 et
2183 596 2239 650 in
2268 596 2516 654 Ecclesia
2544 607 2726 655 sancta
2757 601 3065 670 conjunctio
3096 613 3195 674 est,
3227 606 3301 660 ita
3331 606 3455 663 etin

1858 681 2088 739 muliere
2118 692 2304 741 sancta
2333 686 2401 741 sit
2432 688 2644 758 copula.
2697 689 2848 745 Sicut
2899 699 3078 747 autem
3123 708 3233 748 non
3279 695 3454 750 omnis

1860 775 2213 844 congregatio
2244 774 2620 832 haereticorum
2643 777 2841 833 Christi
2858 779 3106 835 Ecclesia
3126 781 3232 836 dici
3253 791 3451 852 potest,

1858 875 1960 915 nec
1988 869 2151 932 caput
2179 878 2369 918 eorum
2399 865 2640 921 Christus
2670 873 2786 936 est;
2821 867 2900 923 sic
2936 883 3047 924 non
3074 885 3234 924 omne
3265 871 3456 926 matri-

1859 948 2120 1015 monium,
2156 952 2301 1022 quod
2322 968 2430 1007 non
2462 953 2578 1009 viro
2609 972 2708 1010 suo
2739 957 3032 1012 secundum
3075 958 3272 1014 Christi
3309 975 3453 1031 prae-

1861 1045 2018 1107 cepta
2049 1039 2412 1112 conjungitur,
2453 1041 2551 1097 rite
2599 1045 2914 1114 conjugium
2937 1046 3203 1116 appellari
3251 1055 3450 1118 potest,

1861 1126 1954 1180 sed
1984 1127 2159 1197 magis
2189 1129 2530 1184 adulterium.
2563 1132 2642 1186 De
2672 1132 2868 1204 quibus
2899 1134 2974 1188 ita
3007 1134 3144 1191 sacri
3191 1135 3454 1191 definiunt

1860 1229 2098 1270 canones
2131 1233 2143 1270 :
2177 1217 2319 1273 Sane
2333 1219 2526 1288 quibus
2541 1221 2858 1290 conjunctio
2882 1222 3070 1278 illicita
3089 1223 3451 1290 interdicitur,

1860 1303 2133 1358 habebunt
2180 1305 2402 1361 ineundi
2450 1308 2692 1364 melioris
2747 1311 2986 1383 conjugii
3034 1311 3349 1368 libertatem.
3385 1313 3454 1368 Et

1859 1391 1912 1444 in
1944 1395 2153 1463 synodo
2176 1395 2321 1465 apud
2353 1395 2592 1466 Liptinas
2629 1398 2743 1464 (an.
2803 1401 2928 1469 743)
2977 1399 3174 1467 habita,
3221 1401 3308 1458 cui
3348 1401 3450 1456 sub

1861 1475 2219 1532 Carlomanno
2249 1478 2495 1550 principe
2528 1481 2796 1553 Georgius
2823 1483 3133 1554 episcopus,
3186 1493 3238 1540 et
3279 1486 3448 1540 Joan-

1859 1580 1957 1618 nes
1984 1565 2315 1634 sacellarius,
2349 1583 2414 1624 ac
2445 1577 2665 1624 sanctus
2694 1570 3017 1637 Bonifacius,
3060 1588 3126 1627 ex
3178 1581 3449 1644 praecepto

1859 1654 2131 1710 Zachariae
2159 1670 2312 1725 papa:
2342 1658 2736 1727 praesederunt,
2779 1659 2996 1730 legitur,
3030 1667 3089 1714 ut
3118 1660 3165 1714 si
3193 1659 3276 1716 vir
3323 1677 3448 1716 mu-

1859 1741 1980 1797 lieri
2009 1743 2369 1813 desponsatas,
2403 1746 2620 1810 dotatae,
2653 1761 2718 1802 ac
2745 1747 2976 1818 publicis
3024 1749 3224 1820 nuptiis
3270 1749 3448 1805 ductae

1862 1827 2162 1883 secundum
2181 1829 2496 1899 Apostolum
2519 1829 2760 1885 debitum
2789 1832 3071 1904 conjugale
3127 1849 3236 1887 non
3254 1841 3452 1905 potue-

1860 1915 1928 1969 rit
1958 1916 2204 1985 reddere,
2233 1924 2284 1972 et
2315 1919 2417 1974 hoc
2453 1925 2546 1973 aut
2595 1919 2879 1974 amborum
2930 1920 3294 1988 confessione,
3356 1929 3450 1978 aut

1861 2012 2006 2059 certa
2047 2005 2286 2076 qualibet
2333 2007 2724 2077 approbatione
2764 2007 2925 2064 fuerit
2971 2009 3336 2077 manifestum,
3394 2018 3454 2066 ut

1863 2103 2198 2164 separentur,
2253 2103 2305 2150 et
2355 2096 2569 2166 mulier,
2611 2097 2657 2151 si
2695 2113 2754 2152 se
2801 2098 3080 2155 continere
3127 2099 3446 2172 nequiverit,

1862 2180 2020 2236 alteri
2050 2182 2166 2238 viro
2193 2182 2440 2256 legaliter
2466 2185 2650 2241 nubat.
2685 2185 2968 2254 Videlicet,
3002 2188 3126 2260 quia
3154 2189 3451 2244 secundum

1863 2269 2236 2327 difiinitionem
2266 2273 2439 2329 sancti
2468 2274 2662 2329 Leonis
2691 2290 2868 2345 papae,
2903 2284 2956 2332 et
2983 2277 3325 2332 traditionem
3347 2278 3450 2334 do-

1862 2366 2068 2414 ctorum
2117 2360 2366 2432 superius
2413 2362 2858 2429 demonstratam,
2924 2363 3147 2419 dubium
3192 2382 3300 2420 non
3350 2373 3451 2432 est,

1864 2463 1984 2502 eam
1996 2448 2280 2506 mulierem
2300 2466 2411 2505 non
2437 2451 2715 2521 pertinere
2736 2452 2805 2506 ad
2826 2453 3247 2521 matrimonium,
3271 2454 3326 2509 in
3347 2470 3454 2526 qua

1864 2537 2241 2605 conjunctione
2271 2555 2498 2594 sexuum
2527 2554 2636 2595 non
2682 2541 2906 2594 docetur
2935 2541 3130 2596 Christi
3159 2550 3212 2598 et
3257 2543 3450 2598 Eccle-

1865 2625 1960 2679 sia:
1991 2635 2412 2693 sacramentum,
2437 2628 2540 2683 hoc
2564 2636 2644 2683 est
2665 2628 2904 2699 nuptiale
2924 2628 3093 2686 fuisse
3113 2631 3452 2702 mysterium.

1934 2713 2102 2769 Multo
2131 2715 2309 2786 magis
2337 2723 2521 2772 autem
2549 2716 2879 2784 hujusmodi,
2912 2718 2981 2772 de
3011 2733 3117 2789 quo
3147 2719 3345 2791 agitur,
3371 2735 3458 2775 se-

1865 2809 2060 2872 parato
2085 2804 2360 2876 conjugio,
2393 2804 2558 2862 aliam
2588 2804 2837 2877 legaliter
2865 2805 3013 2862 adire
3060 2806 3245 2863 licebit
3291 2821 3460 2879 copu-

1867 2889 1995 2958 lam,
2030 2892 2119 2962 qui
2149 2892 2494 2948 concubitum
2522 2908 2630 2949 non
2663 2894 2924 2949 contraxit
2969 2893 3284 2965 impotentia
3330 2911 3458 2951 car-

1866 2979 1970 3048 nis,
2005 2981 2104 3035 sed
2133 2981 2438 3037 reverentia
2465 2981 2678 3037 mentis.
2711 2982 2772 3036 In
2802 2981 2997 3053 copula
3017 2983 3456 3057 veroconjugali.

1817 3129 1836 3150 _‘
1867 3067 1922 3121 in
1954 3085 2058 3139 qua
2103 3069 2547 3140 desponsatione,
2600 3070 2876 3125 dotatione
2924 3077 2976 3125 et
3015 3071 3318 3142 nuptiarum
3370 3087 3433 3128 sa

1863 3164 2161 3222 cramento,
2195 3156 2441 3227 corporis
2473 3156 2698 3225 scilicet,
2731 3157 2949 3223 unitate,
2985 3159 3181 3215 Christi
3204 3167 3257 3215 et
3272 3159 3459 3216 Eccle-

1866 3243 1960 3299 siae
1988 3245 2211 3299 docetur
2240 3243 2409 3300 fuisse
2449 3245 2788 3315 mysterium,
2844 3247 2951 3301 nisi
2994 3255 3168 3304 morte
3212 3247 3458 3320 corporis

1865 3332 2258 3400 intercedente,
2293 3333 2533 3404 conjugii
2562 3351 2673 3388 non
2701 3334 2901 3406 poterit
2929 3333 3126 3391 solutio
3154 3334 3290 3404 fieri,
3316 3335 3458 3392 sicut

1865 3421 2178 3492 evangelica
2209 3429 2261 3477 et
2289 3422 2580 3494 apostolica
2609 3430 2840 3478 testatur
2877 3424 3192 3490 auctoritas,
3245 3432 3298 3481 et
3344 3440 3461 3482 om-

1865 3510 2016 3565 nium
2047 3511 2437 3567 catholicorum
2459 3512 2743 3568 doctorum
2777 3512 2996 3567 chorus.
3031 3514 3098 3567 Et
3124 3513 3312 3568 beatus
3343 3515 3459 3569 Au-

1864 3600 2116 3670 gustinus
2165 3600 2221 3653 in
2268 3599 2409 3655 libro
2466 3600 2534 3655 de
2583 3599 2902 3655 adulterinis
2960 3600 3240 3672 Conjugiis
3281 3601 3454 3658 dicit:

1867 3687 2134 3754 Quoniam
2164 3688 2209 3742 si
2240 3689 2327 3744 vel
2354 3702 2453 3760 pro
2482 3688 2806 3744 intolerabili
2837 3703 2903 3745 ac
2929 3687 3186 3744 diuturna
3231 3688 3461 3746 infirmi-

1867 3783 1970 3830 tate
2001 3776 2343 3832 concubitum
2374 3777 2455 3832 vir
2483 3792 2759 3844 exercere,
2793 3785 2887 3832 aut
2931 3777 3137 3835 femina
3191 3779 3462 3837 sustinere

1863 3864 2186 3936 nequiverit,
2218 3881 2320 3922 nec
2351 3866 2512 3922 etiam
2542 3881 2640 3938 pro
2689 3867 2987 3934 sterilitate,
3037 3883 3132 3923 seu
3181 3867 3463 3940 religionis

1863 3955 2218 4030 continentia,
2251 3962 2345 4010 aut
2371 3971 2474 4027 pro
2503 3955 2609 4010 alia
2639 3956 2878 4027 qualibet
2908 3963 3133 4028 excepta
3163 3955 3463 4014 fornicatio-

1862 4043 1946 4097 nis
1977 4059 2162 4110 causa,
2197 4043 2278 4100 vir
2307 4051 2361 4099 et
2389 4059 2546 4109 uxor,
2588 4043 2844 4116 legaliter
2892 4052 2947 4100 et
2992 4045 3198 4102 carnali
3241 4046 3462 4102 commi-

1861 4132 2037 4188 stione
2067 4132 2359 4202 conjuncti,
2394 4133 2635 4204 separari
2665 4148 2774 4188 non
2802 4132 3081 4189 valebunt.
3105 4134 3458 4206 Quapropter

1860 4221 1999 4276 hanc
2026 4220 2208 4292 legem
2237 4236 2271 4275 a
2300 4219 2531 4276 Domino
2565 4219 2853 4275 audientes
2883 4221 3137 4292 discipuli
3166 4223 3459 4278 dixerunt:

1866 4309 1924 4364 Si
1941 4309 2054 4364 hwc
2076 4324 2247 4364 causa
2259 4309 2344 4364 ita
2360 4325 2490 4364 cum
2506 4324 2684 4364 uxore
2707 4309 3084 4376 habetur,non
3100 4310 3330 4382 expedit
3345 4326 3454 4367 mt-

1861 4397 1983 4452 bere
1997 4398 2222 4467 (Matth.
2253 4397 2400 4469 xm).
2425 4397 2549 4454 Non
2570 4405 2749 4454 tamen
2768 4413 2871 4470 pro
2891 4399 2995 4455 hoc
3017 4399 3282 4456 Dominus
3301 4415 3453 4456 suam

164 4485 334 4541 biliter
363 4487 627 4560 disjungi,
662 4487 755 4560 qui
782 4503 892 4544 non
935 4488 1184 4561 legaliter
1231 4491 1286 4544 in
1333 4491 1512 4545 divina
1549 4491 1758 4561 justitia
1785 4482 2084 4546 Dmutavit
2111 4487 2453 4543 sententiam.
2477 4487 2634 4543 Unde
2657 4495 2710 4543 et
2748 4487 2858 4544 Leo
2898 4488 2969 4544 ad
3008 4488 3252 4545 Nicetam
3281 4487 3456 4560 Aqui-

165 4573 258 4629 visi
288 4574 446 4631 fuere
477 4576 795 4646 conjuncti;
826 4576 954 4633 talia
983 4586 1298 4633 sanctorum
1337 4579 1558 4635 Patrum
1587 4581 1756 4637 done-

165 4678 276 4720 mus
304 4665 636 4734 testimonia,
671 4682 790 4738 qua:
819 4667 889 4721 ad
921 4668 1188 4740 agendam
1229 4684 1453 4726 causam
1492 4669 1600 4724 sint
1646 4687 1758 4726 ma-

165 4752 510 4810 nifestissime
540 4754 888 4825 pertinentia.

230 4843 460 4899 Sanctus
491 4843 815 4899 Ambrosius
861 4843 917 4898 in
969 4845 1271 4917 Epistolam
1324 4848 1394 4902 ad
1451 4847 1758 4904 Corinthios

165 4931 281 4987 dicit
316 4951 329 4987 :
363 4934 488 4988 Non
519 4940 603 4988 est
634 4933 777 4988 enim
808 4932 993 5004 frater,
1028 4943 1123 4990 aut
1145 4950 1314 5002 soror,
1350 4937 1593 4993 servituti
1623 4937 1758 4992 sub-

161 5019 326 5086 jectus
358 5021 414 5076 in
445 5021 736 5090 ejusmodi,
770 5023 874 5078 hoc
904 5031 1005 5088 est,
1037 5039 1146 5079 non
1193 5025 1356 5080 debet
1402 5026 1758 5081 reverentiam

165 5111 414 5183 conjugii,
451 5110 503 5165 ei
535 5111 629 5182 qui
657 5111 867 5166 horruit
893 5120 1171 5168 auctorem
1200 5114 1583 5185 conjugii.Non
1616 5115 1759 5169 enim

171 5206 335 5254 ratum
365 5208 449 5256 est
478 5199 886 5255 matrimonium
917 5202 1063 5273 quod
1093 5201 1209 5257 sine
1229 5204 1443 5258 Domini
1473 5204 1759 5260 devotione

168 5296 256 5342 est.
289 5291 356 5343 Et
387 5295 611 5344 sanctus
631 5289 998 5360 Hieronymus
1029 5291 1085 5344 in
1111 5291 1268 5346 tertio
1300 5292 1440 5346 libro
1471 5292 1761 5348 commenti

167 5373 414 5447 Epistolas
449 5377 602 5432 Pauli
633 5378 700 5431 ad
730 5378 1000 5448 Ephesios
1033 5396 1045 5432 :
1079 5379 1363 5447 Quomodo
1389 5381 1567 5452 itaque
1598 5381 1758 5436 Chri-

169 5472 242 5519 sto
271 5467 521 5536 subjecta
555 5475 638 5520 est
667 5465 930 5535 Ecclesia,
967 5468 1044 5523 sic
1069 5469 1310 5537 subjecta
1342 5469 1409 5521 sit
1456 5485 1594 5524 uxor
1641 5471 1759 5525 viro

171 5568 274 5611 suo.
307 5556 486 5625 Quem
518 5555 667 5611 enim
695 5555 858 5611 habet
886 5556 1248 5628 principatum
1283 5564 1336 5614 et
1369 5556 1757 5626 subjectionem

1857 4574 2118 4630 leiensem
2147 4575 2460 4647 episcopum
2491 4576 2725 4648 scripsit,
2758 4583 2814 4632 ut
2838 4576 2884 4632 si
2911 4593 3013 4648 per
3041 4577 3289 4633 bellicam
3337 4576 3450 4632 cla-

1859 4664 2004 4731 dem,
2037 4671 2088 4720 et
2118 4664 2476 4737 gravissimos
2505 4665 2813 4720 hostilitatis
2841 4665 3109 4731 incursus,
3162 4664 3246 4719 ira
3292 4680 3447 4736 quae-

1858 4753 1985 4808 dam
2013 4752 2213 4808 fuerint
2239 4754 2413 4809 divisa
2440 4754 2713 4827 conjugia,
2744 4761 2802 4808 ut
2846 4751 3090 4808 abductis
3117 4752 3175 4808 in
3223 4754 3449 4826 captivi-

1859 4851 2024 4898 tatem
2062 4842 2214 4912 viris,
2249 4843 2462 4899 feminae
2509 4859 2700 4899 eorum
2743 4841 3106 4897 remanserint
3152 4843 3442 4916 destitutae,

1859 4947 1980 5003 quae
2006 4932 2154 4987 viros
2183 4933 2451 5003 proprios,
2481 4940 2575 4987 aut
2601 4931 2952 5001 interemptos
2980 4932 3303 5002 putaverint,
3354 4941 3448 4990 aut

1859 5036 2134 5092 nunquam
2155 5037 2186 5075 a
2207 5021 2572 5076 dominatione
2594 5018 2827 5074 hostium
2851 5018 3185 5077 crediderint
3206 5021 3445 5078 liberan-

1859 5110 1980 5176 dos,
2010 5109 2066 5164 in
2096 5110 2324 5165 aliorum
2371 5108 2663 5180 conjugum
2704 5107 2986 5179 amplexus
3035 5108 3323 5167 solitudine
3361 5125 3447 5167 co-

1859 5207 2023 5272 gente
2052 5197 2379 5263 transierint,
2405 5196 2532 5268 quia
2552 5211 2586 5252 a
2605 5196 2836 5253 Domino
2858 5199 3120 5270 scriptum
3147 5207 3230 5255 est
3262 5217 3275 5254 :
3306 5201 3449 5256 Jun-

1857 5290 2012 5360 gitur
2026 5290 2235 5344 mulier
2253 5288 2368 5343 viro
2391 5305 2409 5354 ;
2443 5292 2496 5340 et
2529 5302 2541 5339 :
2581 5287 2730 5354 Quod
2745 5288 2890 5344 Deus
2901 5289 3128 5360 junxit,
3153 5289 3312 5344 homo
3330 5304 3444 5345 non

1859 5382 2081 5449 separet
2101 5376 2299 5447 (ibid),
2336 5374 2380 5428 si
2410 5375 2636 5446 reversi,
2671 5375 2759 5432 vel
2789 5385 2957 5448 raptae
2987 5393 3223 5434 reversa;
3247 5375 3447 5433 fuerint

1860 5465 2137 5536 conjuges,
2173 5463 2412 5534 legitima
2441 5462 2647 5520 foedera
2692 5465 3000 5535 nuptiarum
3029 5464 3450 5538 redintegranda

1860 5561 2162 5634 perdocuit.
2201 5560 2318 5617 Nec
2354 5567 2536 5618 tamen
2582 5571 2844 5634 tanquam
2888 5578 3242 5634 pervasorem
3290 5576 3451 5636 quem
