4026 6320
538 238 638 292 143

1454 228 1797 285 HINCMARI
1850 223 2249 284 RHEMENSIS
2307 227 2856 286 ARCHIEPISCOPI.

3725 230 3840 284 144

542 375 705 433 quam
723 357 979 428 judicari,
1011 356 1102 430 qui
1131 370 1422 427 personam
1452 355 1567 424 ejus
1595 353 1778 410 mariti
1799 353 1885 410 vel
1930 351 2136 416 uxoris,
2169 350 2223 409 A
2245 352 2444 423 quippe
2474 370 2606 409 usus
2636 370 2694 409 se
2724 354 2799 408 ita
2827 353 3008 419 habet,
3035 360 3093 407 ut
3124 352 3169 407 si
3201 352 3330 424 quid
3374 352 3430 408 in
3461 352 3540 409 eis
3568 368 3666 423 per
3694 368 3836 410 car-

540 447 633 520 qui
662 445 747 502 vel
780 463 901 518 quae
928 446 1043 515 jam
1074 460 1183 500 non
1221 443 1605 507 aestimabatur,
1652 442 1985 512 assumpsit;
2037 439 2135 495 sed

538 534 870 606 inculpabile
894 532 1249 603 judicandum
1299 532 1444 604 quod
1490 531 1791 587 necessitas
1837 528 2031 593 intulit,
2083 535 2137 582 et

536 622 931 679 restituendum
966 620 1114 694 quod
1144 619 1279 676 ﬁdes
1308 620 1577 691 p0poscit.
1630 617 1885 674 Mulieres
1931 624 2129 681 autem,

535 711 624 769 vel
651 711 818 777 viros,
851 709 1218 782 posteriorum
1247 708 1484 764 virorum
1523 707 1611 763 vel
1640 722 1866 764 uxorum
1896 703 2136 760 delecta-

534 799 682 857 tione
712 807 922 871 captos,
957 805 1011 855 et
1031 796 1101 853 ad
1121 797 1362 870 priorum
1379 795 1673 869 conjugum
1695 809 1935 850 amorem
1956 792 2132 850 redire

535 888 806 954 nolentes,
841 886 1223 943 communione
1252 884 1459 957 privari
1489 883 1752 939 decrevit.

606 977 675 1033 Et
700 976 828 1049 quia
860 973 1248 1031 ecclesiasticae
1275 972 1485 1046 regulae
1514 972 1583 1027 de
1614 972 1697 1026 his
1728 970 1891 1026 etiam
1940 967 2132 1025 deﬁni-

534 1064 698 1121 tionis
729 1062 1050 1120 sententiam
1070 1060 1367 1135 proferunt,
1394 1060 1485 1133 qui
1508 1058 1946 1131 sponsalitiorum
1968 1056 2132 1113 ﬁdem

536 1151 855 1225 infringunt,
888 1152 1103 1208 videtur
1130 1149 1309 1216 nobis,
1343 1154 1450 1205 non
1480 1148 1780 1204 secundum
1838 1146 2132 1202 auctorita-

535 1250 644 1298 tem
664 1241 981 1314 promendo,
1036 1239 1134 1295 sed
1164 1235 1469 1304 consilium,
1504 1236 1551 1291 si
1580 1236 1721 1292 forte
1763 1235 1920 1291 vobis
1948 1234 2024 1289 ita
2044 1232 2130 1289 vi-

534 1346 654 1385 sum
685 1329 862 1395 fuerit,
888 1329 1090 1395 dando,
1122 1334 1179 1382 ut
1210 1326 1338 1399 quia
1358 1325 1684 1395 Stephanus,
1714 1323 1758 1379 si
1785 1322 2131 1395 sponsalitio-

536 1433 654 1473 rum
674 1416 838 1472 ﬁdem
858 1414 1134 1487 fregisset,
1159 1413 1455 1470 secundum
1481 1412 1661 1485 legem
1673 1411 1887 1468 civilem
1908 1409 2130 1465 multam

534 1505 851 1563 eorumdem
881 1502 1326 1575 sponsalitiorum
1367 1501 1702 1572 judicaretur
1750 1514 2077 1571 componere
2111 1514 2126 1552 :

534 1600 587 1651 et
614 1594 734 1665 ipsa
764 1592 961 1664 puella,
993 1599 1117 1663 post
1164 1589 1554 1662 dcsponsalitia
1601 1589 1782 1644 dotem
1827 1594 2126 1658 acceptam,

2234 440 2320 494 nis
2350 442 2781 497 commistionem
2813 440 2925 507 fiat,
2962 442 3107 513 quod
3138 441 3349 496 excedit
3378 442 3679 514 generandi
3726 457 3841 495 ne-

2234 530 2562 600 cessitatem,
2597 531 2844 601 quamvis
2866 531 3149 587 venialiter
3196 529 3397 586 factum
3443 531 3839 586 contaminatio

2235 617 2321 672 sit.
2356 619 2421 674 Et
2451 626 2575 688 post
2595 618 2873 691 paululum
2900 634 2913 674 :
2946 620 3153 675 Bonum
3182 619 3346 692 igitur
3372 619 3696 690 nuptiarum,
3727 636 3840 691 per

2233 720 2422 761 omnes
2449 716 2642 778 gentes
2671 716 2833 778 atque
2862 708 3109 764 homines
3139 709 3195 763 in
3210 723 3377 763 causa
3404 708 3704 781 generandi
3721 715 3833 774 est,

2205 800 2286 851 .et
2315 794 2371 849 in
2398 792 2506 850 tide
2533 795 2836 863 castitatis;
2884 796 3030 867 quod
3086 804 3266 851 autem
3311 796 3380 851 ad
3416 797 3677 868 papulum
3725 797 3837 852 Dei

2231 883 2487 953 pertinet,
2521 882 2763 939 etiamin
2793 885 3077 940 sanctitate
3122 885 3464 954 sacramenti,
3515 901 3615 955 per
3660 900 3837 957 quam

2232 968 2388 1025 nefas
2419 979 2502 1027 est
2532 974 2695 1028 etiam
2726 972 2954 1044 repudio
2994 973 3363 1028 discedentem
3393 972 3550 1029 alteri
3595 974 3829 1043 nubere,

2227 1058 2361 1114 dum
2395 1060 2587 1128 conjux
2619 1062 2738 1130 ejus
2766 1061 2914 1126 vivit,
2966 1077 3069 1117 nec
3116 1061 3309 1117 saltem
3357 1061 3473 1133 ipsa
3522 1076 3688 1119 causa
3732 1078 3839 1134 pa-

2230 1148 2427 1214 riendi,
2458 1165 2578 1220 quae
2608 1164 2730 1206 cum
2763 1150 2879 1205 sola
2908 1151 2977 1206 sit
3004 1166 3111 1222 qua
3141 1151 3341 1221 nuptiae
3363 1151 3515 1217 tiunt,
3534 1167 3635 1207 nec
3660 1167 3728 1207 ea
3766 1169 3835 1207 re

2230 1252 2338 1291 non
2373 1237 2759 1308 subsequente,
2793 1246 3016 1310 propter
3043 1254 3206 1310 quam
3243 1237 3397 1305 fiunt,
3430 1240 3655 1295 solvitur
3699 1240 3833 1296 vin-

2229 1325 2412 1381 culum
2443 1326 2699 1396 nuptiale,
2735 1326 2840 1381 nisi
2870 1327 3119 1400 conjugis
3148 1335 3340 1383 morte.

2300 1415 2366 1467 Et
2384 1414 2563 1468 statim
2582 1414 2649 1469 de
2680 1415 3022 1471 ordinatione
3044 1416 3177 1471 cleri
3194 1415 3261 1470 ad
3280 1415 3497 1487 plebem
3521 1418 3832 1489 supposuit,

2227 1501 2331 1555 sub
2362 1518 2470 1573 quo
2501 1518 2665 1558 sensu
2694 1505 2748 1558 in
2778 1502 2917 1559 libro
2946 1504 3014 1559 de
3042 1505 3258 1575 Nuptiis
3293 1512 3346 1560 et
3376 1506 3835 1577 Concupiscentia

2226 1588 2357 1645 dicit
2390 1607 2403 1643 :
2440 1591 2516 1645 Ita
2546 1599 2725 1647 manet
2754 1592 2915 1647 etiam
2944 1593 3083 1649 inter
3130 1593 3375 1649 viventes
3404 1594 3658 1665 quiddam
3687 1610 3832 1651 con-

478 1684 486 1697 '
534 1697 699 1755 quam
729 1682 798 1737 de
828 1681 1027 1753 seipsa,
1078 1679 1125 1733 si
1172 1678 1462 1735 carnaliter
1503 1678 1843 1749 jungeretur,
1897 1674 2129 1731 mercari
2159 1705 2211 1764 Β
2228 1678 2429 1751 jugale,
2463 1680 2607 1751 quod
2638 1694 2740 1736 nec
2770 1681 3131 1752 separatione,
3165 1698 3268 1738 nec
3296 1699 3420 1738 cum
3448 1682 3617 1739 altero
3646 1699 3831 1756 copu-

534 1771 820 1836 debuerat,
870 1776 929 1824 ut
978 1768 1229 1825 eamdem
1276 1768 1461 1823 dotem
1509 1766 1713 1821 habere
1759 1780 1870 1821 non
1907 1764 2125 1831 debeat,

534 1856 643 1915 non
692 1859 832 1930 ipsa,
886 1857 983 1913 sed
1028 1856 1355 1927 Stephanus,
1404 1861 1463 1909 ut
1520 1853 1755 1918 videtur,
1810 1852 2127 1919 commisit;

534 1948 732 2004 habeat
770 1946 891 2002 loco
940 1946 1124 2000 multae
1190 1943 1631 2016 sponsalitiorum
1694 1942 1875 1997 dotem
1922 1956 1955 1997 a
2003 1941 2128 1996 Ste-

534 2036 714 2109 phano
745 2034 851 2090 sibi
879 2034 1083 2103 datam,
1114 2040 1168 2088 et
1215 2048 1337 2089 cum
1383 2031 1577 2088 eadem
1623 2031 1749 2087 dote.
1795 2029 1936 2101 patri
1979 2029 2131 2084 resti-

533 2132 737 2190 tuatur,
772 2131 823 2179 et
852 2123 1016 2177 nubat
1044 2128 1332 2192 parentum
1362 2119 1590 2176 consilio
1623 2119 1709 2175 cui
1737 2118 1871 2185 vult,
1923 2125 2129 2195 tantum

532 2212 591 2268 in
624 2212 879 2281 Domino,
912 2211 1090 2283 sitque
1118 2225 1221 2281 pax
1252 2210 1393 2264 inter
1419 2215 1672 2281 parentes
1693 2208 1810 2277 ejus
1830 2214 1884 2263 et
1905 2206 2130 2277 Stepha-

535 2318 685 2357 num.
721 2303 789 2357 Et
817 2315 887 2355 ne
916 2299 1037 2371 quis
1065 2306 1257 2372 argute
1306 2297 1393 2353 his
1441 2312 1562 2369 quae
1607 2296 1889 2368 posuimus
1934 2295 2126 2351 volens

532 2390 792 2446 resistere
822 2388 1017 2445 dicat:
1053 2387 1111 2444 Si
1158 2387 1258 2442 dos
1303 2385 1566 2452 manebit,
1622 2392 1675 2441 et
1730 2383 2126 2456 desponsalitia

530 2483 694 2550 atque
723 2477 1013 2534 celebrata:
1032 2474 1235 2546 nuptiae
1265 2490 1374 2529 non
1390 2482 1683 2548 negantur,
1709 2471 1983 2545 quomodo
2005 2487 2128 2527 esse

528 2566 748 2637 poterit,
782 2572 918 2620 utet
956 2564 1265 2635 Stephanus
1294 2562 1540 2629 maritus,
1591 2569 1643 2617 et
1701 2561 1793 2615 illa
1838 2575 1974 2617 uxor
2019 2575 2127 2615 non

528 2659 785 2710 maneant
816 2657 838 2707 ?
867 2659 960 2707 aut
990 2652 1263 2724 quomodo
1301 2650 1389 2705 ille
1441 2650 1599 2706 alteri
1652 2648 1868 2705 feminae
1888 2691 1901 2714 ,
1935 2655 1987 2703 et
2034 2648 2128 2703 illa

530 2740 688 2799 alteri
716 2741 832 2797 viro
862 2757 922 2796 se
951 2740 1069 2795 sine
1116 2739 1386 2795 adulterio
1433 2739 1770 2811 conjungere
1818 2745 2073 2809 poterunt
2099 2737 2127 2791 ?

527 2829 834 2903 praesertim
866 2844 992 2886 cum
1019 2828 1165 2884 idem
1195 2835 1419 2883 sanctus
1448 2827 1782 2898 Augustinus
1814 2826 1869 2880 in
1900 2824 2127 2897 praefato

525 2917 668 2975 libro
697 2918 766 2974 de
797 2919 944 2973 Bono
975 2916 1215 2988 conjugii
1245 2916 1392 2971 dicat
1424 2932 1437 2969 :
1471 2915 1528 2970 Si
1570 2913 1666 2969 ﬁat
1696 2914 1971 2969 ordinatio
1992 2913 2127 2969 cleri

527 3007 599 3064 ad
618 3006 837 3079 plebem
860 3004 1322 3076 congregandam,
1345 3002 1559 3059 etiamsi
1579 3002 1753 3074 plebis
1775 3002 2125 3075 congregatio

525 3112 635 3152 non
665 3095 1046 3167 subsequatur,
1077 3101 1260 3148 manet
1305 3100 1485 3149 tamen
1513 3092 1571 3146 in
1597 3091 1707 3147 illis
1737 3091 2003 3147 ordinatis
2032 3107 2126 3146 sa-

528 3192 869 3243 cramentum
916 3182 1273 3238 ordinationis
1308 3199 1323 3236 :
1355 3188 1408 3238 et
1454 3182 1501 3236 si
1547 3179 1729 3253 aliqua
1776 3180 1931 3253 culpa
1977 3179 2117 3252 quis-

528 3287 693 3346 quam
721 3273 792 3327 ab
822 3269 1000 3327 oﬁicio
1021 3285 1120 3325 suo
1148 3276 1515 3339 removeatur,
1541 3277 1881 3325 sacramento
1905 3268 2126 3324 Domini

528 3360 696 3417 semel
727 3357 981 3431 imposito
1011 3373 1122 3413 non
1167 3357 1392 3422 carebit,
1444 3357 1693 3429 quamvis
1748 3356 1819 3411 ad
1860 3356 2125 3425 judicium

524 3454 880 3521 permanente
915 3463 929 3504 :
962 3445 1042 3503 sic
1071 3452 1125 3501 et
1149 3445 1205 3500 in
1234 3444 1353 3500 istis
1399 3444 1844 3516 desponsatione,
1893 3444 2125 3500 dotatio-

525 3552 615 3603 ne,
649 3544 703 3592 et
748 3534 949 3606 nuptiis
987 3534 1452 3606 permanantibus,
1503 3532 1790 3606 conjugale
1850 3532 2125 3589 vinculum

524 3625 879 3698 permanebit,
931 3631 985 3679 et
1035 3623 1195 3678 alteri
1242 3638 1402 3678 nemo
1454 3637 1662 3688 eorum,
1687 3621 2127 3691 nisicujuslibet

528 3729 595 3770 ex
626 3712 706 3768 eis
736 3718 908 3767 morte
936 3710 1328 3778 intercedente,
1364 3711 1482 3766 sine
1504 3710 1772 3767 adulterio
1820 3726 1879 3766 se
1927 3710 2125 3782 poterit

519 3802 778 3874 jungere.
811 3799 1025 3865 Audiat,
1061 3799 1107 3854 si
1137 3799 1257 3871 quis
1302 3800 1421 3855 haec
1468 3798 1629 3855 fuerit
1674 3807 1904 3855 conatus
1952 3815 2124 3871 oppo-

525 3905 678 3955 nere,
713 3888 842 3960 quia
887 3888 957 3942 de
1004 3887 1246 3943 dotalitio
1293 3887 1490 3959 puellae
1537 3888 1809 3953 habendo,
1862 3903 1972 3943 non
2020 3888 2124 3943 nisi

522 3985 749 4051 propter
777 3975 1208 4048 paciﬁcationem
1237 3984 1527 4047 parentum
1576 3977 1690 4046 ejus
1740 3984 1793 4032 et
1843 3976 2119 4047 Stephani,

525 4067 649 4122 loco
676 4064 858 4120 multae
888 4063 1178 4120 fractorum
1209 4064 1654 4136 sponsalitiorum
1674 4064 1928 4133 diximus,
1960 4079 2122 4136 quam

522 4153 750 4209 multam
779 4152 825 4206 si
860 4151 1125 4208 dissoluto
1148 4151 1387 4208 dotalitio
1409 4152 1603 4223 puellae
1624 4159 1877 4223 parentes
1900 4152 2123 4225 exigere

521 4241 832 4310 maluerint,
867 4248 959 4296 aut
987 4249 1210 4313 utraque
1239 4240 1542 4314 indulgere,
1576 4242 1664 4297 vel
1708 4248 1940 4311 utraque
1969 4256 2124 4312 repo-

526 4347 701 4398 scere,
734 4330 838 4400 ipsi
852 4329 1121 4396 ,viderint,
1155 4337 1204 4383 et
1232 4328 1447 4400 legibus
1479 4329 1729 4385 civilibus
1774 4329 2119 4384 eorumdem-

2230 1765 2434 1822 latione
2463 1769 2636 1839 possit
2666 1768 2891 1826 auferri.
2927 1771 3106 1826 Manet
3122 1781 3304 1827 autem
3325 1772 3393 1827 ad
3422 1787 3617 1827 noxam
3639 1774 3831 1829 crimi-

2230 1855 2334 1925 nis,
2371 1872 2476 1911 non
2508 1857 2578 1912 ad
2603 1857 2875 1913 vinculum
2898 1858 3120 1915 foederis
3144 1879 3158 1927 ;
3184 1860 3321 1916 sicut
3339 1869 3599 1932 apostatze
3619 1862 3827 1931 anima,

2232 1959 2351 2015 quae
2377 1945 2445 2000 de
2475 1946 2729 2019 conjugio
2760 1947 2959 2002 Christi
2990 1949 3274 2018 recedens,
3300 1949 3460 2005 etiam
3490 1948 3596 2006 ﬁde
3615 1952 3832 2022 perdita

2232 2042 2637 2089 sacramentum
2667 2033 2795 2091 fidei
2826 2052 2935 2091 non
2964 2038 3163 2107 amisit,
3196 2039 3339 2110 quod
3387 2038 3609 2096 lavacro
3654 2056 3829 2112 rege-

2230 2117 2528 2173 nerationis
2559 2128 2867 2190 acceperat.
2902 2120 3246 2177 Redderetur
3274 2124 3419 2179 enim
3446 2124 3637 2196 procul
3658 2125 3832 2181 dubio

2230 2206 2497 2273 redeunti,
2530 2207 2576 2262 si
2605 2208 2879 2264 amisisset
2908 2210 3230 2267 abscedens.

2298 2294 2369 2349 Et
2394 2294 2449 2349 in
2479 2296 2913 2367 pracedentibus
2963 2299 3132 2369 ipsius
3171 2299 3297 2355 libri
3345 2300 3474 2357 dicit
3521 2301 3589 2357 de
3640 2317 3830 2359 sacra-

2229 2391 2414 2439 mento
2441 2385 2745 2455 nuptiarum
2775 2405 2794 2442 :
2833 2387 3149 2459 Propterea,
3201 2388 3472 2461 inquiens,
3503 2405 3825 2448 sacramen-

2230 2478 2341 2525 tum
2374 2472 2682 2542 nuptiarum
2712 2474 2969 2545 temporis
2999 2476 3191 2543 nostri,
3224 2478 3305 2533 sic
3332 2478 3402 2533 ad
3431 2494 3595 2533 unum
3643 2480 3826 2536 virum

2232 2568 2284 2616 et
2316 2575 2541 2617 uxorem
2576 2563 2849 2618 redactum
2879 2571 2979 2630 est,
3016 2572 3073 2619 ut
3102 2564 3364 2621 Ecclesiae
3388 2566 3828 2639 dispensatorem

2231 2661 2342 2703 non
2371 2648 2535 2704 liceat
2560 2649 2836 2717 ordinare,
2869 2651 2973 2706 nisi
3003 2651 3163 2707 unius
3192 2653 3379 2708 uxoris
3415 2655 3607 2711 virum.
3661 2653 3825 2725 Quod

2230 2736 2438 2791 acutius
2462 2735 2862 2805 intellexerunt,
2896 2740 2988 2811 qui
3016 2756 3119 2797 nec
3148 2757 3294 2813 eum,
3343 2743 3435 2814 qui
3484 2745 3829 2801 catechume-

2229 2838 2333 2879 nus
2360 2823 2447 2880 vel
2476 2841 2723 2898 paganus
2753 2827 3003 2884 habuerit
3027 2828 3275 2898 alteram,
3300 2831 3657 2888 ordinandum
3693 2850 3824 2892 esse

2230 2921 2577 2969 censuerunt.
2613 2913 2691 2970 De
2721 2924 3065 2973 sacramento
3085 2919 3230 2973 enim
3259 2919 3457 2992 agitur,
3480 2936 3587 2978 non
3609 2921 3679 2978 de
3698 2937 3827 2995 pec-

2230 3008 2369 3056 cato.
2403 3001 2543 3056 Nam
2572 3002 2627 3056 iu
2657 3003 2926 3075 baptismo
2970 3015 3193 3077 peccata
3230 3009 3411 3063 omnia
3454 3009 3823 3069 dimittuntur.

2157 3058 2206 3121 Ο
2231 3089 2341 3145 Sed
2372 3089 2465 3162 qui
2492 3090 2626 3145 dixit
2658 3107 2672 3146 :
2704 3093 2765 3148 Si
2792 3097 3074 3167 acceperis
3094 3111 3333 3152 uxorem
3354 3115 3469 3154 non
3489 3103 3831 3171 peccasti,“

2226 3179 2277 3233 .ςὶ
2307 3180 2572 3250 nupserit
2596 3179 2747 3253 virgo
2764 3197 2878 3237 non
2895 3188 3107 3255 peccat,
3125 3189 3181 3239 et
3195 3186 3338 3257 quod
3355 3188 3476 3243 vult
3493 3191 3824 3259 faciat,non

2222 3268 2487 3339 peccatsi
2514 3268 2693 3324 nubat
2710 3269 2762 3341 (I
2798 3270 2917 3326 Cor.
2948 3273 3050 3343 vn)
3074 3291 3088 3339 ;
3120 3272 3251 3327 satis
3280 3273 3573 3331 declaravit
3599 3278 3826 3348 nuptias

2225 3354 2431 3410 nullum
2464 3372 2587 3412 esse
2635 3366 2935 3428 peccatum.
2990 3360 3216 3432 Propter
3263 3364 3589 3420 sacramenti
3637 3373 3825 3423 autem

2225 3443 2584 3514 sanctitatem,
2619 3445 2758 3502 sicut
2782 3448 3000 3515 femina,
3032 3449 3244 3506 etiamsi
3269 3453 3663 3510 catechumena
3691 3454 3825 3513 fue-

2224 3530 2297 3586 rit
2324 3532 2527 3602 vitiata,
2559 3544 2683 3605 post
2715 3535 3045 3606 baptismum
3076 3538 3130 3593 in
3158 3537 3259 3595 Dei
3303 3541 3574 3615 virginem
3620 3560 3824 3603 conse-

2225 3620 2390 3687 crari,
2424 3620 2498 3675 ita
2528 3637 2637 3677 non
2668 3620 2902 3680 absurde
2930 3625 3107 3682 visum
3137 3636 3238 3697 est,
3271 3645 3390 3684 eum
3441 3632 3533 3703 qui
3582 3636 3823 3691 excessit

2224 3723 2459 3763 uxorum
2507 3725 2791 3766 numerum
2837 3712 3193 3787 singularem,
3244 3733 3355 3773 non
3398 3729 3681 3791 peccatum
3725 3722 3825 3779 ali-

2225 3796 2371 3867 quod
2391 3799 2750 3865 commisisse,
2776 3802 2872 3858 sed
2888 3818 3137 3859 normam
3159 3807 3447 3876 quamdam
3468 3810 3716 3868 amisisse
3739 3828 3823 3869 sa-

2225 3899 2394 3953 cram,
2427 3901 2535 3942 non
2563 3888 2632 3943 ad
2661 3889 2784 3945 vitae
2813 3890 2971 3947 bona:
2998 3894 3267 3963 meritum,
3300 3897 3398 3951 sed
3427 3898 3497 3953 ad
3526 3900 3823 3959 ordinatio-

2223 3972 2309 4028 nis
2330 3973 2716 4032 ecclesiasticze
2753 3978 3090 4051 signaculum
3137 3985 3522 4042 necessariam.
3573 3988 3641 4044 Et
3686 3989 3822 4049 hinc

2223 4061 2387 4131 dicat,
2422 4064 2468 4119 si
2498 4063 2620 4136 quis
2651 4067 2721 4121 ad
2751 4067 2870 4124 haec
2898 4086 3017 4140 quae
3046 4072 3397 4142 praediximus
3426 4091 3700 4149 opponere
3742 4088 3823 4136 at-

2223 4153 2527 4220 tentaverit,
2560 4162 2613 4209 et
2643 4171 2787 4211 nunc
2818 4154 3124 4228 Stephanus
3152 4171 3324 4218 morte
3352 4174 3659 4235 praeventus
3688 4165 3820 4227 fue-

2221 4239 2307 4306 rit,
2340 4247 2393 4295 et
2414 4239 2509 4296 illa
2527 4241 2753 4311 intacta,
2778 4244 2916 4300 sicut
2927 4248 3189 4305 hactenus
3209 4261 3411 4320 manet,
3430 4258 3815 4328 permanserit,

2223 4334 2275 4383 et
2303 4328 2509 4386 nubere
2556 4346 2665 4387 non
2712 4333 2967 4401 voluerit,
3020 4337 3147 4407 quia
3175 4342 3561 4400 catechumena
3602 4346 3815 4419 vitiata,

525 4432 632 4489 que
659 4412 1022 4486 pacificationi
1046 4413 1241 4468 exinde
1270 4413 1577 4468 conveniat.
1600 4413 1713 4468 Nos
1744 4422 1945 4481 autem,
1972 4412 2114 4485 quod
2143 4414 2197 4476 D
2217 4425 2340 4488 post
2369 4418 2693 4489 baptismum
2722 4421 2777 4476 in
2808 4423 2907 4478 Dei
2934 4424 3201 4498 virginem
3241 4432 3550 4489 consecrari
3578 4451 3686 4491 non
3713 4412 3819 4509 po;

523 4503 591 4557 ad
640 4518 741 4557 nos
787 4499 1041 4573 pertinet,
1096 4507 1268 4554 astute
1317 4499 1456 4555 forte
1521 4501 1782 4572 quaerenti
1829 4502 2122 4572 responde-

524 4604 667 4659 mus,
719 4588 975 4663 quoniam
1025 4589 1160 4643 hanc
1218 4588 1680 4658 comparationem
1729 4589 1798 4643 de
1865 4590 2121 4646 ordinan-

527 4679 611 4735 dis
663 4679 896 4751 positam
963 4678 1156 4733 beatus
1224 4676 1576 4749 Augustinus,
1643 4692 1753 4732 non
1817 4677 1885 4734 de
1934 4679 2122 4751 imagi-

526 4766 683 4822 naria
747 4767 851 4822 viri
916 4773 968 4822 et
1033 4766 1222 4820 uxoris
1288 4765 1689 4833 conjunctione,
1723 4765 1822 4821 sed
1852 4767 1920 4821 de
1949 4767 2122 4824 incor-

527 4862 715 4926 porata
788 4869 886 4925 per
955 4870 1183 4911 sexuum
1269 4853 1703 4910 commistionem
1777 4855 2117 4927 capulatione

525 4941 724 5015 posuit,
773 4941 912 4996 sicut
960 4941 1017 4996 in
1064 4941 1309 5013 proxime
1361 4942 1791 5013 praecedentibus
1822 4942 1938 4998 infit
1972 4962 1985 4998 :
2020 4945 2118 5001 Se-

525 5038 781 5104 quentur,
816 5028 1087 5101 inquiens,
1119 5046 1321 5103 agnum
1351 5030 1507 5102 pueri
1537 5038 1822 5087 cantantes
1850 5033 2118 5089 canticum

526 5133 746 5187 novum,
780 5117 919 5173 sicut
945 5116 1000 5171 in
1031 5118 1359 5190 Apocalypsi
1389 5119 1651 5189 scriptum
1702 5128 1801 5190 est,
1854 5122 1945 5193 qui
1992 5138 2118 5179 cum

525 5206 842 5264 mulieribus
870 5220 931 5262 se
957 5220 1068 5262 non
1114 5206 1631 5277 contaminaverunt,
1680 5224 1781 5264 uec
1831 5210 1901 5265 ob
1947 5210 2113 5279 aliud,

524 5295 633 5353 nisi
655 5295 779 5367 quia
806 5294 1051 5368 virgines
1081 5304 1517 5367 permanserunt.
1545 5297 1662 5354 Nec
1707 5298 1830 5355 ideo
1876 5315 1937 5356 se
1982 5302 2116 5356 arbi-

524 5390 735 5440 trentur
760 5381 1016 5440 meliores
1065 5398 1188 5439 esse
1234 5382 1425 5455 primis
1469 5386 1716 5456 patribus
1757 5389 1980 5455 sanctis,
2024 5389 2116 5462 qui

527 5471 751 5546 nuptiis,
783 5479 842 5529 ut
865 5470 938 5528 ita
982 5470 1184 5542 dicam,
1235 5471 1545 5544 nuptialiter
1589 5475 1671 5531 usi
1717 5484 1861 5534 sunt.
1911 5476 2115 5535 Earum

2221 4506 2368 4574 terit,
2404 4514 2586 4599 utrum
2634 4510 2762 4599 haec
2790 4511 2846 4565 in
2878 4528 3093 4569 sacram
3134 4517 3403 4590 virginem
3445 4521 3512 4575 ab
3553 4506 3819 4599 episcopo

2222 4595 2531 4651 consecrari
2560 4597 2781 4666 valebit,
2814 4602 2905 4672 qui
2934 4618 3045 4659 non
3072 4604 3175 4660 nisi
3206 4607 3474 4681 virginem
3504 4612 3558 4666 iu
3588 4595 3819 4688 virgini-

2221 4683 2347 4738 tatis
2376 4684 2735 4775 professione,
2788 4688 2874 4745 vel
2915 4689 2970 4744 in
3016 4691 3261 4765 legitima
3308 4699 3545 4772 conjugii
3593 4683 3814 4775 copula,

2221 4786 2439 4863 sacrare
2470 4774 2630 4830 debet
2663 4793 2676 4830 :
2707 4777 2845 4832 sicut
2873 4795 2974 4834 nec
3003 4782 3292 4855 episcopus
3319 4785 3458 4856 ﬁeri,
3492 4791 3581 4862 qui
3617 4774 3819 4863 praeter

2218 4860 2487 4934 virginem
2532 4872 2584 4918 et
2632 4881 2792 4920 unam
2841 4866 2989 4924 duxit
3027 4887 3273 4929 uxorem.
3332 4876 3487 4933 Dicat
3509 4860 3710 4949 etiam,
3768 4886 3816 4940 si

2218 4957 2341 5020 post
2370 4960 2601 5007 mortem
2635 4954 2892 5026 Stephani
2919 4958 3075 5032 virgo
3103 4975 3437 5033 permaneat,
3463 4976 3516 5023 et
3545 4985 3616 5025 se.
3635 4974 3814 5029 couti-

2217 5053 2348 5128 nere
2375 5054 2483 5095 non
2512 5043 2765 5111 potuerit,
2788 5051 2840 5099 et
2871 5048 3075 5105 nubere
3104 5053 3277 5125 magis
3326 5071 3489 5128 quam
3529 5062 3816 5121 continere

2218 5125 2694 5221 elegerit,‘utrum
2757 5131 2905 5190 fratri
2948 5138 3193 5205 ejusdem
3245 5125 3504 5215 Stephani
3569 5151 3818 5221 copulari

2217 5215 2436 5306 valebit.
2470 5215 2679 5306 Quibus
2708 5236 2829 5276 cum
2877 5226 3250 5285 contradicere
3296 5247 3404 5287 non
3445 5215 3665 5306 valebit,
3717 5251 3818 5298 aut

2217 5303 2273 5357 in
2302 5305 2600 5374 quaestione
2629 5323 2723 5363 sua
2745 5309 2980 5382 deﬁciat,
3015 5324 3105 5369 aut
3134 5318 3184 5372 ei
3214 5329 3393 5376 nostra
3434 5324 3631 5381 solutio
3653 5303 3814 5387 satis-

2217 5390 2393 5448 faciat.
2428 5395 2496 5450 Et
2523 5396 2640 5453 haec
2665 5396 2723 5453 in
2750 5399 2856 5454 vita
2889 5402 3164 5474 Stephani.
3196 5408 3264 5464 de
3306 5415 3720 5473 consecratione
3763 5420 3815 5477 si

2217 5488 2499 5563 delegerit,
2530 5493 2618 5551 vel
2646 5495 2716 5552 de
2744 5497 3080 5557 maritatione
3112 5503 3157 5559 si
3185 5506 3437 5566 maluerit
3464 5512 3661 5583 puella,
3686 5514 3814 5578 ﬁeri
