4026 6294
194 286 292 339 145

1724 293 2076 352 EPISTOLE
2089 338 2101 352 .

3381 308 3482 365 146

177 424 336 478 posse
371 409 585 468 ratione
616 418 669 464 et
716 411 1031 467 auctoritate
1061 422 1397 470 monstrante
1430 424 1726 488 cognoscat
1759 434 1771 470 :
1798 417 1854 477 A
1883 435 2005 475 esse
2038 423 2382 490 servandam,
2417 424 2672 494 quoniam
2702 440 2811 480 non
2839 427 3014 482 solum
3043 428 3239 484 mulier
3259 445 3368 485 non
3390 432 3483 485 ha-

180 497 425 568 sciatque
470 507 529 552 ut
587 499 876 555 traditione
920 501 1182 570 majorem
1229 504 1511 558 docuimus
1557 513 1779 576 propter

176 586 335 640 talem
369 587 873 657 desponsationem,
899 590 1243 656 dotationem,
1278 601 1436 664 atque
1466 610 1564 663 pro
1582 594 1778 647 talibus

173 675 395 744 nuptiis,
447 676 590 730 sicut
633 676 752 732 istae
796 676 1032 744 fuerunt,
1099 696 1210 734 non
1269 697 1390 735 esse
1439 682 1772 754 conjugium,

176 764 374 835 quibus
405 763 580 819 defuit
610 765 919 833 conjunctio
950 783 1197 832 sexuum,
1231 783 1294 823 ac
1337 785 1460 824 cum
1493 771 1661 842 prolis
1681 786 1775 841 spe

169 852 289 905 ﬁdei
320 861 733 908 sacramentum
765 870 776 908 :
813 870 932 926 qua":
953 864 1009 910 ut
1037 857 1326 926 plurimum
1359 857 1412 910 in
1445 859 1592 913 omni
1623 859 1773 913 salu-

175 941 269 996 tari
297 941 539 1006 actione,
577 949 692 996 tum
722 942 880 997 etiam
908 943 963 999 in
1012 944 1115 1000 hoc
1145 945 1385 1016 negotio,
1420 945 1475 1000 in
1523 962 1628 1017 quo
1675 963 1774 1017 per

173 1029 410 1099 nuptiale
431 1031 755 1100 mysterium
784 1031 867 1086 vir
898 1040 950 1086 et
976 1048 1114 1087 uxor
1142 1049 1251 1088 una
1299 1049 1428 1088 caro
1473 1034 1775 1090 efﬁciuntur

173 1119 262 1172 sed
291 1119 347 1172 in
374 1118 701 1188 baptismate
732 1121 1013 1190 operosius
1054 1130 1334 1192 operatur,
1372 1140 1480 1194 quo
1507 1140 1605 1193 per
1647 1124 1773 1178 ﬁdei

171 1218 591 1273 sacramentum,
623 1224 732 1262 non
762 1209 936 1263 solum
967 1210 1298 1280 generaliter
1328 1213 1503 1267 omnis
1523 1212 1772 1267 Ecclesia

170 1311 367 1365 corpus
397 1295 618 1361 Christi,
646 1305 701 1351 ut
757 1298 884 1352 dicit
926 1299 1242 1368 Apostolus,
1291 1307 1342 1355 et
1391 1299 1667 1370 plenitudo
1713 1303 1772 1356 tit

167 1386 295 1452 ejus,
330 1401 522 1440 verum
545 1386 824 1457 sigillatim
846 1387 1093 1456 singulus
1113 1387 1341 1460 quisque
1361 1387 1538 1443 ﬁdelis
1561 1389 1769 1444 Christo

171 1472 550 1541 incorporatus
580 1474 883 1528 membrum
913 1475 1029 1542 ejus
1060 1475 1304 1531 efﬁcitur.

238 1561 396 1615 Unde
428 1561 484 1614 S.
517 1561 667 1615 Beda
695 1562 750 1616 in
778 1562 1000 1616 homilia
1029 1564 1312 1634 Evangelii
1340 1565 1470 1620 dicit
1493 1583 1505 1618 :
1539 1565 1674 1620 Nam
1697 1566 1771 1620 vi-

173 1649 344 1717 detur,
378 1649 657 1720 inquiens,
673 1650 766 1721 qui
787 1650 1088 1720 baptizatur
1104 1651 1158 1705 in
1178 1651 1381 1707 fontem
1403 1655 1761 1722 descendere,

1879 508 1968 564 bet
1998 519 2320 579 potestatem
2353 513 2596 582 corporis
2635 513 2737 578 sui,
2769 515 2864 569 sed
2899 515 2999 580 vir,
3035 517 3130 571 sed
3162 517 3405 573 similiter
3426 526 3479 575 et

1879 598 1962 652 vir
1991 614 2101 652 non
2129 599 2290 654 habet
2334 608 2656 670 potestatem
2704 604 2947 672 corporis
2995 604 3097 670 sui,
3139 606 3236 660 sed
3280 607 3477 662 mulier

1878 685 1929 755 (Ι
1957 687 2076 740 Cor.
2113 688 2214 758 vn)
2251 705 2262 740 :
2295 695 2346 742 et
2362 697 2667 759 propterea,
2699 690 2802 744 nisi
2825 707 2890 745 ex
2911 693 3183 746 communi
3205 708 3475 751 consensu

1876 789 1986 828 non
2028 774 2207 830 valent
2273 775 2432 830 etiam
2491 786 2713 848 propter
2759 779 3145 835 continentiam
3195 783 3467 851 separari;

1875 862 2014 916 adeo
2043 870 2098 915 ut
2130 863 2174 918 si
2204 863 2286 918 vir
2312 872 2499 919 contra
2527 865 2857 921 voluntatem
2903 867 3145 922 mulieris
3176 884 3471 925 conversus

1874 950 2177 1016 tondeatur,
2211 959 2301 1005 aut
2330 953 2525 1007 mulier
2571 953 2688 1009 sine
2743 954 3014 1010 voluntate
3062 956 3164 1010 viri
3211 971 3470 1012 conversa

1873 1038 2099 1106 veletur,
2133 1039 2347 1094 mulieri
2379 1041 2460 1095 vir
2487 1041 2574 1095 vel
2601 1042 2718 1097 viro
2757 1043 2972 1109 mulier,
3007 1059 3037 1096 a
3089 1053 3274 1100 sancto
3324 1044 3469 1101 Gre-

1873 1127 2026 1197 gorio
2083 1126 2138 1180 in
2193 1127 2424 1198 epistola
2468 1129 2536 1183 ad
2600 1130 2911 1185 Secundum
2964 1133 3465 1188 Taurominitanum

1872 1214 2206 1284 episcopum,
2243 1224 2294 1270 et
2323 1216 2379 1269 in
2417 1218 2645 1286 epistola
2669 1219 2736 1272 ad
2778 1219 3077 1274 Adrianum
3123 1221 3466 1275 Panormita-

1870 1318 2018 1370 num,
2047 1303 2301 1370 jubeatur
2330 1306 2556 1360 restitui.
2599 1305 2656 1362 Si
2693 1316 2870 1361 autem
2919 1323 2982 1362 ex
3032 1310 3305 1364 communi
3345 1325 3470 1365 con-

1869 1407 2034 1465 sensu
2066 1408 2125 1446 se
2153 1400 2362 1448 mutare
2389 1393 2754 1464 permiserint,
2793 1403 2844 1449 et
2891 1395 3115 1467 quilibet
3163 1412 3354 1453 eorum
3401 1413 3461 1454 se

1867 1478 1995 1534 inde
2024 1481 2328 1548 retraxerit,
2363 1480 2432 1534 ad
2464 1482 2880 1537 conversionem
2903 1499 3060 1537 suum
3089 1485 3241 1555 sequi
3270 1499 3460 1554 parem

1866 1568 2193 1638 prmcipitur.
2230 1571 2399 1622 Causa
2424 1577 2602 1624 autem
2635 1569 3010 1626 fornicationis
3039 1572 3120 1625 vir
3148 1581 3238 1626 aut
3268 1573 3466 1629 mulier

1865 1656 1930 1709 ab
1960 1656 2192 1711 invicem
2236 1657 2597 1720 discedentes,
2651 1666 2869 1729 propter
2918 1668 3320 1715 sacramentum
3368 1677 3460 1716 nu.

166 1737 374 1792 videtur
399 1737 561 1808 aquis
593 1738 843 1810 intingui,
879 1740 1093 1794 videtur
1122 1741 1190 1795 de
1237 1741 1389 1812 aquis
1419 1742 1717 1796 ascendere
1750 1760 1838 1828 :B
1868 1744 2047 1812 ptialis
2098 1745 2528 1813 conjunctionis,
2581 1755 2672 1800 aut
2727 1747 2937 1817 innupti
2990 1764 3270 1820 quousque
3323 1750 3461 1805 alter

166 1825 276 1881 sola
306 1834 493 1880 autem
523 1825 767 1880 ﬁdelium
794 1827 969 1897 pietas
1015 1829 1185 1894 novit,
1235 1830 1359 1900 quia
1405 1839 1661 1900 peccator
1713 1830 1766 1884 in

161 1913 362 1969 fontem
396 1914 706 1982 descendit,
742 1916 848 1970 sed
876 1915 1188 1985 puriﬁcatus
1208 1919 1471 1972 ascendit.
1497 1919 1765 1974 Caeterum

164 2002 331 2058 oculis
362 2002 740 2073 insipientium
771 2004 985 2060 videtur
1015 2005 1138 2058 talis
1179 2005 1327 2061 exire
1356 2007 1424 2061 de
1453 2006 1600 2061 fonte
1631 2023 1764 2078 qua-

163 2091 226 2145 lis
253 2091 499 2158 intravit,
533 2099 812 2163 totumque
841 2092 1002 2147 ludus
1033 2109 1154 2170 esse
1186 2094 1332 2166 quod
1362 2095 1560 2166 agitur.
1593 2095 1662 2150 Et
1708 2097 1764 2150 in

164 2181 263 2236 hac
292 2179 744 2250 desponsatione,
786 2181 1076 2247 dotatione,
1109 2191 1270 2252 atque
1301 2183 1357 2236 in
1405 2184 1490 2237 his
1538 2183 1758 2254 nuptiis,

165 2276 331 2323 totum
366 2268 645 2322 simulatio
693 2267 811 2337 fuit,
858 2285 968 2324 non
1015 2269 1230 2325 veritas.
1287 2271 1581 2341 Pr0pterea
1625 2272 1763 2328 sicut

166 2363 384 2410 sanctus
426 2357 557 2422 Leo,
604 2357 674 2411 de
715 2357 800 2411 his
847 2357 935 2428 qui
979 2357 1211 2412 formam
1254 2367 1458 2413 tantum
1506 2360 1762 2430 baptismi

161 2445 271 2499 sine
301 2443 753 2501 sanctiﬁcationis
780 2445 972 2501 virtute
1019 2456 1390 2517 susceperunt,
1424 2448 1665 2503 decernit
1704 2457 1762 2503 ut

162 2533 457 2604 episcopali
511 2531 924 2588 conﬁrmatione
986 2534 1311 2589 ﬁrmentur:
1360 2536 1431 2589 ita
1488 2536 1604 2592 haec
1651 2551 1760 2592 non

162 2621 401 2692 conjugii
431 2619 592 2687 ﬁdes,
627 2621 723 2677 sed
754 2621 1115 2692 copulationis
1156 2624 1360 2695 imago,
1392 2623 1758 2680 ecclesiastica

161 2708 436 2765 functione
469 2709 725 2778 solvatur,
759 2717 812 2764 et
849 2710 904 2763 in
935 2725 1000 2764 eo
1032 2710 1124 2781 qui
1151 2711 1359 2782 indiget
1389 2712 1757 2768 ecclesiastica

159 2798 425 2852 medicina
455 2805 694 2853 sanetur.

224 2887 494 2941 Caeterum
525 2886 571 2939 si
598 2887 716 2942 haec
747 2903 867 2957 quae
903 2886 1184 2958 posuimus
1222 2888 1478 2943 studiosis
1525 2889 1613 2944 vel
1657 2905 1756 2946 cu-

161 2977 315 3029 riosis
347 2990 700 3046 nequaquam
728 2973 1016 3041 sufﬁciunt,
1049 2991 1324 3046 apponere
1372 2977 1548 3032 adhuc
1595 2978 1754 3033 etiam

161 3064 256 3118 alia
283 3063 726 3135 procurabimus.
758 3064 846 3118 Ait
893 3065 1037 3119 enim
1086 3065 1279 3119 beatus
1327 3065 1663 3136 Augustinus
1700 3068 1751 3120 in

159 3151 289 3207 libro
320 3153 391 3206 de
421 3152 639 3221 Nuptiis
661 3160 714 3206 et
745 3152 1228 3222 Concupiscentia:
1261 3155 1554 3224 Relinquet
1573 3156 1748 3221 homo,

159 3241 430 3312 inquiens,
455 3245 678 3312 patrem
692 3244 748 3295 et
768 3242 1407 3308 matrem,etadhaerebit
1427 3245 1600 3297 uxori
1614 3259 1750 3308 suae,

161 3334 211 3384 et
240 3335 412 3385 erunt
434 3331 542 3384 duo
563 3331 624 3384 in
641 3345 814 3384 carne
845 3331 1136 3399 una(Gen.
1167 3332 1228 3399 ιι)
1261 3350 1279 3385 :
1311 3332 1454 3401 quod
1483 3348 1753 3401 magnum

160 3422 586 3475 sacramentum
603 3417 734 3472 dicit
762 3418 1055 3496 postolus
1087 3419 1148 3473 in
1181 3420 1397 3475 Christo
1416 3423 1470 3473 et
1489 3422 1550 3474 in
1571 3421 1753 3475 Eccle-

161 3509 238 3562 sia
259 3508 488 3579 (Ephes.
514 3506 594 3577 v).
629 3505 786 3573 Quod
819 3513 901 3561 est
940 3507 995 3560 in
1043 3507 1254 3561 Christo
1305 3515 1356 3561 et
1402 3507 1458 3561 in
1505 3508 1752 3564 Ecclesia

158 3611 430 3668 magnum,
465 3595 571 3651 hoc
600 3595 655 3650 in
686 3595 918 3667 singulis
950 3595 1252 3667 quibusque
1281 3596 1411 3650 viris
1441 3605 1601 3667 atque
1621 3613 1750 3652 uxo-

157 3685 301 3739 ribus
331 3683 640 3749 minimum,
671 3683 769 3738 sed
797 3691 978 3739 tamen
1027 3684 1421 3754 conjunctionis
1467 3685 1748 3757 insepara-

160 3773 275 3828 bilis
305 3779 730 3830 sacramentum.

223 3861 575 3933 Quapropter
601 3859 855 3933 legaliter
873 3868 923 3916 et
944 3860 1250 3932 nuptialiter
1268 3861 1504 3932 copulati
1525 3871 1750 3934 excepta

159 3965 313 4006 causa
345 3949 745 4017 fornicationis,
781 3950 1020 4021 separari
1052 3965 1161 4006 non
1191 3959 1449 4021 possunt;
1485 3959 1538 4007 et
1585 3967 1748 4007 causa

156 4038 520 4095 fornicationis
567 4039 824 4108 separati,
873 4046 963 4092 aut
1009 4055 1331 4110 permanere
1379 4041 1614 4111 innupti,
1660 4048 1746 4095 aut

154 4136 330 4184 mutuo
360 4129 567 4183 debent
595 4127 954 4194 reconciliari,
987 4128 1125 4183 sicut
1163 4129 1478 4199 evangelica
1527 4137 1580 4183 et
1622 4145 1746 4199 apo—

155 4217 337 4272 stolica
365 4218 529 4273 docet
560 4216 872 4281 auctoritas,
926 4224 978 4272 et
1008 4215 1260 4271 Africana
1291 4219 1530 4287 synodus
1560 4217 1744 4272 deﬁni-

154 4304 221 4358 vit
249 4324 262 4360 :
297 4305 526 4373 Placuit,
561 4304 831 4375 inquiens,
854 4311 914 4358 ut
943 4305 1243 4360 secundum
1291 4305 1660 4377 evangelicam
1694 4313 1743 4360 et

152 4393 508 4464 apostolicam
535 4391 900 4463 disciplinam,
931 4407 1109 4463 neque
1137 4392 1394 4448 dimissus
1437 4393 1503 4446 ab
1550 4409 1738 4460 uxore,

1869 1847 2055 1886 eorum
2085 1833 2344 1886 moriatur
2373 1835 2683 1902 manebunt,
2712 1843 2804 1888 aut
2833 1835 2934 1888 sibi
2978 1836 3318 1891 reconciliari
3347 1845 3461 1892 stu-

1863 1918 2086 1974 debunt.
2136 1921 2524 1977 Reconciliatio
2571 1929 2769 1986 autem,
2823 1930 2948 1992 post
2992 1923 3364 1993 pmnitentiam
3409 1930 3461 1980 et

1861 2009 2352 2064 reconciliationem
2375 2010 2764 2065 sacerdotalem
2782 2011 2897 2078 ejus
2923 2011 3013 2082 qui
3045 2011 3310 2082 peccavit,
3336 2011 3455 2067 ﬁeri

1863 2097 2043 2162 debet,
2075 2105 2132 2151 ut
2162 2097 2310 2167 prius
2349 2098 2658 2153 restituatur
2702 2098 2966 2154 Ecclesiae
3013 2107 3368 2166 sacramento,
3403 2108 3456 2156 et

1861 2193 2051 2255 postea
2080 2184 2300 2255 nuptiali
2331 2186 2608 2256 mysterio.
3417 2227 3420 2230 ι

1934 2275 1998 2326 Et
2027 2273 2151 2329 hinc
2181 2281 2402 2329 sanctus
2431 2274 2763 2346 Augustinus
2803 2275 2858 2329 in
2906 2275 3149 2331 secundo
3195 2275 3336 2331 libro
3383 2277 3417 2331 d

1861 2361 2175 2416 adulterinis
2201 2360 2480 2434 Conjugiis
2516 2363 2679 2417 dicit:
2729 2363 2895 2419 Licite
2942 2363 3122 2435 itaque
3168 2363 3453 2419 dimittitur

1861 2449 2055 2518 conjux
2085 2449 2156 2504 ob
2184 2465 2402 2505 causam
2433 2449 2819 2515 fornicationis,
2853 2452 2949 2506 sed
2972 2459 3153 2506 manet
3179 2451 3450 2506 vinculum

1859 2538 2100 2607 pudoris,
2133 2546 2358 2607 propter
2386 2539 2531 2608 quod
2563 2536 2620 2592 ﬁt
2650 2554 2775 2593 reus
2791 2539 3147 2610 adulteriiqui
3168 2539 3448 2595 dimissam

1858 2625 2069 2679 duxerit
2100 2625 2258 2679 etiam
2289 2625 2358 2680 ob
2399 2627 2537 2680 hanc
2581 2641 2806 2681 causam
2851 2626 3241 2681 fornicationis.
3297 2627 3447 2682 Sicut

1858 2713 2003 2767 enim
2035 2712 2089 2766 in
2120 2729 2179 2767 se
2206 2722 2460 2768 manente
2493 2722 2836 2769 sacramento
2879 2715 3311 2787 regenerationis
3352 2731 3446 2770 ex-

1858 2802 2286 2856 communicatus
2345 2802 2660 2874 cujusquam
2721 2803 2965 2857 criminis
3006 2819 3153 2872 reus,
3211 2819 3312 2858 nec
3353 2803 3446 2860 illo

1857 2898 2197 2945 sacramento
2238 2898 2421 2954 caret,
2475 2891 2686 2945 etiamsi
2733 2905 3007 2963 nunquam
3066 2891 3446 2947 reconcilietur

1856 2978 2124 3043 Domino;
2156 2979 2229 3032 ita
2260 2979 2304 3031 si
2345 2986 2594 3033 manente
2618 2979 2672 3032 in
2703 2995 2762 3033 se
2791 2979 3005 3034 vinculo
3053 2978 3272 3034 faederis
3323 2995 3447 3036 con-

1849 3066 2070 3138 jugalis,
2103 3082 2239 3120 uxor
2266 3066 2547 3120 dimittitur
2575 3067 2646 3120 ob
2677 3083 2897 3121 causam
2935 3066 3444 3134 fornicationis,nec

1853 3155 2056 3208 carebit
2075 3155 2165 3208 illa
2202 3153 2436 3218 vinculo,
2480 3154 2692 3207 etiamsi
2725 3169 3004 3225 nunquam
3052 3154 3435 3210 reconcilietur

1854 3241 1972 3296 viro
2005 3260 2019 3296 :
2053 3241 2261 3296 carebit
2289 3249 2487 3306 autem,
2539 3241 2584 3296 si
2635 3250 2880 3297 mortuus
2927 3241 3086 3298 fuerit
3143 3242 3228 3298 vir
3283 3242 3438 3312 ejus;

1852 3345 1976 3384 reus
2009 3345 2138 3384 vero
2189 3330 2701 3385 excommumicatus
2742 3329 2866 3385 ideo
2918 3345 3193 3401 nunquam
3239 3330 3448 3386 carebit

1852 3418 2285 3489 regenerationis
2317 3426 2676 3488 sacramento,
2719 3419 2880 3474 etiam
2912 3435 3021 3474 non
3064 3419 3443 3474 reconciliatus

1853 3508 2110 3579 quoniam
2156 3524 2430 3578 nunquam
2479 3508 2708 3562 moritur
2755 3508 2919 3562 Deus.
2969 3508 3232 3563 Remanet
3263 3509 3442 3580 itaque

1850 3603 1926 3662 ut,
1963 3596 2008 3650 si
2040 3611 2233 3666 sapere
2263 3596 2563 3651 secundum
2593 3596 2912 3667 Apostolum
2933 3595 3204 3662 volumus,
3236 3612 3346 3652 non
3365 3596 3446 3652 di-

1850 3699 2037 3740 camus
2085 3684 2262 3740 virum
2312 3683 2616 3739 adulterum
2664 3700 2761 3755 pro
2799 3693 3010 3739 mortuo
3053 3685 3438 3756 deputandum,

1850 3781 1901 3828 et
1931 3773 2055 3828 ideo
2084 3773 2247 3829 licere
2289 3789 2515 3828 uxorem
2558 3773 2674 3842 ejus
2720 3772 2871 3828 alteri
2908 3773 3134 3828 nubere.
3186 3773 3442 3842 Quamvis

1849 3861 1990 3917 enim
2023 3861 2091 3916 sit
2117 3877 2267 3916 mors
2298 3861 2642 3927 adulterium,
2685 3876 2792 3917 non
2835 3860 3102 3932 corporis,
3155 3861 3252 3917 sed
3295 3863 3441 3934 quod

1847 3951 2001 4020 pejus
2032 3957 2132 4016 est,
2165 3950 2396 4016 animae;
2431 3965 2538 4004 non
2571 3958 2746 4005 tamen
2779 3951 2846 4006 de
2875 3950 2991 4020 ipsa
3024 3958 3202 4006 morte
3241 3950 3437 4022 loque-

1847 4039 2004 4093 batur
2033 4039 2346 4108 Apostolus,
2372 4055 2494 4093 cum
2511 4039 2726 4094 dicebat
2749 4057 2762 4092 :
2794 4040 2942 4107 Quod
2962 4041 3012 4094 .ςὶ
3033 4044 3290 4095 mortuus
3313 4043 3438 4111 fue-

1844 4129 2034 4183 ritvtr
2062 4129 2200 4197 eius,
2235 4129 2329 4182 cui
2357 4129 2478 4181 vult
2506 4127 2682 4181 nubat
2711 4128 2761 4196 (Ι
2787 4127 2907 4182 Cor.
2942 4127 3041 4196 vn)
3066 4146 3079 4192 ;
3117 4128 3214 4181 sed
3247 4128 3314 4182 de
3343 4128 3432 4183 illa

1845 4216 1961 4270 sola
1992 4231 2097 4286 qua
2126 4216 2194 4268 de
2227 4230 2453 4284 corpore
2482 4213 2676 4268 exitur.
2711 4215 2777 4267 Et
2805 4214 2934 4268 item
2963 4215 3018 4268 in
3044 4214 3237 4268 eadem
3261 4233 3274 4268 :
3308 4215 3436 4270 Haec

1843 4319 2079 4373 namque
2111 4302 2352 4373 alligatio
2371 4301 2808 4373 quandoquidem
2838 4316 2946 4356 non
2977 4300 3222 4371 solvitur,
3244 4302 3429 4357 etiam-

1843 4392 1888 4445 si
1917 4407 2016 4462 per
2047 4391 2327 4461 repudium
2349 4391 2544 4459 conjux
2575 4406 2607 4445 a
2638 4397 2789 4446 casta
2834 4390 3065 4463 conjuge
3112 4399 3431 4462 separetur;

150 4498 321 4554 neque
349 4481 583 4536 dimissa
611 4497 642 4534 a
669 4480 882 4546 marito,
916 4480 1072 4536 alteri
1101 4481 1490 4552 conjungatur;
1526 4482 1622 4537 sed
1669 4477 1810 4537 itaD
1842 4481 2008 4534 multo
2037 4481 2218 4534 minus
2266 4479 2513 4546 solvitur,
2565 4480 2609 4533 si
2657 4494 2765 4535 non
2809 4487 3058 4550 separata
3106 4481 3426 4535 mmclietur.

148 4577 418 4636 maneant,
453 4577 548 4624 aut
582 4568 801 4624 sibimet
825 4568 1261 4625 reconcilientur.
1311 4569 1471 4637 Quod
1521 4569 1567 4624 si
1613 4585 1742 4626 con-

149 4660 482 4729 tempserint,
517 4658 588 4713 ad
619 4657 990 4728 pmnitentiam
1021 4658 1352 4728 redigantur.
1377 4660 1442 4712 Et
1465 4658 1588 4730 quia
1605 4675 1743 4714 uxor.

145 4762 172 4799 a
198 4749 415 4813 marito,
449 4747 538 4802 vel
566 4746 792 4801 maritus
822 4747 891 4801 ab
923 4763 1111 4811 uxore,
1145 4746 1249 4800 nisi
1288 4762 1454 4802 causa
1501 4746 1740 4804 fornica-

147 4835 319 4902 tionis,
371 4851 484 4891 non
527 4836 670 4891 valet
728 4850 905 4907 neque
954 4835 1116 4889 debet
1162 4836 1467 4901 discedere,
1525 4851 1591 4891 ex
1639 4837 1740 4891 hac

148 4925 464 4998 evangelica
495 4931 549 4979 et
577 4923 874 4993 apostolica
904 4923 1149 4978 doctrina
1180 4923 1374 4979 beatus
1403 4925 1738 4997 Augustinus

146 5012 195 5066 in
227 5013 367 5069 libro
396 5013 580 5084 primo
610 5011 1008 5068 deadulterinis
1026 5012 1306 5084 Conjugiis
1334 5012 1402 5066 ad
1421 5011 1738 5069 Pollentium
1805 5069 1818 5080 ,

145 5100 308 5157 dicit:
341 5101 481 5172 Quis
531 5109 614 5157 est
660 5101 749 5172 qui
797 5100 957 5166 dicat,
1009 5100 1055 5155 si
1103 5101 1414 5156 discesserit
1469 5101 1664 5156 mulier
1707 5119 1736 5157 a

145 5188 250 5246 viro
279 5206 390 5246 non
419 5190 744 5254 fornicante,
780 5197 838 5244 ut
875 5189 1099 5260 innupta
1143 5198 1476 5260 permaneat,
1521 5207 1644 5246 cum
1689 5193 1738 5246 ei

145 5277 238 5333 nisi
267 5296 296 5334 a
317 5281 438 5337 viro
472 5278 776 5334 fornicante
806 5278 1091 5334 discedere
1137 5279 1358 5334 omnino
1386 5295 1496 5334 non
1525 5279 1683 5336 liceat
1710 5283 1737 5336 ?

148 5365 204 5421 Et
228 5367 351 5425 item
387 5387 400 5422 :
437 5368 598 5423 Hanc
627 5368 797 5423 solam
827 5383 1048 5424 causam
1077 5366 1441 5423 fornicationis
1472 5369 1736 5424 Dominus

146 5457 392 5530 magister
458 5455 695 5526 excepit,
769 5471 891 5510 cum
935 5456 1004 5512 de
1055 5456 1374 5511 dimittenda
1423 5457 1736 5530 loqueretur

143 5559 294 5604 uxore
329 5565 344 5602 :
377 5545 648 5618 deditque
677 5543 906 5618 intelligi
935 5545 1092 5601 talem
1123 5543 1349 5602 formam
1365 5544 1527 5600 etiam
1557 5561 1590 5600 a
1616 5547 1735 5603 viro

1842 4572 1918 4624 Ac
1945 4585 2045 4639 per
2061 4569 2164 4624 hoc
2195 4585 2304 4624 non
2334 4585 2451 4625 eam
2483 4567 2642 4626 solvit
2671 4569 2773 4624 nisi
2817 4585 2966 4624 mors
3014 4569 3280 4639 conjugis,
3322 4583 3431 4624 non

1839 4657 1894 4712 in
1923 4657 2249 4712 adulterium
2281 4659 2605 4727 corruentis,
2652 4658 2749 4713 sed
2785 4658 2852 4713 de
2896 4672 3122 4726 corpore
3164 4657 3427 4711 exeuntis.

1842 4745 2183 4816 Quapropter
2212 4746 2258 4800 si
2287 4747 2579 4802 recesserit
2605 4746 2798 4800 mulier
2837 4745 2904 4799 ab
2933 4743 3175 4798 adultero
3203 4744 3339 4814 viro,
3377 4753 3429 4800 et

1840 4834 1890 4889 ei
1919 4834 2256 4889 reconciliari
2312 4851 2421 4890 non
2447 4836 2577 4898 vult,
2609 4841 2826 4888 maneat
2857 4833 3077 4902 innupta
3112 4849 3125 4886 :
3159 4840 3212 4888 et
3251 4834 3294 4887 si
3345 4833 3426 4888 di-

1837 4922 2044 4977 miserit
2082 4923 2164 4978 vir
2214 4923 2519 4978 adulteram
2569 4922 2867 4986 mulierem,
2924 4929 2978 4976 et
3023 4937 3141 4977 eam
3173 4937 3283 4978 non
3311 4923 3425 4978 vult

1838 5012 2102 5081 recipere,
2134 5028 2234 5066 nec
2265 5021 2388 5083 post
2419 5009 2808 5082 paenitentiam,
2841 5010 3108 5067 custodiat
3137 5012 3422 5067 continen-

1837 5100 1984 5162 tiam,
2020 5101 2118 5154 etsi
2148 5117 2257 5154 non
2287 5101 2560 5155 voluntate
2593 5097 2829 5169 eligendi
2859 5100 3081 5170 potioris
3111 5100 3258 5167 boni,
3283 5108 3427 5156 certe

1837 5205 1901 5244 ex
1931 5189 2255 5244 necessitate
2279 5188 2477 5243 vitandi
2508 5187 2796 5257 perniciosi
2827 5188 2972 5244 mali.

1905 5278 1973 5333 Et
2003 5279 2129 5332 hinc
2158 5277 2320 5332 latius
2350 5276 2405 5329 in
2434 5274 2677 5346 praefatis
2707 5275 2858 5332 libris
2905 5279 3095 5332 doctor
3152 5277 3423 5334 facundis-

1836 5366 2004 5420 simus
2033 5365 2290 5434 disputat,
2324 5363 2458 5419 sicut
2489 5364 2579 5436 qui
2605 5364 2968 5438 intelligenter
3009 5366 3221 5439 legerit,
3245 5367 3424 5422 nesci-

1834 5470 1896 5508 re
1924 5469 2034 5508 non
2061 5452 2279 5522 poterit.
2313 5452 2421 5508 Sed
2453 5461 2505 5508 et
2533 5453 2588 5507 in
2619 5455 2795 5525 primo
2825 5455 2965 5510 libro
3003 5456 3071 5511 de
3114 5455 3326 5526 Nuptiis
3369 5463 3422 5509 et

1834 5549 2282 5622 Concupiscentia
2332 5551 2480 5620 dicit,
2531 5553 2656 5624 quia
2695 5553 2910 5610 lavacro
2971 5553 3418 5626 regenerationis,
