4026 6304
577 265 680 320 14⁵7

1460 254 1800 316 HINCMARI
1855 257 2258 315 RHEMENSIS
2312 254 2861 314 ARCHIEPISCOPI.

3755 257 3870 310 148

573 397 628 446 et
663 387 832 446 verbo
862 385 1328 454 sanctiﬁcationis,
1361 387 1542 443 omnia
1569 401 1794 459 prorsus
1823 387 1972 442 mala
2001 386 2171 441 homl-
2195 382 2338 444 AEt
2366 383 2504 440 sicut
2533 398 2704 456 opera
2729 383 2876 439 bona
2903 382 2972 437 ad
3002 383 3228 438 salutem
3257 389 3514 438 aeternam
3563 397 3672 438 non
3717 397 3864 453 pro-

578 493 711 533 num
748 483 1194 550 regeneratorum
1259 475 1607 544 mundantur,
1669 483 1828 547 atque
1891 482 2166 544 sanantur,

575 581 686 622 non
717 565 892 621 solum
922 571 1167 636 peccata,
1199 581 1318 637 quae
1347 563 1526 619 omnia
1553 571 1677 619 tunc
1727 563 2074 619 remittuntur
2116 562 2173 617 in

578 654 870 726 baptismo,
899 654 998 708 sed
1028 653 1190 709 etiam
1209 669 1330 726 quae
1343 653 1614 724 posterius
1643 653 1883 709 humana
1909 654 2171 724 ignoran-

580 742 652 797 tia
681 741 766 798 vel
797 740 1107 797 inﬁrmitate
1137 743 1526 798 contrahuntur
1557 759 1570 796 :
1620 757 1732 797 non
1777 749 1834 796 ut
1880 741 2168 812 baptisma,

584 831 798 903 quoties
844 837 1124 901 peccatur,
1177 830 1341 886 toties
1386 836 1680 902 repetatur,
1724 829 1822 885 sed
1867 829 1995 902 quia
2029 829 2169 901 ipso,

587 919 734 992 quod
764 919 934 974 semel
961 919 1140 986 datur,
1174 917 1232 973 ﬁt
1271 926 1328 974 ut
1370 933 1480 974 non
1520 918 1694 974 solum
1748 925 1928 984 antea,
1983 931 2175 973 verum

586 1007 752 1063 etiam
777 1014 987 1078 postea,
1022 1007 1380 1080 quorumlibet
1405 1015 1754 1078 peccatorum
1797 1007 1958 1062 venia
2003 1004 2176 1060 ﬁdeli-

585 1095 689 1150 bus
700 1095 1040 1167 impetratur.
1062 1095 1204 1164 Quid
1216 1095 1357 1151 enim
1367 1095 1592 1166 prodest
1603 1095 1692 1152 vel
1706 1101 1831 1152 ante
1847 1094 2175 1166 baptismum

587 1184 923 1256 paenitentia,
956 1184 1058 1239 nisi
1097 1184 1396 1255 baptismus
1439 1193 1778 1256 sequeretur,
1830 1183 1919 1240 vel
1961 1190 2172 1255 postea,

585 1271 692 1327 nisi
718 1272 1056 1343 praecederet
1083 1271 1110 1325 ἱ)
1138 1272 1208 1326 Et
1234 1273 1289 1326 in
1321 1271 1548 1343 epistola
1575 1273 1646 1328 ad
1674 1270 2004 1328 Bonifacium
2049 1271 2179 1327 scri-

586 1358 665 1414 bit
697 1378 711 1413 :
743 1361 866 1416 Non
911 1359 1113 1432 aliquid
1153 1368 1398 1416 remanet
1439 1361 1494 1414 in
1540 1360 1826 1432 baptismo,
1878 1361 2022 1433 quod
2067 1375 2176 1416 non

589 1447 906 1515 dimittatur,
969 1449 1365 1519 praeteritorum
1422 1449 1663 1504 omnium
1729 1457 2098 1521 peccatorum,
2132 1448 2176 1502 si

590 1543 772 1592 tamen
820 1537 937 1608 ipse
975 1537 1277 1608 baptismus
1339 1553 1448 1594 non
1487 1537 1688 1593 frustra
1733 1537 1866 1594 foris
1914 1537 2179 1592 habeatur

585 1625 686 1683 sed
714 1631 803 1680 aut
832 1625 973 1681 intus
999 1625 1173 1693 detur,
1207 1633 1296 1682 aut
1320 1627 1366 1682 si
1393 1625 1527 1682 foris
1555 1628 1736 1694 datur,
1767 1641 1876 1683 non
1905 1625 2035 1682 foris
2055 1641 2180 1682 cum

2268 480 2392 527 sunt
2423 473 2538 528 sine
2569 472 2904 544 baptismatis
2933 480 3271 528 sacramento
3297 489 3310 526 :
3343 478 3517 527 etnon
3544 479 3624 526 est
3643 470 3869 542 baptis-

2268 577 2420 616 mum
2449 577 2658 627 verum,
2711 561 2833 632 quia
2878 576 2988 616 non
3031 568 3114 615 est
3161 559 3472 616 Secundum
3529 559 3868 630 Scripturam

2270 665 2458 719 unum,
2499 649 2554 704 id
2603 657 2703 718 est,
2735 650 2789 704 in
2811 649 3016 704 unitate
3063 649 3344 704 catholicae
3363 647 3490 703 ﬁdei
3507 647 3726 704 unicum
3751 691 3765 712 ,
3824 647 3876 702 si

2271 737 2538 794 catholica
2568 753 2678 792 non
2703 737 2864 793 fuerit
2901 737 3236 794 celebratum
3270 755 3284 791 :
3333 736 3412 793 sic
3459 744 3512 792 et
3557 735 3872 809 legitimum

2273 834 2324 882 et
2355 842 2542 881 verum
2567 841 2677 882 non
2701 833 2881 898 potest
2912 842 3034 881 esse
3063 826 3396 899 conjugium,
3429 825 3486 880 in
3516 840 3622 896 quo
3637 825 3875 879 docetur

2272 915 2514 986 nuptiale
2545 930 2655 970 non
2687 931 2808 970 esse
2838 913 3174 986 mysterium,
3209 915 3296 970 vel
3323 914 3469 986 quod
3496 929 3605 969 non
3636 913 3872 969 docetur

2273 1003 2589 1074 nuptialiter
2619 1003 2952 1074 copulatum.
2985 1004 3139 1060 Unde
3170 1011 3223 1059 et
3253 1002 3518 1058 Dominus
3546 1002 3614 1057 de
3660 1001 3874 1073 nuptiis

2271 1095 2536 1148 Joannem
2567 1093 2839 1148 volentem
2868 1093 3095 1159 nubere,
3128 1100 3186 1147 ut
3216 1093 3434 1147 tradunt
3462 1091 3718 1160 historiae,
3753 1105 3871 1146 non

2273 1189 2396 1254 post
2425 1181 2722 1236 celebratas
2751 1181 2981 1252 nuptias,
3017 1181 3114 1236 sed
3142 1181 3210 1236 de
3242 1181 3462 1252 nuptiis,
3495 1188 3549 1236 et
3577 1188 3699 1237 ante
3747 1195 3872 1235 car-

2274 1270 2358 1324 nis
2389 1270 2803 1341 copulationem,
2837 1271 3087 1326 vocando
3115 1271 3354 1340 retraxit,
3389 1269 3482 1341 qui
3527 1269 3706 1340 legem
3755 1284 3876 1326 non

2276 1359 2509 1428 solvere,
2545 1359 2643 1414 sed
2671 1359 2969 1430 adimplere
2999 1359 3161 1414 venit.
3197 1359 3278 1414 De
3295 1359 3447 1428 cujus
3465 1357 3668 1414 scilicet
3696 1360 3875 1414 Joan-

2276 1447 2363 1502 nis
2389 1447 2567 1502 futura
2597 1463 2786 1514 uxore,
2821 1448 2925 1502 nisi
2955 1464 3075 1503 eum
3107 1447 3390 1514 Dominus,
3423 1463 3530 1502 non
3548 1447 3723 1503 solum
3745 1455 3880 1504 ante

2278 1536 2457 1592 carnis
2485 1537 2759 1602 unionem,
2793 1553 2984 1593 verum
3016 1545 3068 1591 et
3099 1544 3223 1591 ante
3267 1537 3576 1606 nuptiarum
3618 1535 3877 1607 percele—

2278 1625 2597 1692 brationem,
2651 1634 2948 1694 revocaret,
3001 1626 3138 1681 sicut
3187 1625 3254 1680 de
3301 1625 3444 1680 beati
3489 1625 3630 1680 Petri
3677 1641 3874 1692 uxore,

583 1712 678 1769 illo
708 1722 1072 1770 remaneatur.
1108 1715 1174 1770 Et
1203 1715 1463 1787 quidquid
1491 1715 1563 1770 ab
1592 1716 1690 1786 eis,
1723 1716 1816 1788 qui
1861 1723 1984 1788 post
2021 1731 2178 1772 acce-
2206 1742 2260 1801 B
2281 1731 2400 1786 quae
2427 1715 2888 1770 continentissime
2916 1714 3301 1785 perseveravit,
3334 1729 3442 1769 non
3463 1713 3660 1786 legitur
3689 1721 3880 1770 utrum

585 1809 740 1874 ptum
788 1803 1112 1874 baptismum
1171 1803 1261 1858 hic
1321 1803 1527 1872 vivunt,
1589 1804 1822 1858 humana
1871 1803 2177 1860 inﬁrmitate

589 1891 922 1946 contrahitur
951 1906 1394 1963 quarumcunque
1425 1891 1726 1964 culparum,
1757 1901 1978 1964 propter
2003 1893 2180 1964 ipsum

587 1978 866 2037 lavacrum
893 1979 1199 2036 dimittitur.

659 2067 797 2124 Hinc
834 2067 1041 2140 liquido
1089 2071 1510 2136 demonstratur,
1557 2070 1682 2141 quia
1723 2069 1862 2125 sicut
1906 2076 1963 2124 ut
2010 2068 2182 2126 semel

589 2163 876 2226 acceptum
903 2157 1152 2229 baptismi
1183 2163 1600 2224 sacramentum,
1625 2173 1732 2229 quo
1752 2157 1979 2230 quisque
2008 2156 2182 2214 ﬁdelis

587 2243 644 2297 in
675 2243 878 2300 unitate
907 2245 1188 2302 catholicae
1217 2245 1481 2301 Ecclesiae
1524 2245 1737 2300 Christo
1786 2245 2177 2317 incorporatur,

589 2340 781 2403 postea
827 2332 973 2388 nulla
1015 2333 1409 2390 interveniente
1455 2348 1625 2390 causa
1679 2333 1982 2388 amittitur:
2015 2335 2094 2390 sic
2129 2343 2183 2391 et

588 2420 864 2477 vinculum
892 2422 1200 2495 conjugale,
1234 2422 1483 2495 legaliter
1515 2429 1566 2478 et
1593 2422 1904 2494 nuptialiter
1934 2421 2183 2478 celebra-

585 2517 715 2576 tum,
748 2509 1194 2566 indissolubiliter
1221 2517 1404 2566 manet
1432 2526 1739 2566 connexum
1787 2511 1912 2567 licet
1953 2510 2183 2568 fornica-

588 2596 748 2653 tionis
777 2614 938 2654 causa
965 2597 1052 2654 vel
1083 2614 1405 2671 quacunque
1434 2599 1502 2654 de
1533 2614 1702 2656 causa
1747 2599 1992 2656 videatur
2030 2615 2182 2671 sepa-

586 2691 787 2742 ratum.
820 2686 997 2742 Causa
1029 2702 1162 2744 vero
1199 2687 1571 2744 fornicationis
1618 2696 1930 2760 separatum
1971 2688 2020 2744 si
2059 2696 2182 2759 post

589 2775 962 2844 paenitentiam
991 2775 1152 2831 fuerit
1196 2776 1483 2844 reunitum,
1529 2792 1639 2832 non
1687 2784 1866 2833 tamen
1913 2777 2037 2834 ideo
2079 2777 2182 2832 erit

587 2861 919 2932 reiteratum,
953 2863 1081 2936 quia
1109 2872 1392 2935 permanet
1430 2881 1615 2920 unum.
1667 2865 1777 2920 Sed
1819 2865 1871 2920 'si
1919 2865 1974 2919 in
2019 2865 2183 2920 conti-

591 2951 776 3007 nentia
803 2951 1177 3023 poenitentiali,
1209 2953 1355 3025 quod
1381 2954 1559 3026 magis
1578 2953 1964 3024 paenitentibus
1983 2969 2181 3010 conve-

589 3038 669 3094 nit
694 3053 918 3096 manere
960 3041 1222 3115 conjuges
1263 3057 1373 3098 non
1417 3042 1693 3108 valebunt,
1745 3042 2181 3098 reconciliatione

585 3127 894 3186 medicinali
923 3145 990 3185 ex
1035 3145 1306 3186 consensu
1347 3137 1554 3198 mutuo,
1601 3138 1726 3202 post
1762 3131 2185 3188 ecclesiasticam

587 3217 1105 3290 reconciliationem,
1137 3218 1476 3292 indulgentia
1498 3219 1900 3291 computabitur
1939 3235 2062 3276 esse
2103 3235 2185 3276 sa-

587 3311 822 3361 natum:
873 3307 1011 3362 sicut
1067 3322 1171 3363 nec
1233 3308 1578 3380 baptismum,
1651 3309 1862 3380 quoties
1905 3317 2180 3380 peccatur,

585 3393 745 3449 toties
774 3393 1092 3462 reiteratur;
1126 3396 1226 3450 sed
1270 3397 1603 3468 pcenitentiae
1645 3397 2040 3453 medicamento
2085 3415 2186 3469 per

589 3482 1086 3540 reconciliationem
1115 3484 1567 3553 ecclesiasticam,
1607 3499 1720 3542 non
1759 3486 2016 3541 iteratum
2063 3502 2184 3542 cre-

587 3569 748 3639 ditur,
783 3572 881 3630 sed
909 3573 1092 3629 divina
1119 3575 1298 3646 gratia
1342 3581 1643 3646 reparatur.
1689 3574 1955 3646 Reparari
2004 3582 2186 3632 autem

587 3658 657 3714 de
688 3675 797 3716 non
827 3661 1029 3717 amisso
1055 3678 1120 3718 eo
1151 3662 1312 3719 modo
1343 3662 1558 3730 dicitur,
1593 3662 1732 3719 sicut
1770 3678 1927 3719 mens
1975 3670 2029 3718 et
2075 3679 2185 3718 cor-

586 3763 691 3820 pus
721 3749 1057 3805 eucharistiae
1076 3751 1426 3823 perceptione
1457 3752 1722 3823 reparari,
1749 3759 1802 3807 et
1821 3751 2187 3808 satisfactione

595 3851 840 3910 congrua
870 3839 1121 3897 renovari
1149 3841 1347 3896 mentis
1375 3849 1580 3896 nostrae
1623 3840 1843 3912 spiritus
1870 3841 2090 3914 legitur.
2121 3843 2188 3896 Et

591 3925 729 3982 sicut
759 3941 878 3999 qua:
905 3935 1030 3984 ante
1060 3929 1406 4000 baptismum,
1438 3929 1524 3986 vel
1567 3937 1692 4001 post
1737 3930 2066 4001 baptismum
2095 3929 2188 3986 hu-

591 4031 750 4070 mana
776 4015 1085 4087 ignorantia
1118 4017 1201 4073 vel
1231 4017 1542 4073 inﬁrmitate
1571 4026 1880 4090 peccantur,
1897 4017 2187 4090 baptisma-

581 4103 651 4158 tis
680 4120 904 4160 munere
935 4113 1020 4160 est
1048 4113 1104 4161 ut
1135 4107 1316 4180 dignis
1345 4106 1678 4178 paenitentiae
1706 4105 1976 4163 fructibus
2004 4107 2183 4162 remit-

587 4200 802 4248 tantur:
834 4194 910 4248 ita
953 4194 1259 4266 nuptiarum
1289 4195 1432 4252 bono
1462 4195 1792 4262 defenditur,
1838 4212 1907 4252 ne
1955 4195 2184 4250 crimina

585 4281 907 4350 habeantur,
939 4300 1059 4356 quae
1088 4283 1156 4338 ab
1187 4285 1448 4354 Apostolo
1461 4285 1763 4340 secundum
1787 4283 2180 4356 indulgentiam

583 4371 955 4426 conceduntur
986 4387 998 4426 :
1033 4371 1126 4426 illa
1155 4372 1425 4439 videlicet,
1459 4388 1580 4444 qua:
1623 4373 2061 4444 concupiscentia
2089 4373 2188 4428 im-

2281 1803 2336 1856 in
2364 1803 2690 1858 continentia
2719 1803 3001 1866 manserit,
3036 1819 3106 1858 an
3145 1802 3445 1858 secundum
3492 1802 3674 1874 legem
3724 1810 3876 1857 vete-

2280 1907 2414 1957 rem,
2447 1899 2502 1946 ut
2523 1907 2710 1946 semen
2740 1891 2796 1945 in
2813 1891 2982 1947 Israel
3002 1891 3354 1963 relinqueret,
3379 1890 3471 1945 alii
3491 1890 3629 1946 forte
3660 1891 3877 1948 nubere

2280 1979 2543 2052 delegerit
2579 1998 2593 2034 :
2633 1979 2690 2034 in
2731 1979 2888 2049 cujus
2933 1980 3160 2036 arbitrio
3204 1981 3308 2036 hoc
3353 1995 3462 2035 non
3508 1987 3774 2046 maneret,
3829 1980 3878 2035 si

2279 2077 2402 2140 post
2448 2069 2655 2141 legales
2701 2069 2918 2141 nuptias
2958 2068 3184 2124 fuissent
3242 2068 3554 2140 nuptialiter
3595 2068 3877 2140 copulati;

2282 2173 2384 2213 nec
2404 2159 2595 2213 Joanni
2627 2175 2749 2213 esse
2778 2158 2988 2213 licitum
3025 2158 3323 2214 secundum
3363 2157 3650 2229 Evangelii
3691 2157 3875 2214 docu-

2281 2255 2541 2316 mentum,
2578 2248 2622 2301 si
2651 2247 3055 2319 desponsatam,
3102 2247 3360 2313 dotatam,
3393 2253 3445 2302 et
3487 2245 3718 2318 publicis
3772 2263 3879 2302 nu-

2280 2335 2406 2407 ptiis
2433 2337 2749 2391 honoratam
2780 2337 3038 2403 duxisset,
3074 2336 3233 2391 etiam
3263 2343 3390 2392 ante
3417 2335 3670 2390 unionem
3692 2337 3880 2392 carnis

2281 2424 2610 2496 relinquere,
2645 2424 2691 2478 si
2724 2441 2833 2478 non
2864 2424 3160 2495 delegisset
3188 2439 3254 2480 ex
3293 2440 3565 2480 consensu
3594 2423 3651 2478 in
3692 2423 3878 2479 conti-

2281 2513 2462 2568 nentia
2490 2529 2832 2584 permanere,
2868 2514 2963 2569 sed
2995 2513 3156 2568 aliam
3185 2513 3404 2568 ducere.
3438 2512 3586 2568 Sicut
3613 2527 3724 2568 non
3742 2513 3877 2570 licet

2282 2603 2556 2672 Stephano
2585 2603 2767 2668 istam,
2802 2618 2964 2674 quam
2993 2601 3363 2673 desponsavit,
3411 2601 3614 2657 dotavit
3663 2609 3718 2656 et
3766 2619 3876 2672 pu-

2282 2690 2437 2745 blicis
2467 2690 2666 2761 nuptiis
2693 2690 2992 2757 honoravit,
3025 2690 3148 2746 licet
3178 2689 3228 2746 ei
3255 2705 3362 2744 non
3394 2689 3462 2744 sit
3481 2689 3687 2756 misius,
3707 2689 3878 2745 relin-

2283 2794 2468 2849 quere,
2502 2786 2554 2833 et
2584 2779 2742 2834 aliam
2774 2795 2896 2833 cum
2925 2778 3258 2850 pmnitcntia,
3290 2777 3378 2834 vel
3407 2778 3524 2833 sine
3553 2778 3878 2849 pmnitentia

2281 2865 2496 2935 ducere,
2530 2865 2634 2920 nisi
2650 2866 2704 2920 in
2735 2867 2888 2922 istius
2918 2867 3205 2922 concubitu
3232 2865 3490 2922 incestale
3518 2867 3720 2922 malum
3767 2884 3877 2938 po-

2281 2953 2472 3010 tuisset
2499 2954 2828 3011 intervenire
2861 2973 2874 3009 :
2908 2955 3005 3010 sed
3033 2963 3125 3012 aut
3155 2973 3220 3011 ex
3267 2971 3538 3011 consensu
3586 2971 3710 3011 cum
3755 2957 3882 3028 ipsa

2281 3043 2335 3096 in
2366 3043 2697 3099 continentia
2730 3045 3036 3115 Stephanus
3072 3052 3430 3115 permaneret,
3463 3051 3552 3098 aut
3579 3043 3626 3098 si
3657 3060 3718 3100 se
3745 3060 3884 3101 con-

2284 3131 2452 3187 tinere
2482 3147 2591 3188 non
2613 3141 2820 3204 posset,
2852 3148 2977 3188 cum
3005 3148 3068 3188 ea
3095 3132 3408 3204 nuptialiter
3437 3132 3720 3204 copulatus
3751 3149 3881 3190 ma-

2283 3229 2452 3276 neret.
2487 3221 2544 3277 Si
2571 3229 2753 3278 autem
2783 3221 2898 3277 sine
2928 3222 3157 3291 incestu,
3189 3238 3310 3277 cum
3337 3222 3442 3278 hoc
3471 3222 3656 3277 debito
3683 3223 3884 3280 ordine

2283 3310 2556 3366 commisti
2598 3309 2792 3378 forent,
2839 3311 2943 3364 nisi
2993 3326 3059 3365 ex
3105 3317 3293 3365 mutuo
3337 3325 3609 3368 consensu
3651 3319 3884 3382 propter

2282 3399 2664 3456 continentiam
2695 3398 2936 3469 separari
2961 3414 3072 3454 non
3098 3405 3339 3470 possent,
3372 3407 3462 3454 aut
3494 3407 3716 3470 propter
3765 3399 3884 3456 for-

2284 3487 2611 3544 nicationem
2670 3487 2922 3558 separati,
2982 3487 3070 3542 vel
3135 3486 3325 3559 inuptii
3385 3503 3730 3558 permanere,
3790 3489 3884 3545 vel

2285 3577 2501 3631 sibimet
2550 3575 2890 3632 reconciliari
2939 3576 3248 3632 deberent:
3299 3584 3352 3631 et
3402 3576 3448 3631 si
3495 3593 3619 3632 cum
3659 3576 3887 3634 incestu

2285 3664 2515 3720 fuissent
2543 3665 2834 3733 conjuncti,
2867 3665 3209 3736 separatione
3239 3680 3429 3721 eorum
3465 3680 3529 3722 ac
3558 3667 3891 3736 poenitentia

2284 3753 2612 3809 adulterium
2631 3755 2930 3810 secundum
2951 3755 3328 3811 auctoritatem
3352 3754 3668 3810 canonicam
3697 3756 3888 3812 sanari

2287 3843 2530 3898 deberet.

2356 3941 2424 3996 Et
2452 3941 2568 3996 haec
2611 3941 2826 3997 sibimet
2873 3941 2949 3997 ita
2991 3943 3279 3999 concinere
3323 3957 3480 4000 sacra
3536 3943 3889 4002 demonstrat

2286 4028 2594 4096 auctoritas,
2627 4029 2817 4086 dicens
2845 4030 2915 4086 de
2934 4031 3102 4086 Maria
3156 4040 3208 4086 et
3244 4031 3448 4104 Joseph
3485 4049 3499 4088 :
3533 4033 3883 4107 Antequam,

2285 4117 2477 4190 inquit,
2527 4122 2898 4176 convenirent
2945 4120 3160 4191 (Matth.
3207 4122 3268 4190 ι),
3330 4121 3389 4176 id
3431 4129 3532 4188 est,
3580 4130 3886 4194 antequam

2286 4206 2596 4278 nuptiarum
2626 4208 2889 4264 solemnia
2937 4208 3038 4264 rite
3094 4209 3454 4266 celebrarent.
3504 4211 3684 4266 Verbo
3731 4213 3888 4268 enim

2287 4297 2664 4364 conveniendi,
2695 4313 2805 4352 non
2850 4297 3028 4367 ipsum
3073 4297 3440 4366 concubitum,
3491 4299 3588 4354 sed
3633 4301 3884 4372 nuptias,

2287 4402 2408 4457 quae
2450 4387 2761 4456 praecedere
2783 4386 2960 4442 solent
3006 4387 3403 4444 concumhendi
3447 4394 3680 4459 tempus,
3732 4389 3883 4444 insi-

582 4457 820 4530 pellente
847 4475 958 4514 non
985 4459 1088 4514 nisi
1119 4461 1443 4534 conjugibus
1464 4461 1836 4516 conceduntur
1858 4479 1873 4528 ;
1896 4468 2104 4516 tantum
2119 4469 2178 4516 ut
2206 4459 2259 4520 D
2277 4481 2422 4540 nuat,
2457 4475 2676 4544 quando
2707 4491 2770 4529 ea
2808 4491 2929 4546 quae
2973 4474 3126 4545 prius
3167 4475 3495 4546 desponsata
3514 4457 3707 4545 fuerat,
3752 4493 3885 4534 esse

581 4561 706 4602 cum
735 4546 983 4620 legaliter
1010 4549 1190 4620 nuptis
1220 4549 1536 4605 naturaliter
1565 4550 1978 4606 concumbatur.
2010 4550 2177 4605 Natu-

584 4635 768 4691 ratiter
802 4645 980 4692 autem
1030 4637 1282 4704 dicimus,
1333 4637 1461 4710 quia
1503 4637 1572 4692 de
1616 4637 1740 4693 Ona
1787 4637 1986 4708 legitur
2013 4639 2173 4708 (Gen.

583 4725 846 4796 xxxvm),
879 4727 1024 4798 quod
1054 4741 1180 4782 cum
1208 4742 1379 4782 uxore
1417 4725 1728 4782 naturaliter
1773 4741 1884 4782 non
1927 4741 2176 4784 concum-

586 4812 722 4867 bens
751 4813 948 4869 interiit
975 4831 1271 4886 percussus
1302 4831 1336 4869 a
1365 4814 1616 4871 Domino.

659 4908 814 4965 Unde
837 4909 1026 4966 beatus
1053 4912 1386 4985 Augustinus
1416 4913 1472 4966 in
1494 4912 1636 4968 libro
1653 4911 1724 4968 de
1739 4911 1885 4969 bono
1913 4913 2170 4987 conjugii,

586 5004 640 5053 et
669 4996 739 5053 de
766 4997 980 5068 Nuptiis
1010 5006 1062 5054 et
1093 4999 1559 5072 Concupiscentia,
1593 5007 1648 5055 et
1674 4999 1728 5054 in
1746 4999 1866 5055 aliis
1897 5001 2008 5056 suis
2023 5001 2178 5058 libris

587 5085 1038 5142 suﬁicientissime
1080 5087 1333 5160 disputat.
1385 5088 1494 5144 Sed
1543 5095 1596 5144 et
1645 5088 1844 5144 ibidem
1887 5089 2027 5146 inter
2073 5091 2180 5147 alia

585 5174 763 5231 dicit:
814 5174 974 5244 Quod
1022 5191 1158 5248 ergo
1205 5177 1526 5248 praecipiunt
1553 5177 1784 5248 apostoli
1831 5179 2174 5252 conjugibus,

583 5263 689 5320 hoc
715 5271 800 5319 est
828 5265 1168 5336 nuptiarum;
1200 5264 1426 5336 scilicet,
1459 5265 1614 5322 uxori
1645 5267 1728 5323 vir
1775 5267 2016 5323 debitum
2062 5269 2182 5324 red-

582 5353 692 5419 dat,
717 5361 770 5410 et
792 5369 930 5409 uxor
945 5354 1080 5422 viro,
1101 5361 1151 5410 et
1173 5352 1316 5410 ﬁlios
1336 5371 1649 5426 procreare,
1701 5365 1906 5414 matres
1952 5357 2181 5412 familias

583 5458 724 5498 esse.
761 5441 920 5512 Quod
966 5452 1146 5501 autem
1193 5444 1478 5502 venialiter
1525 5447 1850 5516 concedunt,
1901 5455 1993 5503 aut
2035 5447 2182 5520 quod

581 5531 805 5606 impedit
833 5533 904 5590 ad
931 5533 1217 5604 orandum,
1251 5550 1361 5592 non
1391 5545 1592 5612 cogunt
1618 5537 1838 5610 nuptiae,
1863 5537 1960 5594 sed
1981 5535 2178 5592 ferunt.

2277 4563 2472 4630 conjux
2501 4561 2722 4632 incepit.
2741 4563 2809 4616 Et
2826 4561 2990 4632 paulo
3007 4570 3158 4632 post:
3185 4564 3364 4620 Voluit
3386 4565 3602 4621 occulte
3621 4565 3887 4622 dimitte-

2275 4667 2336 4706 re
2367 4668 2492 4706 eam
2521 4651 2724 4723 (ibid.).
2760 4651 2962 4706 Videns
3003 4653 3206 4722 Joseph
3253 4667 3512 4722 sponsam
3549 4654 3881 4726 concepisse

2279 4755 2450 4807 suam,
2485 4756 2647 4812 quam
2679 4740 2817 4795 bene
2847 4747 3072 4794 noverat
3109 4756 3140 4794 a
3172 4740 3320 4796 nullo
3369 4741 3486 4798 viro
3535 4741 3704 4798 fuisse
3741 4753 3886 4799 atta~

2279 4836 2442 4896 ctam,
2475 4844 2598 4883 cum
2628 4843 2751 4882 esse
2769 4828 2948 4896 justus
2978 4835 3032 4882 et
3054 4828 3198 4897 juste
3240 4830 3424 4884 omnia
3469 4829 3633 4886 vellet
3681 4847 3879 4904 agere,

2278 4913 2541 4984 optimum
2568 4912 2738 4981 duxit,
2769 4920 2824 4967 ut
2853 4929 3032 4984 neque
3059 4914 3164 4970 hoc
3205 4913 3328 4969 aliis
3369 4915 3644 4986 proderet,
3695 4933 3883 4989 neque

2280 5019 2402 5058 eam
2465 5002 2582 5072 ipse
2643 5001 2917 5072 acciperet
2978 5019 3224 5070 uxorem,
3272 5003 3370 5059 sed
3413 5011 3617 5060 mutato
3659 5007 3880 5062 occulte

2279 5090 2585 5162 nuptiarum
2645 5090 2944 5161 proposito,
2991 5091 3046 5146 in
3093 5088 3403 5148 conditione
3467 5108 3589 5147 eam
3658 5109 3883 5164 sponsae

2279 5194 2505 5234 manere
2533 5186 2807 5251 pateretur
2833 5187 2888 5234 ut
2918 5187 3051 5235 erat.
3105 5181 3213 5236 Sed
3261 5181 3305 5235 si
3350 5197 3471 5237 eam
3517 5181 3731 5238 occulte
3792 5183 3880 5239 di-

2281 5268 2536 5338 mitteret,
2566 5283 2742 5340 neque
2789 5269 3064 5340 acciperet
3101 5270 3408 5342 conjugem,
3443 5279 3498 5326 et
3540 5271 3628 5326 illa
3675 5288 3882 5343 sponsa

2281 5365 2515 5428 pareret,
2547 5357 2803 5412 nimirum
2831 5358 3088 5429 perpauci
3127 5367 3332 5426 essent,
3385 5359 3476 5433 qui
3520 5375 3639 5415 eam
3698 5361 3880 5434 virgi-

2283 5461 2428 5512 nem,
2463 5454 2516 5502 et
2552 5463 2660 5502 non
2687 5446 2864 5518 potius
2891 5453 3230 5503 autumarent
3260 5463 3384 5504 esse
3420 5449 3789 5519 meretricem,
3823 5461 3880 5506 et

2286 5535 2441 5607 quasi
2471 5535 2716 5593 adultera
2740 5535 3074 5609 lapidaretur
3093 5553 3124 5592 a
3149 5536 3369 5594 Iudaeis.
