  <div class='ocr_page' id='page_1' title='image "/cluster/home/n/w/nwhite01/storage/ocr_20150623/126/umn.31951002477419r/094.png"; bbox 0 0 4026 6296; ppageno 0'>
   <div class='ocr_carea' id='block_1_1' title="bbox 188 227 282 282">
    <p class='ocr_par' dir='ltr' id='par_1_1' title="bbox 188 227 282 282">
     <span class='ocr_line' id='line_1_1' title="bbox 188 227 282 282; baseline -0.021 0"><span class='ocrx_word' id='word_1_1' title='bbox 188 227 282 282; x_wconf 69' lang='grc' dir='ltr'>ιω</span> 
     </span>
    </p>
   </div>
   <div class='ocr_carea' id='block_1_2' title="bbox 1727 213 2102 272">
    <p class='ocr_par' dir='ltr' id='par_1_2' title="bbox 1727 213 2102 272">
     <span class='ocr_line' id='line_1_2' title="bbox 1727 213 2102 272; baseline -0.005 0"><span class='ocrx_word' id='word_1_2' title='bbox 1727 213 2102 272; x_wconf 74' lang='lat' dir='ltr'><strong>EPISTOLE.</strong></span> 
     </span>
    </p>
   </div>
   <div class='ocr_carea' id='block_1_3' title="bbox 3398 225 3500 279">
    <p class='ocr_par' dir='ltr' id='par_1_3' title="bbox 3398 225 3500 279">
     <span class='ocr_line' id='line_1_3' title="bbox 3398 225 3500 279; baseline 0.029 -3"><span class='ocrx_word' id='word_1_3' title='bbox 3398 225 3500 279; x_wconf 80' lang='lat' dir='ltr'><strong>l50</strong></span> 
     </span>
    </p>
   </div>
   <div class='ocr_carea' id='block_1_4' title="bbox 249 340 3501 419">
    <p class='ocr_par' dir='ltr' id='par_1_4' title="bbox 249 340 3501 419">
     <span class='ocr_line' id='line_1_4' title="bbox 249 340 3501 419; baseline -0.002 -13"><span class='ocrx_word' id='word_1_4' title='bbox 249 348 410 406; x_wconf 87' lang='lat' dir='ltr'><strong>Unde</strong></span> <span class='ocrx_word' id='word_1_5' title='bbox 438 357 494 406; x_wconf 93' lang='lat' dir='ltr'><strong>et</strong></span> <span class='ocrx_word' id='word_1_6' title='bbox 523 348 664 406; x_wconf 84' lang='lat' dir='ltr'><strong>sacri</strong></span> <span class='ocrx_word' id='word_1_7' title='bbox 692 363 932 406; x_wconf 82' lang='lat' dir='ltr'><strong>canones</strong></span> <span class='ocrx_word' id='word_1_8' title='bbox 959 345 1018 402; x_wconf 91' lang='lat' dir='ltr'><strong>in</strong></span> <span class='ocrx_word' id='word_1_9' title='bbox 1047 345 1301 419; x_wconf 89' lang='lat' dir='ltr'><strong>capitulo,</strong></span> <span class='ocrx_word' id='word_1_10' title='bbox 1334 345 1391 401; x_wconf 88' lang='lat' dir='ltr'><strong>in</strong></span> <span class='ocrx_word' id='word_1_11' title='bbox 1420 359 1529 417; x_wconf 92' lang='lat' dir='ltr'><strong>quo</strong></span> <span class='ocrx_word' id='word_1_12' title='bbox 1562 343 1632 400; x_wconf 89' lang='lat' dir='ltr'><strong>de</strong></span> <span class='ocrx_word' id='word_1_13' title='bbox 1679 359 1785 416; x_wconf 88' lang='lat' dir='ltr'><strong>pa-</strong></span> <span class='ocrx_word' id='word_1_14' title='bbox 1817 341 2070 411; x_wconf 84' lang='lat' dir='ltr'><strong>Atuam,</strong></span> <span class='ocrx_word' id='word_1_15' title='bbox 2132 347 2185 396; x_wconf 91' lang='lat' dir='ltr'><strong>et</strong></span> <span class='ocrx_word' id='word_1_16' title='bbox 2242 340 2481 414; x_wconf 89' lang='lat' dir='ltr'><strong>reliqua,</strong></span> <span class='ocrx_word' id='word_1_17' title='bbox 2538 358 2660 416; x_wconf 68' lang='lat' dir='ltr'><strong>quin</strong></span> <span class='ocrx_word' id='word_1_18' title='bbox 2712 343 2872 399; x_wconf 84' lang='lat' dir='ltr'><strong>latius</strong></span> <span class='ocrx_word' id='word_1_19' title='bbox 2929 343 3134 400; x_wconf 89' lang='lat' dir='ltr'><strong>ibidem</strong></span> <span class='ocrx_word' id='word_1_20' title='bbox 3194 345 3501 419; x_wconf 87' lang='lat' dir='ltr'><strong>prosequi-</strong></span> 
     </span>
    </p>
   </div>
   <div class='ocr_carea' id='block_1_5' title="bbox 190 434 1790 510">
    <p class='ocr_par' dir='ltr' id='par_1_5' title="bbox 190 434 1790 510">
     <span class='ocr_line' id='line_1_5' title="bbox 190 434 1790 510; baseline -0.006 -15"><span class='ocrx_word' id='word_1_21' title='bbox 190 438 458 506; x_wconf 85' lang='lat' dir='ltr'><strong>rentibus,</strong></span> <span class='ocrx_word' id='word_1_22' title='bbox 502 439 596 510; x_wconf 91' lang='lat' dir='ltr'><strong>qui</strong></span> <span class='ocrx_word' id='word_1_23' title='bbox 621 436 788 493; x_wconf 83' lang='lat' dir='ltr'><strong>fidem</strong></span> <span class='ocrx_word' id='word_1_24' title='bbox 814 436 1250 509; x_wconf 88' lang='lat' dir='ltr'><strong>sponsalitiorum</strong></span> <span class='ocrx_word' id='word_1_25' title='bbox 1280 434 1557 508; x_wconf 89' lang='lat' dir='ltr'><strong>frangunt,</strong></span> <span class='ocrx_word' id='word_1_26' title='bbox 1591 434 1790 490; x_wconf 87' lang='lat' dir='ltr'><strong>decer-</strong></span> 
     </span>
    </p>
   </div>
   <div class='ocr_carea' id='block_1_6' title="bbox 184 522 1790 599">
    <p class='ocr_par' dir='ltr' id='par_1_6' title="bbox 184 522 1790 599">
     <span class='ocr_line' id='line_1_6' title="bbox 184 522 1790 599; baseline -0.005 -15"><span class='ocrx_word' id='word_1_27' title='bbox 184 536 375 584; x_wconf 81' lang='lat' dir='ltr'><strong>nentes</strong></span> <span class='ocrx_word' id='word_1_28' title='bbox 401 526 882 599; x_wconf 75' lang='lat' dir='ltr'><strong>providentissime</strong></span> <span class='ocrx_word' id='word_1_29' title='bbox 919 532 1224 580; x_wconf 90' lang='lat' dir='ltr'><strong>statuerunt</strong></span> <span class='ocrx_word' id='word_1_30' title='bbox 1259 523 1558 596; x_wconf 90' lang='lat' dir='ltr'><strong>adjungere</strong></span> <span class='ocrx_word' id='word_1_31' title='bbox 1606 522 1790 593; x_wconf 87' lang='lat' dir='ltr'><strong>(conc.</strong></span> 
     </span>
    </p>
   </div>
   <div class='ocr_carea' id='block_1_7' title="bbox 183 611 1791 686">
    <p class='ocr_par' dir='ltr' id='par_1_7' title="bbox 183 611 1791 686">
     <span class='ocr_line' id='line_1_7' title="bbox 183 611 1791 686; baseline -0.006 -12"><span class='ocrx_word' id='word_1_32' title='bbox 183 616 318 674; x_wconf 68' lang='grc' dir='ltr'><strong>λειω.</strong></span> <span class='ocrx_word' id='word_1_33' title='bbox 351 633 406 672; x_wconf 88' lang='lat' dir='ltr'><strong>c.</strong></span> <span class='ocrx_word' id='word_1_34' title='bbox 427 616 544 685; x_wconf 77' lang='grc'><strong>54).</strong></span> <span class='ocrx_word' id='word_1_35' title='bbox 579 615 637 670; x_wconf 94' lang='lat' dir='ltr'><strong>Si</strong></span> <span class='ocrx_word' id='word_1_36' title='bbox 665 622 864 680; x_wconf 90' lang='lat' dir='ltr'><strong>tamen,</strong></span> <span class='ocrx_word' id='word_1_37' title='bbox 897 613 1165 686; x_wconf 80' lang='lat' dir='ltr'><strong>inquiunt,</strong></span> <span class='ocrx_word' id='word_1_38' title='bbox 1201 627 1438 683; x_wconf 87' lang='lat' dir='ltr'><strong>sponsus</strong></span> <span class='ocrx_word' id='word_1_39' title='bbox 1467 611 1553 668; x_wconf 92' lang='lat' dir='ltr'><strong>vel</strong></span> <span class='ocrx_word' id='word_1_40' title='bbox 1587 625 1791 682; x_wconf 91' lang='lat' dir='ltr'><strong>sponsa</strong></span> 
     </span>
    </p>
   </div>
   <div class='ocr_carea' id='block_1_8' title="bbox 180 700 1790 776">
    <p class='ocr_par' dir='ltr' id='par_1_8' title="bbox 180 700 1790 776">
     <span class='ocr_line' id='line_1_8' title="bbox 180 700 1790 776; baseline -0.004 -16"><span class='ocrx_word' id='word_1_41' title='bbox 180 705 231 760; x_wconf 90' lang='lat' dir='ltr'><strong>in</strong></span> <span class='ocrx_word' id='word_1_42' title='bbox 257 705 423 776; x_wconf 83' lang='lat' dir='ltr'><strong>gravi</strong></span> <span class='ocrx_word' id='word_1_43' title='bbox 451 703 684 760; x_wconf 87' lang='lat' dir='ltr'><strong>crimine</strong></span> <span class='ocrx_word' id='word_1_44' title='bbox 713 701 914 758; x_wconf 80' lang='lat' dir='ltr'><strong>fuerint</strong></span> <span class='ocrx_word' id='word_1_45' title='bbox 953 701 1304 772; x_wconf 86' lang='lat' dir='ltr'><strong>deprehensi,</strong></span> <span class='ocrx_word' id='word_1_46' title='bbox 1335 700 1581 756; x_wconf 82' lang='lat' dir='ltr'><strong>excusati</strong></span> <span class='ocrx_word' id='word_1_47' title='bbox 1633 707 1790 754; x_wconf 91' lang='lat' dir='ltr'><strong>erunt</strong></span> 
     </span>
    </p>
   </div>
   <div class='ocr_carea' id='block_1_9' title="bbox 184 788 1790 866">
    <p class='ocr_par' dir='ltr' id='par_1_9' title="bbox 184 788 1790 866">
     <span class='ocr_line' id='line_1_9' title="bbox 184 788 1790 866; baseline -0.002 -19"><span class='ocrx_word' id='word_1_48' title='bbox 184 800 435 866; x_wconf 84' lang='lat' dir='ltr'><strong>parentes</strong></span> <span class='ocrx_word' id='word_1_49' title='bbox 471 810 485 846; x_wconf 90' lang='lat'><strong>:</strong></span> <span class='ocrx_word' id='word_1_50' title='bbox 518 792 648 864; x_wconf 90' lang='lat' dir='ltr'><strong>quia</strong></span> <span class='ocrx_word' id='word_1_51' title='bbox 678 791 823 864; x_wconf 91' lang='lat' dir='ltr'><strong>quod</strong></span> <span class='ocrx_word' id='word_1_52' title='bbox 853 798 1108 862; x_wconf 89' lang='lat' dir='ltr'><strong>parentes</strong></span> <span class='ocrx_word' id='word_1_53' title='bbox 1163 788 1291 845; x_wconf 89' lang='lat' dir='ltr'><strong>ﬁdei</strong></span> <span class='ocrx_word' id='word_1_54' title='bbox 1328 789 1518 845; x_wconf 68' lang='lat' dir='ltr'><strong>fractae</strong></span> <span class='ocrx_word' id='word_1_55' title='bbox 1567 789 1790 844; x_wconf 88' lang='lat' dir='ltr'><strong>debuis-</strong></span> 
     </span>
    </p>
   </div>
   <div class='ocr_carea' id='block_1_10' title="bbox 181 877 1789 950">
    <p class='ocr_par' dir='ltr' id='par_1_10' title="bbox 181 877 1789 950">
     <span class='ocr_line' id='line_1_10' title="bbox 181 877 1789 950; baseline -0.002 -13"><span class='ocrx_word' id='word_1_56' title='bbox 181 889 294 937; x_wconf 84' lang='lat' dir='ltr'><strong>sent</strong></span> <span class='ocrx_word' id='word_1_57' title='bbox 316 880 590 950; x_wconf 88' lang='lat' dir='ltr'><strong>judicium</strong></span> <span class='ocrx_word' id='word_1_58' title='bbox 618 879 914 950; x_wconf 89' lang='lat' dir='ltr'><strong>punitionis</strong></span> <span class='ocrx_word' id='word_1_59' title='bbox 945 878 1232 946; x_wconf 90' lang='lat' dir='ltr'><strong>sustinere,</strong></span> <span class='ocrx_word' id='word_1_60' title='bbox 1284 878 1352 932; x_wconf 92' lang='lat' dir='ltr'><strong>ad</strong></span> <span class='ocrx_word' id='word_1_61' title='bbox 1395 895 1491 933; x_wconf 90' lang='lat' dir='ltr'><strong>eos</strong></span> <span class='ocrx_word' id='word_1_62' title='bbox 1539 877 1651 947; x_wconf 88' lang='lat' dir='ltr'><strong>jam</strong></span> <span class='ocrx_word' id='word_1_63' title='bbox 1697 877 1789 949; x_wconf 90' lang='lat' dir='ltr'><strong>qui</strong></span> 
     </span>
    </p>
   </div>
   <div class='ocr_carea' id='block_1_11' title="bbox 183 965 1788 1041">
    <p class='ocr_par' dir='ltr' id='par_1_11' title="bbox 183 965 1788 1041">
     <span class='ocr_line' id='line_1_11' title="bbox 183 965 1788 1041; baseline -0.004 -15"><span class='ocrx_word' id='word_1_64' title='bbox 183 977 497 1026; x_wconf 88' lang='lat' dir='ltr'><strong>meruerant</strong></span> <span class='ocrx_word' id='word_1_65' title='bbox 533 968 851 1041; x_wconf 85' lang='lat' dir='ltr'><strong>pertinebit.</strong></span> <span class='ocrx_word' id='word_1_66' title='bbox 882 969 951 1022; x_wconf 88' lang='lat' dir='ltr'><strong>Et</strong></span> <span class='ocrx_word' id='word_1_67' title='bbox 989 976 1046 1022; x_wconf 90' lang='lat' dir='ltr'><strong>ut</strong></span> <span class='ocrx_word' id='word_1_68' title='bbox 1099 967 1167 1023; x_wconf 91' lang='lat' dir='ltr'><strong>ad</strong></span> <span class='ocrx_word' id='word_1_69' title='bbox 1215 966 1514 1038; x_wconf 85' lang='lat' dir='ltr'><strong>superioris</strong></span> <span class='ocrx_word' id='word_1_70' title='bbox 1553 965 1788 1036; x_wconf 85' lang='lat' dir='ltr'><strong>exempli</strong></span> 
     </span>
    </p>
   </div>
   <div class='ocr_carea' id='block_1_12' title="bbox 185 1054 1784 1128">
    <p class='ocr_par' dir='ltr' id='par_1_12' title="bbox 185 1054 1784 1128">
     <span class='ocr_line' id='line_1_12' title="bbox 185 1054 1784 1128; baseline -0.003 -15"><span class='ocrx_word' id='word_1_71' title='bbox 185 1059 431 1114; x_wconf 88' lang='lat' dir='ltr'><strong>ordinem</strong></span> <span class='ocrx_word' id='word_1_72' title='bbox 463 1057 778 1123; x_wconf 86' lang='lat' dir='ltr'><strong>redeamus,</strong></span> <span class='ocrx_word' id='word_1_73' title='bbox 808 1064 1099 1128; x_wconf 89' lang='lat' dir='ltr'><strong>propterea</strong></span> <span class='ocrx_word' id='word_1_74' title='bbox 1127 1054 1416 1111; x_wconf 88' lang='lat' dir='ltr'><strong>consilium</strong></span> <span class='ocrx_word' id='word_1_75' title='bbox 1454 1055 1658 1126; x_wconf 82' lang='lat' dir='ltr'><strong>Joseph</strong></span> <span class='ocrx_word' id='word_1_76' title='bbox 1689 1070 1784 1109; x_wconf 91' lang='lat' dir='ltr'><strong>re-</strong></span> 
     </span>
    </p>
   </div>
   <div class='ocr_carea' id='block_1_13' title="bbox 183 1143 1784 1220">
    <p class='ocr_par' dir='ltr' id='par_1_13' title="bbox 183 1143 1784 1220">
     <span class='ocr_line' id='line_1_13' title="bbox 183 1143 1784 1220; baseline -0.003 -18"><span class='ocrx_word' id='word_1_77' title='bbox 183 1155 340 1220; x_wconf 88' lang='lat' dir='ltr'><strong>pente</strong></span> <span class='ocrx_word' id='word_1_78' title='bbox 394 1145 632 1220; x_wconf 88' lang='lat' dir='ltr'><strong>consilio</strong></span> <span class='ocrx_word' id='word_1_79' title='bbox 687 1145 913 1201; x_wconf 88' lang='lat' dir='ltr'><strong>meliore</strong></span> <span class='ocrx_word' id='word_1_80' title='bbox 949 1152 1189 1199; x_wconf 86' lang='lat' dir='ltr'><strong>mutatur</strong></span> <span class='ocrx_word' id='word_1_81' title='bbox 1220 1186 1235 1210; x_wconf 95' lang='lat'><strong>,</strong></span> <span class='ocrx_word' id='word_1_82' title='bbox 1291 1152 1349 1198; x_wconf 91' lang='lat' dir='ltr'><strong>ut</strong></span> <span class='ocrx_word' id='word_1_83' title='bbox 1402 1143 1656 1199; x_wconf 81' lang='lat' dir='ltr'><strong>videlicet</strong></span> <span class='ocrx_word' id='word_1_84' title='bbox 1713 1143 1784 1198; x_wconf 91' lang='lat' dir='ltr'><strong>ad</strong></span> 
     </span>
    </p>
   </div>
   <div class='ocr_carea' id='block_1_14' title="bbox 184 1219 1784 1304">
    <p class='ocr_par' dir='ltr' id='par_1_14' title="bbox 184 1219 1784 1304">
     <span class='ocr_line' id='line_1_14' title="bbox 184 1219 1784 1304; baseline -0.003 -13"><span class='ocrx_word' id='word_1_85' title='bbox 184 1219 616 1291; x_wconf 78' lang='lat' dir='ltr'><strong>conservandam</strong></span> <span class='ocrx_word' id='word_1_86' title='bbox 670 1234 852 1289; x_wconf 65' lang='lat' dir='ltr'><strong>Mariae</strong></span> <span class='ocrx_word' id='word_1_87' title='bbox 908 1232 1132 1300; x_wconf 88' lang='lat' dir='ltr'><strong>famam,</strong></span> <span class='ocrx_word' id='word_1_88' title='bbox 1180 1233 1302 1304; x_wconf 90' lang='lat' dir='ltr'><strong>ipse</strong></span> <span class='ocrx_word' id='word_1_89' title='bbox 1349 1248 1472 1287; x_wconf 90' lang='lat' dir='ltr'><strong>eam</strong></span> <span class='ocrx_word' id='word_1_90' title='bbox 1510 1232 1784 1288; x_wconf 87' lang='lat' dir='ltr'><strong>celebrato</strong></span> 
     </span>
    </p>
   </div>
   <div class='ocr_carea' id='block_1_15' title="bbox 186 1321 1784 1396">
    <p class='ocr_par' dir='ltr' id='par_1_15' title="bbox 186 1321 1784 1396">
     <span class='ocr_line' id='line_1_15' title="bbox 186 1321 1784 1396; baseline -0.004 -17"><span class='ocrx_word' id='word_1_91' title='bbox 186 1325 498 1396; x_wconf 87' lang='lat' dir='ltr'><strong>nuptiarum</strong></span> <span class='ocrx_word' id='word_1_92' title='bbox 517 1322 776 1396; x_wconf 88' lang='lat' dir='ltr'><strong>conjugio</strong></span> <span class='ocrx_word' id='word_1_93' title='bbox 809 1323 1098 1394; x_wconf 89' lang='lat' dir='ltr'><strong>conjugem</strong></span> <span class='ocrx_word' id='word_1_94' title='bbox 1143 1321 1440 1392; x_wconf 90' lang='lat' dir='ltr'><strong>acciperet,</strong></span> <span class='ocrx_word' id='word_1_95' title='bbox 1475 1321 1573 1376; x_wconf 91' lang='lat' dir='ltr'><strong>sed</strong></span> <span class='ocrx_word' id='word_1_96' title='bbox 1602 1328 1784 1376; x_wconf 91' lang='lat' dir='ltr'><strong>castus</strong></span> 
     </span>
    </p>
   </div>
   <div class='ocr_carea' id='block_1_16' title="bbox 181 1409 1783 1484">
    <p class='ocr_par' dir='ltr' id='par_1_16' title="bbox 181 1409 1783 1484">
     <span class='ocr_line' id='line_1_16' title="bbox 181 1409 1783 1484; baseline -0.004 -14"><span class='ocrx_word' id='word_1_97' title='bbox 181 1421 386 1470; x_wconf 87' lang='lat' dir='ltr'><strong>castam</strong></span> <span class='ocrx_word' id='word_1_98' title='bbox 414 1419 684 1484; x_wconf 87' lang='lat' dir='ltr'><strong>perpetuo</strong></span> <span class='ocrx_word' id='word_1_99' title='bbox 704 1411 1018 1476; x_wconf 83' lang='lat' dir='ltr'><strong>custodiret,</strong></span> <span class='ocrx_word' id='word_1_100' title='bbox 1047 1418 1104 1465; x_wconf 89' lang='lat' dir='ltr'><strong>ut</strong></span> <span class='ocrx_word' id='word_1_101' title='bbox 1125 1409 1368 1481; x_wconf 80' lang='lat' dir='ltr'><strong>sequitur</strong></span> <span class='ocrx_word' id='word_1_102' title='bbox 1400 1427 1412 1463; x_wconf 92' lang='lat'>:</span> <span class='ocrx_word' id='word_1_103' title='bbox 1447 1411 1569 1465; x_wconf 73' lang='lat' dir='ltr'><strong>ch</strong></span> <span class='ocrx_word' id='word_1_104' title='bbox 1591 1413 1783 1464; x_wconf 86' lang='lat' dir='ltr'><strong>autem</strong></span> 
     </span>
    </p>
   </div>
   <div class='ocr_carea' id='block_1_17' title="bbox 180 1498 1782 1573">
    <p class='ocr_par' dir='ltr' id='par_1_17' title="bbox 180 1498 1782 1573">
     <span class='ocr_line' id='line_1_17' title="bbox 180 1498 1782 1573; baseline -0.003 -15"><span class='ocrx_word' id='word_1_105' title='bbox 180 1517 234 1558; x_wconf 88' lang='lat' dir='ltr'><strong>eo</strong></span> <span class='ocrx_word' id='word_1_106' title='bbox 262 1502 553 1573; x_wconf 81' lang='lat' dir='ltr'><strong>cegitante</strong></span> <span class='ocrx_word' id='word_1_107' title='bbox 585 1515 712 1556; x_wconf 86' lang='lat' dir='ltr'><strong>ecce</strong></span> <span class='ocrx_word' id='word_1_108' title='bbox 741 1500 974 1570; x_wconf 77' lang='lat' dir='ltr'><strong>angelus</strong></span> <span class='ocrx_word' id='word_1_109' title='bbox 990 1500 1218 1554; x_wconf 81' lang='lat' dir='ltr'><strong>Domini</strong></span> <span class='ocrx_word' id='word_1_110' title='bbox 1267 1498 1331 1553; x_wconf 87' lang='lat' dir='ltr'><strong>in</strong></span> <span class='ocrx_word' id='word_1_111' title='bbox 1355 1499 1568 1553; x_wconf 72' lang='lat' dir='ltr'><strong>somnis</strong></span> <span class='ocrx_word' id='word_1_112' title='bbox 1605 1515 1782 1570; x_wconf 84' lang='lat' dir='ltr'><strong>appa-</strong></span> 
     </span>
    </p>
   </div>
   <div class='ocr_carea' id='block_1_18' title="bbox 175 1587 1785 1660">
    <p class='ocr_par' dir='ltr' id='par_1_18' title="bbox 175 1587 1785 1660">
     <span class='ocr_line' id='line_1_18' title="bbox 175 1587 1785 1660; baseline -0.002 -16"><span class='ocrx_word' id='word_1_113' title='bbox 175 1591 286 1645; x_wconf 81' lang='lat' dir='ltr'><strong>ruit</strong></span> <span class='ocrx_word' id='word_1_114' title='bbox 303 1591 358 1646; x_wconf 82' lang='lat' dir='ltr'><strong>ei</strong></span> <span class='ocrx_word' id='word_1_115' title='bbox 379 1589 578 1644; x_wconf 85' lang='lat' dir='ltr'><strong>dicens</strong></span> <span class='ocrx_word' id='word_1_116' title='bbox 598 1603 617 1639; x_wconf 89' lang='lat'><strong><em>:</em></strong></span> <span class='ocrx_word' id='word_1_117' title='bbox 641 1587 861 1660; x_wconf 78' lang='lat' dir='ltr'><strong>Ioseph,</strong></span> <span class='ocrx_word' id='word_1_118' title='bbox 877 1587 963 1655; x_wconf 83' lang='lat' dir='ltr'><strong>ﬁli</strong></span> <span class='ocrx_word' id='word_1_119' title='bbox 983 1587 1174 1652; x_wconf 87' lang='lat' dir='ltr'><strong>David,</strong></span> <span class='ocrx_word' id='word_1_120' title='bbox 1212 1587 1338 1643; x_wconf 84' lang='lat' dir='ltr'><strong>noli</strong></span> <span class='ocrx_word' id='word_1_121' title='bbox 1357 1588 1558 1642; x_wconf 88' lang='lat' dir='ltr'><strong>timere</strong></span> <span class='ocrx_word' id='word_1_122' title='bbox 1573 1588 1785 1658; x_wconf 87' lang='lat' dir='ltr'><strong>accipe-</strong></span> 
     </span>
    </p>
   </div>
   <div class='ocr_carea' id='block_1_19' title="bbox 180 1675 1332 1748">
    <p class='ocr_par' dir='ltr' id='par_1_19' title="bbox 180 1675 1332 1748">
     <span class='ocr_line' id='line_1_19' title="bbox 180 1675 1332 1748; baseline -0.005 -14"><span class='ocrx_word' id='word_1_123' title='bbox 180 1694 236 1734; x_wconf 88' lang='lat' dir='ltr'><strong>re</strong></span> <span class='ocrx_word' id='word_1_124' title='bbox 261 1679 500 1734; x_wconf 72' lang='lat' dir='ltr'><strong>Mariam</strong></span> <span class='ocrx_word' id='word_1_125' title='bbox 519 1678 815 1748; x_wconf 85' lang='lat' dir='ltr'><strong>eonjugem</strong></span> <span class='ocrx_word' id='word_1_126' title='bbox 837 1679 998 1730; x_wconf 84' lang='lat' dir='ltr'><strong>tuam</strong></span> <span class='ocrx_word' id='word_1_127' title='bbox 1029 1675 1250 1745; x_wconf 79' lang='lat' dir='ltr'><strong>(Matth.</strong></span> <span class='ocrx_word' id='word_1_128' title='bbox 1272 1675 1332 1746; x_wconf 86' lang='grc' dir='ltr'><strong>ι).</strong></span> 
     </span>
    </p>
   </div>
   <div class='ocr_carea' id='block_1_20' title="bbox 242 1761 1781 1837">
    <p class='ocr_par' dir='ltr' id='par_1_20' title="bbox 242 1761 1781 1837">
     <span class='ocr_line' id='line_1_20' title="bbox 242 1761 1781 1837; baseline -0.004 -15"><span class='ocrx_word' id='word_1_129' title='bbox 242 1768 324 1822; x_wconf 90' lang='lat' dir='ltr'><strong>De</strong></span> <span class='ocrx_word' id='word_1_130' title='bbox 355 1765 514 1834; x_wconf 89' lang='lat' dir='ltr'><strong>cujus</strong></span> <span class='ocrx_word' id='word_1_131' title='bbox 545 1763 788 1837; x_wconf 89' lang='lat' dir='ltr'><strong>conjugii</strong></span> <span class='ocrx_word' id='word_1_132' title='bbox 835 1779 1040 1836; x_wconf 82' lang='lat' dir='ltr'><strong>genere</strong></span> <span class='ocrx_word' id='word_1_133' title='bbox 1100 1762 1328 1818; x_wconf 90' lang='lat' dir='ltr'><strong>Siricius</strong></span> <span class='ocrx_word' id='word_1_134' title='bbox 1365 1763 1434 1818; x_wconf 90' lang='lat' dir='ltr'><strong>ad</strong></span> <span class='ocrx_word' id='word_1_135' title='bbox 1481 1761 1781 1817; x_wconf 89' lang='lat' dir='ltr'><strong>Himerium</strong></span> 
     </span>
    </p>
   </div>
   <div class='ocr_carea' id='block_1_21' title="bbox 178 1850 1780 1924">
    <p class='ocr_par' dir='ltr' id='par_1_21' title="bbox 178 1850 1780 1924">
     <span class='ocr_line' id='line_1_21' title="bbox 178 1850 1780 1924; baseline -0.004 -14"><span class='ocrx_word' id='word_1_136' title='bbox 178 1856 645 1910; x_wconf 88' lang='lat' dir='ltr'><strong>Tarraconensem</strong></span> <span class='ocrx_word' id='word_1_137' title='bbox 670 1851 986 1924; x_wconf 90' lang='lat' dir='ltr'><strong>episcopum</strong></span> <span class='ocrx_word' id='word_1_138' title='bbox 1017 1850 1258 1922; x_wconf 89' lang='lat' dir='ltr'><strong>scripsit,</strong></span> <span class='ocrx_word' id='word_1_139' title='bbox 1291 1850 1480 1906; x_wconf 90' lang='lat' dir='ltr'><strong>dicens</strong></span> <span class='ocrx_word' id='word_1_140' title='bbox 1510 1851 1656 1924; x_wconf 86' lang='lat' dir='ltr'><strong>(cap.</strong></span> <span class='ocrx_word' id='word_1_141' title='bbox 1693 1851 1780 1915; x_wconf 70' lang='lat'><strong>4):</strong></span> 
     </span>
    </p>
   </div>
   <div class='ocr_carea' id='block_1_22' title="bbox 179 1939 1782 2013">
    <p class='ocr_par' dir='ltr' id='par_1_22' title="bbox 179 1939 1782 2013">
     <span class='ocr_line' id='line_1_22' title="bbox 179 1939 1782 2013; baseline -0.003 -15"><span class='ocrx_word' id='word_1_142' title='bbox 179 1945 254 1999; x_wconf 91' lang='lat' dir='ltr'><strong>De</strong></span> <span class='ocrx_word' id='word_1_143' title='bbox 308 1940 558 2013; x_wconf 91' lang='lat' dir='ltr'><strong>conjugii</strong></span> <span class='ocrx_word' id='word_1_144' title='bbox 615 1939 912 1996; x_wconf 88' lang='lat' dir='ltr'><strong>violatione</strong></span> <span class='ocrx_word' id='word_1_145' title='bbox 957 1939 1256 2010; x_wconf 88' lang='lat' dir='ltr'><strong>requisisti,</strong></span> <span class='ocrx_word' id='word_1_146' title='bbox 1291 1939 1336 1994; x_wconf 92' lang='lat' dir='ltr'><strong>si</strong></span> <span class='ocrx_word' id='word_1_147' title='bbox 1393 1940 1782 2011; x_wconf 85' lang='lat' dir='ltr'><strong>desponsatam</strong></span> 
     </span>
    </p>
   </div>
   <div class='ocr_carea' id='block_1_23' title="bbox 179 2027 1776 2102">
    <p class='ocr_par' dir='ltr' id='par_1_23' title="bbox 179 2027 1776 2102">
     <span class='ocr_line' id='line_1_23' title="bbox 179 2027 1776 2102; baseline -0.003 -16"><span class='ocrx_word' id='word_1_148' title='bbox 179 2031 264 2087; x_wconf 86' lang='lat' dir='ltr'><strong>alii</strong></span> <span class='ocrx_word' id='word_1_149' title='bbox 290 2030 538 2102; x_wconf 87' lang='lat' dir='ltr'><strong>puellam</strong></span> <span class='ocrx_word' id='word_1_150' title='bbox 567 2028 704 2084; x_wconf 85' lang='lat' dir='ltr'><strong>alter</strong></span> <span class='ocrx_word' id='word_1_151' title='bbox 731 2028 787 2082; x_wconf 91' lang='lat' dir='ltr'><strong>in</strong></span> <span class='ocrx_word' id='word_1_152' title='bbox 815 2027 1222 2083; x_wconf 85' lang='lat' dir='ltr'><strong>matrimonium</strong></span> <span class='ocrx_word' id='word_1_153' title='bbox 1279 2027 1452 2099; x_wconf 88' lang='lat' dir='ltr'><strong>possit</strong></span> <span class='ocrx_word' id='word_1_154' title='bbox 1508 2027 1776 2098; x_wconf 89' lang='lat' dir='ltr'><strong>accipere.</strong></span> 
     </span>
    </p>
   </div>
   <div class='ocr_carea' id='block_1_24' title="bbox 175 2115 1780 2188">
    <p class='ocr_par' dir='ltr' id='par_1_24' title="bbox 175 2115 1780 2188">
     <span class='ocr_line' id='line_1_24' title="bbox 175 2115 1780 2188; baseline -0.004 -13"><span class='ocrx_word' id='word_1_155' title='bbox 175 2120 283 2175; x_wconf 86' lang='lat' dir='ltr'><strong>Hoc</strong></span> <span class='ocrx_word' id='word_1_156' title='bbox 314 2135 387 2174; x_wconf 93' lang='lat' dir='ltr'><strong>ne</strong></span> <span class='ocrx_word' id='word_1_157' title='bbox 445 2117 542 2172; x_wconf 84' lang='lat' dir='ltr'><strong>fiat</strong></span> <span class='ocrx_word' id='word_1_158' title='bbox 574 2115 755 2172; x_wconf 92' lang='lat' dir='ltr'><strong>modis</strong></span> <span class='ocrx_word' id='word_1_159' title='bbox 811 2116 1062 2171; x_wconf 88' lang='lat' dir='ltr'><strong>omnibus</strong></span> <span class='ocrx_word' id='word_1_160' title='bbox 1117 2115 1447 2182; x_wconf 89' lang='lat' dir='ltr'><strong>inhibemus,</strong></span> <span class='ocrx_word' id='word_1_161' title='bbox 1510 2115 1640 2188; x_wconf 85' lang='lat' dir='ltr'><strong>quia</strong></span> <span class='ocrx_word' id='word_1_162' title='bbox 1690 2115 1780 2170; x_wconf 88' lang='lat' dir='ltr'><strong>illa</strong></span> 
     </span>
    </p>
   </div>
   <div class='ocr_carea' id='block_1_25' title="bbox 172 2203 1779 2278">
    <p class='ocr_par' dir='ltr' id='par_1_25' title="bbox 172 2203 1779 2278">
     <span class='ocr_line' id='line_1_25' title="bbox 172 2203 1779 2278; baseline -0.004 -15"><span class='ocrx_word' id='word_1_163' title='bbox 172 2205 498 2272; x_wconf 87' lang='lat' dir='ltr'><strong>benedictio,</strong></span> <span class='ocrx_word' id='word_1_164' title='bbox 534 2221 698 2278; x_wconf 89' lang='lat' dir='ltr'><strong>quam</strong></span> <span class='ocrx_word' id='word_1_165' title='bbox 727 2213 970 2276; x_wconf 74' lang='lat' dir='ltr'><strong>nupturae</strong></span> <span class='ocrx_word' id='word_1_166' title='bbox 1016 2203 1272 2259; x_wconf 89' lang='lat' dir='ltr'><strong>sacerdos</strong></span> <span class='ocrx_word' id='word_1_167' title='bbox 1324 2204 1574 2275; x_wconf 90' lang='lat' dir='ltr'><strong>imponit,</strong></span> <span class='ocrx_word' id='word_1_168' title='bbox 1635 2204 1779 2275; x_wconf 89' lang='lat' dir='ltr'><strong>apud</strong></span> 
     </span>
    </p>
   </div>
   <div class='ocr_carea' id='block_1_26' title="bbox 173 2292 1779 2365">
    <p class='ocr_par' dir='ltr' id='par_1_26' title="bbox 173 2292 1779 2365">
     <span class='ocr_line' id='line_1_26' title="bbox 173 2292 1779 2365; baseline -0.004 -13"><span class='ocrx_word' id='word_1_169' title='bbox 173 2296 360 2352; x_wconf 84' lang='lat' dir='ltr'><strong>fideles</strong></span> <span class='ocrx_word' id='word_1_170' title='bbox 391 2295 683 2364; x_wconf 83' lang='lat' dir='ltr'><strong>cujusdam</strong></span> <span class='ocrx_word' id='word_1_171' title='bbox 712 2292 984 2365; x_wconf 80' lang='lat' dir='ltr'><strong>sacrilegii</strong></span> <span class='ocrx_word' id='word_1_172' title='bbox 1029 2292 1201 2348; x_wconf 89' lang='lat' dir='ltr'><strong>instar</strong></span> <span class='ocrx_word' id='word_1_173' title='bbox 1229 2300 1329 2360; x_wconf 90' lang='lat' dir='ltr'><strong>est,</strong></span> <span class='ocrx_word' id='word_1_174' title='bbox 1365 2293 1409 2347; x_wconf 94' lang='lat' dir='ltr'><strong>si</strong></span> <span class='ocrx_word' id='word_1_175' title='bbox 1449 2293 1556 2348; x_wconf 89' lang='lat' dir='ltr'><strong>ulla</strong></span> <span class='ocrx_word' id='word_1_176' title='bbox 1601 2301 1779 2347; x_wconf 88' lang='lat' dir='ltr'><strong>trans-</strong></span> 
     </span>
    </p>
   </div>
   <div class='ocr_carea' id='block_1_27' title="bbox 173 2381 1774 2459">
    <p class='ocr_par' dir='ltr' id='par_1_27' title="bbox 173 2381 1774 2459">
     <span class='ocr_line' id='line_1_27' title="bbox 173 2381 1774 2459; baseline -0.001 -20"><span class='ocrx_word' id='word_1_177' title='bbox 173 2384 462 2459; x_wconf 84' lang='lat' dir='ltr'><strong>gressione</strong></span> <span class='ocrx_word' id='word_1_178' title='bbox 487 2381 736 2438; x_wconf 89' lang='lat' dir='ltr'><strong>violetur.</strong></span> <span class='ocrx_word' id='word_1_179' title='bbox 756 2383 823 2436; x_wconf 88' lang='lat' dir='ltr'><strong>Et</strong></span> <span class='ocrx_word' id='word_1_180' title='bbox 848 2381 904 2436; x_wconf 89' lang='lat' dir='ltr'><strong>in</strong></span> <span class='ocrx_word' id='word_1_181' title='bbox 923 2381 1152 2436; x_wconf 89' lang='lat' dir='ltr'><strong>concilio</strong></span> <span class='ocrx_word' id='word_1_182' title='bbox 1169 2383 1453 2453; x_wconf 85' lang='lat' dir='ltr'><strong>Ancyrano</strong></span> <span class='ocrx_word' id='word_1_183' title='bbox 1476 2381 1628 2452; x_wconf 85' lang='lat' dir='ltr'><strong>(can.</strong></span> <span class='ocrx_word' id='word_1_184' title='bbox 1653 2383 1743 2451; x_wconf 86' lang='grc'><strong>10)</strong></span> <span class='ocrx_word' id='word_1_185' title='bbox 1761 2400 1774 2437; x_wconf 91' lang='lat'><strong>:</strong></span> 
     </span>
    </p>
   </div>
   <div class='ocr_carea' id='block_1_28' title="bbox 177 2469 1777 2544">
    <p class='ocr_par' dir='ltr' id='par_1_28' title="bbox 177 2469 1777 2544">
     <span class='ocr_line' id='line_1_28' title="bbox 177 2469 1777 2544; baseline -0.004 -15"><span class='ocrx_word' id='word_1_186' title='bbox 177 2475 552 2544; x_wconf 87' lang='lat' dir='ltr'><strong>Desponsatas</strong></span> <span class='ocrx_word' id='word_1_187' title='bbox 590 2470 820 2542; x_wconf 89' lang='lat' dir='ltr'><strong>puellas,</strong></span> <span class='ocrx_word' id='word_1_188' title='bbox 855 2477 908 2524; x_wconf 91' lang='lat' dir='ltr'><strong>et</strong></span> <span class='ocrx_word' id='word_1_189' title='bbox 945 2477 1068 2541; x_wconf 91' lang='lat' dir='ltr'><strong>post</strong></span> <span class='ocrx_word' id='word_1_190' title='bbox 1096 2469 1166 2524; x_wconf 88' lang='lat' dir='ltr'><strong>ab</strong></span> <span class='ocrx_word' id='word_1_191' title='bbox 1186 2469 1304 2524; x_wconf 86' lang='lat' dir='ltr'><strong>aliis</strong></span> <span class='ocrx_word' id='word_1_192' title='bbox 1333 2476 1528 2540; x_wconf 87' lang='lat' dir='ltr'><strong>raptas,</strong></span> <span class='ocrx_word' id='word_1_193' title='bbox 1578 2469 1777 2540; x_wconf 85' lang='lat' dir='ltr'><strong>placuit</strong></span> 
     </span>
    </p>
   </div>
   <div class='ocr_carea' id='block_1_29' title="bbox 169 2553 1770 2626">
    <p class='ocr_par' dir='ltr' id='par_1_29' title="bbox 169 2553 1770 2626">
     <span class='ocr_line' id='line_1_29' title="bbox 169 2553 1770 2626; baseline -0.003 -13"><span class='ocrx_word' id='word_1_194' title='bbox 169 2558 299 2624; x_wconf 91' lang='lat' dir='ltr'><strong>erui,</strong></span> <span class='ocrx_word' id='word_1_195' title='bbox 339 2565 393 2613; x_wconf 90' lang='lat' dir='ltr'><strong>et</strong></span> <span class='ocrx_word' id='word_1_196' title='bbox 425 2556 508 2612; x_wconf 91' lang='lat' dir='ltr'><strong>eis</strong></span> <span class='ocrx_word' id='word_1_197' title='bbox 547 2554 724 2620; x_wconf 88' lang='lat' dir='ltr'><strong>reddi,</strong></span> <span class='ocrx_word' id='word_1_198' title='bbox 757 2554 950 2626; x_wconf 91' lang='lat' dir='ltr'><strong>quibus</strong></span> <span class='ocrx_word' id='word_1_199' title='bbox 983 2562 1106 2608; x_wconf 87' lang='lat' dir='ltr'><strong>ante</strong></span> <span class='ocrx_word' id='word_1_200' title='bbox 1165 2553 1376 2608; x_wconf 87' lang='lat' dir='ltr'><strong>fuerant</strong></span> <span class='ocrx_word' id='word_1_201' title='bbox 1409 2555 1770 2625; x_wconf 69' lang='lat' dir='ltr'><strong>desponsatm,</strong></span> 
     </span>
    </p>
   </div>
   <div class='ocr_carea' id='block_1_30' title="bbox 174 2641 1772 2714">
    <p class='ocr_par' dir='ltr' id='par_1_30' title="bbox 174 2641 1772 2714">
     <span class='ocr_line' id='line_1_30' title="bbox 174 2641 1772 2714; baseline -0.003 -13"><span class='ocrx_word' id='word_1_202' title='bbox 174 2645 382 2702; x_wconf 86' lang='lat' dir='ltr'><strong>etiamsi</strong></span> <span class='ocrx_word' id='word_1_203' title='bbox 411 2643 494 2700; x_wconf 89' lang='lat' dir='ltr'><strong>eis</strong></span> <span class='ocrx_word' id='word_1_204' title='bbox 523 2660 557 2699; x_wconf 90' lang='lat' dir='ltr'><strong>a</strong></span> <span class='ocrx_word' id='word_1_205' title='bbox 588 2643 895 2714; x_wconf 87' lang='lat' dir='ltr'><strong>raptoribus</strong></span> <span class='ocrx_word' id='word_1_206' title='bbox 925 2642 1009 2697; x_wconf 91' lang='lat' dir='ltr'><strong>vis</strong></span> <span class='ocrx_word' id='word_1_207' title='bbox 1063 2641 1213 2696; x_wconf 88' lang='lat' dir='ltr'><strong>illata</strong></span> <span class='ocrx_word' id='word_1_208' title='bbox 1261 2643 1580 2697; x_wconf 86' lang='lat' dir='ltr'><strong>constiterit.</strong></span> <span class='ocrx_word' id='word_1_209' title='bbox 1640 2642 1772 2712; x_wconf 67' lang='lat' dir='ltr'><strong>Qua:</strong></span> 
     </span>
    </p>
   </div>
   <div class='ocr_carea' id='block_1_31' title="bbox 169 2730 1772 2806">
    <p class='ocr_par' dir='ltr' id='par_1_31' title="bbox 169 2730 1772 2806">
     <span class='ocr_line' id='line_1_31' title="bbox 169 2730 1772 2806; baseline -0.002 -17"><span class='ocrx_word' id='word_1_210' title='bbox 169 2751 328 2806; x_wconf 89' lang='lat' dir='ltr'><strong>supra</strong></span> <span class='ocrx_word' id='word_1_211' title='bbox 387 2741 576 2788; x_wconf 86' lang='lat' dir='ltr'><strong>taxato</strong></span> <span class='ocrx_word' id='word_1_212' title='bbox 634 2731 823 2787; x_wconf 89' lang='lat' dir='ltr'><strong>ordine</strong></span> <span class='ocrx_word' id='word_1_213' title='bbox 881 2746 990 2784; x_wconf 89' lang='lat' dir='ltr'><strong>non</strong></span> <span class='ocrx_word' id='word_1_214' title='bbox 1046 2730 1210 2786; x_wconf 88' lang='lat' dir='ltr'><strong>modo</strong></span> <span class='ocrx_word' id='word_1_215' title='bbox 1273 2746 1488 2802; x_wconf 68' lang='lat' dir='ltr'><strong>sponsae</strong></span> <span class='ocrx_word' id='word_1_216' title='bbox 1523 2773 1536 2799; x_wconf 95' lang='lat'><strong>,</strong></span> <span class='ocrx_word' id='word_1_217' title='bbox 1585 2746 1772 2786; x_wconf 89' lang='lat' dir='ltr'><strong>verum</strong></span> 
     </span>
    </p>
   </div>
   <div class='ocr_carea' id='block_1_32' title="bbox 167 2817 1771 2894">
    <p class='ocr_par' dir='ltr' id='par_1_32' title="bbox 167 2817 1771 2894">
     <span class='ocr_line' id='line_1_32' title="bbox 167 2817 1771 2894; baseline -0.002 -16"><span class='ocrx_word' id='word_1_218' title='bbox 167 2823 324 2879; x_wconf 85' lang='lat' dir='ltr'><strong>etiam</strong></span> <span class='ocrx_word' id='word_1_219' title='bbox 356 2820 518 2894; x_wconf 89' lang='lat' dir='ltr'><strong>quasi</strong></span> <span class='ocrx_word' id='word_1_220' title='bbox 546 2819 810 2892; x_wconf 90' lang='lat' dir='ltr'><strong>conjuges</strong></span> <span class='ocrx_word' id='word_1_221' title='bbox 841 2817 1018 2886; x_wconf 73' lang='lat' dir='ltr'><strong>factae,</strong></span> <span class='ocrx_word' id='word_1_222' title='bbox 1071 2817 1232 2874; x_wconf 89' lang='lat' dir='ltr'><strong>etiam</strong></span> <span class='ocrx_word' id='word_1_223' title='bbox 1289 2817 1552 2874; x_wconf 83' lang='lat' dir='ltr'><strong>violenter</strong></span> <span class='ocrx_word' id='word_1_224' title='bbox 1591 2835 1771 2874; x_wconf 88' lang='lat' dir='ltr'><strong>corru-</strong></span> 
     </span>
    </p>
   </div>
   <div class='ocr_carea' id='block_1_33' title="bbox 169 2907 1765 2984">
    <p class='ocr_par' dir='ltr' id='par_1_33' title="bbox 169 2907 1765 2984">
     <span class='ocr_line' id='line_1_33' title="bbox 169 2907 1765 2984; baseline -0.003 -18"><span class='ocrx_word' id='word_1_225' title='bbox 169 2921 289 2984; x_wconf 59' lang='lat' dir='ltr'><strong>ptae,</strong></span> <span class='ocrx_word' id='word_1_226' title='bbox 326 2911 400 2964; x_wconf 87' lang='lat' dir='ltr'><strong>ita</strong></span> <span class='ocrx_word' id='word_1_227' title='bbox 431 2908 652 2980; x_wconf 87' lang='lat' dir='ltr'><strong>sponsis</strong></span> <span class='ocrx_word' id='word_1_228' title='bbox 683 2907 978 2962; x_wconf 68' lang='lat' dir='ltr'><strong>reddendae</strong></span> <span class='ocrx_word' id='word_1_229' title='bbox 1005 2914 1146 2976; x_wconf 89' lang='lat' dir='ltr'><strong>sunt,</strong></span> <span class='ocrx_word' id='word_1_230' title='bbox 1177 2907 1313 2962; x_wconf 90' lang='lat' dir='ltr'><strong>sicut</strong></span> <span class='ocrx_word' id='word_1_231' title='bbox 1329 2908 1493 2962; x_wconf 90' lang='lat' dir='ltr'><strong>etiam</strong></span> <span class='ocrx_word' id='word_1_232' title='bbox 1515 2908 1765 2979; x_wconf 87' lang='lat' dir='ltr'><strong>separati,</strong></span> 
     </span>
    </p>
   </div>
   <div class='ocr_carea' id='block_1_34' title="bbox 169 2995 1768 3068">
    <p class='ocr_par' dir='ltr' id='par_1_34' title="bbox 169 2995 1768 3068">
     <span class='ocr_line' id='line_1_34' title="bbox 169 2995 1768 3068; baseline -0.001 -16"><span class='ocrx_word' id='word_1_233' title='bbox 169 2999 277 3054; x_wconf 89' lang='lat' dir='ltr'><strong>sive</strong></span> <span class='ocrx_word' id='word_1_234' title='bbox 309 2996 693 3053; x_wconf 84' lang='lat' dir='ltr'><strong>fornicationis</strong></span> <span class='ocrx_word' id='word_1_235' title='bbox 724 3011 908 3064; x_wconf 87' lang='lat' dir='ltr'><strong>causa,</strong></span> <span class='ocrx_word' id='word_1_236' title='bbox 939 3002 991 3050; x_wconf 92' lang='lat' dir='ltr'><strong>et</strong></span> <span class='ocrx_word' id='word_1_237' title='bbox 1021 2995 1229 3068; x_wconf 87' lang='lat' dir='ltr'><strong>absque</strong></span> <span class='ocrx_word' id='word_1_238' title='bbox 1259 3003 1446 3051; x_wconf 90' lang='lat' dir='ltr'><strong>mutuo</strong></span> <span class='ocrx_word' id='word_1_239' title='bbox 1495 3011 1768 3052; x_wconf 90' lang='lat' dir='ltr'><strong>consensu</strong></span> 
     </span>
    </p>
   </div>
   <div class='ocr_carea' id='block_1_35' title="bbox 168 3083 1774 3157">
    <p class='ocr_par' dir='ltr' id='par_1_35' title="bbox 168 3083 1774 3157">
     <span class='ocr_line' id='line_1_35' title="bbox 168 3083 1774 3157; baseline -0.002 -15"><span class='ocrx_word' id='word_1_240' title='bbox 168 3086 422 3157; x_wconf 86' lang='lat' dir='ltr'><strong>disjuncti</strong></span> <span class='ocrx_word' id='word_1_241' title='bbox 478 3085 745 3157; x_wconf 90' lang='lat' dir='ltr'><strong>conjuges</strong></span> <span class='ocrx_word' id='word_1_242' title='bbox 797 3084 1119 3156; x_wconf 88' lang='lat' dir='ltr'><strong>rejungendi</strong></span> <span class='ocrx_word' id='word_1_243' title='bbox 1157 3093 1280 3138; x_wconf 92' lang='lat' dir='ltr'><strong>sunt</strong></span> <span class='ocrx_word' id='word_1_244' title='bbox 1331 3101 1344 3138; x_wconf 88' lang='lat'>:</span> <span class='ocrx_word' id='word_1_245' title='bbox 1401 3083 1774 3140; x_wconf 84' lang='lat' dir='ltr'><strong>fornicationis</strong></span> 
     </span>
    </p>
   </div>
   <div class='ocr_carea' id='block_1_36' title="bbox 169 3172 1774 3244">
    <p class='ocr_par' dir='ltr' id='par_1_36' title="bbox 169 3172 1774 3244">
     <span class='ocr_line' id='line_1_36' title="bbox 169 3172 1774 3244; baseline -0.002 -13"><span class='ocrx_word' id='word_1_246' title='bbox 169 3185 345 3232; x_wconf 87' lang='lat' dir='ltr'><strong>autem</strong></span> <span class='ocrx_word' id='word_1_247' title='bbox 402 3189 572 3231; x_wconf 89' lang='lat' dir='ltr'><strong>causa</strong></span> <span class='ocrx_word' id='word_1_248' title='bbox 611 3172 869 3244; x_wconf 87' lang='lat' dir='ltr'><strong>separati,</strong></span> <span class='ocrx_word' id='word_1_249' title='bbox 910 3181 1002 3227; x_wconf 89' lang='lat' dir='ltr'><strong>aut</strong></span> <span class='ocrx_word' id='word_1_250' title='bbox 1049 3173 1260 3244; x_wconf 88' lang='lat' dir='ltr'><strong>innupti</strong></span> <span class='ocrx_word' id='word_1_251' title='bbox 1312 3173 1644 3240; x_wconf 86' lang='lat' dir='ltr'><strong>manebunt,</strong></span> <span class='ocrx_word' id='word_1_252' title='bbox 1685 3181 1774 3228; x_wconf 90' lang='lat' dir='ltr'><strong>aut</strong></span> 
     </span>
    </p>
   </div>
   <div class='ocr_carea' id='block_1_37' title="bbox 169 3261 1771 3320">
    <p class='ocr_par' dir='ltr' id='par_1_37' title="bbox 169 3261 1771 3320">
     <span class='ocr_line' id='line_1_37' title="bbox 169 3261 1771 3320; baseline -0.003 1"><span class='ocrx_word' id='word_1_253' title='bbox 169 3279 237 3320; x_wconf 77' lang='lat' dir='ltr'><strong>ex</strong></span> <span class='ocrx_word' id='word_1_254' title='bbox 278 3279 556 3320; x_wconf 89' lang='lat' dir='ltr'><strong>consensu</strong></span> <span class='ocrx_word' id='word_1_255' title='bbox 617 3261 835 3316; x_wconf 89' lang='lat' dir='ltr'><strong>sibimet</strong></span> <span class='ocrx_word' id='word_1_256' title='bbox 890 3269 1074 3317; x_wconf 90' lang='lat' dir='ltr'><strong>mutuo</strong></span> <span class='ocrx_word' id='word_1_257' title='bbox 1129 3261 1638 3318; x_wconf 88' lang='lat' dir='ltr'><strong>reconciliabuntur.</strong></span> <span class='ocrx_word' id='word_1_258' title='bbox 1692 3263 1771 3316; x_wconf 94' lang='lat' dir='ltr'><strong>De</strong></span> 
     </span>
    </p>
   </div>
   <div class='ocr_carea' id='block_1_38' title="bbox 169 3345 1771 3418">
    <p class='ocr_par' dir='ltr' id='par_1_38' title="bbox 169 3345 1771 3418">
     <span class='ocr_line' id='line_1_38' title="bbox 169 3345 1771 3418; baseline -0.001 -18"><span class='ocrx_word' id='word_1_259' title='bbox 169 3346 423 3418; x_wconf 91' lang='lat' dir='ltr'><strong>nuptiatis</strong></span> <span class='ocrx_word' id='word_1_260' title='bbox 454 3354 658 3412; x_wconf 91' lang='lat' dir='ltr'><strong>autem,</strong></span> <span class='ocrx_word' id='word_1_261' title='bbox 694 3346 793 3400; x_wconf 88' lang='lat' dir='ltr'><strong>sed</strong></span> <span class='ocrx_word' id='word_1_262' title='bbox 832 3346 1092 3416; x_wconf 86' lang='lat' dir='ltr'><strong>innuptis,</strong></span> <span class='ocrx_word' id='word_1_263' title='bbox 1140 3345 1194 3399; x_wconf 93' lang='lat' dir='ltr'><strong>id</strong></span> <span class='ocrx_word' id='word_1_264' title='bbox 1227 3353 1306 3400; x_wconf 91' lang='lat' dir='ltr'><strong>est</strong></span> <span class='ocrx_word' id='word_1_265' title='bbox 1339 3345 1407 3399; x_wconf 91' lang='lat' dir='ltr'><strong>de</strong></span> <span class='ocrx_word' id='word_1_266' title='bbox 1463 3345 1771 3416; x_wconf 87' lang='lat' dir='ltr'><strong>nuptiarum</strong></span> 
     </span>
    </p>
   </div>
   <div class='ocr_carea' id='block_1_39' title="bbox 170 3432 1771 3506">
    <p class='ocr_par' dir='ltr' id='par_1_39' title="bbox 170 3432 1771 3506">
     <span class='ocr_line' id='line_1_39' title="bbox 170 3432 1771 3506; baseline -0.001 -15"><span class='ocrx_word' id='word_1_267' title='bbox 170 3434 558 3500; x_wconf 86' lang='lat' dir='ltr'><strong>celebratione,</strong></span> <span class='ocrx_word' id='word_1_268' title='bbox 624 3433 680 3488; x_wconf 91' lang='lat' dir='ltr'><strong>in</strong></span> <span class='ocrx_word' id='word_1_269' title='bbox 739 3434 936 3506; x_wconf 90' lang='lat' dir='ltr'><strong>quibus</strong></span> <span class='ocrx_word' id='word_1_270' title='bbox 993 3435 1167 3489; x_wconf 66' lang='lat' dir='ltr'><strong>arrhas</strong></span> <span class='ocrx_word' id='word_1_271' title='bbox 1223 3432 1664 3504; x_wconf 87' lang='lat' dir='ltr'><strong>sponsaliorum,</strong></span> <span class='ocrx_word' id='word_1_272' title='bbox 1719 3444 1771 3489; x_wconf 88' lang='lat' dir='ltr'><strong>et</strong></span> 
     </span>
    </p>
   </div>
   <div class='ocr_carea' id='block_1_40' title="bbox 169 3515 1768 3584">
    <p class='ocr_par' dir='ltr' id='par_1_40' title="bbox 169 3515 1768 3584">
     <span class='ocr_line' id='line_1_40' title="bbox 169 3515 1768 3584; baseline 0.001 -9"><span class='ocrx_word' id='word_1_273' title='bbox 169 3519 475 3575; x_wconf 87' lang='lat' dir='ltr'><strong>benedictio</strong></span> <span class='ocrx_word' id='word_1_274' title='bbox 531 3518 910 3584; x_wconf 87' lang='lat' dir='ltr'><strong>sacerdotalis,</strong></span> <span class='ocrx_word' id='word_1_275' title='bbox 960 3525 1011 3574; x_wconf 91' lang='lat' dir='ltr'><strong>et</strong></span> <span class='ocrx_word' id='word_1_276' title='bbox 1067 3516 1357 3573; x_wconf 89' lang='lat' dir='ltr'><strong>dotationis</strong></span> <span class='ocrx_word' id='word_1_277' title='bbox 1405 3515 1768 3576; x_wconf 62' lang='lat' dir='ltr'><strong>confirmatio,</strong></span> 
     </span>
    </p>
   </div>
   <div class='ocr_carea' id='block_1_41' title="bbox 171 3606 1769 3678">
    <p class='ocr_par' dir='ltr' id='par_1_41' title="bbox 171 3606 1769 3678">
     <span class='ocr_line' id='line_1_41' title="bbox 171 3606 1769 3678; baseline -0.002 -15"><span class='ocrx_word' id='word_1_278' title='bbox 171 3616 218 3664; x_wconf 88' lang='lat' dir='ltr'><strong>et</strong></span> <span class='ocrx_word' id='word_1_279' title='bbox 238 3607 441 3663; x_wconf 87' lang='lat' dir='ltr'><strong>Christi</strong></span> <span class='ocrx_word' id='word_1_280' title='bbox 471 3615 634 3678; x_wconf 89' lang='lat' dir='ltr'><strong>atque</strong></span> <span class='ocrx_word' id='word_1_281' title='bbox 661 3606 927 3662; x_wconf 70' lang='lat' dir='ltr'><strong>Ecclesiae</strong></span> <span class='ocrx_word' id='word_1_282' title='bbox 957 3606 1274 3678; x_wconf 83' lang='lat' dir='ltr'><strong>mysterium</strong></span> <span class='ocrx_word' id='word_1_283' title='bbox 1297 3606 1364 3660; x_wconf 90' lang='lat' dir='ltr'><strong>ad</strong></span> <span class='ocrx_word' id='word_1_284' title='bbox 1393 3606 1769 3678; x_wconf 86' lang='lat' dir='ltr'><strong>completionis</strong></span> 
     </span>
    </p>
   </div>
   <div class='ocr_carea' id='block_1_42' title="bbox 171 3694 1768 3768">
    <p class='ocr_par' dir='ltr' id='par_1_42' title="bbox 171 3694 1768 3768">
     <span class='ocr_line' id='line_1_42' title="bbox 171 3694 1768 3768; baseline -0.001 -16"><span class='ocrx_word' id='word_1_285' title='bbox 171 3695 560 3768; x_wconf 82' lang='lat' dir='ltr'><strong>perfectionem</strong></span> <span class='ocrx_word' id='word_1_286' title='bbox 586 3695 857 3768; x_wconf 83' lang='lat' dir='ltr'><strong>dirigitur,</strong></span> <span class='ocrx_word' id='word_1_287' title='bbox 890 3695 987 3750; x_wconf 91' lang='lat' dir='ltr'><strong>sed</strong></span> <span class='ocrx_word' id='word_1_288' title='bbox 1009 3711 1118 3749; x_wconf 91' lang='lat' dir='ltr'><strong>non</strong></span> <span class='ocrx_word' id='word_1_289' title='bbox 1149 3695 1329 3750; x_wconf 89' lang='lat' dir='ltr'><strong>carnis</strong></span> <span class='ocrx_word' id='word_1_290' title='bbox 1357 3694 1556 3751; x_wconf 88' lang='lat' dir='ltr'><strong>unione</strong></span> <span class='ocrx_word' id='word_1_291' title='bbox 1613 3711 1768 3751; x_wconf 89' lang='lat' dir='ltr'><strong>com-</strong></span> 
     </span>
    </p>
   </div>
   <div class='ocr_carea' id='block_1_43' title="bbox 172 3783 1766 3857">
    <p class='ocr_par' dir='ltr' id='par_1_43' title="bbox 172 3783 1766 3857">
     <span class='ocr_line' id='line_1_43' title="bbox 172 3783 1766 3857; baseline -0.002 -16"><span class='ocrx_word' id='word_1_292' title='bbox 172 3787 364 3857; x_wconf 89' lang='lat' dir='ltr'><strong>pletur,</strong></span> <span class='ocrx_word' id='word_1_293' title='bbox 399 3785 500 3840; x_wconf 89' lang='lat' dir='ltr'><strong>sed</strong></span> <span class='ocrx_word' id='word_1_294' title='bbox 527 3783 812 3839; x_wconf 88' lang='lat' dir='ltr'><strong>consilium</strong></span> <span class='ocrx_word' id='word_1_295' title='bbox 840 3785 1061 3849; x_wconf 88' lang='lat' dir='ltr'><strong>bonum,</strong></span> <span class='ocrx_word' id='word_1_296' title='bbox 1095 3791 1154 3838; x_wconf 89' lang='lat' dir='ltr'><strong>ut</strong></span> <span class='ocrx_word' id='word_1_297' title='bbox 1183 3783 1252 3839; x_wconf 89' lang='lat' dir='ltr'><strong>de</strong></span> <span class='ocrx_word' id='word_1_298' title='bbox 1279 3783 1482 3854; x_wconf 85' lang='lat' dir='ltr'><strong>Joseph</strong></span> <span class='ocrx_word' id='word_1_299' title='bbox 1512 3783 1766 3850; x_wconf 83' lang='lat' dir='ltr'><strong>diximus,</strong></span> 
     </span>
    </p>
   </div>
   <div class='ocr_carea' id='block_1_44' title="bbox 171 3872 1768 3944">
    <p class='ocr_par' dir='ltr' id='par_1_44' title="bbox 171 3872 1768 3944">
     <span class='ocr_line' id='line_1_44' title="bbox 171 3872 1768 3944; baseline -0.001 -15"><span class='ocrx_word' id='word_1_300' title='bbox 171 3873 395 3930; x_wconf 87' lang='lat' dir='ltr'><strong>consilio</strong></span> <span class='ocrx_word' id='word_1_301' title='bbox 427 3873 658 3928; x_wconf 88' lang='lat' dir='ltr'><strong>meliore</strong></span> <span class='ocrx_word' id='word_1_302' title='bbox 690 3880 952 3943; x_wconf 87' lang='lat' dir='ltr'><strong>mutatur,</strong></span> <span class='ocrx_word' id='word_1_303' title='bbox 985 3881 1042 3928; x_wconf 91' lang='lat' dir='ltr'><strong>ut</strong></span> <span class='ocrx_word' id='word_1_304' title='bbox 1071 3872 1126 3927; x_wconf 91' lang='lat' dir='ltr'><strong>in</strong></span> <span class='ocrx_word' id='word_1_305' title='bbox 1155 3872 1484 3928; x_wconf 87' lang='lat' dir='ltr'><strong>continentia</strong></span> <span class='ocrx_word' id='word_1_306' title='bbox 1504 3881 1768 3944; x_wconf 89' lang='lat' dir='ltr'><strong>perpetuo</strong></span> 
     </span>
    </p>
   </div>
   <div class='ocr_carea' id='block_1_45' title="bbox 171 3961 1766 4034">
    <p class='ocr_par' dir='ltr' id='par_1_45' title="bbox 171 3961 1766 4034">
     <span class='ocr_line' id='line_1_45' title="bbox 171 3961 1766 4034; baseline 0 -17"><span class='ocrx_word' id='word_1_307' title='bbox 171 3971 476 4030; x_wconf 87' lang='lat' dir='ltr'><strong>maneatur,</strong></span> <span class='ocrx_word' id='word_1_308' title='bbox 511 3961 716 4016; x_wconf 91' lang='lat' dir='ltr'><strong>ibidem</strong></span> <span class='ocrx_word' id='word_1_309' title='bbox 753 3962 952 4016; x_wconf 90' lang='lat' dir='ltr'><strong>iterum</strong></span> <span class='ocrx_word' id='word_1_310' title='bbox 985 3961 1244 4032; x_wconf 89' lang='lat' dir='ltr'><strong>scriptum</strong></span> <span class='ocrx_word' id='word_1_311' title='bbox 1273 3968 1355 4016; x_wconf 88' lang='lat' dir='ltr'><strong>est</strong></span> <span class='ocrx_word' id='word_1_312' title='bbox 1391 3979 1404 4016; x_wconf 94' lang='lat'>:</span> <span class='ocrx_word' id='word_1_313' title='bbox 1438 3963 1766 4034; x_wconf 72' lang='lat' dir='ltr'><strong>Exsurgens</strong></span> 
     </span>
    </p>
   </div>
   <div class='ocr_carea' id='block_1_46' title="bbox 172 4050 1768 4123">
    <p class='ocr_par' dir='ltr' id='par_1_46' title="bbox 172 4050 1768 4123">
     <span class='ocr_line' id='line_1_46' title="bbox 172 4050 1768 4123; baseline -0.001 -16"><span class='ocrx_word' id='word_1_314' title='bbox 172 4056 363 4107; x_wconf 86' lang='lat' dir='ltr'><strong>autem</strong></span> <span class='ocrx_word' id='word_1_315' title='bbox 392 4052 595 4123; x_wconf 76' lang='lat' dir='ltr'><strong>Ioseph</strong></span> <span class='ocrx_word' id='word_1_316' title='bbox 623 4067 659 4106; x_wconf 88' lang='lat' dir='ltr'><strong>a</strong></span> <span class='ocrx_word' id='word_1_317' title='bbox 689 4067 901 4117; x_wconf 85' lang='lat' dir='ltr'><strong>somno,</strong></span> <span class='ocrx_word' id='word_1_318' title='bbox 969 4051 1106 4122; x_wconf 82' lang='lat' dir='ltr'><strong>fecit</strong></span> <span class='ocrx_word' id='word_1_319' title='bbox 1152 4051 1302 4106; x_wconf 81' lang='lat' dir='ltr'><strong>sicut</strong></span> <span class='ocrx_word' id='word_1_320' title='bbox 1332 4050 1384 4106; x_wconf 88' lang='lat' dir='ltr'><strong>ei</strong></span> <span class='ocrx_word' id='word_1_321' title='bbox 1425 4056 1768 4123; x_wconf 69' lang='lat' dir='ltr'><strong>praeceperat</strong></span> 
     </span>
    </p>
   </div>
   <div class='ocr_carea' id='block_1_47' title="bbox 171 4139 1766 4212">
    <p class='ocr_par' dir='ltr' id='par_1_47' title="bbox 171 4139 1766 4212">
     <span class='ocr_line' id='line_1_47' title="bbox 171 4139 1766 4212; baseline -0.001 -16"><span class='ocrx_word' id='word_1_322' title='bbox 171 4141 404 4212; x_wconf 82' lang='lat' dir='ltr'><strong>angelus</strong></span> <span class='ocrx_word' id='word_1_323' title='bbox 433 4139 680 4205; x_wconf 79' lang='lat' dir='ltr'><strong>Domini,</strong></span> <span class='ocrx_word' id='word_1_324' title='bbox 715 4143 770 4195; x_wconf 87' lang='lat' dir='ltr'><strong>et</strong></span> <span class='ocrx_word' id='word_1_325' title='bbox 791 4139 1009 4210; x_wconf 84' lang='lat' dir='ltr'><strong>accepit</strong></span> <span class='ocrx_word' id='word_1_326' title='bbox 1038 4141 1332 4211; x_wconf 84' lang='lat' dir='ltr'><strong>conjugem</strong></span> <span class='ocrx_word' id='word_1_327' title='bbox 1349 4155 1532 4202; x_wconf 85' lang='lat' dir='ltr'><strong>suam,</strong></span> <span class='ocrx_word' id='word_1_328' title='bbox 1567 4143 1622 4194; x_wconf 80' lang='lat' dir='ltr'><strong>et</strong></span> <span class='ocrx_word' id='word_1_329' title='bbox 1651 4156 1766 4196; x_wconf 85' lang='lat' dir='ltr'><strong>non</strong></span> 
     </span>
    </p>
   </div>
   <div class='ocr_carea' id='block_1_48' title="bbox 170 4226 1766 4300">
    <p class='ocr_par' dir='ltr' id='par_1_48' title="bbox 170 4226 1766 4300">
     <span class='ocr_line' id='line_1_48' title="bbox 170 4226 1766 4300; baseline -0.003 -16"><span class='ocrx_word' id='word_1_330' title='bbox 170 4227 528 4300; x_wconf 80' lang='lat' dir='ltr'><strong>cegnoscebat</strong></span> <span class='ocrx_word' id='word_1_331' title='bbox 557 4227 918 4300; x_wconf 54' lang='lat' dir='ltr'><strong>eam:(Matth.</strong></span> <span class='ocrx_word' id='word_1_332' title='bbox 945 4226 1239 4297; x_wconf 81' lang='lat' dir='ltr'><strong>1).Accepit</strong></span> <span class='ocrx_word' id='word_1_333' title='bbox 1267 4234 1449 4282; x_wconf 89' lang='lat' dir='ltr'><strong>autem</strong></span> <span class='ocrx_word' id='word_1_334' title='bbox 1478 4227 1548 4281; x_wconf 88' lang='lat' dir='ltr'><strong>ad</strong></span> <span class='ocrx_word' id='word_1_335' title='bbox 1569 4243 1766 4282; x_wconf 90' lang='lat' dir='ltr'><strong>nomen</strong></span> 
     </span>
    </p>
   </div>
   <div class='ocr_carea' id='block_1_49' title="bbox 171 4315 1766 4389">
    <p class='ocr_par' dir='ltr' id='par_1_49' title="bbox 171 4315 1766 4389">
     <span class='ocr_line' id='line_1_49' title="bbox 171 4315 1766 4389; baseline -0.002 -16"><span class='ocrx_word' id='word_1_336' title='bbox 171 4317 437 4389; x_wconf 81' lang='lat' dir='ltr'><strong>conjugis,</strong></span> <span class='ocrx_word' id='word_1_337' title='bbox 471 4317 543 4372; x_wconf 93' lang='lat' dir='ltr'><strong>ob</strong></span> <span class='ocrx_word' id='word_1_338' title='bbox 571 4331 763 4371; x_wconf 88' lang='lat' dir='ltr'><strong>causas</strong></span> <span class='ocrx_word' id='word_1_339' title='bbox 793 4315 1131 4372; x_wconf 89' lang='lat' dir='ltr'><strong>necessarias</strong></span> <span class='ocrx_word' id='word_1_340' title='bbox 1162 4331 1281 4388; x_wconf 70' lang='lat' dir='ltr'><strong>quae</strong></span> <span class='ocrx_word' id='word_1_341' title='bbox 1339 4323 1462 4369; x_wconf 89' lang='lat' dir='ltr'><strong>tunc</strong></span> <span class='ocrx_word' id='word_1_342' title='bbox 1520 4315 1766 4370; x_wconf 90' lang='lat' dir='ltr'><strong>immine-</strong></span> 
     </span>
    </p>
   </div>
   <div class='ocr_carea' id='block_1_50' title="bbox 1900 435 2006 483">
    <p class='ocr_par' dir='ltr' id='par_1_50' title="bbox 1900 435 2006 483">
     <span class='ocr_line' id='line_1_50' title="bbox 1900 435 2006 483; baseline 0.009 -1"><span class='ocrx_word' id='word_1_343' title='bbox 1900 435 2006 483; x_wconf 90' lang='lat' dir='ltr'><strong>tur.</strong></span> 
     </span>
    </p>
   </div>
   <div class='ocr_carea' id='block_1_51' title="bbox 1967 515 3484 586">
    <p class='ocr_par' dir='ltr' id='par_1_51' title="bbox 1967 515 3484 586">
     <span class='ocr_line' id='line_1_51' title="bbox 1967 515 3484 586; baseline 0.005 -16"><span class='ocrx_word' id='word_1_344' title='bbox 1967 515 2084 586; x_wconf 89' lang='lat' dir='ltr'><strong>Qua</strong></span> <span class='ocrx_word' id='word_1_345' title='bbox 2127 517 2196 573; x_wconf 91' lang='lat' dir='ltr'><strong>de</strong></span> <span class='ocrx_word' id='word_1_346' title='bbox 2225 534 2282 573; x_wconf 89' lang='lat' dir='ltr'><strong>re</strong></span> <span class='ocrx_word' id='word_1_347' title='bbox 2315 519 2398 572; x_wconf 90' lang='lat' dir='ltr'><strong>his</strong></span> <span class='ocrx_word' id='word_1_348' title='bbox 2429 519 2608 575; x_wconf 92' lang='lat' dir='ltr'><strong>edocti</strong></span> <span class='ocrx_word' id='word_1_349' title='bbox 2637 519 2964 575; x_wconf 87' lang='lat' dir='ltr'><strong>testimoniis</strong></span> <span class='ocrx_word' id='word_1_350' title='bbox 2992 537 3161 576; x_wconf 66' lang='lat' dir='ltr'><strong>sacrae</strong></span> <span class='ocrx_word' id='word_1_351' title='bbox 3181 521 3484 578; x_wconf 88' lang='lat' dir='ltr'><strong>auctorita-</strong></span> 
     </span>
    </p>
   </div>
   <div class='ocr_carea' id='block_1_52' title="bbox 1892 604 3494 680">
    <p class='ocr_par' dir='ltr' id='par_1_52' title="bbox 1892 604 3494 680">
     <span class='ocr_line' id='line_1_52' title="bbox 1892 604 3494 680; baseline 0.005 -22"><span class='ocrx_word' id='word_1_352' title='bbox 1892 604 1980 670; x_wconf 91' lang='lat' dir='ltr'><strong>tis,</strong></span> <span class='ocrx_word' id='word_1_353' title='bbox 2034 605 2341 678; x_wconf 90' lang='lat' dir='ltr'><strong>quicunque</strong></span> <span class='ocrx_word' id='word_1_354' title='bbox 2399 607 2778 678; x_wconf 90' lang='lat' dir='ltr'><strong>desponsatas,</strong></span> <span class='ocrx_word' id='word_1_355' title='bbox 2829 609 3056 674; x_wconf 89' lang='lat' dir='ltr'><strong>dotatas,</strong></span> <span class='ocrx_word' id='word_1_356' title='bbox 3106 609 3338 680; x_wconf 90' lang='lat' dir='ltr'><strong>publicis</strong></span> <span class='ocrx_word' id='word_1_357' title='bbox 3385 627 3494 666; x_wconf 92' lang='lat' dir='ltr'><strong>nu-</strong></span> 
     </span>
    </p>
   </div>
   <div class='ocr_carea' id='block_1_53' title="bbox 1890 692 3490 767">
    <p class='ocr_par' dir='ltr' id='par_1_53' title="bbox 1890 692 3490 767">
     <span class='ocr_line' id='line_1_53' title="bbox 1890 692 3490 767; baseline 0.005 -21"><span class='ocrx_word' id='word_1_358' title='bbox 1890 692 2018 764; x_wconf 89' lang='lat' dir='ltr'><strong>ptiis</strong></span> <span class='ocrx_word' id='word_1_359' title='bbox 2049 693 2344 750; x_wconf 90' lang='lat' dir='ltr'><strong>honoratas</strong></span> <span class='ocrx_word' id='word_1_360' title='bbox 2373 711 2572 750; x_wconf 88' lang='lat' dir='ltr'><strong>uxores</strong></span> <span class='ocrx_word' id='word_1_361' title='bbox 2601 696 2888 767; x_wconf 88' lang='lat' dir='ltr'><strong>ingenuas,</strong></span> <span class='ocrx_word' id='word_1_362' title='bbox 2937 697 3026 752; x_wconf 87' lang='lat' dir='ltr'><strong>vel</strong></span> <span class='ocrx_word' id='word_1_363' title='bbox 3073 697 3144 753; x_wconf 93' lang='lat' dir='ltr'><strong>ob</strong></span> <span class='ocrx_word' id='word_1_364' title='bbox 3189 699 3294 754; x_wconf 91' lang='lat' dir='ltr'><strong>hoc</strong></span> <span class='ocrx_word' id='word_1_365' title='bbox 3324 697 3490 754; x_wconf 90' lang='lat' dir='ltr'><strong>factas</strong></span> 
     </span>
    </p>
   </div>
   <div class='ocr_carea' id='block_1_54' title="bbox 1873 781 3491 856">
    <p class='ocr_par' dir='ltr' id='par_1_54' title="bbox 1873 781 3491 856">
     <span class='ocr_line' id='line_1_54' title="bbox 1873 781 3491 856; baseline 0.004 -21"><span class='ocrx_word' id='word_1_366' title='bbox 1873 781 2158 852; x_wconf 72' lang='lat' dir='ltr'><strong>,ingenuas</strong></span> <span class='ocrx_word' id='word_1_367' title='bbox 2224 783 2511 852; x_wconf 89' lang='lat' dir='ltr'><strong>duxerint,</strong></span> <span class='ocrx_word' id='word_1_368' title='bbox 2571 792 2662 839; x_wconf 88' lang='lat' dir='ltr'><strong>aut</strong></span> <span class='ocrx_word' id='word_1_369' title='bbox 2725 783 2782 838; x_wconf 91' lang='lat' dir='ltr'><strong>in</strong></span> <span class='ocrx_word' id='word_1_370' title='bbox 2839 793 3102 856; x_wconf 89' lang='lat' dir='ltr'><strong>perpetua</strong></span> <span class='ocrx_word' id='word_1_371' title='bbox 3156 786 3491 842; x_wconf 89' lang='lat' dir='ltr'><strong>continentia</strong></span> 
     </span>
    </p>
   </div>
   <div class='ocr_carea' id='block_1_55' title="bbox 1888 871 3489 941">
    <p class='ocr_par' dir='ltr' id='par_1_55' title="bbox 1888 871 3489 941">
     <span class='ocr_line' id='line_1_55' title="bbox 1888 871 3489 941; baseline 0.004 -18"><span class='ocrx_word' id='word_1_372' title='bbox 1888 878 2162 935; x_wconf 89' lang='lat' dir='ltr'><strong>maneant,</strong></span> <span class='ocrx_word' id='word_1_373' title='bbox 2198 880 2291 926; x_wconf 90' lang='lat' dir='ltr'><strong>aut</strong></span> <span class='ocrx_word' id='word_1_374' title='bbox 2321 871 2426 926; x_wconf 91' lang='lat' dir='ltr'><strong>nisi</strong></span> <span class='ocrx_word' id='word_1_375' title='bbox 2455 873 2560 928; x_wconf 90' lang='lat' dir='ltr'><strong>hoc</strong></span> <span class='ocrx_word' id='word_1_376' title='bbox 2594 873 2802 928; x_wconf 87' lang='lat' dir='ltr'><strong>crimen</strong></span> <span class='ocrx_word' id='word_1_377' title='bbox 2843 873 3159 941; x_wconf 89' lang='lat' dir='ltr'><strong>incestuale,</strong></span> <span class='ocrx_word' id='word_1_378' title='bbox 3205 875 3294 930; x_wconf 89' lang='lat' dir='ltr'><strong>vel</strong></span> <span class='ocrx_word' id='word_1_379' title='bbox 3342 875 3489 930; x_wconf 88' lang='lat' dir='ltr'><strong>aliud</strong></span> 
     </span>
    </p>
   </div>
   <div class='ocr_carea' id='block_1_56' title="bbox 1890 959 3489 1032">
    <p class='ocr_par' dir='ltr' id='par_1_56' title="bbox 1890 959 3489 1032">
     <span class='ocr_line' id='line_1_56' title="bbox 1890 959 3489 1032; baseline 0.004 -21"><span class='ocrx_word' id='word_1_380' title='bbox 1890 959 2168 1028; x_wconf 89' lang='lat' dir='ltr'><strong>quodlibet</strong></span> <span class='ocrx_word' id='word_1_381' title='bbox 2196 959 2556 1030; x_wconf 87' lang='lat' dir='ltr'><strong>prohibuerit,</strong></span> <span class='ocrx_word' id='word_1_382' title='bbox 2609 961 2753 1032; x_wconf 88' lang='lat' dir='ltr'><strong>quod</strong></span> <span class='ocrx_word' id='word_1_383' title='bbox 2798 962 2854 1015; x_wconf 91' lang='lat' dir='ltr'><strong>in</strong></span> <span class='ocrx_word' id='word_1_384' title='bbox 2902 977 2962 1017; x_wconf 91' lang='lat' dir='ltr'><strong>se</strong></span> <span class='ocrx_word' id='word_1_385' title='bbox 3009 962 3097 1017; x_wconf 88' lang='lat' dir='ltr'><strong>vel</strong></span> <span class='ocrx_word' id='word_1_386' title='bbox 3138 977 3323 1018; x_wconf 90' lang='lat' dir='ltr'><strong>secum</strong></span> <span class='ocrx_word' id='word_1_387' title='bbox 3381 978 3489 1018; x_wconf 91' lang='lat' dir='ltr'><strong>non</strong></span> 
     </span>
    </p>
   </div>
   <div class='ocr_carea' id='block_1_57' title="bbox 1888 1047 3486 1121">
    <p class='ocr_par' dir='ltr' id='par_1_57' title="bbox 1888 1047 3486 1121">
     <span class='ocr_line' id='line_1_57' title="bbox 1888 1047 3486 1121; baseline 0.004 -22"><span class='ocrx_word' id='word_1_388' title='bbox 1888 1047 2078 1116; x_wconf 85' lang='lat' dir='ltr'><strong>recipit</strong></span> <span class='ocrx_word' id='word_1_389' title='bbox 2104 1047 2304 1102; x_wconf 87' lang='lat' dir='ltr'><strong>Christi</strong></span> <span class='ocrx_word' id='word_1_390' title='bbox 2336 1056 2388 1102; x_wconf 89' lang='lat' dir='ltr'><strong>et</strong></span> <span class='ocrx_word' id='word_1_391' title='bbox 2416 1048 2680 1105; x_wconf 78' lang='lat' dir='ltr'><strong>Ecclesiae</strong></span> <span class='ocrx_word' id='word_1_392' title='bbox 2706 1058 3126 1121; x_wconf 83' lang='lat' dir='ltr'><strong>sacramentum,</strong></span> <span class='ocrx_word' id='word_1_393' title='bbox 3170 1051 3486 1121; x_wconf 89' lang='lat' dir='ltr'><strong>nuptialiter</strong></span> 
     </span>
    </p>
   </div>
   <div class='ocr_carea' id='block_1_58' title="bbox 1884 1135 3478 1210">
    <p class='ocr_par' dir='ltr' id='par_1_58' title="bbox 1884 1135 3478 1210">
     <span class='ocr_line' id='line_1_58' title="bbox 1884 1135 3478 1210; baseline 0.004 -22"><span class='ocrx_word' id='word_1_394' title='bbox 1884 1135 2114 1202; x_wconf 90' lang='lat' dir='ltr'><strong>nubant,</strong></span> <span class='ocrx_word' id='word_1_395' title='bbox 2149 1135 2194 1190; x_wconf 92' lang='lat' dir='ltr'><strong>si</strong></span> <span class='ocrx_word' id='word_1_396' title='bbox 2226 1152 2284 1191; x_wconf 91' lang='lat' dir='ltr'><strong>se</strong></span> <span class='ocrx_word' id='word_1_397' title='bbox 2318 1152 2383 1192; x_wconf 89' lang='lat' dir='ltr'><strong>ex</strong></span> <span class='ocrx_word' id='word_1_398' title='bbox 2413 1153 2684 1192; x_wconf 91' lang='lat' dir='ltr'><strong>consensu</strong></span> <span class='ocrx_word' id='word_1_399' title='bbox 2728 1138 3005 1194; x_wconf 88' lang='lat' dir='ltr'><strong>continere</strong></span> <span class='ocrx_word' id='word_1_400' title='bbox 3053 1155 3162 1193; x_wconf 92' lang='lat' dir='ltr'><strong>non</strong></span> <span class='ocrx_word' id='word_1_401' title='bbox 3209 1147 3478 1210; x_wconf 87' lang='lat' dir='ltr'><strong>poterunt,</strong></span> 
     </span>
    </p>
   </div>
   <div class='ocr_carea' id='block_1_59' title="bbox 1887 1224 3486 1300">
    <p class='ocr_par' dir='ltr' id='par_1_59' title="bbox 1887 1224 3486 1300">
     <span class='ocr_line' id='line_1_59' title="bbox 1887 1224 3486 1300; baseline 0.003 -22"><span class='ocrx_word' id='word_1_402' title='bbox 1887 1231 1939 1278; x_wconf 86' lang='lat' dir='ltr'><strong>et</strong></span> <span class='ocrx_word' id='word_1_403' title='bbox 1985 1239 2096 1279; x_wconf 91' lang='lat' dir='ltr'><strong>non</strong></span> <span class='ocrx_word' id='word_1_404' title='bbox 2141 1224 2248 1278; x_wconf 90' lang='lat' dir='ltr'><strong>nisi</strong></span> <span class='ocrx_word' id='word_1_405' title='bbox 2295 1224 2668 1281; x_wconf 89' lang='lat' dir='ltr'><strong>fornicationis</strong></span> <span class='ocrx_word' id='word_1_406' title='bbox 2715 1241 2883 1283; x_wconf 87' lang='lat' dir='ltr'><strong>causa</strong></span> <span class='ocrx_word' id='word_1_407' title='bbox 2929 1227 3312 1300; x_wconf 88' lang='lat' dir='ltr'><strong>disjungantur</strong></span> <span class='ocrx_word' id='word_1_408' title='bbox 3345 1247 3358 1282; x_wconf 89' lang='lat'><strong>:</strong></span> <span class='ocrx_word' id='word_1_409' title='bbox 3392 1228 3486 1300; x_wconf 89' lang='lat' dir='ltr'><strong>qui</strong></span> 
     </span>
    </p>
   </div>
   <div class='ocr_carea' id='block_1_60' title="bbox 1885 1311 3483 1385">
    <p class='ocr_par' dir='ltr' id='par_1_60' title="bbox 1885 1311 3483 1385">
     <span class='ocr_line' id='line_1_60' title="bbox 1885 1311 3483 1385; baseline 0.004 -19"><span class='ocrx_word' id='word_1_410' title='bbox 1885 1311 2158 1380; x_wconf 86' lang='lat' dir='ltr'><strong>disjuncti,</strong></span> <span class='ocrx_word' id='word_1_411' title='bbox 2191 1320 2283 1368; x_wconf 91' lang='lat' dir='ltr'><strong>aut</strong></span> <span class='ocrx_word' id='word_1_412' title='bbox 2315 1313 2523 1384; x_wconf 89' lang='lat' dir='ltr'><strong>innupti</strong></span> <span class='ocrx_word' id='word_1_413' title='bbox 2554 1322 2924 1385; x_wconf 88' lang='lat' dir='ltr'><strong>permaneant,</strong></span> <span class='ocrx_word' id='word_1_414' title='bbox 2975 1323 3066 1370; x_wconf 90' lang='lat' dir='ltr'><strong>aut</strong></span> <span class='ocrx_word' id='word_1_415' title='bbox 3121 1316 3168 1370; x_wconf 92' lang='lat' dir='ltr'><strong>si</strong></span> <span class='ocrx_word' id='word_1_416' title='bbox 3206 1317 3483 1372; x_wconf 80' lang='lat' dir='ltr'><strong>continere</strong></span> 
     </span>
    </p>
   </div>
   <div class='ocr_carea' id='block_1_61' title="bbox 1884 1402 3478 1472">
    <p class='ocr_par' dir='ltr' id='par_1_61' title="bbox 1884 1402 3478 1472">
     <span class='ocr_line' id='line_1_61' title="bbox 1884 1402 3478 1472; baseline 0.004 -19"><span class='ocrx_word' id='word_1_417' title='bbox 1884 1416 1993 1454; x_wconf 91' lang='lat' dir='ltr'><strong>non</strong></span> <span class='ocrx_word' id='word_1_418' title='bbox 2022 1409 2270 1471; x_wconf 86' lang='lat' dir='ltr'><strong>possunt,</strong></span> <span class='ocrx_word' id='word_1_419' title='bbox 2305 1402 2408 1456; x_wconf 92' lang='lat' dir='ltr'><strong>sibi</strong></span> <span class='ocrx_word' id='word_1_420' title='bbox 2444 1411 2567 1472; x_wconf 90' lang='lat' dir='ltr'><strong>post</strong></span> <span class='ocrx_word' id='word_1_421' title='bbox 2616 1402 2991 1472; x_wconf 72' lang='lat' dir='ltr'><strong>puenitentiam</strong></span> <span class='ocrx_word' id='word_1_422' title='bbox 3037 1404 3478 1460; x_wconf 88' lang='lat' dir='ltr'><strong>reconcilientur.</strong></span> 
     </span>
    </p>
   </div>
   <div class='ocr_carea' id='block_1_62' title="bbox 1886 1489 3482 1562">
    <p class='ocr_par' dir='ltr' id='par_1_62' title="bbox 1886 1489 3482 1562">
     <span class='ocr_line' id='line_1_62' title="bbox 1886 1489 3482 1562; baseline 0.003 -18"><span class='ocrx_word' id='word_1_423' title='bbox 1886 1489 1988 1544; x_wconf 91' lang='lat' dir='ltr'><strong>Ubi</strong></span> <span class='ocrx_word' id='word_1_424' title='bbox 2024 1497 2224 1556; x_wconf 90' lang='lat' dir='ltr'><strong>autem,</strong></span> <span class='ocrx_word' id='word_1_425' title='bbox 2259 1497 2316 1544; x_wconf 92' lang='lat' dir='ltr'><strong>ut</strong></span> <span class='ocrx_word' id='word_1_426' title='bbox 2343 1491 2398 1544; x_wconf 93' lang='lat' dir='ltr'><strong>in</strong></span> <span class='ocrx_word' id='word_1_427' title='bbox 2427 1491 2687 1561; x_wconf 86' lang='lat' dir='ltr'><strong>Stephani</strong></span> <span class='ocrx_word' id='word_1_428' title='bbox 2733 1490 2954 1562; x_wconf 89' lang='lat' dir='ltr'><strong>nuptiis,</strong></span> <span class='ocrx_word' id='word_1_429' title='bbox 3001 1491 3309 1562; x_wconf 88' lang='lat' dir='ltr'><strong>periculum</strong></span> <span class='ocrx_word' id='word_1_430' title='bbox 3355 1509 3482 1549; x_wconf 90' lang='lat' dir='ltr'><strong>cum</strong></span> 
     </span>
    </p>
   </div>
   <div class='ocr_carea' id='block_1_63' title="bbox 1883 1576 3478 1650">
    <p class='ocr_par' dir='ltr' id='par_1_63' title="bbox 1883 1576 3478 1650">
     <span class='ocr_line' id='line_1_63' title="bbox 1883 1576 3478 1650; baseline 0.003 -19"><span class='ocrx_word' id='word_1_431' title='bbox 1883 1576 2128 1646; x_wconf 91' lang='lat' dir='ltr'><strong>periculo</strong></span> <span class='ocrx_word' id='word_1_432' title='bbox 2158 1578 2430 1632; x_wconf 89' lang='lat' dir='ltr'><strong>vitandum</strong></span> <span class='ocrx_word' id='word_1_433' title='bbox 2475 1579 2783 1645; x_wconf 89' lang='lat' dir='ltr'><strong>emerserit,</strong></span> <span class='ocrx_word' id='word_1_434' title='bbox 2834 1579 3011 1634; x_wconf 91' lang='lat' dir='ltr'><strong>minus</strong></span> <span class='ocrx_word' id='word_1_435' title='bbox 3059 1580 3360 1650; x_wconf 90' lang='lat' dir='ltr'><strong>periculum</strong></span> <span class='ocrx_word' id='word_1_436' title='bbox 3407 1581 3478 1636; x_wconf 91' lang='lat' dir='ltr'><strong>ad</strong></span> 
     </span>
    </p>
   </div>
   <div class='ocr_carea' id='block_1_64' title="bbox 1808 1665 3476 1759">
    <p class='ocr_par' dir='ltr' id='par_1_64' title="bbox 1808 1665 3476 1759">
     <span class='ocr_line' id='line_1_64' title="bbox 1808 1665 3476 1759; baseline 0.004 -42"><span class='ocrx_word' id='word_1_437' title='bbox 1808 1665 2056 1759; x_wconf 88' lang='lat' dir='ltr'><strong>Bmajus</strong></span> <span class='ocrx_word' id='word_1_438' title='bbox 2105 1666 2456 1722; x_wconf 87' lang='lat' dir='ltr'><strong>devitandum</strong></span> <span class='ocrx_word' id='word_1_439' title='bbox 2515 1667 2834 1737; x_wconf 87' lang='lat' dir='ltr'><strong>periculum,</strong></span> <span class='ocrx_word' id='word_1_440' title='bbox 2882 1675 2940 1721; x_wconf 91' lang='lat' dir='ltr'><strong>ut</strong></span> <span class='ocrx_word' id='word_1_441' title='bbox 2983 1675 3202 1723; x_wconf 90' lang='lat' dir='ltr'><strong>sanctus</strong></span> <span class='ocrx_word' id='word_1_442' title='bbox 3257 1669 3476 1741; x_wconf 89' lang='lat' dir='ltr'><strong>Grego-</strong></span> 
     </span>
    </p>
   </div>
   <div class='ocr_carea' id='block_1_65' title="bbox 1885 1752 3475 1828">
    <p class='ocr_par' dir='ltr' id='par_1_65' title="bbox 1885 1752 3475 1828">
     <span class='ocr_line' id='line_1_65' title="bbox 1885 1752 3475 1828; baseline 0.004 -22"><span class='ocrx_word' id='word_1_443' title='bbox 1885 1752 1996 1807; x_wconf 88' lang='lat' dir='ltr'><strong>rius</strong></span> <span class='ocrx_word' id='word_1_444' title='bbox 2027 1753 2082 1807; x_wconf 91' lang='lat' dir='ltr'><strong>in</strong></span> <span class='ocrx_word' id='word_1_445' title='bbox 2111 1753 2267 1808; x_wconf 90' lang='lat' dir='ltr'><strong>libris</strong></span> <span class='ocrx_word' id='word_1_446' title='bbox 2297 1755 2453 1809; x_wconf 88' lang='lat' dir='ltr'><strong>docet</strong></span> <span class='ocrx_word' id='word_1_447' title='bbox 2481 1755 2788 1821; x_wconf 90' lang='lat' dir='ltr'><strong>moralium,</strong></span> <span class='ocrx_word' id='word_1_448' title='bbox 2830 1755 3062 1828; x_wconf 80' lang='lat' dir='ltr'><strong>eligatur</strong></span> <span class='ocrx_word' id='word_1_449' title='bbox 3095 1773 3108 1810; x_wconf 90' lang='lat'>:</span> <span class='ocrx_word' id='word_1_450' title='bbox 3142 1756 3239 1811; x_wconf 90' lang='lat' dir='ltr'><strong>sed</strong></span> <span class='ocrx_word' id='word_1_451' title='bbox 3291 1764 3344 1812; x_wconf 90' lang='lat' dir='ltr'><strong>et</strong></span> <span class='ocrx_word' id='word_1_452' title='bbox 3386 1756 3475 1828; x_wconf 90' lang='lat' dir='ltr'><strong>ip-</strong></span> 
     </span>
    </p>
   </div>
   <div class='ocr_carea' id='block_1_66' title="bbox 1885 1842 3475 1916">
    <p class='ocr_par' dir='ltr' id='par_1_66' title="bbox 1885 1842 3475 1916">
     <span class='ocr_line' id='line_1_66' title="bbox 1885 1842 3475 1916; baseline 0.003 -20"><span class='ocrx_word' id='word_1_453' title='bbox 1885 1857 2007 1896; x_wconf 91' lang='lat' dir='ltr'><strong>sum</strong></span> <span class='ocrx_word' id='word_1_454' title='bbox 2039 1842 2184 1913; x_wconf 91' lang='lat' dir='ltr'><strong>quod</strong></span> <span class='ocrx_word' id='word_1_455' title='bbox 2223 1842 2444 1914; x_wconf 91' lang='lat' dir='ltr'><strong>eligitur</strong></span> <span class='ocrx_word' id='word_1_456' title='bbox 2490 1843 2794 1913; x_wconf 91' lang='lat' dir='ltr'><strong>periculum</strong></span> <span class='ocrx_word' id='word_1_457' title='bbox 2839 1858 2949 1898; x_wconf 90' lang='lat' dir='ltr'><strong>non</strong></span> <span class='ocrx_word' id='word_1_458' title='bbox 2995 1842 3326 1916; x_wconf 87' lang='lat' dir='ltr'><strong>negligatur,</strong></span> <span class='ocrx_word' id='word_1_459' title='bbox 3375 1861 3475 1900; x_wconf 84' lang='lat' dir='ltr'><strong>ve-</strong></span> 
     </span>
    </p>
   </div>
   <div class='ocr_carea' id='block_1_67' title="bbox 1883 1929 3474 2003">
    <p class='ocr_par' dir='ltr' id='par_1_67' title="bbox 1883 1929 3474 2003">
     <span class='ocr_line' id='line_1_67' title="bbox 1883 1929 3474 2003; baseline 0.003 -19"><span class='ocrx_word' id='word_1_460' title='bbox 1883 1945 2001 1984; x_wconf 90' lang='lat' dir='ltr'><strong>rum</strong></span> <span class='ocrx_word' id='word_1_461' title='bbox 2031 1929 2212 2000; x_wconf 86' lang='lat' dir='ltr'><strong>dignis</strong></span> <span class='ocrx_word' id='word_1_462' title='bbox 2240 1930 2572 2000; x_wconf 69' lang='lat' dir='ltr'><strong>poenitentiae</strong></span> <span class='ocrx_word' id='word_1_463' title='bbox 2603 1930 2888 1998; x_wconf 87' lang='lat' dir='ltr'><strong>fructibus,</strong></span> <span class='ocrx_word' id='word_1_464' title='bbox 2921 1930 3172 1986; x_wconf 88' lang='lat' dir='ltr'><strong>videlicet</strong></span> <span class='ocrx_word' id='word_1_465' title='bbox 3205 1932 3309 2002; x_wconf 91' lang='lat' dir='ltr'><strong>piis</strong></span> <span class='ocrx_word' id='word_1_466' title='bbox 3337 1947 3474 2003; x_wconf 90' lang='lat' dir='ltr'><strong>ope-</strong></span> 
     </span>
    </p>
   </div>
   <div class='ocr_carea' id='block_1_68' title="bbox 1884 2018 3476 2092">
    <p class='ocr_par' dir='ltr' id='par_1_68' title="bbox 1884 2018 3476 2092">
     <span class='ocr_line' id='line_1_68' title="bbox 1884 2018 3476 2092; baseline 0.003 -20"><span class='ocrx_word' id='word_1_467' title='bbox 1884 2018 2053 2084; x_wconf 89' lang='lat' dir='ltr'><strong>ribus,</strong></span> <span class='ocrx_word' id='word_1_468' title='bbox 2086 2027 2136 2072; x_wconf 91' lang='lat' dir='ltr'><strong>et</strong></span> <span class='ocrx_word' id='word_1_469' title='bbox 2175 2018 2415 2090; x_wconf 85' lang='lat' dir='ltr'><strong>profusis</strong></span> <span class='ocrx_word' id='word_1_470' title='bbox 2463 2019 2736 2091; x_wconf 86' lang='lat' dir='ltr'><strong>lacrymis,</strong></span> <span class='ocrx_word' id='word_1_471' title='bbox 2783 2037 2852 2074; x_wconf 88' lang='lat' dir='ltr'><strong>ne</strong></span> <span class='ocrx_word' id='word_1_472' title='bbox 2880 2020 3212 2076; x_wconf 76' lang='lat' dir='ltr'><strong>aeternaliter</strong></span> <span class='ocrx_word' id='word_1_473' title='bbox 3257 2021 3476 2092; x_wconf 92' lang='lat' dir='ltr'><strong>pericu-</strong></span> 
     </span>
    </p>
   </div>
   <div class='ocr_carea' id='block_1_69' title="bbox 1881 2104 3476 2180">
    <p class='ocr_par' dir='ltr' id='par_1_69' title="bbox 1881 2104 3476 2180">
     <span class='ocr_line' id='line_1_69' title="bbox 1881 2104 3476 2180; baseline 0.003 -20"><span class='ocrx_word' id='word_1_474' title='bbox 1881 2104 1995 2160; x_wconf 92' lang='lat' dir='ltr'><strong>lum</strong></span> <span class='ocrx_word' id='word_1_475' title='bbox 2023 2115 2258 2174; x_wconf 88' lang='lat' dir='ltr'><strong>maneat,</strong></span> <span class='ocrx_word' id='word_1_476' title='bbox 2295 2109 2393 2162; x_wconf 89' lang='lat' dir='ltr'><strong>sed</strong></span> <span class='ocrx_word' id='word_1_477' title='bbox 2427 2107 2652 2164; x_wconf 89' lang='lat' dir='ltr'><strong>salutari</strong></span> <span class='ocrx_word' id='word_1_478' title='bbox 2699 2109 2942 2164; x_wconf 89' lang='lat' dir='ltr'><strong>remedio</strong></span> <span class='ocrx_word' id='word_1_479' title='bbox 2986 2117 3334 2180; x_wconf 89' lang='lat' dir='ltr'><strong>temperetur,</strong></span> <span class='ocrx_word' id='word_1_480' title='bbox 3384 2118 3476 2165; x_wconf 90' lang='lat' dir='ltr'><strong>aut</strong></span> 
     </span>
    </p>
   </div>
   <div class='ocr_carea' id='block_1_70' title="bbox 1880 2194 3472 2267">
    <p class='ocr_par' dir='ltr' id='par_1_70' title="bbox 1880 2194 3472 2267">
     <span class='ocr_line' id='line_1_70' title="bbox 1880 2194 3472 2267; baseline 0.004 -19"><span class='ocrx_word' id='word_1_481' title='bbox 1880 2194 2096 2264; x_wconf 90' lang='lat' dir='ltr'><strong>penitus</strong></span> <span class='ocrx_word' id='word_1_482' title='bbox 2127 2195 2409 2263; x_wconf 88' lang='lat' dir='ltr'><strong>evadatur,</strong></span> <span class='ocrx_word' id='word_1_483' title='bbox 2444 2196 2588 2267; x_wconf 85' lang='lat' dir='ltr'><strong>apud</strong></span> <span class='ocrx_word' id='word_1_484' title='bbox 2619 2197 3006 2267; x_wconf 89' lang='lat' dir='ltr'><strong>omnipotentis</strong></span> <span class='ocrx_word' id='word_1_485' title='bbox 3035 2197 3255 2253; x_wconf 90' lang='lat' dir='ltr'><strong>Domini</strong></span> <span class='ocrx_word' id='word_1_486' title='bbox 3302 2197 3472 2254; x_wconf 88' lang='lat' dir='ltr'><strong>mise-</strong></span> 
     </span>
    </p>
   </div>
   <div class='ocr_carea' id='block_1_71' title="bbox 1881 2282 3250 2358">
    <p class='ocr_par' dir='ltr' id='par_1_71' title="bbox 1881 2282 3250 2358">
     <span class='ocr_line' id='line_1_71' title="bbox 1881 2282 3250 2358; baseline 0.003 -22"><span class='ocrx_word' id='word_1_487' title='bbox 1881 2282 2174 2338; x_wconf 89' lang='lat' dir='ltr'><strong>ricordiam</strong></span> <span class='ocrx_word' id='word_1_488' title='bbox 2203 2283 2437 2338; x_wconf 87' lang='lat' dir='ltr'><strong>obtineri</strong></span> <span class='ocrx_word' id='word_1_489' title='bbox 2465 2285 2642 2340; x_wconf 90' lang='lat' dir='ltr'><strong>modis</strong></span> <span class='ocrx_word' id='word_1_490' title='bbox 2673 2284 2923 2340; x_wconf 90' lang='lat' dir='ltr'><strong>omnibus</strong></span> <span class='ocrx_word' id='word_1_491' title='bbox 2955 2293 3250 2358; x_wconf 88' lang='lat' dir='ltr'><strong>satagatur.</strong></span> 
     </span>
    </p>
   </div>
   <div class='ocr_carea' id='block_1_72' title="bbox 1951 2372 3474 2444">
    <p class='ocr_par' dir='ltr' id='par_1_72' title="bbox 1951 2372 3474 2444">
     <span class='ocr_line' id='line_1_72' title="bbox 1951 2372 3474 2444; baseline 0.001 -18"><span class='ocrx_word' id='word_1_492' title='bbox 1951 2372 2064 2426; x_wconf 91' lang='lat' dir='ltr'><strong>Nos</strong></span> <span class='ocrx_word' id='word_1_493' title='bbox 2085 2379 2266 2427; x_wconf 90' lang='lat' dir='ltr'><strong>autem</strong></span> <span class='ocrx_word' id='word_1_494' title='bbox 2288 2373 2403 2428; x_wconf 53' lang='lat' dir='ltr'><strong>hate</strong></span> <span class='ocrx_word' id='word_1_495' title='bbox 2419 2373 2504 2426; x_wconf 90' lang='lat' dir='ltr'><strong>his</strong></span> <span class='ocrx_word' id='word_1_496' title='bbox 2523 2373 2724 2429; x_wconf 90' lang='lat' dir='ltr'><strong>idcirco</strong></span> <span class='ocrx_word' id='word_1_497' title='bbox 2745 2374 3089 2444; x_wconf 89' lang='lat' dir='ltr'><strong>interponere</strong></span> <span class='ocrx_word' id='word_1_498' title='bbox 3104 2374 3474 2430; x_wconf 89' lang='lat' dir='ltr'><strong>necessarium</strong></span> 
     </span>
    </p>
   </div>
   <div class='ocr_carea' id='block_1_73' title="bbox 1881 2459 3472 2532">
    <p class='ocr_par' dir='ltr' id='par_1_73' title="bbox 1881 2459 3472 2532">
     <span class='ocr_line' id='line_1_73' title="bbox 1881 2459 3472 2532; baseline 0.003 -18"><span class='ocrx_word' id='word_1_499' title='bbox 1881 2459 2152 2529; x_wconf 83' lang='lat' dir='ltr'><strong>duximus,</strong></span> <span class='ocrx_word' id='word_1_500' title='bbox 2188 2460 2310 2530; x_wconf 85' lang='lat' dir='ltr'><strong>quia</strong></span> <span class='ocrx_word' id='word_1_501' title='bbox 2347 2462 2628 2532; x_wconf 86' lang='lat' dir='ltr'><strong>quosdam,</strong></span> <span class='ocrx_word' id='word_1_502' title='bbox 2665 2461 2825 2516; x_wconf 89' lang='lat' dir='ltr'><strong>etiam</strong></span> <span class='ocrx_word' id='word_1_503' title='bbox 2857 2461 2948 2532; x_wconf 91' lang='lat' dir='ltr'><strong>qui</strong></span> <span class='ocrx_word' id='word_1_504' title='bbox 2979 2478 3037 2516; x_wconf 92' lang='lat' dir='ltr'><strong>se</strong></span> <span class='ocrx_word' id='word_1_505' title='bbox 3067 2462 3319 2518; x_wconf 89' lang='lat' dir='ltr'><strong>doctores</strong></span> <span class='ocrx_word' id='word_1_506' title='bbox 3348 2478 3472 2518; x_wconf 90' lang='lat' dir='ltr'><strong>esse</strong></span> 
     </span>
    </p>
   </div>
   <div class='ocr_carea' id='block_1_74' title="bbox 1880 2547 3466 2620">
    <p class='ocr_par' dir='ltr' id='par_1_74' title="bbox 1880 2547 3466 2620">
     <span class='ocr_line' id='line_1_74' title="bbox 1880 2547 3466 2620; baseline 0.003 -18"><span class='ocrx_word' id='word_1_507' title='bbox 1880 2547 2149 2616; x_wconf 89' lang='lat' dir='ltr'><strong>dicebant,</strong></span> <span class='ocrx_word' id='word_1_508' title='bbox 2185 2548 2490 2603; x_wconf 80' lang='lat' dir='ltr'><strong>audivimus</strong></span> <span class='ocrx_word' id='word_1_509' title='bbox 2516 2549 2778 2620; x_wconf 89' lang='lat' dir='ltr'><strong>pertinaci</strong></span> <span class='ocrx_word' id='word_1_510' title='bbox 2800 2550 3144 2605; x_wconf 90' lang='lat' dir='ltr'><strong>contentione</strong></span> <span class='ocrx_word' id='word_1_511' title='bbox 3164 2549 3466 2617; x_wconf 89' lang='lat' dir='ltr'><strong>intendere,</strong></span> 
     </span>
    </p>
   </div>
   <div class='ocr_carea' id='block_1_75' title="bbox 1878 2636 3466 2708">
    <p class='ocr_par' dir='ltr' id='par_1_75' title="bbox 1878 2636 3466 2708">
     <span class='ocr_line' id='line_1_75' title="bbox 1878 2636 3466 2708; baseline 0.001 -18"><span class='ocrx_word' id='word_1_512' title='bbox 1878 2636 2032 2708; x_wconf 88' lang='lat' dir='ltr'><strong>quasi</strong></span> <span class='ocrx_word' id='word_1_513' title='bbox 2063 2652 2128 2690; x_wconf 87' lang='lat' dir='ltr'><strong>ex</strong></span> <span class='ocrx_word' id='word_1_514' title='bbox 2159 2636 2343 2690; x_wconf 90' lang='lat' dir='ltr'><strong>verbis</strong></span> <span class='ocrx_word' id='word_1_515' title='bbox 2372 2637 2516 2691; x_wconf 89' lang='lat' dir='ltr'><strong>beati</strong></span> <span class='ocrx_word' id='word_1_516' title='bbox 2547 2637 2842 2702; x_wconf 81' lang='lat' dir='ltr'><strong>Ambrosii,</strong></span> <span class='ocrx_word' id='word_1_517' title='bbox 2876 2645 2929 2692; x_wconf 90' lang='lat' dir='ltr'><strong>et</strong></span> <span class='ocrx_word' id='word_1_518' title='bbox 2958 2637 3130 2692; x_wconf 86' lang='lat' dir='ltr'><strong>sancti</strong></span> <span class='ocrx_word' id='word_1_519' title='bbox 3157 2637 3466 2708; x_wconf 84' lang='lat' dir='ltr'><strong>Augustini,</strong></span> 
     </span>
    </p>
   </div>
   <div class='ocr_carea' id='block_1_76' title="bbox 1878 2723 3470 2798">
    <p class='ocr_par' dir='ltr' id='par_1_76' title="bbox 1878 2723 3470 2798">
     <span class='ocr_line' id='line_1_76' title="bbox 1878 2723 3470 2798; baseline 0.002 -21"><span class='ocrx_word' id='word_1_520' title='bbox 1878 2741 1999 2795; x_wconf 72' lang='lat' dir='ltr'><strong>quae</strong></span> <span class='ocrx_word' id='word_1_521' title='bbox 2024 2739 2218 2794; x_wconf 89' lang='lat' dir='ltr'><strong>parum</strong></span> <span class='ocrx_word' id='word_1_522' title='bbox 2249 2723 2542 2798; x_wconf 87' lang='lat' dir='ltr'><strong>diligenter</strong></span> <span class='ocrx_word' id='word_1_523' title='bbox 2571 2725 2934 2792; x_wconf 87' lang='lat' dir='ltr'><strong>intenderant,</strong></span> <span class='ocrx_word' id='word_1_524' title='bbox 2984 2725 3160 2780; x_wconf 91' lang='lat' dir='ltr'><strong>virum</strong></span> <span class='ocrx_word' id='word_1_525' title='bbox 3203 2741 3313 2781; x_wconf 90' lang='lat' dir='ltr'><strong>non</strong></span> <span class='ocrx_word' id='word_1_526' title='bbox 3351 2725 3470 2782; x_wconf 87' lang='lat' dir='ltr'><strong>for-</strong></span> 
     </span>
    </p>
   </div>
   <div class='ocr_carea' id='block_1_77' title="bbox 1877 2811 3467 2881">
    <p class='ocr_par' dir='ltr' id='par_1_77' title="bbox 1877 2811 3467 2881">
     <span class='ocr_line' id='line_1_77' title="bbox 1877 2811 3467 2881; baseline 0.003 -15"><span class='ocrx_word' id='word_1_527' title='bbox 1877 2812 2172 2878; x_wconf 88' lang='lat' dir='ltr'><strong>nicantem,</strong></span> <span class='ocrx_word' id='word_1_528' title='bbox 2221 2820 2275 2868; x_wconf 91' lang='lat' dir='ltr'><strong>et</strong></span> <span class='ocrx_word' id='word_1_529' title='bbox 2322 2828 2356 2868; x_wconf 89' lang='lat' dir='ltr'><strong>a</strong></span> <span class='ocrx_word' id='word_1_530' title='bbox 2408 2811 2738 2869; x_wconf 81' lang='lat' dir='ltr'><strong>fornicatore</strong></span> <span class='ocrx_word' id='word_1_531' title='bbox 2793 2813 3021 2870; x_wconf 90' lang='lat' dir='ltr'><strong>muliere</strong></span> <span class='ocrx_word' id='word_1_532' title='bbox 3075 2813 3467 2881; x_wconf 89' lang='lat' dir='ltr'><strong>discedentem,</strong></span> 
     </span>
    </p>
   </div>
   <div class='ocr_carea' id='block_1_78' title="bbox 1877 2900 3470 2974">
    <p class='ocr_par' dir='ltr' id='par_1_78' title="bbox 1877 2900 3470 2974">
     <span class='ocr_line' id='line_1_78' title="bbox 1877 2900 3470 2974; baseline 0.001 -20"><span class='ocrx_word' id='word_1_533' title='bbox 1877 2900 2042 2955; x_wconf 89' lang='lat' dir='ltr'><strong>aliam</strong></span> <span class='ocrx_word' id='word_1_534' title='bbox 2071 2901 2160 2954; x_wconf 90' lang='lat' dir='ltr'><strong>illa</strong></span> <span class='ocrx_word' id='word_1_535' title='bbox 2184 2901 2402 2956; x_wconf 75' lang='lat' dir='ltr'><strong>vivente</strong></span> <span class='ocrx_word' id='word_1_536' title='bbox 2432 2901 2634 2958; x_wconf 89' lang='lat' dir='ltr'><strong>ducere</strong></span> <span class='ocrx_word' id='word_1_537' title='bbox 2664 2918 2848 2972; x_wconf 89' lang='lat' dir='ltr'><strong>posse,</strong></span> <span class='ocrx_word' id='word_1_538' title='bbox 2895 2910 2949 2958; x_wconf 91' lang='lat' dir='ltr'><strong>et</strong></span> <span class='ocrx_word' id='word_1_539' title='bbox 2995 2919 3116 2974; x_wconf 75' lang='lat' dir='ltr'><strong>quae</strong></span> <span class='ocrx_word' id='word_1_540' title='bbox 3157 2918 3326 2959; x_wconf 90' lang='lat' dir='ltr'><strong>causa</strong></span> <span class='ocrx_word' id='word_1_541' title='bbox 3354 2902 3470 2959; x_wconf 86' lang='lat' dir='ltr'><strong>for-</strong></span> 
     </span>
    </p>
   </div>
   <div class='ocr_carea' id='block_1_79' title="bbox 1876 2989 3466 3062">
    <p class='ocr_par' dir='ltr' id='par_1_79' title="bbox 1876 2989 3466 3062">
     <span class='ocr_line' id='line_1_79' title="bbox 1876 2989 3466 3062; baseline 0.003 -20"><span class='ocrx_word' id='word_1_542' title='bbox 1876 2989 2158 3045; x_wconf 87' lang='lat' dir='ltr'><strong>nicationis</strong></span> <span class='ocrx_word' id='word_1_543' title='bbox 2189 3005 2221 3044; x_wconf 91' lang='lat' dir='ltr'><strong>a</strong></span> <span class='ocrx_word' id='word_1_544' title='bbox 2249 2989 2367 3044; x_wconf 90' lang='lat' dir='ltr'><strong>viro</strong></span> <span class='ocrx_word' id='word_1_545' title='bbox 2400 2989 2706 3057; x_wconf 87' lang='lat' dir='ltr'><strong>recesserit,</strong></span> <span class='ocrx_word' id='word_1_546' title='bbox 2739 3005 2849 3044; x_wconf 90' lang='lat' dir='ltr'><strong>non</strong></span> <span class='ocrx_word' id='word_1_547' title='bbox 2877 3006 3042 3062; x_wconf 89' lang='lat' dir='ltr'><strong>posse</strong></span> <span class='ocrx_word' id='word_1_548' title='bbox 3075 2990 3417 3047; x_wconf 88' lang='lat' dir='ltr'><strong>reconciliari</strong></span> <span class='ocrx_word' id='word_1_549' title='bbox 3453 3007 3466 3046; x_wconf 92' lang='lat'>:</span> 
     </span>
    </p>
   </div>
   <div class='ocr_carea' id='block_1_80' title="bbox 1871 3077 3465 3148">
    <p class='ocr_par' dir='ltr' id='par_1_80' title="bbox 1871 3077 3465 3148">
     <span class='ocr_line' id='line_1_80' title="bbox 1871 3077 3465 3148; baseline 0.001 -16"><span class='ocrx_word' id='word_1_550' title='bbox 1871 3077 2017 3132; x_wconf 89' lang='lat' dir='ltr'><strong>illam</strong></span> <span class='ocrx_word' id='word_1_551' title='bbox 2050 3085 2228 3132; x_wconf 86' lang='lat' dir='ltr'><strong>autem</strong></span> <span class='ocrx_word' id='word_1_552' title='bbox 2261 3095 2381 3148; x_wconf 69' lang='lat' dir='ltr'><strong>quae</strong></span> <span class='ocrx_word' id='word_1_553' title='bbox 2411 3094 2517 3132; x_wconf 91' lang='lat' dir='ltr'><strong>non</strong></span> <span class='ocrx_word' id='word_1_554' title='bbox 2563 3093 2725 3134; x_wconf 89' lang='lat' dir='ltr'><strong>causa</strong></span> <span class='ocrx_word' id='word_1_555' title='bbox 2775 3077 3160 3148; x_wconf 83' lang='lat' dir='ltr'><strong>fornicationis,</strong></span> <span class='ocrx_word' id='word_1_556' title='bbox 3213 3080 3310 3134; x_wconf 89' lang='lat' dir='ltr'><strong>sed</strong></span> <span class='ocrx_word' id='word_1_557' title='bbox 3358 3078 3465 3134; x_wconf 88' lang='lat' dir='ltr'><strong>alia</strong></span> 
     </span>
    </p>
   </div>
   <div class='ocr_carea' id='block_1_81' title="bbox 1873 3165 3465 3238">
    <p class='ocr_par' dir='ltr' id='par_1_81' title="bbox 1873 3165 3465 3238">
     <span class='ocr_line' id='line_1_81' title="bbox 1873 3165 3465 3238; baseline 0 -18"><span class='ocrx_word' id='word_1_558' title='bbox 1873 3166 2113 3237; x_wconf 91' lang='lat' dir='ltr'><strong>qualibet</strong></span> <span class='ocrx_word' id='word_1_559' title='bbox 2142 3165 2446 3231; x_wconf 88' lang='lat' dir='ltr'><strong>recesserit,</strong></span> <span class='ocrx_word' id='word_1_560' title='bbox 2494 3173 2582 3220; x_wconf 88' lang='lat' dir='ltr'><strong>aut</strong></span> <span class='ocrx_word' id='word_1_561' title='bbox 2630 3165 2988 3233; x_wconf 90' lang='lat' dir='ltr'><strong>reconciliari,</strong></span> <span class='ocrx_word' id='word_1_562' title='bbox 3035 3175 3125 3222; x_wconf 90' lang='lat' dir='ltr'><strong>aut</strong></span> <span class='ocrx_word' id='word_1_563' title='bbox 3182 3167 3465 3238; x_wconf 88' lang='lat' dir='ltr'><strong>innuptam</strong></span> 
     </span>
    </p>
   </div>
   <div class='ocr_carea' id='block_1_82' title="bbox 1871 3253 3464 3326">
    <p class='ocr_par' dir='ltr' id='par_1_82' title="bbox 1871 3253 3464 3326">
     <span class='ocr_line' id='line_1_82' title="bbox 1871 3253 3464 3326; baseline 0.002 -18"><span class='ocrx_word' id='word_1_564' title='bbox 1871 3254 2068 3309; x_wconf 82' lang='lat' dir='ltr'><strong>debere</strong></span> <span class='ocrx_word' id='word_1_565' title='bbox 2100 3269 2380 3308; x_wconf 87' lang='lat' dir='ltr'><strong>remanere</strong></span> <span class='ocrx_word' id='word_1_566' title='bbox 2405 3273 2418 3319; x_wconf 88' lang='lat'><strong>;</strong></span> <span class='ocrx_word' id='word_1_567' title='bbox 2453 3269 2560 3308; x_wconf 89' lang='lat' dir='ltr'><strong>non</strong></span> <span class='ocrx_word' id='word_1_568' title='bbox 2591 3253 2951 3323; x_wconf 89' lang='lat' dir='ltr'><strong>advertentes,</strong></span> <span class='ocrx_word' id='word_1_569' title='bbox 2987 3255 3115 3326; x_wconf 87' lang='lat' dir='ltr'><strong>quia</strong></span> <span class='ocrx_word' id='word_1_570' title='bbox 3143 3255 3222 3310; x_wconf 92' lang='lat' dir='ltr'><strong>sic</strong></span> <span class='ocrx_word' id='word_1_571' title='bbox 3252 3255 3464 3311; x_wconf 85' lang='lat' dir='ltr'><strong>adulte-</strong></span> 
     </span>
    </p>
   </div>
   <div class='ocr_carea' id='block_1_83' title="bbox 1871 3341 3464 3415">
    <p class='ocr_par' dir='ltr' id='par_1_83' title="bbox 1871 3341 3464 3415">
     <span class='ocr_line' id='line_1_83' title="bbox 1871 3341 3464 3415; baseline 0.002 -20"><span class='ocrx_word' id='word_1_572' title='bbox 1871 3341 1990 3396; x_wconf 90' lang='lat' dir='ltr'><strong>rino</strong></span> <span class='ocrx_word' id='word_1_573' title='bbox 2047 3358 2210 3396; x_wconf 91' lang='lat' dir='ltr'><strong>sensu</strong></span> <span class='ocrx_word' id='word_1_574' title='bbox 2253 3341 2746 3412; x_wconf 89' lang='lat' dir='ltr'><strong>interpretabantur</strong></span> <span class='ocrx_word' id='word_1_575' title='bbox 2795 3344 2963 3398; x_wconf 89' lang='lat' dir='ltr'><strong>verba</strong></span> <span class='ocrx_word' id='word_1_576' title='bbox 3011 3343 3274 3415; x_wconf 87' lang='lat' dir='ltr'><strong>Apostoli,</strong></span> <span class='ocrx_word' id='word_1_577' title='bbox 3327 3343 3464 3399; x_wconf 90' lang='lat' dir='ltr'><strong>sicut</strong></span> 
     </span>
    </p>
   </div>
   <div class='ocr_carea' id='block_1_84' title="bbox 1859 3430 3464 3504">
    <p class='ocr_par' dir='ltr' id='par_1_84' title="bbox 1859 3430 3464 3504">
     <span class='ocr_line' id='line_1_84' title="bbox 1859 3430 3464 3504; baseline 0.001 -18"><span class='ocrx_word' id='word_1_578' title='bbox 1859 3439 1923 3500; x_wconf 78' lang='lat' dir='ltr'><strong>,et</strong></span> <span class='ocrx_word' id='word_1_579' title='bbox 1972 3430 2080 3497; x_wconf 90' lang='lat' dir='ltr'><strong>illi,</strong></span> <span class='ocrx_word' id='word_1_580' title='bbox 2127 3437 2318 3486; x_wconf 89' lang='lat' dir='ltr'><strong>contra</strong></span> <span class='ocrx_word' id='word_1_581' title='bbox 2361 3447 2500 3502; x_wconf 89' lang='lat' dir='ltr'><strong>quos</strong></span> <span class='ocrx_word' id='word_1_582' title='bbox 2543 3431 2671 3486; x_wconf 91' lang='lat' dir='ltr'><strong>olim</strong></span> <span class='ocrx_word' id='word_1_583' title='bbox 2716 3431 2906 3486; x_wconf 90' lang='lat' dir='ltr'><strong>beatus</strong></span> <span class='ocrx_word' id='word_1_584' title='bbox 2954 3432 3286 3504; x_wconf 82' lang='lat' dir='ltr'><strong>Augustinus</strong></span> <span class='ocrx_word' id='word_1_585' title='bbox 3329 3431 3464 3488; x_wconf 90' lang='lat' dir='ltr'><strong>istos</strong></span> 
     </span>
    </p>
   </div>
   <div class='ocr_carea' id='block_1_85' title="bbox 1870 3519 3464 3594">
    <p class='ocr_par' dir='ltr' id='par_1_85' title="bbox 1870 3519 3464 3594">
     <span class='ocr_line' id='line_1_85' title="bbox 1870 3519 3464 3594; baseline 0.002 -21"><span class='ocrx_word' id='word_1_586' title='bbox 1870 3519 2038 3576; x_wconf 87' lang='lat' dir='ltr'><strong>libros</strong></span> <span class='ocrx_word' id='word_1_587' title='bbox 2068 3519 2448 3590; x_wconf 87' lang='lat' dir='ltr'><strong>descripserat,</strong></span> <span class='ocrx_word' id='word_1_588' title='bbox 2485 3527 2536 3574; x_wconf 89' lang='lat' dir='ltr'><strong>et</strong></span> <span class='ocrx_word' id='word_1_589' title='bbox 2562 3519 2816 3575; x_wconf 89' lang='lat' dir='ltr'><strong>Africana</strong></span> <span class='ocrx_word' id='word_1_590' title='bbox 2842 3521 3104 3592; x_wconf 85' lang='lat' dir='ltr'><strong>synodus,</strong></span> <span class='ocrx_word' id='word_1_591' title='bbox 3153 3538 3273 3594; x_wconf 85' lang='lat' dir='ltr'><strong>quae</strong></span> <span class='ocrx_word' id='word_1_592' title='bbox 3319 3537 3464 3592; x_wconf 72' lang='lat' dir='ltr'><strong>prae-</strong></span> 
     </span>
    </p>
   </div>
   <div class='ocr_carea' id='block_1_86' title="bbox 1867 3605 3462 3678">
    <p class='ocr_par' dir='ltr' id='par_1_86' title="bbox 1867 3605 3462 3678">
     <span class='ocr_line' id='line_1_86' title="bbox 1867 3605 3462 3678; baseline 0.001 -15"><span class='ocrx_word' id='word_1_593' title='bbox 1867 3609 2132 3673; x_wconf 90' lang='lat' dir='ltr'><strong>misimus,</strong></span> <span class='ocrx_word' id='word_1_594' title='bbox 2198 3605 2458 3675; x_wconf 77' lang='lat' dir='ltr'><strong>definivit,</strong></span> <span class='ocrx_word' id='word_1_595' title='bbox 2484 3607 2700 3678; x_wconf 91' lang='lat' dir='ltr'><strong>quando</strong></span> <span class='ocrx_word' id='word_1_596' title='bbox 2728 3616 2781 3663; x_wconf 91' lang='lat' dir='ltr'><strong>et</strong></span> <span class='ocrx_word' id='word_1_597' title='bbox 2807 3609 3164 3664; x_wconf 83' lang='lat' dir='ltr'><strong>Cuelestianos</strong></span> <span class='ocrx_word' id='word_1_598' title='bbox 3195 3609 3462 3664; x_wconf 87' lang='lat' dir='ltr'><strong>eviscera-</strong></span> 
     </span>
    </p>
   </div>
   <div class='ocr_carea' id='block_1_87' title="bbox 1868 3695 3462 3767">
    <p class='ocr_par' dir='ltr' id='par_1_87' title="bbox 1868 3695 3462 3767">
     <span class='ocr_line' id='line_1_87' title="bbox 1868 3695 3462 3767; baseline 0.002 -16"><span class='ocrx_word' id='word_1_599' title='bbox 1868 3697 1962 3762; x_wconf 87' lang='lat' dir='ltr'><strong>vit,</strong></span> <span class='ocrx_word' id='word_1_600' title='bbox 1997 3703 2048 3752; x_wconf 91' lang='lat' dir='ltr'><strong>et</strong></span> <span class='ocrx_word' id='word_1_601' title='bbox 2078 3696 2227 3766; x_wconf 87' lang='lat' dir='ltr'><strong>ipsas</strong></span> <span class='ocrx_word' id='word_1_602' title='bbox 2254 3695 2417 3750; x_wconf 89' lang='lat' dir='ltr'><strong>etiam</strong></span> <span class='ocrx_word' id='word_1_603' title='bbox 2446 3695 2862 3767; x_wconf 89' lang='lat' dir='ltr'><strong>Pelagianorum</strong></span> <span class='ocrx_word' id='word_1_604' title='bbox 2889 3698 3158 3753; x_wconf 88' lang='lat' dir='ltr'><strong>medullas</strong></span> <span class='ocrx_word' id='word_1_605' title='bbox 3198 3697 3462 3754; x_wconf 84' lang='lat' dir='ltr'><strong>excussit.</strong></span> 
     </span>
    </p>
   </div>
   <div class='ocr_carea' id='block_1_88' title="bbox 1867 3783 3456 3858">
    <p class='ocr_par' dir='ltr' id='par_1_88' title="bbox 1867 3783 3456 3858">
     <span class='ocr_line' id='line_1_88' title="bbox 1867 3783 3456 3858; baseline 0.001 -17"><span class='ocrx_word' id='word_1_606' title='bbox 1867 3787 1980 3841; x_wconf 93' lang='lat' dir='ltr'><strong>Nec</strong></span> <span class='ocrx_word' id='word_1_607' title='bbox 2008 3784 2207 3840; x_wconf 90' lang='lat' dir='ltr'><strong>mirum</strong></span> <span class='ocrx_word' id='word_1_608' title='bbox 2241 3801 2254 3838; x_wconf 91' lang='lat'><strong>:</strong></span> <span class='ocrx_word' id='word_1_609' title='bbox 2285 3784 2363 3838; x_wconf 89' lang='lat' dir='ltr'><strong>sic</strong></span> <span class='ocrx_word' id='word_1_610' title='bbox 2395 3783 2538 3838; x_wconf 90' lang='lat' dir='ltr'><strong>enim</strong></span> <span class='ocrx_word' id='word_1_611' title='bbox 2567 3799 2740 3855; x_wconf 89' lang='lat' dir='ltr'><strong>pravo</strong></span> <span class='ocrx_word' id='word_1_612' title='bbox 2774 3792 2928 3840; x_wconf 88' lang='lat' dir='ltr'><strong>erant</strong></span> <span class='ocrx_word' id='word_1_613' title='bbox 2957 3785 3140 3842; x_wconf 90' lang='lat' dir='ltr'><strong>infecti</strong></span> <span class='ocrx_word' id='word_1_614' title='bbox 3180 3786 3456 3858; x_wconf 89' lang='lat' dir='ltr'><strong>dogmate,</strong></span> 
     </span>
    </p>
   </div>
   <div class='ocr_carea' id='block_1_89' title="bbox 1869 3867 3463 3946">
    <p class='ocr_par' dir='ltr' id='par_1_89' title="bbox 1869 3867 3463 3946">
     <span class='ocr_line' id='line_1_89' title="bbox 1869 3867 3463 3946; baseline 0.001 -18"><span class='ocrx_word' id='word_1_615' title='bbox 1869 3875 2008 3930; x_wconf 90' lang='lat' dir='ltr'><strong>sicut</strong></span> <span class='ocrx_word' id='word_1_616' title='bbox 2035 3881 2087 3928; x_wconf 89' lang='lat' dir='ltr'><strong>et</strong></span> <span class='ocrx_word' id='word_1_617' title='bbox 2117 3872 2363 3929; x_wconf 87' lang='lat' dir='ltr'><strong>moderni</strong></span> <span class='ocrx_word' id='word_1_618' title='bbox 2396 3873 2878 3940; x_wconf 68' lang='lat' dir='ltr'><strong>Prcedestinatiani,</strong></span> <span class='ocrx_word' id='word_1_619' title='bbox 2921 3867 3012 3946; x_wconf 82' lang='lat' dir='ltr'><strong>qui</strong></span> <span class='ocrx_word' id='word_1_620' title='bbox 3039 3882 3286 3930; x_wconf 89' lang='lat' dir='ltr'><strong>veterum</strong></span> <span class='ocrx_word' id='word_1_621' title='bbox 3317 3876 3463 3931; x_wconf 78' lang='lat' dir='ltr'><strong>Prae-</strong></span> 
     </span>
    </p>
   </div>
   <div class='ocr_carea' id='block_1_90' title="bbox 1866 3961 3461 4036">
    <p class='ocr_par' dir='ltr' id='par_1_90' title="bbox 1866 3961 3461 4036">
     <span class='ocr_line' id='line_1_90' title="bbox 1866 3961 3461 4036; baseline -0.001 -18"><span class='ocrx_word' id='word_1_622' title='bbox 1866 3962 2348 4018; x_wconf 86' lang='lat' dir='ltr'><strong>destinatianorum</strong></span> <span class='ocrx_word' id='word_1_623' title='bbox 2377 3961 2649 4026; x_wconf 61' lang='lat' dir='ltr'><strong>haeresim,</strong></span> <span class='ocrx_word' id='word_1_624' title='bbox 2683 3963 2834 4033; x_wconf 90' lang='lat' dir='ltr'><strong>quasi</strong></span> <span class='ocrx_word' id='word_1_625' title='bbox 2865 3963 2932 4017; x_wconf 90' lang='lat' dir='ltr'><strong>de</strong></span> <span class='ocrx_word' id='word_1_626' title='bbox 2972 3963 3141 4018; x_wconf 88' lang='lat' dir='ltr'><strong>sancti</strong></span> <span class='ocrx_word' id='word_1_627' title='bbox 3171 3963 3461 4036; x_wconf 86' lang='lat' dir='ltr'><strong>Augustini</strong></span> 
     </span>
    </p>
   </div>
   <div class='ocr_carea' id='block_1_91' title="bbox 1867 4049 3460 4121">
    <p class='ocr_par' dir='ltr' id='par_1_91' title="bbox 1867 4049 3460 4121">
     <span class='ocr_line' id='line_1_91' title="bbox 1867 4049 3460 4121; baseline 0 -15"><span class='ocrx_word' id='word_1_628' title='bbox 1867 4051 2050 4106; x_wconf 85' lang='lat' dir='ltr'><strong>verbis</strong></span> <span class='ocrx_word' id='word_1_629' title='bbox 2107 4049 2453 4121; x_wconf 86' lang='lat' dir='ltr'><strong>compilatam</strong></span> <span class='ocrx_word' id='word_1_630' title='bbox 2509 4050 2810 4104; x_wconf 90' lang='lat' dir='ltr'><strong>instaurare</strong></span> <span class='ocrx_word' id='word_1_631' title='bbox 2871 4050 3144 4107; x_wconf 88' lang='lat' dir='ltr'><strong>laborant.</strong></span> <span class='ocrx_word' id='word_1_632' title='bbox 3213 4051 3460 4120; x_wconf 88' lang='lat' dir='ltr'><strong>Quorum</strong></span> 
     </span>
    </p>
   </div>
   <div class='ocr_carea' id='block_1_92' title="bbox 1868 4137 3458 4211">
    <p class='ocr_par' dir='ltr' id='par_1_92' title="bbox 1868 4137 3458 4211">
     <span class='ocr_line' id='line_1_92' title="bbox 1868 4137 3458 4211; baseline -0.001 -15"><span class='ocrx_word' id='word_1_633' title='bbox 1868 4139 2040 4210; x_wconf 90' lang='lat' dir='ltr'><strong>capita</strong></span> <span class='ocrx_word' id='word_1_634' title='bbox 2068 4138 2355 4208; x_wconf 88' lang='lat' dir='ltr'><strong>confregit,</strong></span> <span class='ocrx_word' id='word_1_635' title='bbox 2413 4146 2463 4192; x_wconf 91' lang='lat' dir='ltr'><strong>et</strong></span> <span class='ocrx_word' id='word_1_636' title='bbox 2493 4137 2750 4193; x_wconf 89' lang='lat' dir='ltr'><strong>verticem</strong></span> <span class='ocrx_word' id='word_1_637' title='bbox 2793 4139 3117 4208; x_wconf 89' lang='lat' dir='ltr'><strong>capillorum</strong></span> <span class='ocrx_word' id='word_1_638' title='bbox 3160 4141 3458 4211; x_wconf 90' lang='lat' dir='ltr'><strong>perambu-</strong></span> 
     </span>
    </p>
   </div>
   <div class='ocr_carea' id='block_1_93' title="bbox 1865 4225 3460 4298">
    <p class='ocr_par' dir='ltr' id='par_1_93' title="bbox 1865 4225 3460 4298">
     <span class='ocr_line' id='line_1_93' title="bbox 1865 4225 3460 4298; baseline 0 -16"><span class='ocrx_word' id='word_1_639' title='bbox 1865 4228 2086 4282; x_wconf 90' lang='lat' dir='ltr'><strong>lantium</strong></span> <span class='ocrx_word' id='word_1_640' title='bbox 2115 4227 2169 4280; x_wconf 89' lang='lat' dir='ltr'><strong>in</strong></span> <span class='ocrx_word' id='word_1_641' title='bbox 2200 4225 2413 4281; x_wconf 87' lang='lat' dir='ltr'><strong>delictis</strong></span> <span class='ocrx_word' id='word_1_642' title='bbox 2454 4225 2566 4280; x_wconf 90' lang='lat' dir='ltr'><strong>suis</strong></span> <span class='ocrx_word' id='word_1_643' title='bbox 2611 4226 3012 4296; x_wconf 86' lang='lat' dir='ltr'><strong>conquassavit,</strong></span> <span class='ocrx_word' id='word_1_644' title='bbox 3045 4235 3202 4298; x_wconf 86' lang='lat' dir='ltr'><strong>atque</strong></span> <span class='ocrx_word' id='word_1_645' title='bbox 3253 4227 3460 4282; x_wconf 85' lang='lat' dir='ltr'><strong>contri-</strong></span> 
     </span>
    </p>
   </div>
   <div class='ocr_carea' id='block_1_94' title="bbox 1864 4313 3457 4386">
    <p class='ocr_par' dir='ltr' id='par_1_94' title="bbox 1864 4313 3457 4386">
     <span class='ocr_line' id='line_1_94' title="bbox 1864 4313 3457 4386; baseline 0 -15"><span class='ocrx_word' id='word_1_646' title='bbox 1864 4317 1937 4372; x_wconf 89' lang='lat' dir='ltr'><strong>vit</strong></span> <span class='ocrx_word' id='word_1_647' title='bbox 1970 4317 2160 4370; x_wconf 85' lang='lat' dir='ltr'><strong>beatus</strong></span> <span class='ocrx_word' id='word_1_648' title='bbox 2196 4313 2524 4370; x_wconf 79' lang='lat' dir='ltr'><strong>C(Jelestinus</strong></span> <span class='ocrx_word' id='word_1_649' title='bbox 2553 4330 2694 4385; x_wconf 88' lang='lat' dir='ltr'><strong>papa</strong></span> <span class='ocrx_word' id='word_1_650' title='bbox 2722 4313 2778 4368; x_wconf 90' lang='lat' dir='ltr'><strong>in</strong></span> <span class='ocrx_word' id='word_1_651' title='bbox 2809 4314 3038 4386; x_wconf 91' lang='lat' dir='ltr'><strong>epistola</strong></span> <span class='ocrx_word' id='word_1_652' title='bbox 3083 4315 3346 4370; x_wconf 89' lang='lat' dir='ltr'><strong>decretali</strong></span> <span class='ocrx_word' id='word_1_653' title='bbox 3387 4316 3457 4371; x_wconf 90' lang='lat' dir='ltr'><strong>ad</strong></span> 
     </span>
    </p>
   </div>
   <div class='ocr_carea' id='block_1_95' title="bbox 167 4402 3457 4476">
    <p class='ocr_par' dir='ltr' id='par_1_95' title="bbox 167 4402 3457 4476">
     <span class='ocr_line' id='line_1_95' title="bbox 167 4402 3457 4476; baseline -0.001 -17"><span class='ocrx_word' id='word_1_654' title='bbox 167 4405 318 4473; x_wconf 86' lang='lat' dir='ltr'><strong>bant;</strong></span> <span class='ocrx_word' id='word_1_655' title='bbox 353 4413 404 4460; x_wconf 89' lang='lat' dir='ltr'><strong>et</strong></span> <span class='ocrx_word' id='word_1_656' title='bbox 439 4421 550 4460; x_wconf 92' lang='lat' dir='ltr'><strong>non</strong></span> <span class='ocrx_word' id='word_1_657' title='bbox 576 4405 948 4476; x_wconf 88' lang='lat' dir='ltr'><strong>cognoscebat</strong></span> <span class='ocrx_word' id='word_1_658' title='bbox 979 4420 1100 4458; x_wconf 90' lang='lat' dir='ltr'><strong>eam</strong></span> <span class='ocrx_word' id='word_1_659' title='bbox 1158 4404 1226 4458; x_wconf 90' lang='lat' dir='ltr'><strong>ad</strong></span> <span class='ocrx_word' id='word_1_660' title='bbox 1277 4419 1412 4474; x_wconf 91' lang='lat' dir='ltr'><strong>opus</strong></span> <span class='ocrx_word' id='word_1_661' title='bbox 1443 4403 1755 4475; x_wconf 85' lang='lat' dir='ltr'><strong>conjugale,</strong></span> <span class='ocrx_word' id='word_1_662' title='bbox 1785 4409 1836 4469; x_wconf 92' lang='lat' dir='ltr'><strong>D</strong></span> <span class='ocrx_word' id='word_1_663' title='bbox 1866 4404 2174 4469; x_wconf 85' lang='lat' dir='ltr'><strong>Venerium,</strong></span> <span class='ocrx_word' id='word_1_664' title='bbox 2211 4411 2263 4458; x_wconf 91' lang='lat' dir='ltr'><strong>et</strong></span> <span class='ocrx_word' id='word_1_665' title='bbox 2301 4410 2533 4459; x_wconf 73' lang='lat' dir='ltr'><strong>caeteros</strong></span> <span class='ocrx_word' id='word_1_666' title='bbox 2579 4402 2887 4459; x_wconf 90' lang='lat' dir='ltr'><strong>Gallicanos</strong></span> <span class='ocrx_word' id='word_1_667' title='bbox 2931 4404 3217 4476; x_wconf 84' lang='lat' dir='ltr'><strong>episcOpos</strong></span> <span class='ocrx_word' id='word_1_668' title='bbox 3249 4422 3262 4458; x_wconf 90' lang='lat'><strong><em>:</em></strong></span> <span class='ocrx_word' id='word_1_669' title='bbox 3295 4411 3347 4460; x_wconf 90' lang='lat' dir='ltr'><strong>et</strong></span> <span class='ocrx_word' id='word_1_670' title='bbox 3377 4403 3457 4458; x_wconf 92' lang='lat' dir='ltr'><strong>is-</strong></span> 
     </span>
    </p>
   </div>
   <div class='ocr_carea' id='block_1_96' title="bbox 169 4492 1410 4565">
    <p class='ocr_par' dir='ltr' id='par_1_96' title="bbox 169 4492 1410 4565">
     <span class='ocr_line' id='line_1_96' title="bbox 169 4492 1410 4565; baseline -0.001 -18"><span class='ocrx_word' id='word_1_671' title='bbox 169 4495 261 4550; x_wconf 89' lang='lat' dir='ltr'><strong>sed</strong></span> <span class='ocrx_word' id='word_1_672' title='bbox 291 4503 525 4565; x_wconf 89' lang='lat' dir='ltr'><strong>uterque</strong></span> <span class='ocrx_word' id='word_1_673' title='bbox 555 4493 610 4547; x_wconf 93' lang='lat' dir='ltr'><strong>in</strong></span> <span class='ocrx_word' id='word_1_674' title='bbox 640 4492 967 4548; x_wconf 87' lang='lat' dir='ltr'><strong>continentia</strong></span> <span class='ocrx_word' id='word_1_675' title='bbox 997 4492 1410 4564; x_wconf 88' lang='lat' dir='ltr'><strong>permanebant.</strong></span> 
     </span>
    </p>
   </div>
   <div class='ocr_carea' id='block_1_97' title="bbox 237 4579 1771 4652">
    <p class='ocr_par' dir='ltr' id='par_1_97' title="bbox 237 4579 1771 4652">
     <span class='ocr_line' id='line_1_97' title="bbox 237 4579 1771 4652; baseline -0.003 -14"><span class='ocrx_word' id='word_1_676' title='bbox 237 4581 397 4652; x_wconf 88' lang='lat' dir='ltr'><strong>Quod</strong></span> <span class='ocrx_word' id='word_1_677' title='bbox 429 4589 484 4638; x_wconf 89' lang='lat' dir='ltr'><strong>et</strong></span> <span class='ocrx_word' id='word_1_678' title='bbox 517 4581 720 4637; x_wconf 89' lang='lat' dir='ltr'><strong>Paulus</strong></span> <span class='ocrx_word' id='word_1_679' title='bbox 767 4579 994 4637; x_wconf 90' lang='lat' dir='ltr'><strong>licenter</strong></span> <span class='ocrx_word' id='word_1_680' title='bbox 1037 4579 1157 4636; x_wconf 85' lang='lat' dir='ltr'><strong>ﬁeri</strong></span> <span class='ocrx_word' id='word_1_681' title='bbox 1211 4596 1375 4652; x_wconf 91' lang='lat' dir='ltr'><strong>posse</strong></span> <span class='ocrx_word' id='word_1_682' title='bbox 1426 4580 1482 4634; x_wconf 90' lang='lat' dir='ltr'><strong>in</strong></span> <span class='ocrx_word' id='word_1_683' title='bbox 1525 4579 1771 4652; x_wconf 88' lang='lat' dir='ltr'><strong>Epistola</strong></span> 
     </span>
    </p>
   </div>
   <div class='ocr_carea' id='block_1_98' title="bbox 169 4668 1769 4742">
    <p class='ocr_par' dir='ltr' id='par_1_98' title="bbox 169 4668 1769 4742">
     <span class='ocr_line' id='line_1_98' title="bbox 169 4668 1769 4742; baseline -0.001 -16"><span class='ocrx_word' id='word_1_684' title='bbox 169 4671 342 4742; x_wconf 88' lang='lat' dir='ltr'><strong>prima</strong></span> <span class='ocrx_word' id='word_1_685' title='bbox 369 4671 442 4726; x_wconf 87' lang='lat' dir='ltr'><strong>ad</strong></span> <span class='ocrx_word' id='word_1_686' title='bbox 474 4668 803 4737; x_wconf 89' lang='lat' dir='ltr'><strong>Corinthios,</strong></span> <span class='ocrx_word' id='word_1_687' title='bbox 837 4677 889 4725; x_wconf 91' lang='lat' dir='ltr'><strong>et</strong></span> <span class='ocrx_word' id='word_1_688' title='bbox 935 4669 1268 4741; x_wconf 89' lang='lat' dir='ltr'><strong>Augustinus</strong></span> <span class='ocrx_word' id='word_1_689' title='bbox 1307 4669 1366 4722; x_wconf 93' lang='lat' dir='ltr'><strong>in</strong></span> <span class='ocrx_word' id='word_1_690' title='bbox 1395 4669 1536 4724; x_wconf 92' lang='lat' dir='ltr'><strong>libro</strong></span> <span class='ocrx_word' id='word_1_691' title='bbox 1591 4669 1769 4740; x_wconf 90' lang='lat' dir='ltr'><strong>primo</strong></span> 
     </span>
    </p>
   </div>
   <div class='ocr_carea' id='block_1_99' title="bbox 168 4758 1766 4831">
    <p class='ocr_par' dir='ltr' id='par_1_99' title="bbox 168 4758 1766 4831">
     <span class='ocr_line' id='line_1_99' title="bbox 168 4758 1766 4831; baseline -0.001 -18"><span class='ocrx_word' id='word_1_692' title='bbox 168 4761 232 4815; x_wconf 90' lang='lat' dir='ltr'><strong>de</strong></span> <span class='ocrx_word' id='word_1_693' title='bbox 261 4759 478 4831; x_wconf 87' lang='lat' dir='ltr'><strong>Nuptiis</strong></span> <span class='ocrx_word' id='word_1_694' title='bbox 526 4766 579 4813; x_wconf 90' lang='lat' dir='ltr'><strong>et</strong></span> <span class='ocrx_word' id='word_1_695' title='bbox 627 4758 1079 4830; x_wconf 89' lang='lat' dir='ltr'><strong>Concupiscentia</strong></span> <span class='ocrx_word' id='word_1_696' title='bbox 1135 4758 1475 4813; x_wconf 89' lang='lat' dir='ltr'><strong>demonstrat</strong></span> <span class='ocrx_word' id='word_1_697' title='bbox 1529 4758 1766 4814; x_wconf 87' lang='lat' dir='ltr'><strong>dicens:</strong></span> 
     </span>
    </p>
   </div>
   <div class='ocr_carea' id='block_1_100' title="bbox 169 4846 1768 4919">
    <p class='ocr_par' dir='ltr' id='par_1_100' title="bbox 169 4846 1768 4919">
     <span class='ocr_line' id='line_1_100' title="bbox 169 4846 1768 4919; baseline -0.002 -14"><span class='ocrx_word' id='word_1_698' title='bbox 169 4847 377 4918; x_wconf 86' lang='lat' dir='ltr'><strong>Quibus</strong></span> <span class='ocrx_word' id='word_1_699' title='bbox 409 4863 541 4904; x_wconf 87' lang='lat' dir='ltr'><strong>vero</strong></span> <span class='ocrx_word' id='word_1_700' title='bbox 572 4847 838 4919; x_wconf 87' lang='lat' dir='ltr'><strong>placuerit</strong></span> <span class='ocrx_word' id='word_1_701' title='bbox 866 4864 931 4902; x_wconf 90' lang='lat' dir='ltr'><strong>ex</strong></span> <span class='ocrx_word' id='word_1_702' title='bbox 960 4863 1233 4904; x_wconf 88' lang='lat' dir='ltr'><strong>consensu</strong></span> <span class='ocrx_word' id='word_1_703' title='bbox 1273 4847 1340 4901; x_wconf 87' lang='lat' dir='ltr'><strong>ab</strong></span> <span class='ocrx_word' id='word_1_704' title='bbox 1381 4864 1482 4902; x_wconf 90' lang='lat' dir='ltr'><strong>usu</strong></span> <span class='ocrx_word' id='word_1_705' title='bbox 1531 4846 1768 4902; x_wconf 86' lang='lat' dir='ltr'><strong>carnalis</strong></span> 
     </span>
    </p>
   </div>
   <div class='ocr_carea' id='block_1_101' title="bbox 169 4935 1769 5010">
    <p class='ocr_par' dir='ltr' id='par_1_101' title="bbox 169 4935 1769 5010">
     <span class='ocr_line' id='line_1_101' title="bbox 169 4935 1769 5010; baseline -0.003 -16"><span class='ocrx_word' id='word_1_706' title='bbox 169 4936 628 5010; x_wconf 63' lang='lat' dir='ltr'><strong>concupiscentiae</strong></span> <span class='ocrx_word' id='word_1_707' title='bbox 670 4937 726 4990; x_wconf 89' lang='lat' dir='ltr'><strong>in</strong></span> <span class='ocrx_word' id='word_1_708' title='bbox 781 4944 1105 5008; x_wconf 89' lang='lat' dir='ltr'><strong>perpetuum</strong></span> <span class='ocrx_word' id='word_1_709' title='bbox 1163 4935 1466 5002; x_wconf 87' lang='lat' dir='ltr'><strong>continere,</strong></span> <span class='ocrx_word' id='word_1_710' title='bbox 1513 4935 1656 4991; x_wconf 89' lang='lat' dir='ltr'><strong>absit</strong></span> <span class='ocrx_word' id='word_1_711' title='bbox 1712 4943 1769 4990; x_wconf 90' lang='lat' dir='ltr'><strong>ut</strong></span> 
     </span>
    </p>
   </div>
   <div class='ocr_carea' id='block_1_102' title="bbox 169 5022 1767 5097">
    <p class='ocr_par' dir='ltr' id='par_1_102' title="bbox 169 5022 1767 5097">
     <span class='ocr_line' id='line_1_102' title="bbox 169 5022 1767 5097; baseline -0.002 -16"><span class='ocrx_word' id='word_1_712' title='bbox 169 5026 444 5084; x_wconf 83' lang='lat' dir='ltr'><strong>vinculum</strong></span> <span class='ocrx_word' id='word_1_713' title='bbox 469 5026 614 5081; x_wconf 90' lang='lat' dir='ltr'><strong>inter</strong></span> <span class='ocrx_word' id='word_1_714' title='bbox 642 5024 766 5080; x_wconf 93' lang='lat' dir='ltr'><strong>illos</strong></span> <span class='ocrx_word' id='word_1_715' title='bbox 823 5025 1111 5097; x_wconf 88' lang='lat' dir='ltr'><strong>conjugale</strong></span> <span class='ocrx_word' id='word_1_716' title='bbox 1140 5033 1420 5097; x_wconf 88' lang='lat' dir='ltr'><strong>rumpatur</strong></span> <span class='ocrx_word' id='word_1_717' title='bbox 1452 5043 1464 5078; x_wconf 94' lang='lat'>:</span> <span class='ocrx_word' id='word_1_718' title='bbox 1511 5023 1620 5080; x_wconf 92' lang='lat' dir='ltr'><strong>imo</strong></span> <span class='ocrx_word' id='word_1_719' title='bbox 1667 5022 1767 5078; x_wconf 84' lang='lat' dir='ltr'><strong>ﬁr-</strong></span> 
     </span>
    </p>
   </div>
   <div class='ocr_carea' id='block_1_103' title="bbox 168 5113 1769 5186">
    <p class='ocr_par' dir='ltr' id='par_1_103' title="bbox 168 5113 1769 5186">
     <span class='ocr_line' id='line_1_103' title="bbox 168 5113 1769 5186; baseline -0.001 -16"><span class='ocrx_word' id='word_1_720' title='bbox 168 5115 305 5172; x_wconf 88' lang='lat' dir='ltr'><strong>mius</strong></span> <span class='ocrx_word' id='word_1_721' title='bbox 321 5116 448 5183; x_wconf 90' lang='lat' dir='ltr'><strong>erit,</strong></span> <span class='ocrx_word' id='word_1_722' title='bbox 481 5130 591 5186; x_wconf 91' lang='lat' dir='ltr'><strong>quo</strong></span> <span class='ocrx_word' id='word_1_723' title='bbox 621 5113 799 5185; x_wconf 87' lang='lat' dir='ltr'><strong>magis</strong></span> <span class='ocrx_word' id='word_1_724' title='bbox 830 5129 894 5169; x_wconf 89' lang='lat' dir='ltr'><strong>ea</strong></span> <span class='ocrx_word' id='word_1_725' title='bbox 924 5122 1084 5185; x_wconf 88' lang='lat' dir='ltr'><strong>pacta</strong></span> <span class='ocrx_word' id='word_1_726' title='bbox 1115 5130 1300 5170; x_wconf 87' lang='lat' dir='ltr'><strong>secum</strong></span> <span class='ocrx_word' id='word_1_727' title='bbox 1353 5113 1588 5180; x_wconf 91' lang='lat' dir='ltr'><strong>inierint,</strong></span> <span class='ocrx_word' id='word_1_728' title='bbox 1649 5129 1769 5186; x_wconf 78' lang='lat' dir='ltr'><strong>qua:</strong></span> 
     </span>
    </p>
   </div>
   <div class='ocr_carea' id='block_1_104' title="bbox 164 5201 1769 5274">
    <p class='ocr_par' dir='ltr' id='par_1_104' title="bbox 164 5201 1769 5274">
     <span class='ocr_line' id='line_1_104' title="bbox 164 5201 1769 5274; baseline -0.003 -13"><span class='ocrx_word' id='word_1_729' title='bbox 164 5205 378 5261; x_wconf 84' lang='lat' dir='ltr'><strong>charius</strong></span> <span class='ocrx_word' id='word_1_730' title='bbox 407 5203 846 5274; x_wconf 89' lang='lat' dir='ltr'><strong>concordiusque</strong></span> <span class='ocrx_word' id='word_1_731' title='bbox 869 5203 1140 5259; x_wconf 88' lang='lat' dir='ltr'><strong>servanda</strong></span> <span class='ocrx_word' id='word_1_732' title='bbox 1162 5211 1308 5270; x_wconf 88' lang='lat' dir='ltr'><strong>sunt,</strong></span> <span class='ocrx_word' id='word_1_733' title='bbox 1339 5219 1450 5258; x_wconf 92' lang='lat' dir='ltr'><strong>non</strong></span> <span class='ocrx_word' id='word_1_734' title='bbox 1474 5201 1769 5258; x_wconf 75' lang='lat' dir='ltr'><strong>voluntaria</strong></span> 
     </span>
    </p>
   </div>
   <div class='ocr_carea' id='block_1_105' title="bbox 169 5289 1768 5366">
    <p class='ocr_par' dir='ltr' id='par_1_105' title="bbox 169 5289 1768 5366">
     <span class='ocr_line' id='line_1_105' title="bbox 169 5289 1768 5366; baseline -0.002 -17"><span class='ocrx_word' id='word_1_735' title='bbox 169 5307 458 5366; x_wconf 89' lang='lat' dir='ltr'><strong>corporum</strong></span> <span class='ocrx_word' id='word_1_736' title='bbox 491 5291 745 5361; x_wconf 86' lang='lat' dir='ltr'><strong>nexibus,</strong></span> <span class='ocrx_word' id='word_1_737' title='bbox 778 5291 878 5346; x_wconf 91' lang='lat' dir='ltr'><strong>sed</strong></span> <span class='ocrx_word' id='word_1_738' title='bbox 896 5289 1216 5346; x_wconf 89' lang='lat' dir='ltr'><strong>voluntariis</strong></span> <span class='ocrx_word' id='word_1_739' title='bbox 1233 5289 1515 5346; x_wconf 69' lang='lat' dir='ltr'><strong>affectibus</strong></span> <span class='ocrx_word' id='word_1_740' title='bbox 1553 5293 1768 5346; x_wconf 90' lang='lat' dir='ltr'><strong>animo-</strong></span> 
     </span>
    </p>
   </div>
   <div class='ocr_carea' id='block_1_106' title="bbox 168 5377 1768 5454">
    <p class='ocr_par' dir='ltr' id='par_1_106' title="bbox 168 5377 1768 5454">
     <span class='ocr_line' id='line_1_106' title="bbox 168 5377 1768 5454; baseline -0.003 -16"><span class='ocrx_word' id='word_1_741' title='bbox 168 5396 296 5437; x_wconf 85' lang='lat' dir='ltr'><strong>rum.</strong></span> <span class='ocrx_word' id='word_1_742' title='bbox 329 5382 528 5454; x_wconf 90' lang='lat' dir='ltr'><strong>Neque</strong></span> <span class='ocrx_word' id='word_1_743' title='bbox 567 5379 714 5436; x_wconf 85' lang='lat' dir='ltr'><strong>enim</strong></span> <span class='ocrx_word' id='word_1_744' title='bbox 742 5377 1010 5436; x_wconf 86' lang='lat' dir='ltr'><strong>fallaciter</strong></span> <span class='ocrx_word' id='word_1_745' title='bbox 1029 5379 1100 5434; x_wconf 91' lang='lat' dir='ltr'><strong>ab</strong></span> <span class='ocrx_word' id='word_1_746' title='bbox 1130 5379 1327 5451; x_wconf 88' lang='lat' dir='ltr'><strong>angelo</strong></span> <span class='ocrx_word' id='word_1_747' title='bbox 1351 5379 1562 5434; x_wconf 89' lang='lat' dir='ltr'><strong>dictum</strong></span> <span class='ocrx_word' id='word_1_748' title='bbox 1601 5388 1682 5436; x_wconf 91' lang='lat' dir='ltr'><strong>est</strong></span> <span class='ocrx_word' id='word_1_749' title='bbox 1702 5379 1768 5434; x_wconf 89' lang='lat' dir='ltr'><strong>ad</strong></span> 
     </span>
    </p>
   </div>
   <div class='ocr_carea' id='block_1_107' title="bbox 173 5477 1769 5552">
    <p class='ocr_par' dir='ltr' id='par_1_107' title="bbox 173 5477 1769 5552">
     <span class='ocr_line' id='line_1_107' title="bbox 173 5477 1769 5552; baseline 0.001 -21"><span class='ocrx_word' id='word_1_750' title='bbox 173 5477 370 5552; x_wconf 84' lang='lat' dir='ltr'><strong>Joseph</strong></span> <span class='ocrx_word' id='word_1_751' title='bbox 416 5497 431 5534; x_wconf 89' lang='lat'><strong>:</strong></span> <span class='ocrx_word' id='word_1_752' title='bbox 491 5478 626 5534; x_wconf 80' lang='lat' dir='ltr'><strong>Noti</strong></span> <span class='ocrx_word' id='word_1_753' title='bbox 682 5477 878 5534; x_wconf 86' lang='lat' dir='ltr'><strong>timere</strong></span> <span class='ocrx_word' id='word_1_754' title='bbox 906 5479 1162 5550; x_wconf 86' lang='lat' dir='ltr'><strong>accipere</strong></span> <span class='ocrx_word' id='word_1_755' title='bbox 1203 5477 1436 5532; x_wconf 85' lang='lat' dir='ltr'><strong>Mariam</strong></span> <span class='ocrx_word' id='word_1_756' title='bbox 1475 5479 1769 5548; x_wconf 85' lang='lat' dir='ltr'><strong>conjugcm</strong></span> 
     </span>
    </p>
   </div>
   <div class='ocr_carea' id='block_1_108' title="bbox 1870 4491 3462 4565">
    <p class='ocr_par' dir='ltr' id='par_1_108' title="bbox 1870 4491 3462 4565">
     <span class='ocr_line' id='line_1_108' title="bbox 1870 4491 3462 4565; baseline -0.001 -17"><span class='ocrx_word' id='word_1_757' title='bbox 1870 4495 1994 4550; x_wconf 90' lang='lat' dir='ltr'><strong>dem</strong></span> <span class='ocrx_word' id='word_1_758' title='bbox 2024 4493 2216 4548; x_wconf 86' lang='lat' dir='ltr'><strong>beatus</strong></span> <span class='ocrx_word' id='word_1_759' title='bbox 2245 4491 2580 4565; x_wconf 85' lang='lat' dir='ltr'><strong>Augustinus</strong></span> <span class='ocrx_word' id='word_1_760' title='bbox 2628 4492 2684 4546; x_wconf 90' lang='lat' dir='ltr'><strong>in</strong></span> <span class='ocrx_word' id='word_1_761' title='bbox 2727 4493 2865 4549; x_wconf 90' lang='lat' dir='ltr'><strong>libro</strong></span> <span class='ocrx_word' id='word_1_762' title='bbox 2913 4493 2980 4549; x_wconf 90' lang='lat' dir='ltr'><strong>de</strong></span> <span class='ocrx_word' id='word_1_763' title='bbox 3027 4493 3376 4564; x_wconf 88' lang='lat' dir='ltr'><strong>Correptione</strong></span> <span class='ocrx_word' id='word_1_764' title='bbox 3408 4500 3462 4547; x_wconf 90' lang='lat' dir='ltr'><strong>et</strong></span> 
     </span>
    </p>
   </div>
   <div class='ocr_carea' id='block_1_109' title="bbox 1870 4581 3461 4651">
    <p class='ocr_par' dir='ltr' id='par_1_109' title="bbox 1870 4581 3461 4651">
     <span class='ocr_line' id='line_1_109' title="bbox 1870 4581 3461 4651; baseline -0.002 -12"><span class='ocrx_word' id='word_1_765' title='bbox 1870 4582 2076 4648; x_wconf 86' lang='lat' dir='ltr'><strong>Gratia,</strong></span> <span class='ocrx_word' id='word_1_766' title='bbox 2111 4589 2163 4636; x_wconf 92' lang='lat' dir='ltr'><strong>et</strong></span> <span class='ocrx_word' id='word_1_767' title='bbox 2195 4583 2264 4637; x_wconf 90' lang='lat' dir='ltr'><strong>de</strong></span> <span class='ocrx_word' id='word_1_768' title='bbox 2295 4581 2773 4638; x_wconf 74' lang='lat' dir='ltr'><strong>Praedestinatione</strong></span> <span class='ocrx_word' id='word_1_769' title='bbox 2817 4590 3145 4651; x_wconf 88' lang='lat' dir='ltr'><strong>sanctorum,</strong></span> <span class='ocrx_word' id='word_1_770' title='bbox 3201 4597 3265 4637; x_wconf 88' lang='lat' dir='ltr'><strong>ac</strong></span> <span class='ocrx_word' id='word_1_771' title='bbox 3312 4582 3461 4636; x_wconf 91' lang='lat' dir='ltr'><strong>Bono</strong></span> 
     </span>
    </p>
   </div>
   <div class='ocr_carea' id='block_1_110' title="bbox 1867 4669 3458 4744">
    <p class='ocr_par' dir='ltr' id='par_1_110' title="bbox 1867 4669 3458 4744">
     <span class='ocr_line' id='line_1_110' title="bbox 1867 4669 3458 4744; baseline -0.003 -16"><span class='ocrx_word' id='word_1_772' title='bbox 1867 4671 2310 4744; x_wconf 58' lang='lat' dir='ltr'><strong>perseverantia}.</strong></span> <span class='ocrx_word' id='word_1_773' title='bbox 2359 4671 2467 4726; x_wconf 88' lang='lat' dir='ltr'><strong>Sed</strong></span> <span class='ocrx_word' id='word_1_774' title='bbox 2497 4679 2549 4725; x_wconf 92' lang='lat' dir='ltr'><strong>et</strong></span> <span class='ocrx_word' id='word_1_775' title='bbox 2578 4679 2794 4728; x_wconf 86' lang='lat' dir='ltr'><strong>sanctus</strong></span> <span class='ocrx_word' id='word_1_776' title='bbox 2834 4671 3088 4740; x_wconf 88' lang='lat' dir='ltr'><strong>Prosper,</strong></span> <span class='ocrx_word' id='word_1_777' title='bbox 3133 4687 3194 4724; x_wconf 86' lang='lat' dir='ltr'><strong>ex</strong></span> <span class='ocrx_word' id='word_1_778' title='bbox 3227 4669 3458 4742; x_wconf 88' lang='lat' dir='ltr'><strong>delega-</strong></span> 
     </span>
    </p>
   </div>
   <div class='ocr_carea' id='block_1_111' title="bbox 1869 4757 3460 4830">
    <p class='ocr_par' dir='ltr' id='par_1_111' title="bbox 1869 4757 3460 4830">
     <span class='ocr_line' id='line_1_111' title="bbox 1869 4757 3460 4830; baseline -0.002 -14"><span class='ocrx_word' id='word_1_779' title='bbox 1869 4762 2014 4816; x_wconf 90' lang='lat' dir='ltr'><strong>tione</strong></span> <span class='ocrx_word' id='word_1_780' title='bbox 2045 4759 2193 4816; x_wconf 91' lang='lat' dir='ltr'><strong>sedis</strong></span> <span class='ocrx_word' id='word_1_781' title='bbox 2240 4759 2572 4830; x_wconf 76' lang='lat' dir='ltr'><strong>apostolicze,</strong></span> <span class='ocrx_word' id='word_1_782' title='bbox 2624 4760 2678 4812; x_wconf 93' lang='lat' dir='ltr'><strong>in</strong></span> <span class='ocrx_word' id='word_1_783' title='bbox 2723 4757 3152 4812; x_wconf 87' lang='lat' dir='ltr'><strong>absolutionibus</strong></span> <span class='ocrx_word' id='word_1_784' title='bbox 3193 4757 3460 4826; x_wconf 85' lang='lat' dir='ltr'><strong>objectio-</strong></span> 
     </span>
    </p>
   </div>
   <div class='ocr_carea' id='block_1_112' title="bbox 1869 4847 3456 4925">
    <p class='ocr_par' dir='ltr' id='par_1_112' title="bbox 1869 4847 3456 4925">
     <span class='ocr_line' id='line_1_112' title="bbox 1869 4847 3456 4925; baseline -0.003 -20"><span class='ocrx_word' id='word_1_785' title='bbox 1869 4866 1998 4905; x_wconf 92' lang='lat' dir='ltr'><strong>num</strong></span> <span class='ocrx_word' id='word_1_786' title='bbox 2043 4848 2344 4916; x_wconf 87' lang='lat' dir='ltr'><strong>Gallorum,</strong></span> <span class='ocrx_word' id='word_1_787' title='bbox 2395 4847 2896 4925; x_wconf 71' lang='lat' dir='ltr'><strong>Vincentiauorum,</strong></span> <span class='ocrx_word' id='word_1_788' title='bbox 2939 4853 3100 4917; x_wconf 87' lang='lat' dir='ltr'><strong>atque</strong></span> <span class='ocrx_word' id='word_1_789' title='bbox 3148 4847 3456 4903; x_wconf 83' lang='lat' dir='ltr'><strong>Massilien-</strong></span> 
     </span>
    </p>
   </div>
   <div class='ocr_carea' id='block_1_113' title="bbox 1869 4933 3458 5006">
    <p class='ocr_par' dir='ltr' id='par_1_113' title="bbox 1869 4933 3458 5006">
     <span class='ocr_line' id='line_1_113' title="bbox 1869 4933 3458 5006; baseline -0.003 -13"><span class='ocrx_word' id='word_1_790' title='bbox 1869 4938 2027 5004; x_wconf 90' lang='lat' dir='ltr'><strong>sium,</strong></span> <span class='ocrx_word' id='word_1_791' title='bbox 2061 4937 2116 4991; x_wconf 92' lang='lat' dir='ltr'><strong>in</strong></span> <span class='ocrx_word' id='word_1_792' title='bbox 2145 4936 2298 4991; x_wconf 89' lang='lat' dir='ltr'><strong>libris</strong></span> <span class='ocrx_word' id='word_1_793' title='bbox 2327 4936 2486 4991; x_wconf 87' lang='lat' dir='ltr'><strong>etiam</strong></span> <span class='ocrx_word' id='word_1_794' title='bbox 2516 4937 2584 4990; x_wconf 90' lang='lat' dir='ltr'><strong>de</strong></span> <span class='ocrx_word' id='word_1_795' title='bbox 2614 4933 2910 4989; x_wconf 84' lang='lat' dir='ltr'><strong>Vocatioue</strong></span> <span class='ocrx_word' id='word_1_796' title='bbox 2953 4933 3215 5006; x_wconf 83' lang='lat' dir='ltr'><strong>gentium,</strong></span> <span class='ocrx_word' id='word_1_797' title='bbox 3263 4935 3458 4991; x_wconf 88' lang='lat' dir='ltr'><strong>catho-</strong></span> 
     </span>
    </p>
   </div>
   <div class='ocr_carea' id='block_1_114' title="bbox 1868 5020 3458 5095">
    <p class='ocr_par' dir='ltr' id='par_1_114' title="bbox 1868 5020 3458 5095">
     <span class='ocr_line' id='line_1_114' title="bbox 1868 5020 3458 5095; baseline -0.001 -14"><span class='ocrx_word' id='word_1_798' title='bbox 1868 5027 1973 5082; x_wconf 89' lang='lat' dir='ltr'><strong>lico</strong></span> <span class='ocrx_word' id='word_1_799' title='bbox 2015 5042 2200 5090; x_wconf 88' lang='lat' dir='ltr'><strong>sensu,</strong></span> <span class='ocrx_word' id='word_1_800' title='bbox 2251 5034 2304 5080; x_wconf 88' lang='lat' dir='ltr'><strong>et</strong></span> <span class='ocrx_word' id='word_1_801' title='bbox 2346 5024 2584 5095; x_wconf 88' lang='lat' dir='ltr'><strong>perfecta</strong></span> <span class='ocrx_word' id='word_1_802' title='bbox 2628 5020 3048 5078; x_wconf 62' lang='lat' dir='ltr'><strong>evidentissima</strong></span> <span class='ocrx_word' id='word_1_803' title='bbox 3096 5023 3322 5079; x_wconf 90' lang='lat' dir='ltr'><strong>rationis</strong></span> <span class='ocrx_word' id='word_1_804' title='bbox 3370 5023 3458 5080; x_wconf 85' lang='lat' dir='ltr'><strong>fa-</strong></span> 
     </span>
    </p>
   </div>
   <div class='ocr_carea' id='block_1_115' title="bbox 1867 5112 3456 5188">
    <p class='ocr_par' dir='ltr' id='par_1_115' title="bbox 1867 5112 3456 5188">
     <span class='ocr_line' id='line_1_115' title="bbox 1867 5112 3456 5188; baseline -0.003 -17"><span class='ocrx_word' id='word_1_805' title='bbox 1867 5116 2153 5188; x_wconf 88' lang='lat' dir='ltr'><strong>cundaque</strong></span> <span class='ocrx_word' id='word_1_806' title='bbox 2175 5114 2418 5170; x_wconf 86' lang='lat' dir='ltr'><strong>doctrina</strong></span> <span class='ocrx_word' id='word_1_807' title='bbox 2439 5127 2628 5166; x_wconf 90' lang='lat' dir='ltr'><strong>eorum</strong></span> <span class='ocrx_word' id='word_1_808' title='bbox 2649 5120 2968 5182; x_wconf 90' lang='lat' dir='ltr'><strong>argumenta</strong></span> <span class='ocrx_word' id='word_1_809' title='bbox 2989 5112 3256 5169; x_wconf 89' lang='lat' dir='ltr'><strong>dissolvit.</strong></span> <span class='ocrx_word' id='word_1_810' title='bbox 3280 5113 3456 5168; x_wconf 82' lang='lat' dir='ltr'><strong>Verba</strong></span> 
     </span>
    </p>
   </div>
   <div class='ocr_carea' id='block_1_116' title="bbox 1869 5200 3461 5272">
    <p class='ocr_par' dir='ltr' id='par_1_116' title="bbox 1869 5200 3461 5272">
     <span class='ocr_line' id='line_1_116' title="bbox 1869 5200 3461 5272; baseline -0.005 -10"><span class='ocrx_word' id='word_1_811' title='bbox 1869 5214 2050 5262; x_wconf 89' lang='lat' dir='ltr'><strong>autem</strong></span> <span class='ocrx_word' id='word_1_812' title='bbox 2078 5204 2389 5260; x_wconf 89' lang='lat' dir='ltr'><strong>eorumdem</strong></span> <span class='ocrx_word' id='word_1_813' title='bbox 2419 5207 2717 5268; x_wconf 84' lang='lat' dir='ltr'><strong>auctorum,</strong></span> <span class='ocrx_word' id='word_1_814' title='bbox 2753 5201 2896 5257; x_wconf 90' lang='lat' dir='ltr'><strong>unde</strong></span> <span class='ocrx_word' id='word_1_815' title='bbox 2935 5201 3170 5272; x_wconf 89' lang='lat' dir='ltr'><strong>imperiti</strong></span> <span class='ocrx_word' id='word_1_816' title='bbox 3211 5200 3461 5272; x_wconf 90' lang='lat' dir='ltr'><strong>magistri</strong></span> 
     </span>
    </p>
   </div>
   <div class='ocr_carea' id='block_1_117' title="bbox 1868 5289 3458 5362">
    <p class='ocr_par' dir='ltr' id='par_1_117' title="bbox 1868 5289 3458 5362">
     <span class='ocr_line' id='line_1_117' title="bbox 1868 5289 3458 5362; baseline -0.004 -12"><span class='ocrx_word' id='word_1_817' title='bbox 1868 5295 2000 5350; x_wconf 88' lang='lat' dir='ltr'><strong>talia</strong></span> <span class='ocrx_word' id='word_1_818' title='bbox 2027 5293 2232 5348; x_wconf 89' lang='lat' dir='ltr'><strong>insulsa</strong></span> <span class='ocrx_word' id='word_1_819' title='bbox 2263 5297 2561 5361; x_wconf 88' lang='lat' dir='ltr'><strong>captarunt,</strong></span> <span class='ocrx_word' id='word_1_820' title='bbox 2591 5289 2676 5345; x_wconf 90' lang='lat' dir='ltr'><strong>hic</strong></span> <span class='ocrx_word' id='word_1_821' title='bbox 2705 5305 3053 5362; x_wconf 88' lang='lat' dir='ltr'><strong>poneremus,</strong></span> <span class='ocrx_word' id='word_1_822' title='bbox 3091 5290 3138 5344; x_wconf 92' lang='lat' dir='ltr'><strong>si</strong></span> <span class='ocrx_word' id='word_1_823' title='bbox 3185 5305 3291 5346; x_wconf 91' lang='lat' dir='ltr'><strong>non</strong></span> <span class='ocrx_word' id='word_1_824' title='bbox 3323 5305 3458 5361; x_wconf 88' lang='lat' dir='ltr'><strong>pro-</strong></span> 
     </span>
    </p>
   </div>
   <div class='ocr_carea' id='block_1_118' title="bbox 1870 5380 3065 5452">
    <p class='ocr_par' dir='ltr' id='par_1_118' title="bbox 1870 5380 3065 5452">
     <span class='ocr_line' id='line_1_118' title="bbox 1870 5380 3065 5452; baseline -0.005 -14"><span class='ocrx_word' id='word_1_825' title='bbox 1870 5383 2134 5438; x_wconf 88' lang='lat' dir='ltr'><strong>solutione</strong></span> <span class='ocrx_word' id='word_1_826' title='bbox 2164 5381 2365 5436; x_wconf 90' lang='lat' dir='ltr'><strong>nodum</strong></span> <span class='ocrx_word' id='word_1_827' title='bbox 2395 5395 2721 5452; x_wconf 89' lang='lat' dir='ltr'><strong>componere</strong></span> <span class='ocrx_word' id='word_1_828' title='bbox 2753 5380 3065 5435; x_wconf 86' lang='lat' dir='ltr'><strong>vitaremus.</strong></span> 
     </span>
    </p>
   </div>
   <div class='ocr_carea' id='block_1_119' title="bbox 1939 5473 3454 5542">
    <p class='ocr_par' dir='ltr' id='par_1_119' title="bbox 1939 5473 3454 5542">
     <span class='ocr_line' id='line_1_119' title="bbox 1939 5473 3454 5542; baseline -0.004 -8"><span class='ocrx_word' id='word_1_829' title='bbox 1939 5478 2262 5534; x_wconf 87' lang='lat' dir='ltr'><strong>Addendum</strong></span> <span class='ocrx_word' id='word_1_830' title='bbox 2309 5477 2468 5534; x_wconf 88' lang='lat' dir='ltr'><strong>etiam</strong></span> <span class='ocrx_word' id='word_1_831' title='bbox 2525 5477 2894 5536; x_wconf 86' lang='lat' dir='ltr'><strong>necessarium</strong></span> <span class='ocrx_word' id='word_1_832' title='bbox 2945 5475 3217 5542; x_wconf 87' lang='lat' dir='ltr'><strong>duximus,</strong></span> <span class='ocrx_word' id='word_1_833' title='bbox 3269 5482 3327 5528; x_wconf 91' lang='lat' dir='ltr'><strong>ut</strong></span> <span class='ocrx_word' id='word_1_834' title='bbox 3370 5473 3454 5528; x_wconf 87' lang='lat' dir='ltr'><strong>his</strong></span> 
     </span>
    </p>
   </div>
  </div>
