4026 6294
553 216 651 272 151
1525 209 1868 268 HINCMARI
1896 207 2295 267 RHEMENSIS
2336 207 2885 264 ARCHIEPISCOPI.
3732 211 3840 263 152

561 344 872 395 sanctorum
927 334 1212 391 sententiis
1262 349 1682 406 cognoscamus,
1729 336 1961 406 nuptias,
2017 351 2154 407 quas
2174 335 2230 394 A
2263 335 2431 390 larem
2459 333 2736 404 suscipiat,
2771 342 2824 388 et
2852 349 2977 389 cum
3001 332 3184 406 dignis
3214 332 3546 404 ptenitentiae
3591 331 3879 396 fructibus

562 424 882 482 concubitus
909 439 1010 495 pro
1041 425 1368 496 quibusdam
1397 424 1576 480 causis
1607 441 1715 478 non
1734 424 2002 496 sequitur,
2025 425 2162 478 solvi

559 528 746 584 posse,
785 521 839 568 et
859 520 1086 583 propter
1133 512 1579 568 incontinentiam
1629 513 1860 568 feminas
1908 513 1976 567 ad
2025 513 2161 567 alias

563 601 855 657 convolare
886 602 1092 656 valere.
1126 601 1236 656 Sed
1267 602 1480 656 subtilis
1507 602 1880 672 investigatio,
1919 609 1974 656 et
2000 603 2162 657 ratio-

564 689 766 745 nabilis
795 689 1054 745 discretio
1087 691 1143 744 in
1172 690 1257 745 his
1287 691 1440 762 prius
1479 698 1562 746 est
1607 691 1934 757 adhibenda,
1985 699 2163 745 utru‘m

569 778 726 850 quasi
752 779 1018 833 naturalis
1046 778 1103 834 in
1133 779 1266 833 viris
1309 779 1376 834 sit
1413 779 1726 848 hujusmodi
1770 780 2164 836 commistiouis

569 867 978 938 impossibilitas
1010 866 1159 938 (quia
1186 875 1238 922 et
1267 875 1392 922 sunt
1421 869 1671 935 eunuchi,
1725 869 1862 924 sicut
1905 869 2162 940 scriptum

571 963 670 1021 est,
705 954 795 1028 qui
825 955 892 1010 de
922 955 1110 1010 matris
1143 964 1298 1012 utero
1331 957 1409 1012 sic
1439 957 1552 1011 nati
1585 957 1754 1028 sunt,)
1777 973 1846 1012 an
1867 959 1971 1013 hoc
1993 957 2164 1028 impe-

570 1043 866 1099 dimentum
899 1044 1217 1114 operatione
1247 1044 1464 1112 diaboli,
1491 1046 1625 1100 sicut
1655 1045 1771 1100 fieri
1803 1047 2022 1114 assolet,
2057 1045 2164 1100 illis

573 1131 789 1186 accidit.
824 1129 981 1198 Quod
1015 1133 1060 1186 si
1090 1148 1189 1202 per
1215 1133 1492 1187 sortiarias
1521 1134 1634 1204 (33.
1667 1152 1716 1206 q.
1752 1133 1824 1204 1),
1846 1143 2008 1205 atque
2039 1149 2162 1188 ma-

573 1217 781 1286 leficas,
817 1221 1048 1288 occulto,
1084 1222 1181 1275 sed
1210 1237 1482 1293 nunquam
1513 1223 1600 1276 vel
1629 1239 1899 1293 nusquam
1942 1223 2158 1292 injuste,

572 1307 840 1363 Dominici
863 1308 1071 1378 judicio
1111 1311 1477 1380 permittente,
1525 1319 1576 1366 et
1623 1311 1841 1366 diabolo
1879 1321 2160 1382 operante,

569 1395 782 1464 accidit,
817 1397 1063 1450 hortandi
1094 1406 1218 1451 sunt
1247 1398 1444 1468 quibus
1474 1398 1578 1453 ista
1605 1399 1878 1465 eveniunt,
1911 1407 1970 1454 ut
1999 1401 2163 1457 corde

569 1483 820 1550 contrito,
854 1491 907 1538 et
945 1484 1134 1554 spiritu
1187 1486 1486 1552 humiliato,
1532 1488 1646 1542 Deo
1694 1495 1748 1542 et
1793 1489 2062 1544 sacerdoti
2095 1490 2163 1544 de

569 1570 822 1626 omnibus
848 1573 1090 1642 peccatis
1129 1573 1239 1627 suis
1278 1589 1468 1644 puram
1511 1575 1912 1631 confessionem
1941 1577 2158 1643 faciant,

2261 431 2501 496 peragat,
2538 431 2596 476 ut
2627 422 2718 493 qui
2749 439 2846 478 suo
2890 423 3145 494 neglectu
3187 421 3512 489 Ecclesiam,
3563 430 3614 477 et
3663 423 3878 478 multos

2262 512 2524 567 Ecclesia:
2555 511 2691 566 ﬁlios
2722 511 3088 567 scandalizare
3120 511 3486 582 prmsumpsit,
3517 511 3788 567 Ecclesiae
3818 519 3878 566 et

2261 600 2375 669 ejus
2407 600 2703 655 rectoribus
2733 609 2891 672 atque
2923 599 3046 655 ﬁliis
3077 599 3388 666 satisfaciat,
3440 609 3493 654 et
3535 608 3658 670 post
3691 600 3872 656 satis-

2260 686 2574 754 factionem,
2607 688 2653 742 si
2684 705 2743 744 se
2775 688 3054 744 continere
3087 705 3195 744 non
3225 688 3443 758 poterit,
3462 689 3614 757 juxta
3644 697 3872 743 senten-

2265 775 2398 831 tiam
2425 777 2611 849 magni
2647 777 2839 832 Leonis
2870 793 3026 848 papae
3051 779 3122 832 ad
3144 777 3423 833 Rusticum
3447 777 3877 832 Narbonensem

2266 865 2614 936 episcopum,
2677 873 2731 920 et
2785 867 3081 922 secundum
3129 867 3351 922 decreta
3399 866 3569 922 sancti
3615 867 3870 922 Toletani

2265 953 2480 1008 concilii
2524 954 2765 1024 (Decrct.
2799 971 2921 1026 cap.
2970 958 3058 1020 25,
3109 971 3264 1010 conc.
3307 956 3475 1010 Tolet.
3507 970 3585 1023 vt,
3617 972 3748 1010 can.
3787 955 3866 1025 8‘),

2266 1042 2516 1112 copulam
2549 1041 2730 1096 uxoris
2756 1043 3013 1115 legitimae
3043 1049 3340 1113 exspectat,
3373 1059 3443 1096 ne
3471 1042 3668 1097 iterum
3697 1041 3872 1098 forni-

2269 1130 2494 1185 cationis
2523 1131 2726 1186 crimen
2757 1131 3014 1187 incurrat.
3049 1133 3109 1186 In
3139 1147 3247 1203 quo
3276 1139 3478 1197 tamen,
3511 1147 3635 1186 cum
3665 1131 3868 1187 eodem

2269 1220 2429 1274 Patre
2457 1219 2743 1290 loquentes
2771 1221 3136 1290 sanctissimo,
3168 1236 3279 1275 non
3307 1209 3556 1292 regulam
3583 1221 3871 1277 constitui-

2264 1324 2404 1374 mus,
2439 1308 2536 1364 sed
2566 1309 2692 1379 quid
2723 1309 2792 1364 sit
2821 1309 3158 1364 tolerabilius
3187 1309 3536 1364 aestimamus.
3586 1310 3730 1364 Nam
3767 1325 3867 1364 se-

2265 1397 2500 1452 cundum
2530 1413 2714 1453 veram
2737 1397 3114 1470 cognitionem
3139 1397 3274 1452 nihil
3321 1397 3499 1470 magis
3529 1397 3579 1453 ei
3608 1398 3868 1468 congruit

2264 1485 2354 1556 qui
2384 1485 2751 1555 paenitentiam
2782 1487 2916 1558 agit,
2951 1502 3114 1558 quam
3145 1487 3364 1541 castitas
3393 1502 3777 1558 perseverans,
3813 1495 3868 1542 et

2263 1575 2482 1643 mentis,
2517 1583 2568 1629 et
2601 1576 2868 1645 corporis.
2905 1575 3002 1630 Cui
3032 1593 3101 1630 ne
3129 1576 3381 1647 laqueum
3409 1575 3731 1645 injiciamus,
3764 1593 3866 1631 re-

567 1667 621 1714 et
644 1659 882 1730 profusis
910 1661 1188 1733 laerymis,
1222 1679 1286 1718 ac
1316 1663 1646 1736 largioribus
1689 1665 2072 1737 eleemosynis,
2107 1675 2160 1721 et
2189 1662 2428 1750 Bmedii
2473 1678 2689 1717 manum
2747 1663 3096 1737 porrigimus,
3151 1681 3261 1720 non
3303 1665 3585 1736 imperium
3627 1665 3864 1722 actionis

570 1747 938 1815 orationibus,
999 1758 1160 1822 atque
1208 1750 1470 1820 jejuniis,
1529 1753 1760 1808 Domino
1804 1753 2156 1824 satisfaciant,

570 1835 724 1906 cujus
747 1837 971 1906 judicio,
991 1853 1090 1908 pro
1121 1854 1221 1894 suo
1248 1839 1463 1906 merito,
1487 1849 1540 1894 et
1568 1841 1634 1895 ab
1664 1841 1756 1896 illa
1787 1841 2164 1900 benedictione

567 1923 774 1996 privari
803 1923 955 1979 inviti
1011 1935 1340 1994 meruerunt,
1365 1944 1528 2000 quam
1560 1930 1822 1984 Dominus
1851 1931 2038 2001 primis
2069 1949 2166 2003 pa-

570 2013 815 2068 rentibus
859 2021 982 2068 ante
1029 2023 1316 2086 peccatum
1361 2017 1418 2070 in
1462 2017 1720 2088 paradiso
1766 2020 2004 2089 donavit,
2056 2037 2164 2092 qua

569 2101 729 2156 etiam
757 2109 882 2172 post
910 2111 1191 2173 peccatum
1224 2119 1396 2177 genus
1427 2106 1720 2162 humanum
1751 2107 1806 2162 in
1837 2116 2006 2163 totum
2045 2110 2164 2180 pri-

569 2189 690 2243 vari
727 2205 835 2244 non
875 2189 1043 2246 voluit
1076 2209 1089 2244 :
1123 2199 1174 2246 et
1216 2208 1318 2262 per
1359 2194 1716 2262 exorcismos,
1763 2204 1920 2268 atque
1968 2205 2164 2254 caetera

571 2276 857 2332 medicinae
887 2279 1271 2335 ecclesiasticae
1294 2281 1500 2351 munia,
1530 2283 1764 2337 ministri
1791 2285 2052 2341 Ecclesia:
2077 2295 2162 2340 ta-

568 2363 671 2430 les,
707 2373 964 2437 quantum
995 2368 1247 2422 annuerit
1276 2369 1560 2436 Dominus,
1613 2371 1705 2443 qui
1754 2372 2068 2430 Abimelech
2099 2391 2164 2431 ac

570 2451 792 2507 domum
850 2455 965 2524 ejus
1022 2456 1251 2512 Abrahae
1298 2457 1630 2514 orationibus
1686 2461 1922 2531 sanavit,
1971 2478 2163 2519 sanare

567 2549 865 2612 procurent
893 2543 1052 2612 (Gen.
1087 2545 1213 2615 xx).
1265 2545 1368 2615 Qui
1416 2545 1553 2602 forte
1583 2547 1631 2603 si
1657 2549 1836 2604 sanari
1867 2565 1975 2605 non
2003 2560 2160 2622 pote-

570 2637 718 2696 runt,
751 2631 1002 2701 separari
1030 2633 1304 2688 valebunt.
1338 2636 1446 2690 Sed
1474 2645 1756 2709 postquam
1781 2637 1914 2694 alias
1945 2640 2161 2710 nuptias

573 2717 872 2788 expetierit,
907 2719 1014 2774 illis
1043 2721 1098 2774 in
1137 2737 1303 2778 carne
1349 2723 1674 2790 viventibus,
1725 2727 1921 2796 quibus
1959 2729 2161 2798 juncta

571 2803 786 2872 fuerint,
818 2808 1096 2877 prioribus
1127 2827 1262 2882 quos
1292 2811 1639 2882 reliquerant,
1673 2815 1882 2870 etiamsi
1919 2818 2160 2887 possibi-

569 2893 694 2949 litas
741 2898 1137 2953 concumbendi
1185 2899 1264 2954 eis
1316 2901 1527 2955 reddita
1570 2901 1767 2973 fuerit,
1825 2905 2163 2962 reconciliari

569 2982 894 3054 nequibunt.
933 2985 1278 3043 Incestuosas
1307 2997 1489 3044 autem
1532 2991 1767 3062 nuptias,
1816 3001 2039 3064 prepter
2085 2995 2162 3050 in-

569 3078 752 3126 cestus
793 3073 1019 3142 crimen,
1073 3077 1218 3148 quod
1261 3078 1463 3134 habere
1511 3094 1620 3134 non
1661 3088 1857 3151 potest,
1907 3090 1966 3136 ut
2009 3083 2160 3154 prius

569 3158 838 3230 diximus,
897 3170 952 3220 et
995 3163 1190 3219 iterum
1240 3165 1504 3236 dicimus,
1554 3168 1752 3224 Christi
1801 3177 1851 3226 et
1899 3171 2160 3229 Ecclesiae

571 3257 988 3318 sacramentum,
1022 3268 1132 3308 non
1164 3254 1363 3310 debere
1391 3271 1634 3322 manere,
1660 3260 1758 3314 sed
1774 3261 1980 3316 crimen
2001 3277 2160 3332 sepa-

569 3337 780 3392 ratione
810 3347 862 3393 et
887 3340 1205 3410 poenitentia
1233 3341 1436 3398 debere
1467 3345 1651 3400 sanari
1681 3363 1987 3404 noscamus.
2032 3350 2156 3406 Ste-

567 3424 734 3496 phani
764 3443 897 3483 vero
926 3429 1160 3499 nuptias,
1197 3430 1266 3484 de
1311 3431 1507 3503 quibus
1553 3433 1750 3506 agitur,
1799 3452 1869 3492 ne
1919 3437 2158 3494 incestus

567 3513 899 3582 admittatur,
929 3517 1132 3573 debere
1151 3518 1378 3576 dissolvi
1396 3521 1572 3576 modis
1593 3523 1845 3579 omnibus
1865 3541 2158 3599 cognosca-

562 3618 684 3658 mus
717 3619 730 3658 :
764 3613 817 3659 et
856 3606 1073 3677 nuptias
1121 3624 1242 3680 quae
1289 3610 1528 3682 nuptiale
1575 3611 1774 3668 habent
1812 3616 2152 3686 mysterium,

569 3705 679 3746 non
707 3709 1027 3766 quacunque
1069 3695 1190 3763 alia,
1242 3697 1346 3754 nisi
1388 3699 1504 3754 sola
1547 3699 1922 3758 fornicationis
1967 3721 2151 3774 causa,

567 3794 732 3850 posse
745 3781 990 3851 dissolvi,
1006 3783 1238 3842 docente
1260 3787 1510 3844 Veritatis
1523 3791 1840 3847 auctoritate
1853 3801 2150 3850 teneamus.

568 3867 839 3936 Quoniam
868 3871 970 3927 etsi
999 3875 1272 3930 communi
1292 3891 1562 3934 consensu
1583 3879 1968 3936 continentiam
1991 3899 2154 3940 vove-

561 3955 667 4010 rint
695 3958 976 4030 conjuges,
1010 3968 1158 4016 tanto
1195 3963 1460 4031 obnixius,
1511 3975 1710 4038 quanto
1754 3969 2049 4040 spiritalius
2098 3971 2152 4026 in

563 4043 796 4101 Domino
818 4047 991 4116 juncti
1022 4052 1319 4108 manebunt
1351 4071 1364 4106 :
1397 4070 1626 4124 quorum
1659 4057 2042 4126 conjunctioni,
2088 4075 2152 4116 ac

560 4131 807 4190 indivisae
835 4139 1184 4210 separationi,
1218 4141 1362 4196 nulla
1400 4143 1667 4200 simulatio
1714 4146 1769 4200 in
1815 4147 1988 4202 oculis
2036 4149 2152 4218 ejus

559 4223 888 4284 intervenire
918 4227 1136 4300 valebit,
1170 4231 1263 4302 qui
1292 4231 1531 4288 cordium
1559 4250 1620 4290 ac
1650 4251 1842 4291 renum
1883 4245 2152 4293 scrutator

557 4329 679 4368 esse
711 4315 1070 4388 dignoscitur.

2264 1750 2593 1822 imponimus
2606 1793 2620 1806 .

2335 1889 2472 1960 Quia
2501 1891 2658 1948 etiam
2687 1901 2908 1950 sanctus
2939 1893 3167 1950 Siricius
3197 1895 3267 1951 de
3296 1895 3670 1952 benedictione
3699 1912 3862 1968 spon-

2263 1995 2445 2035 sarum
2473 1981 2528 2035 in
2557 1982 2790 2038 decretis
2821 1983 2932 2038 suis
2963 1983 3212 2054 quaedam
3249 1999 3456 2056 ponere
3499 1985 3723 2040 studuit.
3778 1987 3861 2040 De

2265 2069 2476 2141 quibus,
2511 2070 2657 2142 quod
2686 2079 2870 2126 notum
2901 2079 3003 2138 est,
3031 2072 3172 2127 sacri
3191 2088 3430 2128 canones
3459 2073 3779 2141 decernunt,
3807 2082 3863 2130 et

2263 2173 2365 2212 nos
2399 2158 2594 2214 exinde
2624 2159 2806 2230 aliqua
2833 2160 3086 2229 diximus,
3119 2168 3170 2214 et
3196 2161 3356 2231 plura
3401 2161 3511 2217 alia
3547 2163 3861 2218 diceremus

2265 2246 2310 2299 si
2352 2247 2437 2300 his
2479 2247 2700 2318 nuptiis,
2751 2249 2820 2304 de
2863 2250 3058 2320 quibus
3101 2249 3374 2320 loquimur
3419 2251 3860 2307 benedictionem

2263 2334 2650 2391 sacerdotalem
2677 2336 2858 2392 datam
2890 2336 3057 2393 fuisse
3089 2354 3153 2393 ex
3184 2354 3339 2394 more
3355 2339 3724 2396 ecclesiastico
3755 2356 3862 2396 au-

2263 2423 2522 2478 diremus.
2558 2424 2665 2480 Sed
2695 2425 2892 2496 quibus
2921 2425 3102 2480 debita
3131 2424 3268 2481 fides
3300 2426 3509 2502 defuith
3531 2427 3716 2484 locum
3757 2428 3862 2484 be-

2261 2511 2496 2567 nedictio
2543 2513 2898 2568 sacerdotalis
2945 2529 3052 2569 non
3097 2515 3284 2569 habuit
3326 2533 3339 2570 :
3381 2517 3686 2586 praesertim
3734 2533 3864 2573 cum

2263 2599 2522 2670 scriptum
2552 2601 2621 2654 sit
2653 2618 2668 2655 :
2703 2603 2765 2656 In
2795 2619 3185 2674 quamcunque
3215 2604 3441 2660 domum
3472 2606 3855 2672 intraveritis,

2259 2691 2510 2760 primum
2541 2691 2710 2745 dicite
2743 2710 2760 2746 :
2794 2693 2918 2746 Pax
2948 2692 3078 2746 huic
3095 2692 3288 2748 domui
3303 2713 3322 2759 ;
3355 2697 3412 2748 et
3437 2694 3486 2748 si
3513 2695 3696 2765 fuerit
3715 2696 3864 2751 inea.

2261 2776 2416 2844 ﬁlius
2443 2779 2619 2850 pacis,
2652 2780 2961 2851 requiescet
2990 2797 3158 2852 super
3175 2782 3343 2836 illum
3355 2799 3475 2854 pax
3494 2786 3682 2838 vestra
3715 2803 3734 2838 :
3767 2785 3863 2840 sin

2262 2869 2473 2932 autem,
2493 2882 2612 2938 pax
2630 2870 2813 2923 vestra
2833 2868 2906 2922 ad
2922 2885 3014 2924 vos
3036 2873 3352 2926 revertetur
3371 2871 3525 2942 (Luc.
3551 2871 3632 2942 Χ).
3665 2870 3737 2926 Et
3757 2871 3864 2928 Pe-

2261 2961 2378 3008 trus
2409 2954 2640 3010 Domino
2671 2963 2724 3010 et
2744 2954 2996 3012 ﬁdelibus
3016 2957 3143 3012 dicit
3169 2974 3182 3012 :
3207 2959 3336 3014 Fide
3351 2960 3667 3032 puriﬁcans
3687 2961 3866 3018 corda

2193 3048 2241 3110 ί]
2259 3057 2453 3098 eorum
2483 3044 2626 3114 (Act.
2660 3044 2781 3116 xv).
2810 3045 2876 3100 Et
2898 3045 3024 3100 item
3047 3046 3306 3116 scriptum
3326 3055 3407 3102 est
3433 3067 3444 3100 :
3469 3049 3668 3104 Omnia
3685 3066 3866 3122 opera

2263 3133 2384 3202 ejus
2413 3148 2487 3187 ex
2519 3133 2646 3201 ﬁde,
2681 3141 2734 3188 et
2757 3133 2970 3202 iterum,
3007 3135 3158 3202 Quod
3178 3152 3291 3191 non
3309 3141 3396 3192 est
3417 3153 3491 3192 ex
3509 3137 3638 3206 ﬁde,
3653 3155 3864 3210 pecca-

2263 3223 2386 3276 tum
2435 3225 2520 3276 est
2570 3222 2748 3291 (Rom.
2798 3224 2942 3292 xw).
2970 3221 3037 3277 Et
3067 3223 3158 3278 ubi
3189 3232 3472 3296 peccatum
3499 3234 3703 3292 manet,
3730 3236 3864 3284 ante

2259 3323 2562 3380 congruam
2591 3309 3008 3366 satisfactionem
3060 3312 3364 3368 benedictio
3397 3313 3579 3368 locum
3607 3329 3720 3369 non
3752 3316 3862 3370 ha-

2259 3397 2368 3452 bet.
2400 3399 2546 3454 Nihil
2577 3399 2739 3468 enim,
2773 3408 2830 3454 ut
2856 3400 3046 3455 beatus
3078 3401 3207 3456 dicit
3253 3401 3575 3478 Gregorius,
3626 3405 3862 3476 prodest

2259 3487 2450 3553 oratio,
2482 3487 2576 3540 ubi
2605 3487 2789 3559 iniqua
2820 3497 2901 3543 est
2929 3489 3088 3546 actio.

2327 3619 2456 3676 Post
2483 3621 2599 3677 haec
2628 3623 2828 3688 omnia,
2853 3624 2900 3678 si
2925 3625 3297 3696 Regimundus
3326 3626 3493 3683 ﬁliam
3524 3643 3679 3684 suam
3707 3632 3860 3688 reei-

2253 3724 2386 3781 pere
2431 3725 2543 3765 non
2589 3711 2835 3777 voluerit,
2877 3722 2967 3769 aut
3012 3714 3102 3768 illa
3131 3715 3188 3769 in
3219 3731 3317 3772 sua
3343 3717 3594 3774 libertate
3621 3734 3860 3776 manere

2255 3797 2571 3864 decreverit,
2605 3798 2954 3856 indicandum
2985 3811 3068 3858 est
3098 3803 3198 3873 eis,
3237 3805 3488 3876 quoniam
3521 3806 3566 3860 si
3594 3805 3714 3876 ipsa
3747 3817 3862 3864 stu-

2254 3901 2412 3956 prum
2446 3887 2806 3960 quodcunque
2837 3893 3196 3962 consenserit,
3231 3893 3301 3948 ad
3329 3893 3500 3965 illum,
3545 3895 3632 3950 vel
3677 3895 3750 3951 ad
3780 3897 3858 3952 il-

2254 3974 2378 4042 lam,
2413 3991 2520 4030 non
2551 3984 2730 4032 autem
2763 3978 2832 4034 ad
2886 3979 3240 4051 Stephanum,
3287 3984 3430 4054 quod
3475 3992 3858 4056 perpetratum

2253 4061 2415 4118 fuerit
2443 4065 2752 4134 pertinebit.
2786 4067 3010 4124 Debetis
3039 4070 3202 4124 etiam
3244 4087 3361 4139 vos,
3413 4073 3584 4128 sancti
3629 4074 3853 4129 antisti-

2253 4158 2352 4218 tes,
2386 4161 2437 4207 et
2468 4154 2808 4226 Regimundo
2829 4165 2880 4211 et
2907 4157 3203 4228 Stephano,
3228 4167 3390 4232 atque
3411 4161 3624 4216 illorum
3650 4179 3854 4234 paren-

2250 4239 2396 4294 tibus
2426 4249 2478 4296 et
2506 4243 2710 4311 amicis,
2745 4260 2810 4299 ex
2841 4245 3023 4301 divino
3053 4248 3303 4303 mandato
3343 4266 3666 4322 suggerere,
3713 4251 3852 4308 inti-

2251 4345 2420 4398 mare,
2469 4338 2632 4404 atque
2660 4333 2978 4404 praecipere,
3028 4343 3086 4390 ut
3126 4353 3316 4406 pacem
3363 4337 3505 4394 inter
3551 4356 3629 4409 se,
3680 4357 3854 4412 quam

631 4403 786 4458 Unde
835 4405 1141 4476 Stephanus
1187 4424 1284 4478 pro
1327 4408 1699 4478 fornicatione,
1749 4413 1818 4468 de
1872 4430 1996 4484 qua,
2046 4416 2151 4472 nisi
2179 4407 2230 4468 D
2253 4419 2516 4474 Dominus
2546 4403 2907 4492 praecepit,iet
2937 4423 3054 4478 sine
3083 4403 3187 4495 qua
3217 4441 3342 4480 eum
3362 4427 3467 4481 nisi
3488 4428 3555 4483 ad
3579 4403 3852 4498 judicium

557 4499 778 4548 coactus
807 4495 1127 4550 necessitate
1160 4513 1280 4552 eam
1311 4499 1630 4568 publicaret,
1679 4510 1890 4556 secreta
1937 4505 2148 4560 confes-

555 4581 708 4637 sione
738 4583 1108 4652 poenitentiam
1137 4601 1303 4658 agere
1333 4596 1560 4658 poterat,
1603 4597 1657 4644 et
1697 4591 1824 4662 quia
1857 4607 2012 4648 sacro
2041 4610 2146 4648 nu-

553 4669 788 4740 ptiarum
814 4673 1092 4744 mysterio,
1115 4673 1240 4731 licet
1267 4677 1594 4734 necessitate
1613 4679 1945 4750 compulsus,
1980 4682 2146 4737 simu-

553 4755 768 4813 lationis
798 4761 1014 4832 culpam
1044 4763 1438 4834 superinduxit,
1481 4766 1616 4822 sicut
1645 4767 1735 4824 ille
1767 4771 1858 4839 qui
1889 4769 2144 4826 zizaniam

550 4845 727 4902 tritico
759 4851 1192 4918 superseminare
1235 4869 1344 4908 non
1387 4855 1574 4910 metuit
1611 4872 1624 4910 :
1654 4863 1707 4912 et
1738 4858 1992 4928 quoniam
2022 4869 2143 4930 post

550 4934 658 4990 tale
701 4937 1050 5006 connubium,
1098 4948 1392 5013 antequam
1437 4943 1689 5016 legaliter
1731 4945 2138 5016 dissolveretur,

549 5025 694 5096 quod
725 5025 881 5097 quasi
907 5025 1156 5100 legaliter
1188 5030 1358 5086 visum
1389 5031 1486 5086 fuit
1532 5033 1742 5100 initum,
1795 5033 1930 5089 alios
1977 5053 2141 5107 pravo

545 5115 796 5186 exemplo
827 5115 1138 5182 destruens,
1186 5121 1489 5175 concubina
1535 5137 1666 5175 usus
1706 5120 1874 5178 fuisse
1921 5125 2134 5194 dicitur,

534 5204 688 5274 juxta
716 5205 936 5260 modum
969 5205 1160 5277 culpae,
1187 5223 1308 5264 cum
1339 5209 1552 5280 pietatis
1582 5210 1869 5280 modestia,
1898 5214 2023 5285 quia
2053 5233 2139 5272 re-

540 5293 838 5349 verentiam
884 5295 1001 5350 Deo
1051 5295 1310 5364 exhibuit,
1363 5313 1433 5352 ne
1479 5299 1743 5354 incestum
1791 5299 2137 5360 fornicationi

541 5381 884 5456 adjungeret,
919 5400 948 5438 a
977 5384 1194 5456 proprio
1225 5384 1480 5456 episcopo
1512 5389 1808 5444 secundum
1841 5391 1957 5459 ejus
1985 5393 2134 5447 arbi-

537 5469 720 5538 trium,
743 5471 834 5544 qui
856 5487 1091 5530 canones
1121 5473 1197 5530 sic
1227 5475 1546 5546 decernunt,
1573 5477 1948 5550 paenitentiam
1979 5497 2136 5554 regu-

2248 4507 2431 4563 videre
2474 4523 2582 4562 non
2631 4516 2902 4579 poterunt,
2949 4512 3216 4581 habeant;
3263 4521 3316 4570 et
3363 4524 3526 4571 terrae
3566 4517 3850 4590 principes

2248 4611 2370 4650 cum
2401 4595 2728 4666 primoribus
2759 4599 2957 4655 debent
2987 4609 3252 4673 satagere,
3285 4619 3354 4658 ne
3384 4621 3484 4675 pro
3530 4605 3632 4662 hac
3680 4623 3850 4664 causa

2245 4683 2301 4737 in
2331 4684 2600 4753 Ecclesia,
2635 4695 2685 4742 et
2712 4687 2767 4740 in
2797 4705 2988 4760 regno,
3023 4691 3275 4746 scandala
3297 4701 3347 4748 et
3367 4693 3661 4750 seditiones
3688 4694 3843 4753 ﬁant.

2246 4771 2403 4841 Quod
2433 4774 2524 4845 qui
2555 4791 2744 4830 eorum
2775 4777 2996 4832 obedire
3025 4782 3428 4851 contempserit,
3473 4783 3622 4852 juxta
3665 4800 3843 4840 evan-

2243 4861 2480 4934 gelicum
2535 4871 2888 4934 praeceptum,
2941 4866 3078 4922 sicut
3122 4869 3368 4926 ethnicus
3417 4879 3468 4926 et
3515 4873 3844 4942 publicanus

2243 4949 2506 5006 efﬁciatur
2536 4970 2549 5006 :
2582 4961 2634 5008 et
2665 4955 2962 5009 secundum
3004 4957 3344 5029 Apostolum,
3395 4961 3486 5030 qui
3515 4977 3625 5016 non
3655 4963 3848 5020 obedit

2242 5040 2412 5095 verbo
2460 5049 2696 5107 notetur,
2751 5050 2808 5096 ut
2849 5060 3010 5100 nemo
3055 5045 3105 5100 ei
3151 5049 3601 5117 commisceatur;
3653 5059 3708 5106 et
3745 5053 3845 5124 qui

2242 5126 2381 5182 hanc
2409 5128 2564 5197 pacis
2595 5129 2893 5184 doctrinam
2925 5148 3033 5188 non
3061 5135 3350 5204 receperit,
3403 5137 3581 5192 nullus
3623 5137 3674 5194 ei
3721 5142 3841 5196 Ave

2241 5215 2403 5282 dicat,
2437 5225 2494 5270 ut
2524 5234 2633 5274 non
2663 5221 3024 5277 communicet
3049 5223 3292 5292 peccatis
3322 5225 3455 5294 ejus,
3491 5234 3542 5281 et
3571 5227 3710 5282 sicut
3739 5244 3838 5284 ca-

2238 5319 2410 5359 nones
2440 5305 2756 5374 decernunt,
2789 5309 2986 5364 oblatio
3037 5311 3152 5378 ejus
3187 5327 3288 5368 nec
3318 5313 3373 5366 in
3405 5315 3644 5371 sacrario
3683 5317 3836 5372 reci-

2238 5393 2438 5464 piatur.
2472 5395 2541 5449 Et
2571 5395 2660 5466 qui
2689 5397 2759 5451 ad
2790 5413 2977 5468 pacem
3007 5398 3188 5454 redire
3217 5400 3474 5468 noluerit,
3518 5405 3703 5459 tandiu
3735 5422 3836 5461 ex-

2237 5483 2667 5541 communicatus
2724 5494 2956 5553 maneat,
3007 5488 3246 5560 quandiu
3293 5492 3362 5546 ad
3409 5507 3600 5562 pacem
3649 5495 3834 5553 redire
