4026 6308
237 252 339 302 133
1734 237 1834 295 ΕΡ]

1939 237 2112 297 OLE.
3428 247 3531 300 154

240 370 653 442 contempserit,
686 377 739 424 et
767 368 834 423 ad
864 367 1200 434 charitatem,
1237 384 1356 438 quae
1386 367 1562 438 operit
1603 366 1836 421 multitu-
1865 366 1921 426 A
1942 366 2032 420 ubi
2060 373 2284 436 propter
2314 365 2572 421 Hilderici
2608 366 2850 437 episcopi
2887 367 3060 423 artatis
3081 367 3441 439 prolixitatem
3491 377 3544 425 et

242 462 427 517 dinem
454 467 828 530 peccatorum,
863 457 1185 528 quantocius
1213 457 1394 511 redire
1423 456 1659 512 festinet.
1941 455 2210 509 diturnam
2260 455 2666 526 aegritudinem,
2716 455 2961 527 quaedam
3028 459 3100 512 ad
3147 459 3432 514 scientiam
3491 467 3544 514 et

311 551 380 604 Et
409 549 541 602 item
569 548 625 601 in
659 547 957 602 canonibus
986 546 1249 615 scriptum
1280 555 1378 614 est,
1413 553 1469 599 ut
1491 545 1558 599 de
1609 544 1840 600 concilio

241 638 354 692 bini
391 637 481 692 vel
511 636 653 691 terni
679 635 890 704 judices
910 635 978 688 ad
1011 650 1239 705 quaeque
1260 633 1571 688 diﬁinienda
1597 633 1840 703 deligan-

243 735 333 780 tur
362 733 525 796 atque
556 725 853 788 mittantur,
887 738 1007 794 quae
1039 723 1413 778 ecclesiastico
1462 723 1661 775 debent
1713 737 1840 776 exa-

240 815 438 869 minari
469 829 534 869 ac
550 812 1004 880 diﬁiniriiudicio,
1040 820 1092 866 et
1119 811 1248 866 alibi
1278 810 1648 866 rationabilius
1679 818 1840 881 atque

241 903 656 960 convenientius
688 917 850 971 quam
881 901 935 954 in
967 901 1158 955 eodem
1190 900 1419 955 concilio
1449 907 1704 970 poterunt
1751 899 1839 953 de-

240 992 420 1057 finiri;
474 999 526 1045 et
558 990 806 1062 quisquis
845 989 1101 1059 probatus
1145 988 1306 1043 fuerit
1354 1005 1454 1059 pro
1501 989 1839 1043 contumacia

241 1081 387 1136 nolle
416 1080 797 1149 obtemperare
825 1078 1118 1147 judicibus,
1153 1094 1274 1132 cum
1304 1079 1410 1133 hoc
1457 1076 1645 1148 prima:
1693 1077 1839 1131 sedis

244 1170 504 1240 episcopo
535 1167 698 1242 fuerit
724 1167 1028 1237 probatum,
1073 1167 1163 1220 det
1209 1166 1412 1220 litteras
1459 1174 1513 1219 ut
1557 1165 1738 1219 nullus
1789 1165 1837 1220 ei

243 1256 609 1314 communicet
638 1257 813 1311 donec
859 1255 1218 1325 obtemperet.
1272 1253 1391 1321 Qua
1438 1255 1506 1308 de
1540 1270 1600 1307 re
1649 1262 1839 1309 sancta

243 1346 486 1417 synodus
517 1360 635 1411 vos,
672 1345 760 1416 qui
791 1344 1083 1414 primarum
1115 1342 1326 1396 sedium
1364 1342 1520 1412 regni
1540 1341 1840 1413 Aquitanici

244 1435 396 1499 estis,
428 1435 499 1488 ad
529 1434 672 1487 hanc
715 1449 932 1487 causam
978 1431 1368 1497 diﬂiniendam,
1405 1447 1525 1486 cum
1559 1431 1839 1501 coepisco-

243 1525 326 1594 pis
358 1522 580 1583 vestris,
615 1529 667 1576 et
693 1521 1048 1592 principibus,
1091 1535 1156 1575 ac
1203 1529 1360 1574 terrae
1403 1520 1547 1573 illius
1595 1519 1840 1589 primori-

243 1614 364 1677 bus,
399 1612 608 1683 eligere
641 1610 844 1664 studuit
873 1625 1103 1680 quorum
1137 1607 1445 1664 diffinitioni
1475 1609 1592 1662 sine
1624 1624 1723 1662 suo
1750 1624 1840 1679 pe-

1939 543 2262 615 religionem
2291 544 2636 614 pertinentia,
2671 560 2884 599 necnon
2915 553 2969 600 et
2997 546 3224 600 aediﬁcia
3257 556 3308 601 et
3341 555 3539 603 caetera

1940 649 2166 702 quaeque
2199 633 2509 688 necessaria
2541 633 2792 703 neglecta
2821 633 3044 688 invenit.
3098 634 3444 706 Quapropter
3502 653 3532 689 a

1939 718 2190 773 familiari
2236 736 2333 774 suo
2402 721 2620 775 Bodone
2683 721 2882 776 clerico
2929 722 3113 775 domni
3157 731 3209 777 et
3259 724 3537 780 nutritoris

1936 809 2043 862 mei
2066 809 2304 864 Hilduini
2333 809 2543 862 abbatis
2576 810 2716 864 sacri
2745 811 2927 880 palatii
2977 811 3299 866 clericorum
3321 813 3517 867 summi

1937 899 2223 968 quemdam
2246 897 2500 953 clericum
2532 899 2701 968 ipsius
2723 899 2958 953 Bodonis
3002 901 3384 971 propinquum,
3418 917 3522 956 no-

1938 986 2084 1039 mine
2113 986 2591 1052 Wandelmarum,
2629 987 2719 1058 qui
2751 988 3080 1042 cantilenam
3110 990 3314 1058 optime
3341 1005 3371 1042 a
3403 990 3537 1044 Teu-

1939 1075 2098 1146 gario
2129 1075 2388 1146 magistro
2417 1075 2470 1128 in
2502 1076 2675 1130 sancti
2704 1077 2949 1147 Dionysii
2980 1078 3314 1132 monasterio
3329 1078 3535 1145 didicit,

1939 1163 2008 1216 ad
2038 1163 2364 1218 erudiendos
2396 1164 2622 1219 clericos
2667 1181 2794 1218 suos
2839 1166 3111 1231 obtinuit;
3165 1166 3252 1222 cui
3299 1166 3541 1222 abbatio-

1937 1252 2046 1306 lam
2077 1253 2248 1306 sancti
2281 1253 2520 1308 Sanctini
2551 1253 2606 1305 in
2650 1253 2970 1310 beneficium
3023 1255 3192 1309 dedit.
3246 1256 3397 1310 Idem
3446 1271 3537 1310 au-

1940 1349 2046 1394 tem
2088 1341 2511 1396 Wandelmarus
2557 1342 2611 1395 in
2654 1343 2773 1397 loco
2823 1343 2926 1396 sibi
2970 1344 3266 1398 commisso
3313 1352 3536 1415 quater-

1938 1429 2224 1483 niunculos
2252 1430 2405 1484 valde
2437 1431 2714 1498 contritos,
2749 1439 2800 1484 et
2830 1448 2952 1502 quae
2984 1432 3038 1484 in
3070 1431 3149 1485 eis
3175 1433 3372 1502 scripta
3411 1432 3536 1487 fue-

1938 1527 2057 1571 rant
2086 1534 2226 1587 pene
2257 1519 2485 1587 delecta,
2521 1520 2587 1573 de
2619 1520 2739 1572 Vita
2771 1527 2823 1573 et
2851 1520 3062 1574 actibus
3101 1520 3245 1574 beati
3293 1521 3533 1576 Sanctini

1938 1602 2160 1671 reperit,
2197 1617 2333 1672 quos
2364 1603 2434 1656 ob
2482 1602 2851 1656 familiaritatis
2897 1603 3158 1669 notitiam,
3209 1611 3260 1658 et
3303 1605 3429 1675 quia
3449 1620 3536 1659 me

239 1700 414 1756 riculo
465 1709 519 1754 et
570 1697 1141 1755 excommunicationis
1203 1697 1545 1766 invectione,
1594 1696 1910 1785 quisquisB
1943 1690 2169 1744 sciolum
2196 1691 2434 1760 putabat,
2469 1693 2535 1745 ad
2568 1693 2931 1746 exhaurienda
2962 1709 3024 1746 ea
3065 1709 3184 1764 qua:
3228 1693 3283 1746 in
3327 1693 3534 1748 eisdem

241 1789 396 1845 vobis
429 1788 815 1858 obtemperare
845 1786 1134 1851 distulerit,
1181 1786 1416 1840 evadere
1460 1801 1568 1839 non
1616 1783 1833 1839 valebit.

310 1878 443 1932 H336
475 1877 544 1932 de
577 1874 896 1945 evangelica
939 1875 1188 1938 veritate,
1236 1881 1288 1927 et
1333 1872 1632 1943 apostolica
1678 1881 1840 1943 atque

243 1965 506 2022 canonica
537 1965 869 2028 auctoritate,
921 1979 1018 2017 seu
1061 1962 1450 2018 catholicorum
1491 1963 1740 2016 doctrina
1789 1970 1840 2016 et

243 2055 553 2119 traditione,
588 2053 728 2108 sicut
758 2053 999 2124 synodus
1038 2059 1225 2107 sancta
1261 2052 1441 2121 jussit,
1493 2066 1594 2121 pro
1635 2051 1838 2105 medio-

242 2144 431 2198 critate
481 2141 745 2212 ingenioli
789 2140 899 2196 mei
941 2141 1202 2212 colligere
1247 2140 1446 2194 studui.
1498 2141 1577 2194 De
1621 2139 1834 2210 quibus,

243 2232 380 2287 sicut
407 2230 593 2285 audivi
622 2229 877 2301 quoniam
908 2228 1129 2300 quidam
1174 2228 1392 2296 faciunt,
1443 2243 1604 2282 nemo
1651 2236 1840 2282 contra

244 2337 329 2375 me
359 2320 525 2374 debet
555 2317 720 2373 irasci
753 2335 766 2371 :
801 2318 924 2388 quia
969 2333 1078 2372 non
1125 2333 1248 2372 meo
1297 2333 1462 2371 sensu
1506 2333 1631 2372 mea
1673 2317 1839 2376 verba

244 2408 547 2478 composui,
579 2422 757 2478 neque
786 2406 931 2478 quod
962 2422 1144 2460 meum
1174 2421 1282 2460 non
1314 2414 1396 2459 est
1427 2404 1557 2458 mihi
1584 2422 1838 2476 arrogare

244 2496 592 2568 praesumpsi,
626 2512 804 2566 neque
845 2495 1132 2549 statuendo
1160 2495 1247 2548 vel
1304 2494 1626 2564 imperando
1654 2494 1709 2547 in
1739 2495 1838 2548 hac

242 2601 424 2650 causa,
461 2585 609 2656 quod
640 2599 751 2640 non
780 2591 863 2638 est
899 2600 1102 2652 meum,
1144 2583 1399 2654 quiddam
1438 2583 1678 2638 scribere
1720 2599 1839 2653 pro-

243 2675 442 2740 curavi,
515 2673 717 2728 nullius
767 2672 1126 2744 praejudicans
1193 2689 1338 2727 sana:
1387 2672 1686 2742 sententiae,
1736 2688 1838 2727 nec

241 2764 621 2818 deshonorans
643 2761 1036 2826 auctoritatem,
1071 2770 1164 2816 aut
1195 2761 1263 2814 ad
1280 2761 1617 2832 obsequendi
1648 2777 1836 2832 quem-

245 2867 404 2923 quam
420 2867 621 2924 cogere
638 2851 829 2906 volens
845 2849 1250 2906 necessitatem.
1271 2849 1378 2904 Sed
1401 2865 1523 2904 cum
1537 2850 1696 2904 beato
1709 2851 1837 2905 Leo-

243 2957 309 2995 ne
340 2940 614 2995 scribente
645 2940 715 2994 ad
748 2939 1025 2994 Rusticum
1055 2939 1464 2994 Narbonensem
1496 2938 1833 3009 episcopum.

241 3029 654 3084 dilectissimam
701 3036 864 3098 atque
912 3027 1403 3082 reverentissimam
1447 3026 1832 3082 fraternitatem

241 3127 476 3173 vestram
508 3132 851 3181 commoneo,
887 3116 1014 3188 quia
1043 3116 1182 3171 sicut
1226 3117 1476 3187 quaedam
1524 3124 1666 3182 sunt,
1716 3133 1837 3188 qua

243 3207 390 3261 nulla
425 3215 656 3279 possunt
685 3207 892 3260 ratione
924 3205 1156 3261 convelli
1201 3205 1276 3260 ita
1323 3206 1493 3260 multa
1541 3214 1666 3259 sunt
1714 3222 1833 3276 quae

244 3304 328 3350 aut
356 3312 456 3366 pro
485 3295 925 3351 consideratione
959 3303 1195 3361 aetatum,
1228 3303 1320 3349 aut
1364 3310 1466 3364 pro
1512 3294 1834 3349 necessitate

241 3400 423 3439 rerum
454 3391 699 3455 oporteat
734 3384 1028 3454 temperari
1060 3401 1072 3437 :
1107 3384 1202 3438 illa
1251 3399 1468 3453 semper
1525 3383 1834 3438 conditione

241 3483 472 3539 servata,
504 3481 562 3527 ut
591 3474 647 3526 in
677 3473 762 3527 his
787 3488 908 3543 quae
936 3472 1023 3527 vel
1052 3472 1214 3527 dubia
1244 3472 1463 3538 fuerint,
1498 3479 1589 3526 aut
1606 3472 1836 3527 obscura

239 3562 292 3617 id
322 3563 648 3618 noverimus
673 3561 1032 3632 sequendum,
1066 3563 1212 3632 quod
1241 3576 1342 3616 nec
1371 3561 1662 3631 praeceptis
1680 3577 1836 3616 evan-

238 3653 427 3724 gelicis
457 3651 818 3717 contrarium,
853 3665 956 3706 nec
987 3650 1220 3706 decretis
1241 3658 1551 3705 sanctorum
1600 3650 1838 3705 invenia-

239 3748 323 3795 tur
351 3740 670 3796 adversum.

749 3854 1085 3911 EPISTOLA
1117 3853 1322 3909 XXIII.

631 3969 706 4010 AD
735 3967 993 4009 CAROLUM
1023 3968 1440 4010 IMPERATOREH.

238 4071 309 4127 De
325 4073 610 4128 auctorite
637 4071 768 4126 Vitae
793 4071 1185 4142 S.Diony:iiab
1197 4070 1495 4127 Anastasio
1510 4072 1834 4126 translatae.

544 4176 705 4233 (Apud
733 4175 942 4224 Mabill..
965 4176 1202 4230 Analect.,
1231 4185 1358 4231 page
1378 4176 1493 4231 919.)

301 4278 514 4332 Domno
588 4275 834 4346 glorioso
896 4275 1122 4330 Canono
1187 4274 1501 4343 imperatori
1564 4277 1828 4346 Augusto,

234 4366 581 4433 Hmcnuuius,
616 4365 860 4430 nomine,
894 4379 1005 4418 non
1027 4363 1589 4430 merito,Rhemorum
1621 4364 1807 4434 episco
1827 4392 1848 4404 -

231 4469 347 4524 pus,
379 4469 447 4510 ac
476 4453 658 4524 plebis
689 4451 787 4506 Dei
817 4451 1073 4507 famulus.

297 4544 461 4598 Lecta
492 4542 640 4596 beati
685 4542 930 4612 Dionysii
969 4542 1226 4597 Passione
1273 4558 1306 4596 a
1356 4542 1629 4597 Methodio
1678 4543 1824 4596 Con-

232 4631 636 4701 stantinopolim
680 4631 854 4685 Roma
901 4631 1112 4686 directo
1161 4631 1350 4686 Graece
1396 4631 1613 4694 dictata,
1664 4639 1716 4686 et
1758 4631 1825 4684 ab

230 4721 515 4775 Anastasio
563 4719 847 4790 utriusque
896 4719 1098 4792 linguae
1145 4721 1320 4791 perito
1369 4727 1421 4774 et
1464 4721 1825 4790 undecunque

229 4809 564 4877 doctissimo,
621 4807 935 4877 apostolicae
981 4809 1127 4862 sedis
1170 4809 1595 4864 bibliothecario.
1644 4809 1826 4863 Latine

227 4898 558 4968 conscripta,
611 4897 749 4950 sicut
796 4897 850 4950 in
910 4897 1222 4967 praefatione
1269 4913 1364 4952 sua
1410 4906 1611 4963 narrat,
1662 4913 1824 4952 reco-

227 4988 384 5058 gnovi
416 4987 504 5040 bis
535 5001 660 5057 quae
687 4985 762 5039 ibi
793 4985 992 5056 scripta
1022 4993 1146 5040 sunt
1177 5001 1242 5040 ea
1273 5003 1394 5058 quae
1424 4987 1479 5040 in
1509 4986 1826 5041 adolescen-

226 5075 290 5129 tia
315 5077 560 5147 legeram
591 5089 920 5141 consonare,
953 5075 1206 5130 videlicet
1234 5092 1331 5146 per
1376 5091 1514 5148 quos
1565 5083 1615 5130 et
1655 5075 1827 5146 quali-

227 5171 306 5219 ter
328 5174 488 5238 gesta
517 5163 769 5234 martyrii
798 5164 941 5219 beati
991 5165 1235 5236 Dionysii
1283 5165 1663 5237 sociorumque
1709 5165 1826 5233 ejus

226 5253 288 5307 ad
359 5255 738 5310 Romanorum
794 5253 1036 5308 notitiam
1094 5253 1327 5323 indeque
1380 5255 1446 5308 ad
1511 5253 1826 5309 Graecorum

222 5342 586 5410 pervenerint.
621 5342 763 5395 Nam
795 5341 1013 5414 quando
1045 5343 1160 5397 Deo
1189 5343 1512 5412 disponente
1558 5343 1612 5396 in
1663 5343 1828 5396 Fran-

224 5430 509 5486 conofurth
551 5431 754 5501 palatio
801 5431 911 5486 nati
958 5432 1107 5496 estis,
1180 5431 1456 5485 Hucberto
1503 5431 1824 5501 praecentori

222 5519 397 5587 palatii
442 5519 787 5591 episcopium
819 5520 1110 5577 Meldensis
1142 5519 1294 5575 urbis
1336 5521 1687 5576 commissum
1719 5528 1820 5586 est,

1942 1779 2404 1849 quaterniunculis
2448 1780 2713 1834 contineri
2770 1780 3126 1846 videbantur,
3170 1788 3221 1835 et
3268 1780 3335 1835 ad
3383 1789 3534 1836 tran-

1941 1867 2288 1922 scribendum
2319 1877 2503 1938 aperte
2543 1869 2597 1921 in
2640 1884 2782 1923 nova
2829 1885 3156 1940 pergamena
3202 1869 3334 1923 mihi
3379 1885 3535 1924 com-

1939 1955 2104 2010 misit.
2140 1955 2298 2022 Quod
2321 1965 2402 2010 est
2441 1957 2681 2012 studiose
2723 1957 2932 2028 peregi,
2983 1966 3037 2012 et
3081 1958 3212 2012 mihi
3253 1958 3537 2013 emendata

1940 2044 2252 2099 emendanti
2295 2045 2520 2099 restitui.
2575 2046 2684 2099 Sed
2746 2046 2870 2116 quia
2939 2046 3027 2100 diu
3069 2055 3151 2101 est
3199 2048 3346 2118 quod
3391 2047 3534 2101 idem

1939 2133 2364 2187 Wandelmarus
2395 2134 2555 2187 etiam
2585 2143 2708 2188 ante
2737 2134 2945 2188 obitum
2966 2135 3225 2190 Hucberti
3247 2134 3535 2190 defunctus

1939 2220 2055 2288 fuit,
2089 2230 2141 2274 et
2171 2221 2310 2276 sicut
2340 2222 2543 2286 audivi,
2585 2223 2731 2277 idem
2773 2223 2924 2278 locus
2973 2224 3256 2292 neglectus
3306 2224 3528 2294 exstitit,

1941 2324 2005 2364 ac
2035 2310 2257 2363 demum
2285 2309 2340 2363 in
2369 2311 2561 2364 eadem
2625 2311 2756 2365 urbe
2814 2311 3139 2366 Nortmanni
3196 2311 3428 2379 fuerant,
3483 2321 3537 2367 et

1941 2399 2189 2469 quaedam
2258 2398 2509 2453 incendio
2558 2409 3061 2464 concremaverant,
3113 2399 3359 2471 quaedam
3403 2416 3535 2456 vero

1937 2487 2249 2556 praedantes
2279 2487 2636 2556 diripuerant,
2671 2488 2856 2543 nescio
2888 2489 2933 2542 si
2972 2488 3076 2558 ipsi
3105 2489 3537 2560 quaterniunculi

1939 2575 2024 2629 vel
2064 2591 2253 2630 eorum
2284 2575 2616 2645 exemplaria
2646 2576 2699 2630 in
2729 2576 2922 2630 eadem
2970 2576 3324 2632 urbevaleant
3371 2593 3533 2647 repe-

1938 2663 2052 2717 riri.
2086 2664 2379 2734 Propterea
2409 2679 2596 2718 eorum
2637 2666 3026 2735 exemplarium
3075 2666 3219 2736 quod
3260 2666 3392 2720 mihi
3437 2681 3532 2721 re-

1937 2752 2091 2818 tinui,
2125 2759 2304 2807 vestro
2325 2752 2520 2807 devoto
2551 2761 2603 2808 et
2635 2754 2778 2808 bono
2817 2753 2993 2808 studio
3041 2753 3376 2809 offerendum
3427 2771 3534 2825 pu-

1939 2841 2046 2896 tavi
2081 2857 2093 2893 :
2126 2849 2181 2894 ut
2214 2841 2260 2895 si
2289 2858 2411 2912 qua:
2440 2849 2562 2896 sunt
2593 2841 2810 2897 illorum
2843 2842 3106 2914 reliquie,
3139 2843 3230 2914 qui
3261 2842 3534 2914 negabant

1939 2929 2228 2983 Dominum
2277 2938 2330 2984 et
2369 2931 2582 2984 Patrem
2640 2937 2902 2998 nostrum,
2956 2939 3242 3001 patronum
3289 2939 3533 2986 nostrum

1938 3017 2256 3088 Dionysium
2286 3034 2416 3073 esse
2445 3019 2834 3089 Areopagiten,
2869 3027 2920 3074 et
2943 3035 2976 3074 a
3005 3020 3163 3074 beato
3196 3019 3361 3073 Paulo
3410 3035 3535 3089 apo-

1938 3107 2075 3160 stolo
2109 3107 2453 3176 baptizatum,
2487 3122 2551 3161 ac
2602 3108 3014 3161 Atheniensium
3061 3108 3362 3162 ordinatum
3408 3107 3530 3177 epi-

1937 3211 2180 3265 scopum,
2217 3204 2268 3249 et
2299 3195 2351 3249 in
2385 3195 2588 3250 Gallias
2618 3210 2650 3250 a
2681 3205 2871 3250 sancto
2916 3195 3196 3251 Clemente
3234 3196 3523 3261 directum,

1943 3299 2008 3345 ex
2054 3283 2138 3336 his
2186 3299 2305 3355 qua:
2361 3283 2553 3339 Graeca
2613 3283 2918 3339 testificatio
2977 3293 3029 3339 et
3085 3286 3343 3340 Romanae
3387 3284 3534 3338 sedis

1937 3373 2169 3427 assertio
2198 3381 2249 3426 et
2278 3372 2556 3428 Gallicana
2613 3373 2821 3427 intimat
2853 3373 3192 3440 contestatio,
3242 3381 3423 3428 ratum
3479 3381 3531 3427 et

1935 3461 1992 3516 in
2022 3461 2128 3516 hac
2169 3469 2590 3533 recognoscant,
2643 3463 2789 3533 quod
2832 3461 2959 3517 inde
3007 3470 3132 3518 ante
3172 3477 3273 3516 nos
3329 3460 3535 3516 dictum

1939 3558 2038 3605 est.
2071 3551 2211 3605 Nam
2251 3550 2448 3604 veritas
2497 3550 2695 3620 saepius
2738 3551 2938 3622 agitata
2978 3550 3156 3623 magis
3204 3549 3537 3621 splendescit

1936 3638 1992 3693 in
2018 3639 2214 3694 lucem.

2450 3734 2790 3793 EPISTOLA
2818 3735 3021 3791 XXIV.

2291 3848 2365 3889 AD
2402 3848 2745 3889 CONVENTUM
2774 3847 3175 3889 EPISCOPOBUM.

1939 3943 2239 4012 Responsio
2284 3942 2357 3996 ad
2404 3942 2911 4013 interrogationem
2963 3941 3264 3996 Guntharii
3311 3941 3536 3997 archie-

2006 4014 2222 4084 piscoln'
2258 4013 2625 4078 Coloniensis,
2660 4013 2726 4067 de
2756 4029 2934 4068 uxore
2951 4013 3178 4067 Bosom's
3208 4028 3330 4083 quae
3350 4014 3535 4068 virum

2009 4100 2176 4138 suum
2209 4085 2578 4156 relinquerat.

2017 4187 2172 4243 (Apud
2199 4186 2475 4236 Sirmond..
2503 4197 2563 4233 ex
2598 4187 2758 4232 veteri
2780 4187 2950 4232 codice
2971 4187 3208 4232 Biblioth.
3232 4188 3453 4239 Thunas.)

2007 4279 2334 4332 Hmcmnus
2353 4276 2591 4346 nomine,
2625 4292 2734 4332 non
2765 4275 2980 4342 merito,
3031 4277 3363 4332 Rhemorum
3411 4277 3532 4350 epi-

1940 4382 2157 4437 scopus,
2201 4381 2265 4421 ac
2325 4365 2500 4437 plebis
2565 4365 2664 4421 Dei
2715 4365 2968 4432 famulus,
3041 4380 3200 4420 sacro
3263 4379 3525 4422 commv-

1847 4443 1900 4501 D
1931 4471 2047 4512 τυι.

1995 4544 2264 4613 Quiddam
2296 4544 2458 4600 beato
2499 4545 2784 4601 Ambrosio
2829 4546 3077 4617 quaedam
3120 4542 3425 4616 proposuit,
3458 4543 3529 4598 ad

1928 4649 2160 4705 quorum
2191 4633 2517 4689 solutionem
2548 4634 2602 4689 in
2652 4634 2886 4690 crastina
2928 4635 3077 4688 illum
3122 4633 3192 4687 ad
3241 4630 3530 4687 ecclesiam

1927 4722 2187 4790 invitavit,
2222 4724 2366 4778 unde
2398 4713 2709 4778 sermonem
2740 4723 3003 4777 adoriens
3035 4723 3134 4790 (De
3166 4721 3400 4776 Inearn.
3427 4723 3530 4776 Do-

1927 4813 2136 4879 mini):
2187 4812 2268 4864 Ad
2316 4813 2654 4876 solvendum,
2725 4811 2916 4881 inquit,
2979 4809 3223 4864 debitum
3271 4809 3524 4866 creditori

1926 4915 2050 4954 meo
2097 4899 2309 4954 adveni.
2363 4901 2469 4956 Sed
2514 4909 2566 4954 et
2613 4915 2718 4972 ego
2758 4900 2826 4952 de
2885 4897 3016 4952 mihi
3064 4897 3351 4971 proposita
3402 4900 3522 4955 heri

1927 4989 2250 5060 quaestione,
2298 4989 2451 5058 cujus
2521 4987 2844 5043 solutionem
2911 5003 3055 5044 nunc
3114 5004 3324 5058 assero,
3398 4997 3528 5044 tunc

1927 5078 2128 5132 domno
2160 5079 2425 5133 Guntario
2454 5093 2552 5148 pro
2600 5076 2768 5130 tribus
2812 5077 2990 5132 causis
3035 5078 3370 5149 respondere
3417 5094 3526 5134 non

1926 5167 2075 5238 potui
2111 5185 2122 5221 :
2165 5168 2435 5235 videlicet,
2468 5165 2595 5237 quia
2621 5165 2688 5219 ad
2729 5167 3113 5222 revertendum
3155 5168 3264 5236 jam
3308 5167 3527 5238 jamque

1926 5257 2425 5319 commovebamur,
2461 5262 2513 5308 et
2546 5254 2802 5326 quoniam
2828 5255 3010 5327 plures
3042 5255 3146 5310 viri
3175 5255 3450 5326 sapientes
3472 5255 3526 5308 in

1927 5353 2194 5400 conventu
2223 5343 2544 5410 consistunt,
2591 5361 2822 5416 quorum
2868 5345 3088 5417 quidam
3137 5351 3347 5400 certant
3388 5359 3524 5416 pro-

1923 5449 2149 5503 ponere,
2182 5431 2404 5502 quidam
2433 5440 2612 5489 autem
2641 5435 2950 5501 absolvere,
3003 5434 3274 5489 interdum
3324 5448 3518 5487 neces-

1925 5521 2084 5576 sitate
2115 5521 2427 5591 compulsus
2458 5531 2602 5578 tanta
2633 5524 2920 5581 velocitate
2952 5539 3123 5595 cogor
3169 5522 3335 5578 verba
3386 5537 3520 5576 con-
