4026 6320
485 256 591 312 155

1454 248 1476 263 ⁸
1509 251 1850 310 HINCMARI
1904 245 2308 306 RHEMENSIS
2363 247 2911 307 ARCHIEPISCOPI.

3682 257 3793 310 156

491 379 721 437 fundere
746 379 927 452 potius
957 393 1121 452 quam
1149 377 1422 452 proferre,
1452 385 1750 450 antequam
1777 375 1916 432 alius
1943 373 2078 430 mihi
2097 371 2156 434 A
2182 374 2432 446 corporis
2460 376 2570 444 sui,
2604 377 2702 432 sed
2728 377 2812 434 vir
2845 395 2859 442 ;
2891 383 2946 433 et
2973 375 3060 434 vir
3106 392 3217 434 non
3256 377 3419 436 habet
3447 384 3782 450 potestatem

490 469 810 526 sententiam
863 469 935 524 ab
999 468 1132 540 ipsis
1183 468 1342 524 labiis
1403 467 1598 538 rapiat,
1644 475 1704 522 ut
1753 482 1856 522 nec
1906 465 2081 521 bucca

471 557 683 614 'eﬂ'erre
732 556 964 614 sufﬁciat
989 557 1136 630 quod
1179 557 1265 613 vel
1325 557 1586 612 convulsa
1635 555 1900 612 memoria
1946 553 2080 608 sub-

487 647 776 704 ministrat.
811 647 920 702 Sed
949 655 1002 703 et
1044 647 1182 703 sicut
1221 645 1480 717 scriptum
1527 653 1610 702 est
1644 661 1658 700 :
1709 645 1816 712 Qui
1849 645 2082 715 fortiter

484 739 702 810 premit
725 737 912 802 ubera,
930 737 1204 809 exprimit
1223 737 1488 807 butyrum
1508 755 1526 802 ;
1545 736 1709 807 etqui
1724 735 2082 790 vehementer

489 826 754 898 emulget,
788 825 945 882 elicit
974 827 1308 896 sanguinem
1337 823 1519 896 (Prov.
1541 821 1708 893 xxx),
1742 821 1898 876 timui
1925 836 1994 876 ne
2033 819 2080 875 si

488 913 794 970 inconsulte
816 928 882 970 ac
918 929 1268 985 praepropere
1319 911 1735 984 responderem,
1784 910 1840 966 in
1888 925 2078 966 carna-

487 1003 598 1058 lem
628 1001 960 1058 intellectum
990 1001 1322 1072 deciderem,
1357 1001 1485 1073 quia
1512 1007 1837 1071 occupatum
1865 998 1936 1054 ad
1970 997 2079 1054 alia

487 1107 583 1148 cor
628 1107 808 1147 meum
853 1107 941 1146 me
988 1090 1366 1162 dereliquerat,
1430 1097 1483 1144 et
1529 1089 1714 1144 lumen
1776 1087 2079 1158 intelligen-

485 1181 740 1237 tiunculm
768 1196 1020 1236 serenum
1044 1179 1176 1235 mihi
1219 1180 1305 1234 vel
1353 1195 1566 1234 mecum
1614 1194 1724 1234 non
1769 1185 1900 1232 erat.
1937 1175 2078 1244 Qua-

485 1278 710 1341 pr0pter
756 1269 955 1338 distuli,
987 1268 1165 1324 donec
1210 1268 1256 1322 si
1302 1267 1436 1325 forte
1484 1267 1786 1323 secundum
1833 1265 2076 1337 prophe-

485 1365 598 1414 tam
629 1358 848 1430 (Ezeeh.
882 1357 966 1428 ιιι)
992 1357 1296 1412 mitteretur
1341 1371 1558 1422 manus,
1600 1371 1722 1428 quae
1750 1371 1839 1411 me
1867 1355 2076 1410 cibaret

485 1446 786 1502 intellectus
815 1445 1090 1502 volumine
1122 1463 1133 1498 :
1169 1461 1290 1516 quae
1331 1445 1586 1501 videlicet
1637 1443 1798 1500 toties
1850 1442 2076 1498 mittitur

485 1534 696 1607 quoties
726 1551 846 1606 quas
875 1542 998 1590 ante
1027 1533 1408 1591 nesciebamus
1465 1533 1647 1588 divina
1689 1532 1847 1588 nobis
1897 1531 2076 1603 gratia

482 1623 808 1680 revelantur.
849 1622 972 1691 Qua
1016 1623 1085 1678 de
1123 1639 1181 1678 re
1225 1622 1649 1694 prepositionem
1696 1621 1882 1676 domni
1924 1619 2074 1676 Gun-

2181 465 2430 536 corporis
2459 465 2562 534 sui,
2595 466 2693 522 sed
2747 465 2952 522 mulier
2982 465 3120 537 (Ibid
3131 467 3198 538 .).
3225 467 3392 524 Uxori
3420 467 3506 523 vir
3531 466 3784 526 debitum

2180 553 2413 610 reddere
2442 555 2625 622 debet,
2659 563 2712 610 et
2741 571 2880 611 uxor
2907 555 3042 626 viro,
3066 563 3125 611 ut
3153 571 3264 612 non
3293 563 3566 613 tententur
3592 572 3626 613 a
3667 559 3780 612 Sa-

2180 650 2303 697 tana
2329 651 2555 714 propter
2574 644 3036 700 incontinentiam.
3067 643 3226 714 Quod
3277 645 3370 716 qui
3427 661 3618 702 eorum
3665 662 3783 702 non

2181 729 2387 802 fecerit,
2419 731 2524 786 nisi
2579 747 2646 788 ex
2699 748 2973 789 consensu
3026 741 3250 806 propter
3275 735 3454 790 Deum
3485 733 3780 802 dimiserit,

2178 835 2364 890 parem
2392 837 2568 887 suum,
2627 821 2736 878 imo
2794 830 3004 892 partem
3058 822 3306 894 corporis
3332 821 3418 878 sui
3461 823 3728 880 mcecbari
3763 841 3781 889 ;

2179 907 2326 964 facit.
2362 909 2419 964 Si
2447 917 2505 964 tu
2523 909 2649 967 huic
2678 909 2895 966 femina:
2935 911 3309 982 paenitentiam
3353 911 3625 982 posueris,
3655 927 3785 984 quae

2177 1013 2309 1069 pars
2339 1007 2424 1053 est
2454 999 2700 1070 corporis
2757 999 2861 1055 viri
2891 999 3145 1056 dioecesis
3175 999 3432 1070 alterius,
3473 999 3590 1056 sine
3636 1015 3784 1057 con-

2179 1103 2344 1142 sensu
2373 1088 2600 1144 rectoris
2629 1097 2682 1144 et
2711 1088 2834 1155 viri,
2865 1096 3054 1145 contra
3110 1088 3332 1162 regulas
3379 1089 3785 1146 ecclesiasticas

2177 1175 2334 1244 facis,
2369 1184 2442 1244 et,
2475 1176 2702 1234 docente
2729 1177 2911 1234 Leone
2937 1194 3098 1250 papa,
3127 1177 3349 1234 honoris
3393 1179 3782 1235 communione

2174 1265 2433 1336 priveris.
2471 1267 2538 1321 Et
2566 1266 2696 1322 item
2728 1284 2741 1320 :
2791 1266 2847 1323 Si
2873 1267 2999 1323 huic
3027 1266 3243 1324 feminas
3269 1269 3396 1340 lege
3441 1267 3780 1338 paenitentiae

2175 1370 2392 1408 manum
2423 1354 2678 1425 imponis,
2710 1363 2763 1410 et
2794 1355 2890 1412 illa
2935 1357 3242 1412 membrum
3273 1364 3436 1428 caput
3465 1373 3625 1412 suum
3653 1357 3780 1428 (ca-

2176 1450 2271 1514 put
2300 1443 2446 1497 enim
2497 1443 2742 1500 mulieris
2762 1443 2892 1515 vir),
2951 1444 3006 1499 in
3036 1445 3264 1500 alteram
3318 1445 3654 1516 provinciam
3683 1461 3783 1502 se-

2177 1539 2300 1588 cuta
2321 1530 2500 1602 fuerit,
2535 1532 2636 1587 sub
2685 1533 3024 1603 providentia
3052 1533 3276 1590 alterius
3325 1534 3580 1606 praesulis
3654 1533 3782 1605 quis

2177 1635 2365 1675 curam
2397 1620 2464 1674 de
2521 1621 2638 1690 ejus
2665 1620 2897 1693 accipiet
2923 1621 3284 1692 poenitentia?
3311 1621 3445 1691 Quis
3471 1629 3528 1678 ut
3571 1638 3780 1679 recon-

487 1712 649 1768 tharii
675 1710 1046 1783 praeferamus,
1081 1718 1133 1766 et
1175 1711 1501 1767 solutionem
1549 1727 1615 1766 ex
1652 1709 1941 1782 largitione
1986 1709 2074 1764 di-
2107 1708 2393 1792 Bcilietur
2414 1710 2716 1764 secundum
2747 1725 3003 1780 canones,
3029 1711 3098 1765 ad
3137 1710 3254 1780 ejus
3301 1711 3540 1767 attendet
3591 1711 3782 1783 lacry-

479 1799 620 1856 vinae
645 1799 833 1873 gratiae
861 1815 960 1872 pro
990 1807 1154 1871 captu
1196 1808 1399 1856 nostra:
1445 1799 1821 1870 intelligentiae
1871 1796 2076 1855 refera-

479 1905 620 1944 mus.

557 2001 580 2026 «
615 1976 692 2044 Si,
725 1976 920 2049 inquit,
965 1975 1166 2032 femina
1205 1975 1434 2032 Bosonis
1481 1976 1552 2032 ad
1600 1991 1702 2032 nos
1750 1975 1977 2044 venerit,
2027 1983 2080 2032 et

485 2087 510 2118 α
552 2065 771 2138 publice
800 2063 1054 2122 confessa
1071 2065 1248 2133 fuerit,
1281 2065 1470 2121 dicens
1505 2083 1518 2120 :
1545 2065 1664 2120 Mea
1692 2063 1870 2135 culpa,
1903 2065 2079 2120 virum

487 2175 510 2206 ι
551 2170 737 2210 meum
766 2154 1060 2210 adulteravi
1099 2173 1110 2208 :
1148 2161 1475 2226 quapropter
1505 2153 1696 2209 timore
1723 2153 1916 2210 mortis
1944 2169 2078 2224 per-

487 2264 510 2295 ¢
553 2242 736 2298 territa
779 2243 849 2298 ad
894 2259 994 2299 vos
1043 2242 1282 2316 confugi,
1331 2243 1423 2315 qui
1481 2242 1580 2298 Dei
1638 2243 1768 2297 estis
1820 2241 2073 2308 vicarius,

486 2352 510 2382 α
551 2337 608 2387 ut
652 2347 741 2388 me
785 2339 838 2387 et
884 2333 1000 2386 Deo
1063 2331 1304 2398 salvetis,
1357 2339 1409 2388 et
1470 2347 1500 2385 a
1545 2339 1722 2387 morte
1783 2329 2072 2401 corporali,

485 2442 508 2470 ιι
551 2437 673 2493 quae
701 2420 834 2476 mihi
863 2421 1110 2476 imminet
1155 2435 1222 2476 ex
1266 2427 1424 2492 parte
1479 2419 1663 2475 mariti
1710 2420 1840 2485 mei,
1879 2435 1967 2474 me
2005 2418 2077 2473 li-

485 2530 507 2560 α
551 2507 788 2577 beretis;
832 2517 1011 2564 utrum
1057 2509 1284 2564 debeam
1327 2509 1406 2562 illi
1463 2509 1740 2579 publicam
1801 2507 2076 2579 pmniten—

383 2632 396 2644 ι
484 2621 508 2644 ι
546 2597 678 2654 tiam
723 2598 1024 2669 imponere,
1093 2614 1253 2670 quam
1295 2605 1386 2652 aut
1431 2597 1488 2652 in
1534 2597 1794 2668 parochia
1834 2612 1976 2665 mea,
2021 2596 2078 2652 in

484 2707 508 2738 α
551 2703 714 2758 quam
742 2687 1003 2760 confugit,
1052 2687 1295 2756 sejuncta
1325 2701 1358 2741 a
1403 2685 1516 2741 viro
1557 2702 1657 2741 suo
1695 2694 1946 2760 peragat,
1990 2695 2079 2742 aut

485 2795 508 2827 α
553 2791 674 2832 eam
704 2775 879 2831 eidem
909 2775 1028 2831 viro
1058 2791 1156 2830 suo
1204 2775 1306 2829 sub
1351 2775 1448 2830 tali
1487 2775 1796 2830 conditione
1845 2771 2078 2832 reddere

487 2884 510 2915 α
553 2863 802 2930 debeam,
836 2872 895 2918 ut
921 2863 1069 2919 nullo
1097 2864 1261 2920 modo
1291 2879 1412 2920 eam
1463 2863 1764 2932 interficiat,
1813 2863 1909 2919 sed
1956 2872 2079 2934 post

487 2974 510 3004 α
552 2953 925 3024 paenitentiam
964 2951 1108 3007 illam
1144 2953 1198 3006 in
1247 2952 1502 3025 conjugio
1547 2953 1764 3008 habeat.
1814 2951 1990 3020 Quam
2032 2952 2078 3007 si

487 3039 899 3108 «interfecerit,
977 3040 1108 3096 sciat
1165 3056 1224 3096 se
1284 3041 1654 3097 ecclesiastica
1730 3040 2077 3096 damnatione

485 3150 508 3180 α
549 3129 934 3202 plectendum,
981 3129 1235 3202 quoniam
1301 3129 1456 3184 nefas
1501 3137 1584 3186 est
1643 3144 1971 3201 quemquam
2018 3129 2074 3184 in

482 3239 505 3270 α
547 3219 764 3291 publica
803 3219 1118 3290 poenitentia
1161 3219 1398 3290 positum
1442 3234 1472 3272 a
1527 3233 1853 3290 quocunque
1899 3219 2072 3274 inter-

484 3323 506 3358 ι
549 3304 658 3362 ﬁci.
694 3327 716 3356 ι

551 3395 966 3466 Respondemus
998 3413 1012 3450 :
1046 3395 1323 3452 Feminam
1351 3395 1499 3450 illam
1527 3395 1581 3450 in
1607 3402 1696 3449 tua
1729 3395 1813 3452 vel
1851 3395 2073 3450 alterius

480 3484 740 3556 cujusque
800 3485 1059 3556 parochia
1114 3492 1328 3551 natam,
1377 3485 1734 3556 baptizatam,
1781 3483 2068 3553 nutritam,

479 3572 734 3640 adultam,
785 3573 1098 3634 facultatum
1139 3573 1455 3630 haereditate
1513 3573 1753 3639 ditatam,
1805 3573 1946 3628 Boso
2008 3589 2074 3628 ex

478 3661 580 3716 alia
621 3677 734 3718 non
774 3663 938 3718 modo
979 3663 1258 3734 parochia,
1307 3679 1498 3719 verum
1547 3678 1612 3718 ex
1658 3662 1763 3716 alia
1793 3661 2074 3733 provincia

480 3757 662 3816 natus,
695 3757 747 3805 et
787 3767 888 3822 per
933 3751 1113 3806 omnia
1153 3751 1490 3808 incrementa
1529 3751 1585 3805 in
1631 3749 1935 3822 perfectum
1986 3750 2072 3808 vi-

479 3854 602 3894 rum
630 3838 942 3909 perductus,
989 3840 1090 3894 sub
1135 3839 1360 3896 alterius
1403 3839 1647 3910 episcopi
1684 3855 1817 3895 cura
1862 3839 2073 3912 degens

481 3927 778 3984 secundum
820 3928 1001 4002 legem
1042 3929 1284 3984 divinam
1331 3936 1384 3984 et
1428 3930 1740 3993 humanam,
1787 3929 1935 3998 apud
1978 3943 2072 3984 eos

481 4031 709 4090 quorum
768 4015 1028 4073 intererat
1094 4017 1342 4082 obtinuit,
1408 4017 1780 4088 desponsavit,
1841 4016 2068 4082 dolavit,
2119 4077 2122 4081 _

479 4105 715 4177 publicis
744 4106 944 4178 nuptiis
970 4107 1270 4174 honoravit,
1318 4114 1371 4162 et
1400 4105 1502 4160 sibi
1531 4106 1587 4160 in
1611 4105 1850 4178 conjugii
1881 4105 2073 4176 copula

479 4195 724 4262 sociavit,
757 4203 811 4250 et
849 4211 1013 4250 unum
1058 4210 1257 4267 corpus
1299 4210 1572 4267 unamque
1618 4210 1842 4250 carnem
1885 4209 2072 4249 secum

478 4283 678 4350 effecit,
699 4285 836 4342 sicut
855 4285 1114 4356 scriptum
1133 4293 1213 4340 est
1244 4300 1258 4340 :
1286 4287 1472 4341 Erunt
1495 4284 1604 4340 duo
1625 4285 1688 4339 in
1718 4299 1893 4340 carne
1912 4299 2031 4338 una
2053 4303 2072 4351 ;

471 4376 598 4446 jam
624 4391 740 4430 non
769 4380 909 4430 sunt
934 4374 1063 4440 duo,
1094 4373 1193 4429 sed
1224 4391 1342 4430 una
1372 4389 1502 4429 caro
1533 4373 1693 4442 (Gen.
1727 4388 1808 4440 u;
1869 4371 2068 4427 Matth.

2106 3091 2154 3155 C

2177 1814 2298 1852 mas
2328 1805 2382 1853 et
2411 1797 2836 1866 confessionem,
2895 1815 3059 1870 quam
3089 1815 3200 1854 non
3228 1799 3482 1857 audivit?
3538 1799 3676 1870 Quis
3729 1801 3786 1856 ei

2178 1902 2399 1942 manum
2429 1887 2498 1942 ad
2529 1886 3026 1943 reconciliationem
3063 1887 3323 1958 imponet,
3357 1888 3527 1944 sacris
3568 1888 3784 1962 regulis

2180 1975 2620 2045 decernentibus,
2655 1983 2713 2030 ut
2734 1991 2896 2032 nemo
2926 1976 3313 2048 episcoporum
3343 1977 3446 2032 sub
3475 1992 3642 2032 manu
3671 1993 3782 2048 po-

2180 2063 2342 2119 situm
2373 2064 2597 2118 alterius
2627 2065 2930 2120 sacerdotis
2961 2065 3028 2120 ad
3055 2065 3553 2122 reconciliationem
3597 2066 3782 2122 susci-

2177 2153 2326 2224 piat,
2359 2169 2538 2224 neque
2570 2153 2982 2209 reconciliatum
3013 2154 3129 2209 sine
3145 2154 3340 2210 litteris
3367 2155 3456 2210 vel
3503 2169 3782 2211 consensu

2178 2241 2614 2298 reconciliatoris
2657 2241 2936 2313 recipiat?
2965 2243 3036 2297 Et
3092 2243 3366 2314 quomodo
3423 2251 3634 2314 partem
3661 2259 3777 2300 cor-

2177 2331 2355 2401 poris,
2389 2331 2500 2386 imo
2528 2315 2806 2386 hominem
2825 2330 3049 2386 alterius
3109 2329 3356 2402 episcopi
3385 2339 3438 2386 et
3492 2332 3782 2402 parochias

2173 2419 2462 2489 judicabis,
2501 2420 2630 2491 quin
2679 2419 3041 2491 poenitentiali
3081 2419 3287 2489 judicio
3314 2419 3725 2491 :coudemnabis
3754 2422 3785 2477 ?

2178 2524 2303 2564 cum
2333 2509 2597 2579 scriptum
2626 2509 2713 2575 sit,
2748 2509 2892 2579 quod
2925 2517 3148 2565 sanctus
3181 2508 3480 2580 Gregorius
3532 2509 3662 2566 hinc
3721 2509 3781 2564 in

2177 2597 2290 2652 suis
2313 2596 2546 2653 decretis
2569 2597 2816 2668 exposuit
2850 2615 2863 2652 :
2901 2621 2922 2646 α
2964 2599 3024 2655 Si
3073 2599 3376 2654 transieris
3402 2615 3504 2670 per
3533 2614 3781 2656 messem

2177 2688 2348 2742 amici
2367 2689 2473 2753 tui,
2490 2687 2710 2757 fricans
2721 2687 3062 2757 confrieabis
3079 2687 3264 2759 spicas
3279 2687 3542 2743 manibus
3563 2689 3698 2754 tuis,
3720 2693 3782 2744 et

2175 2775 2570 2842 manducabis,
2583 2777 2794 2846 falcem
2814 2779 3008 2831 autem
3026 2791 3141 2831 non
3163 2777 3362 2833 mittas
3383 2776 3754 2847 (Deut.xxm)
3769 2820 3782 2844 ,

2178 2863 2292 2918 sive
2351 2863 2492 2919 falce
2530 2879 2640 2918 non
2688 2871 2884 2930 metas,
2945 2863 3003 2919 id
3057 2871 3138 2919 est
3195 2864 3444 2920 homines
3499 2865 3781 2935 parochias

2176 2952 2396 3008 alterius
2451 2953 2619 3008 verbo
2675 2952 3077 3023 praedicationis
3125 2961 3178 3008 et
3259 2953 3506 3024 exemplo
3583 2953 3780 3024 operis

2175 3041 2276 3112 (ita
2329 3049 2511 3096 tamen
2565 3049 2622 3096 ut
2676 3057 2785 3097 non
2860 3042 3153 3098 conculces
3219 3042 3587 3113 smpliciorem
3657 3042 3782 3098 fra-

2175 3137 2314 3186 trem
2344 3137 2495 3184 tuum
2517 3173 2531 3195 ,
2555 3147 2624 3185 ne
2671 3129 2881 3186 indicas
2901 3130 2956 3185 in
3001 3131 3214 3185 ruinam
3240 3139 3293 3186 et
3330 3131 3605 3204 laqueum,
3665 3147 3778 3186 va-

2173 3235 2298 3274 nam
2356 3219 2561 3276 scilicet
2600 3219 2831 3290 gloriam
2888 3219 3108 3289 diaboli)
3167 3219 3222 3273 in
3280 3235 3480 3290 corpus
3544 3219 3775 3290 Christi,

2175 3325 2294 3380 quas
2316 3315 2399 3364 est
2444 3307 2710 3373 Ecclesia,
2757 3307 2954 3364 festina
3000 3308 3273 3378 trajicere,
3349 3307 3545 3364 falcem
3591 3315 3784 3364 autem

2168 3397 2358 3466 judicii
2415 3414 2526 3454 non
2573 3397 2902 3468 permitteris
2955 3397 3193 3464 mittere,
3251 3396 3510 3470 vellfalce
3577 3397 3781 3466 judicii

2174 3487 2464 3554 metere,id
2495 3495 2576 3541 est
2600 3487 2841 3542 incidere
2863 3487 2978 3542 sive
3001 3487 3305 3542 abscidere.
3345 3509 3366 3536 η
3392 3487 3461 3540 Et
3487 3487 3776 3558 quoniam,

2175 3575 2314 3630 sicut
2339 3575 2458 3645 ipse
2488 3575 2629 3630 Boso
2660 3574 2806 3640 dicit,
2859 3575 3036 3630 eidem
3093 3574 3327 3645 mulieri,
3361 3591 3484 3646 quae
3509 3591 3638 3631 caro
3668 3592 3774 3630 sua

2175 3671 2275 3730 est,
2309 3662 2517 3717 nullum
2547 3663 2752 3718 crimen
2785 3663 3056 3736 impingit,
3093 3663 3190 3718 sed
3218 3679 3328 3719 non
3355 3663 3630 3720 modicam
3673 3681 3779 3721 ne-

2175 3751 2510 3824 gligentiam,
2543 3753 2677 3824 quia
2733 3753 2804 3806 ab
2833 3753 2951 3821 ejus
3003 3769 3063 3808 se
3114 3752 3381 3808 subtraxit
3426 3752 3668 3822 servitio,
3725 3761 3783 3810 et

2175 3847 2437 3912 quantum
2467 3857 2533 3896 ex
2561 3840 2682 3911 ipsa
2711 3848 2812 3906 est,
2848 3841 3000 3896 illum
3044 3841 3306 3897 moechari
3360 3840 3484 3898 fecit
3508 3883 3522 3908 ,
3577 3849 3780 3899 contra

2175 3929 2546 3984 auctoritatem
2592 3937 2754 4000 atque
2804 3929 3066 3999 justitiam
3123 3946 3245 3985 eum
3278 3929 3576 3994 dimittens,
3629 3938 3684 3985 et
3711 3931 3776 3986 in

2173 4016 2292 4070 aliis
2322 4016 2509 4089 regnis
2537 4017 2752 4073 circiter
2792 4034 2893 4088 per
2922 4017 3212 4073 triennium
3263 4018 3578 4084 immorans,
3615 4034 3762 4074 con-

2173 4105 2636 4160 tumaxmandatis
2666 4105 2772 4160 illis
2788 4107 2925 4161 adeo
2956 4107 3176 4174 exstitit,
3206 4115 3263 4161 ut
3291 4122 3395 4162 nec
3441 4106 3776 4178 compellata

2172 4209 2270 4264 per
2296 4201 2446 4248 tanta
2475 4202 2779 4266 temporum
2829 4195 3004 4266 spatia
3059 4196 3128 4250 ad
3178 4211 3305 4250 eum
3359 4194 3606 4262 redierit,
3665 4213 3770 4267 pro

2173 4283 2358 4337 domni
2388 4283 2672 4354 apostolici
2693 4292 2776 4339 est
2800 4283 3049 4352 jussione
3094 4283 3173 4339 illi
3203 4292 3426 4356 paratus
3457 4284 3773 4358 indulgere;

2176 4379 2345 4426 restat
2373 4379 2430 4426 ut
2451 4389 2568 4440 rex,
2600 4373 2654 4426 in
2685 4372 2841 4442 cujus
2867 4389 3044 4445 regno
3073 4373 3244 4446 degit,
3279 4373 3582 4430 secundum
3629 4389 3775 4430 con-

479 4464 642 4534 xIx);
695 4469 746 4516 et
780 4481 797 4516 :
846 4461 995 4529 Quod
1041 4463 1184 4516 Deus
1223 4463 1451 4532 junxit,
1496 4462 1657 4517 homo
1694 4477 1810 4517 non
1849 4463 2072 4532 separet
2099 4450 2527 4531 Dscriptionem
2557 4461 2904 4532 chirographi
2935 4478 3128 4534 regum
3173 4470 3506 4528 nostrorum,
3557 4478 3682 4518 eam
3701 4464 3775 4519 ad

473 4553 706 4620 (Matth.
756 4549 921 4622 xm);
969 4548 1075 4603 nisi
1117 4547 1255 4604 forte
1302 4555 1601 4620 perpetuo,
1649 4565 1714 4604 ex
1773 4563 2066 4617 consensu,

478 4648 700 4712 pr0pter
753 4637 1160 4703 continentiam,
1229 4637 1374 4692 unde
1422 4644 1568 4692 tanto
1619 4637 1892 4706 conjuncti
1947 4645 2072 4692 sunt

480 4729 713 4799 amplius
745 4735 943 4800 quanto
973 4735 1026 4782 et
1069 4725 1438 4798 spiritualius;
1485 4733 1576 4780 aut
1615 4725 1682 4780 ad
1732 4734 1964 4796 tempus,
2014 4733 2072 4780 ut

480 4825 676 4872 vacent
705 4817 950 4885 orationi,
1011 4824 1063 4870 et
1090 4823 1436 4872 revertantur
1475 4815 1672 4870 iterum
1709 4815 1766 4870 in
1809 4815 2066 4885 idipsum,

479 4920 550 4960 ne
595 4913 866 4960 tententur
911 4921 944 4960 a
1011 4906 1208 4962 Satana
1261 4912 1484 4976 propter
1549 4903 1997 4960 incontinentiam
2026 4905 2080 4974 (Ι

487 4994 608 5050 Cor.
641 4993 741 5064 vn)
775 5012 788 5060 ;
823 5001 916 5048 aut
944 5009 1106 5050 causa
1127 4992 1513 5059 fornicationis,
1547 5009 1652 5064 qua
1685 4992 1941 5064 separati,
1982 5001 2073 5048 aut

481 5081 578 5149 sic,
611 5082 666 5138 id
695 5089 778 5138 est
818 5081 1030 5153 innupti
1060 5089 1114 5137 et
1159 5083 1392 5154 separati
1424 5089 1702 5147 maneant,
1748 5089 1838 5136 aut
1885 5089 2074 5138 mutuo

481 5170 917 5228 reconcilientur.
951 5168 1239 5239 Quomodo
1267 5170 1472 5242 poteris
1515 5168 1829 5226 inferiorem
1868 5178 2074 5243 partem

481 5259 728 5332 corporis
754 5259 991 5315 hominis
1018 5259 1160 5314 illius
1189 5259 1280 5332 qui
1326 5259 1426 5314 sub
1469 5258 1694 5314 alterius
1735 5259 2076 5330 providentia

481 5349 648 5422 degit,
683 5364 961 5420 separare,
995 5355 1049 5404 et
1075 5356 1261 5404 tenere
1291 5347 1394 5403 sub
1431 5347 1762 5418 paenitentia,
1812 5365 1932 5422 quae
1972 5363 2077 5406 nec

483 5437 712 5496 orationi
741 5439 1082 5495 continenter
1111 5437 1229 5493 sine
1257 5452 1530 5494 consensu
1560 5437 1727 5508 partis
1777 5437 2076 5511 superioris

484 5542 681 5587 vacare
725 5529 956 5600 potest?
999 5526 1193 5584 Mulier
1218 5526 1364 5583 enim
1395 5541 1503 5582 non
1545 5526 1710 5584 habet
1751 5534 2078 5600 potestatem

2173 4549 2273 4604 viri
2304 4550 2386 4604 sui
2416 4550 2762 4620 praesentiam
2793 4550 2990 4605 adduci
3037 4549 3222 4620 faciat,
3265 4559 3319 4606 et
3346 4559 3400 4606 tu
3457 4550 3773 4622 episcopus,

2175 4637 2228 4692 in
2249 4639 2403 4708 cujus
2441 4638 2704 4709 parochia
2718 4638 3058 4709 immoratur,
3085 4639 3211 4710 quia
3223 4641 3327 4696 hoc
3349 4655 3460 4696 non
3487 4647 3570 4695 est
3593 4641 3776 4712 regis,

2174 4727 2311 4782 sicut
2331 4735 2547 4784 sanctus
2570 4727 2870 4800 Gregorius
2901 4729 2970 4783 de
3000 4729 3084 4782 his
3105 4729 3195 4800 qui
3226 4729 3298 4784 ad
3313 4728 3618 4785 Ecclesium
3637 4745 3777 4786 con-

2174 4814 2385 4888 fugiunt
2419 4815 2680 4887 praecipit,
2717 4815 2762 4870 si
2779 4816 3024 4887 exposcit
3053 4817 3376 4885 necessitas,
3419 4817 3772 4874 securitatem

2174 4905 2243 4960 de
2270 4905 2524 4976 aequitate
2554 4905 2659 4960 sibi
2689 4905 2963 4961 servanda
2991 4907 3135 4976 apud
3190 4906 3369 4962 virum
3399 4907 3514 4976 ejus
3535 4917 3770 4978 expetas

2175 5001 2228 5048 et
2265 4993 2532 5060 obtineas,
2585 5001 2638 5049 et
2695 5001 2820 5065 post
2869 4995 2972 5052 hoc
3011 4995 3212 5050 missus
3266 4995 3578 5067 reipublicae
3647 4997 3775 5054 viro

2174 5098 2396 5138 uxorem
2452 5081 2582 5155 fuga
2626 5082 2834 5153 lapsam
2888 5084 3150 5139 restituat.
3185 5083 3289 5153 Qui
3344 5085 3451 5155 vir,
3481 5085 3528 5140 si
3577 5101 3776 5142 sacra-

2174 5179 2416 5226 mentum
2447 5169 2689 5242 fregerit,
2734 5179 2787 5226 et
2819 5173 3132 5243 apostolicis
3177 5173 3400 5229 monitis
3445 5173 3777 5230 inobediens

2175 5258 2460 5331 exstiterit,
2491 5259 2780 5333 episcopus
2810 5262 2880 5317 ad
2927 5263 3082 5331 cujus
3139 5278 3324 5317 curam
3366 5262 3622 5334 pertinet,
3673 5280 3776 5320 ca-

2177 5348 2433 5404 nonicum
2455 5349 2720 5418 judicium
2749 5349 2806 5404 in
2833 5349 2984 5404 illum
3014 5349 3244 5420 proinde
3257 5359 3462 5406 exerat.
3505 5351 3561 5407 Si
3590 5359 3777 5408 autem

2177 5436 2448 5504 confessa,
2477 5438 2563 5494 vel
2592 5439 2840 5512 legaliter
2869 5438 2938 5494 de
2967 5439 3234 5496 adulterio
3255 5440 3504 5496 convicta
3521 5483 3536 5508 ,
3566 5441 3774 5498 incolu~

2178 5527 2282 5582 mis
2329 5528 2577 5597 evaserit,
2617 5529 2743 5602 lege
2791 5527 3165 5586 ecclesiastica
3236 5529 3567 5602 pcenitentiae
3627 5530 3779 5586 illam
