4026 6298
227 239 334 294 157

1743 230 2120 290 EPISTOLE.

3437 240 3540 294 158

231 362 412 419 isdem
459 361 754 434 episcopus
795 361 1028 436 subigat,
1061 361 1188 435 quia
1217 367 1270 418 et
1297 359 1591 417 mundanis
1611 359 1826 434 legibus
1848 359 1906 420 A
2006 358 2153 431 Lege
2181 358 2382 415 librum
2408 373 2509 416 xvx
2536 359 2678 434 legis
2705 360 2981 428 Romanae,
3013 360 3138 436 lege
3174 361 3400 419 decreta
3425 363 3544 420 Da-

233 459 458 509 cautum
493 459 656 524 atque
721 451 976 506 usitatum
1024 467 1146 506 esse
1182 449 1548 524 dignoscitur,
1579 457 1640 505 ut
1695 449 1834 504 mala

237 555 360 613 quae
373 547 767 612 perpetrantur
791 539 848 594 in
862 539 970 594 illis
990 538 1127 595 locis
1155 539 1531 606 emendentur,
1567 538 1622 594 in
1639 539 1838 610 quibus

237 636 556 702 perpetrata
585 627 757 684 fuisse
772 628 1021 700 legaliter
1053 628 1704 700 comprobantur.Prmter
1721 629 1838 684 haec

237 716 374 772 nihil
402 717 540 772 mihi
567 717 781 774 videtur
827 717 1122 788 agendum,
1153 717 1258 772 nisi
1291 724 1383 772 aut
1413 716 1598 772 domni
1627 724 1841 788 aposto-

235 805 328 863 lici
355 806 568 862 monita
596 821 964 879 exsequamur
991 814 1083 862 aut
1105 805 1371 876 judicium
1398 805 1763 863 incurramus.

308 896 392 949 De
421 902 766 952 sacramento
794 901 992 963 autem,
1027 893 1278 966 quoniam
1307 894 1460 968 quasi
1488 895 1557 950 ad
1585 895 1840 966 pietatem

238 982 488 1056 confugit
517 983 961 1050 ecclesiasticam,
992 983 1118 1054 quia
1150 990 1319 1050 tuum,
1351 983 1408 1038 id
1437 991 1518 1038 est
1533 983 1840 1054 episcopale

236 1071 489 1144 poposcit
518 1071 800 1143 auxilium,
833 1071 980 1144 quod
1009 1088 1075 1128 ex
1113 1071 1450 1143 impunitate,
1485 1071 1543 1127 in
1569 1073 1840 1129 membro-

238 1177 358 1216 rum
403 1159 497 1216 vel
538 1159 664 1216 vitae
688 1204 702 1228 ,
736 1160 782 1215 si
835 1160 911 1216 ita
940 1161 1174 1232 qualitas
1216 1159 1342 1216 facti
1385 1161 1646 1232 exegerit,
1679 1161 1842 1234 legali

239 1248 546 1320 privatione
576 1248 832 1321 requiris,
865 1265 1031 1320 super
1073 1249 1131 1304 id
1175 1250 1323 1321 quod
1351 1257 1568 1306 sanctus
1599 1250 1842 1306 decrevit

245 1337 554 1410 Gregorius
579 1353 681 1409 pro
714 1338 794 1393 eis
829 1337 993 1393 etiam
1024 1337 1118 1410 qui
1164 1339 1236 1394 ad
1261 1338 1497 1395 sacraria
1525 1355 1682 1394 sacra
1711 1355 1842 1396 con-

239 1434 482 1508 fugerint
539 1433 960 1506 requirendum,
992 1433 1246 1490 videlicet
1291 1435 1359 1490 de
1405 1436 1661 1508 aequitate
1713 1453 1838 1493 ser-

244 1523 447 1590 vanda,
483 1522 755 1578 subtiliter
793 1522 961 1578 debes
1000 1523 1365 1594 perpendere,
1397 1540 1468 1580 ne
1495 1525 1728 1582 videaris
1756 1527 1842 1582 vel

242 1611 442 1668 dicaris
473 1627 586 1668 non
631 1612 808 1666 solum
835 1611 1120 1678 Ecclesiae,
1156 1628 1346 1667 verum
1377 1620 1430 1668 et
1458 1613 1620 1669 totius
1658 1615 1844 1671 mundi

241 1709 440 1756 statum
471 1708 525 1755 et
562 1700 813 1756 ordinem
855 1708 1020 1772 atque
1061 1699 1310 1773 vigorem
1338 1701 1478 1758 velle
1509 1701 1844 1762 confundere
1864 1717 1918 1778 Β

241 1798 401 1862 atque
446 1789 768 1859 destruere,
799 1798 853 1845 et
881 1789 1194 1860 apostolicae
1227 1797 1388 1862 atque
1429 1791 1851 1861 apostolicorum

238 1877 481 1933 virorum
530 1877 794 1934 doctrinae
821 1877 1108 1947 obsistere,
1142 1878 1234 1950 qui
1263 1894 1374 1934 non
1421 1879 1598 1935 solum
1635 1881 1789 1955 leges
1820 1900 1851 1938 a

241 1966 568 2023 Christianis
614 1966 840 2038 regibus
879 1967 1250 2038 promulgatas
1303 1967 1760 2038 observaverunt,
1797 1980 1851 2028 et

241 2056 603 2112 observantes
631 2055 985 2122 tradiderunt,
1018 2071 1206 2112 verum
1236 2055 1398 2111 etiam
1421 2057 1849 2130 promulgandas

240 2145 584 2216 expetierunt
605 2185 620 2214 ,
657 2144 797 2200 sicut
830 2143 885 2199 in
915 2144 1360 2217 Carthaginensis
1405 2153 1567 2218 atque
1607 2146 1850 2204 Africani

239 2233 460 2290 concilii
505 2240 942 2305 caeterorumque
985 2233 1343 2308 conciliorum
1373 2233 1689 2304 canonibus,
1721 2245 1773 2292 et
1793 2238 1848 2292 in

241 2321 482 2378 decretis
529 2321 843 2394 apostolica
887 2321 1034 2376 sedis
1065 2322 1340 2378 multoties
1381 2323 1668 2394 reperitur.
1692 2327 1849 2382 Unde

241 2418 291 2466 et
322 2417 546 2466 sanctus
577 2409 881 2482 Gregorius
932 2411 1340 2466 commonitoria
1369 2411 1437 2465 ad
1466 2411 1732 2468 Joannem
1754 2414 1850 2469 de-

239 2497 520 2554 fensorem
569 2505 625 2554 et
653 2498 725 2554 ad
771 2497 908 2553 alios
943 2497 1104 2554 etiam
1147 2514 1214 2554 ex
1239 2499 1452 2571 integro
1482 2499 1550 2556 de
1580 2500 1848 2572 legalibus

241 2586 430 2644 edictis
461 2586 802 2655 condiderat,
837 2595 891 2642 et
919 2595 1140 2644 sanctus
1172 2587 1425 2643 Gelasius
1455 2589 1525 2644 ad
1553 2589 1846 2660 imperato-

243 2693 360 2732 rem
403 2675 755 2732 Anastasium
799 2675 1017 2748 scripsit
1059 2676 1248 2748 (epist.
1283 2681 1369 2742 10,
1413 2678 1515 2732 sub
1562 2677 1844 2750 initium):

245 2786 268 2815 ι
299 2765 358 2820 Si
387 2765 555 2834 enim,
602 2763 876 2836 inquiens,
927 2772 1187 2836 quantum
1228 2765 1300 2821 ad
1329 2766 1580 2823 ordinem
1609 2767 1846 2838 publica;

242 2853 471 2925 pertinet
499 2851 824 2924 disciplinae,
874 2861 1272 2924 cognoscentes
1300 2853 1590 2926 imperium
1619 2855 1716 2911 tibi
1745 2872 1845 2911 su-

243 2957 414 3014 perna
444 2940 803 3013 dispositione
825 2941 1102 3009 collatum,
1135 2942 1351 3015 legibus
1369 2943 1475 2998 tuis
1503 2943 1607 3014 ipsi
1629 2959 1844 3016 quoque

244 3037 438 3103 parent
460 3029 746 3103 religionis
807 3029 1094 3097 antistites,
1113 3045 1183 3086 ne
1199 3031 1287 3086 vel
1304 3031 1358 3084 in
1374 3031 1541 3086 rebus
1557 3033 1844 3088 mundanis

245 3118 479 3174 exclusae
523 3117 812 3174 videantur
853 3117 1072 3174 obviare
1111 3118 1420 3190 sententia,
1453 3135 1582 3192 quo,
1634 3135 1747 3187 oro,
1791 3127 1843 3176 te

247 3207 400 3264 decet
429 3205 628 3263 affectu
655 3207 736 3262 eis
765 3214 819 3263 et
847 3207 1102 3264 convenit
1129 3207 1378 3274 obedire,
1411 3209 1502 3280 qui
1526 3225 1844 3280 praerogan-

245 3295 326 3351 dis
363 3295 768 3352 venerabilibus
811 3303 934 3350 sunt
966 3295 1208 3350 attributi
1239 3296 1532 3368 mysteriis.
1572 3317 1594 3347 ν
1627 3299 1695 3352 Et
1724 3313 1847 3353 san-

245 3393 362 3441 ctus
390 3385 504 3440 Leo
531 3385 602 3440 ad
631 3383 910 3439 Turibium
937 3384 1341 3440 Asturicensem
1367 3384 1683 3456 episcOpum
1711 3387 1848 3442 scri-

246 3473 379 3528 bens
410 3473 602 3546 (epist.
636 3475 688 3544 4,
711 3473 813 3528 sub
842 3471 1076 3543 initium)
1107 3490 1121 3528 :
1149 3495 1170 3521 α
1196 3472 1405 3540 Merito,
1437 3473 1630 3546 inquit,
1660 3482 1846 3546 patres

247 3561 431 3629 nostri,
465 3561 568 3617 sub
598 3576 832 3634 quorum
861 3562 1196 3634 temporibus
1225 3562 1449 3620 haeresis
1479 3564 1597 3620 haec
1617 3563 1848 3618 nefanda

244 3650 522 3723 prorupit,
555 3665 654 3722 per
698 3657 869 3706 totum
913 3651 1175 3706 mundum
1223 3650 1490 3707 instanter
1535 3660 1762 3725 egerunt
1793 3661 1848 3708 ut

245 3739 442 3810 impius
453 3737 604 3795 furor
619 3739 688 3794 ab
711 3737 967 3795 universa
985 3739 1240 3796 Ecclesia
1262 3739 1558 3812 pelleretur
1582 3759 1596 3808 ;
1629 3742 1850 3812 quando

247 3827 407 3884 etiam
450 3828 641 3884 mundi
684 3827 962 3900 principes
1007 3828 1084 3883 ita
1126 3830 1266 3884 hanc
1293 3829 1625 3902 sacrilegam
1655 3845 1850 3886 amen-

245 3917 371 3972 tiam
398 3916 657 3974 detestati
673 3925 820 3988 sunt,
851 3925 910 3972 ut
946 3924 1225 3973 auctorem
1273 3917 1390 3987 ejus
1420 3934 1544 3973 cum
1572 3917 1854 3992 plerisque

249 4006 528 4078 discipulis
585 4005 772 4080 legum
830 4005 1171 4078 publicarum
1230 4022 1362 4062 ense
1408 4015 1844 4078 prosternerent.

247 4095 516 4151 Videbunt
569 4095 718 4151 enim
771 4110 992 4152 omnem
1049 4111 1231 4151 curam
1292 4081 1606 4151 honestatis.
1631 4096 1852 4163 auferri,

253 4199 468 4240 omnem
513 4183 735 4258 conjugi
751 4199 907 4240 orum
951 4183 1200 4256 copulam
1241 4183 1544 4253 dissociari,
1589 4185 1858 4258 simulque

1935 447 2095 515 masi,
2126 465 2395 520 percurre
2441 449 2640 506 Leonis
2687 449 2944 520 epistolas
2973 458 3026 506 et
3050 459 3373 508 caeterorum
3399 468 3546 525 pon-

1935 533 2136 594 tiﬁcum
2183 537 2251 592 de
2303 537 2536 594 diversis
2585 537 2830 595 conciliis
2853 537 2922 593 ad
2963 538 3323 610 imperatores
3352 549 3544 598 trans-

1936 625 2172 693 missas;
2206 626 2426 682 revolve
2469 628 2843 698 Augustorum
2871 627 3046 683 edicta
3071 628 3140 683 de
3169 627 3442 686 haereticis
3471 629 3541 684 ad

1935 713 2251 785 petitionem
2298 713 2612 786 pontificum
2664 715 3033 789 promulgata,
3069 724 3312 774 scrutare
3343 717 3532 774 Caesa-

1938 819 2062 858 rum
2091 811 2406 860 nostrorum
2433 803 2686 876 capitula,
2721 813 2774 861 et
2819 804 3066 860 invenies
3111 813 3374 878 quantum
3400 821 3536 877 pro-

1938 889 2098 946 fuerit
2123 899 2286 965 atque
2315 892 2487 964 prosit
2513 892 2702 966 legum
2729 894 3012 962 severitas,
3036 910 3147 950 non
3163 895 3339 950 solum
3367 895 3544 952 eccle-

1939 978 2172 1036 siasticae
2197 981 2424 1049 lenitati,
2471 997 2661 1037 verum
2690 983 2851 1038 totius
2894 982 3316 1040 Christianitatis
3347 991 3538 1055 optan-

1939 1068 2023 1123 dae
2078 1069 2198 1140 paci
2241 1076 2293 1124 et
2321 1070 2562 1126 colendae
2614 1070 3004 1143 tranquillitati.
3075 1071 3354 1143 Sapientia
3381 1088 3540 1127 nam-

1941 1173 2067 1228 que,
2117 1157 2373 1214 videlicet
2431 1159 2674 1214 Christus
2727 1159 2827 1215 Dei
2860 1159 3032 1216 virtus
3090 1168 3144 1216 et
3181 1160 3282 1217 Dei
3313 1160 3539 1233 sapien-

1939 1245 2016 1302 tia
2043 1245 2176 1302 dicit
2206 1263 2220 1301 :
2251 1249 2360 1303 Per
2386 1264 2476 1304 me
2495 1264 2650 1320 reges
2663 1253 2924 1320 regnant,
2949 1253 3006 1305 et
3022 1249 3337 1309 conditores
3359 1251 3546 1322 legum

1930 1337 2096 1406 justa
2145 1337 2461 1393 decernunt
2504 1339 2686 1408 (Prov.
2721 1338 2838 1410 vni)
2869 1356 2882 1405 ;
2943 1344 2996 1394 et
3042 1339 3340 1410 Apostolus
3379 1353 3394 1393 :
3427 1341 3548 1396 Lex

1941 1424 2168 1496 quidem
2185 1428 2269 1480 est
2289 1429 2510 1492 sancta,
2534 1429 2590 1482 et
2610 1426 2948 1482 mandatum
2965 1431 3251 1496 sanctum,
3267 1431 3326 1484 et
3323 1429 3554 1500 justum

1941 1517 1999 1568 et
2018 1513 2222 1568 bonum
2253 1514 2430 1584 (Rom.
2485 1529 2585 1581 vn,
2618 1516 2729 1584 12).
2775 1515 2932 1570 Unde
2967 1515 3288 1590 Ambrosius
3321 1517 3554 1572 :«Man-

1939 1599 2122 1656 datum
2151 1601 2330 1674 legem
2383 1601 2614 1676 intelligi
2640 1603 2990 1675 evangelicus
3017 1619 3198 1661 sermo
3227 1611 3473 1661 testatur.
3527 1626 3549 1655 ι)

1947 1688 2037 1744 Ait
2067 1689 2211 1746 enim
2243 1709 2257 1746 :
2289 1691 2350 1748 Si
2387 1693 2469 1748 vis
2499 1691 2570 1748 ad
2606 1693 2784 1748 vitam
2828 1693 3039 1760 venire,
3085 1709 3246 1750 serva
3273 1694 3552 1750 mandata

1951 1778 2176 1848 (Matth.
2215 1779 2448 1850 x1x).Et
2463 1779 2593 1836 item
2618 1779 2912 1852 Apostolus
2937 1799 2950 1836 :
2980 1783 3096 1838 Lea:
3111 1787 3344 1854 propter
3361 1787 3552 1839 trans-

1948 1868 2260 1938 gressiones
2285 1871 2475 1940 posita
2497 1873 2582 1924 est
2603 1868 2749 1941 (Gal.
2791 1885 2873 1936 ιιι,
2899 1868 3009 1940 19).
3040 1869 3142 1924 Et:
3173 1871 3293 1926 Lex
3322 1887 3438 1927 non
3467 1876 3554 1928 est

1948 1955 2130 2027 posita
2149 1958 2346 2028 justis,
2367 1958 2464 2012 sed
2492 1958 2734 2030 injustis
2765 1963 2820 2014 et
2836 1974 2952 2015 non
2995 1959 3254 2030 subditis,
3285 1960 3476 2033 impiis
3497 1965 3553 2018 et

1945 2045 2350 2116 peccatoribus,
2379 2046 2692 2112 sceleratis,
2725 2047 3154 2113 contaminatis,
3172 2047 3476 2120 patricidis
3497 2053 3554 2105 et

1947 2133 2287 2200 matricidis,
2313 2133 2630 2202 homicidis,
2651 2135 3396 2206 fornicariis,masculorum
3415 2153 3548 2195 con-

1947 2221 2306 2288 cubitoribus,
2329 2223 2647 2294 plagiariis,
2669 2223 3053 2293 mendacibus,
3079 2229 3136 2281 et
3163 2225 3216 2281 si
3230 2225 3364 2297 quid
3385 2225 3548 2281 aliud

1947 2325 2104 2363 sana:
2135 2309 2409 2367 doctrinae
2451 2313 2783 2368 adversatur
2820 2312 2872 2383 (Ι
2911 2314 3048 2368 Tim.
3073 2327 3112 2380 ι,
3145 2315 3220 2384 9).
3271 2313 3342 2368 Et
3371 2312 3502 2370 item
3537 2331 3552 2368 :

1946 2397 2090 2452 Nam
2101 2397 2508 2472 quijprincipan
2515 2404 2612 2455 tur
2623 2417 2737 2458 non
2748 2403 2886 2456 sunt
2901 2401 3094 2457 timori
3103 2400 3258 2458 bonis
3273 2402 3552 2474 ορενίᾱιιε,

1946 2484 2044 2540 sed
2074 2487 2245 2542 malis
2261 2486 2437 2558 (Rom.
2465 2502 2592 2554 XIII,
2626 2488 2702 2558 3).
2735 2487 2891 2544 Unde
2939 2487 3296 2544 Ambrosius:
3337 2510 3358 2539 α
3393 2489 3552 2545 Prin-

1947 2573 2098 2644 cipes
2129 2575 2230 2629 hos
2257 2591 2418 2647 reges
2439 2575 2584 2643 dicit,
2612 2575 2703 2647 qui
2717 2583 2944 2648 propter
2974 2577 3357 2650 corrigendam
3387 2577 3551 2634 vitam

1946 2670 1998 2716 et
2036 2661 2372 2732 prohibenda
2413 2664 2642 2720 adversa
2683 2672 2951 2722 creantur.
2997 2665 3098 2721 Dei
3126 2666 3389 2722 habentes
3417 2667 3556 2723 ima-

1945 2751 2148 2823 ginem,
2181 2759 2239 2806 ut
2260 2752 2362 2807 sub
2391 2769 2500 2808 uno
2531 2753 2638 2808 sint
2667 2753 2868 2810 cmteri.
2907 2773 2928 2808 ι
2964 2755 3032 2810 Et
3052 2755 3184 2810 item
3218 2755 3552 2827 Apostolus:

1952 2840 2037 2896 Vis
2065 2845 2259 2896 autem
2275 2859 2390 2898 non
2411 2844 2612 2898 timere
2621 2847 2960 2914 potestatem
2981 2848 3004 2898 .9
3031 2847 3250 2900 Bonum
3265 2847 3462 2916 facito,
3489 2849 3547 2902 et

1946 2928 2160 2985 habetis
2200 2930 2427 2986 laudem
2471 2947 2545 2986 ex
2573 2931 2679 2987 illa
2709 2931 2892 3002 (ibid.)
2937 2931 3076 2988 Hinc
3117 2931 3265 2989 idem
3312 2933 3502 2990 doctor
3536 2951 3550 2990 :

1949 3037 1970 3066 α
2005 3017 2145 3072 Laus
2175 3033 2241 3072 ex
2270 3025 2534 3089 potestate
2568 3027 2695 3076 tunc
2743 3018 2938 3092 surgit,
2972 3035 3096 3076 cum
3127 3021 3251 3092 quis
3279 3021 3546 3078 innocens

1941 3103 2230 3160 invenitur.
2278 3106 2378 3161 Dei
2415 3107 2561 3162 enim
2607 3106 2855 3162 minister
2880 3115 2964 3162 est
2991 3107 3090 3163 tibi
3133 3109 3190 3163 in
3219 3109 3383 3165 bono.
3430 3112 3542 3166 Ma-

1942 3191 2202 3248 nifestum
2232 3202 2316 3248 est
2357 3194 2482 3250 ideo
2519 3203 2764 3250 rectores
2810 3195 2968 3251 datos
2996 3211 3067 3252 ne
3111 3197 3316 3253 malum
3342 3196 3455 3254 fiat.
3490 3198 3548 3256 Si

1943 3290 2122 3336 autem
2165 3281 2367 3336 malum
2397 3281 2612 3352 feceris,
2647 3283 2793 3339 time.
2860 3285 2985 3341 Non
3049 3285 3192 3340 enim
3237 3285 3355 3342 sine
3381 3303 3553 3344 causa

1945 3369 2184 3442 gladium
2223 3379 2407 3442 portat
2439 3389 2452 3426 :
2484 3372 2588 3428 hoc
2635 3381 2755 3440 est,
2790 3372 2918 3430 ideo
2953 3373 3351 3444 comminatur,
3382 3384 3442 3432 ut
3461 3422 3476 3448 ,
3507 3373 3556 3432 si

1945 3457 2106 3515 fuerit
2131 3467 2490 3532 contemptus,
2544 3461 2801 3518 vindicet.
2835 3461 2935 3518 Dei
2983 3463 3130 3518 enim
3171 3463 3417 3520 minister
3449 3472 3550 3533 est,

1946 3548 2153 3605 vindex
2178 3548 2234 3605 in
2263 3549 2345 3605 ira
2367 3549 2424 3604 in
2462 3567 2589 3606 eum
2632 3550 2725 3623 qui
2762 3550 2903 3606 male
2940 3551 3072 3624 agit.
3105 3551 3378 3622 Quoniam
3405 3552 3556 3609 futu-

1947 3655 2069 3693 rum
2119 3637 2382 3707 judicium
2441 3639 2592 3694 Deus
2631 3639 2850 3709 statuit,
2885 3647 2937 3696 et
2979 3641 3187 3696 nullum
3213 3642 3390 3713 perire
3421 3643 3554 3710 vult,

1948 3727 2076 3782 huic
2126 3727 2324 3784 seculo
2367 3736 2614 3786 rectores
2661 3728 2950 3797 ordinavit,
3001 3737 3212 3786 terrore
3236 3730 3556 3804 interposito

1949 3815 2280 3884 horninibus,
2313 3817 2462 3873 velut
2488 3817 2766 3892 pedagogi
2787 3817 2912 3886 sint,
2946 3818 3258 3875 erudientes
3287 3820 3410 3878 illos
3426 3820 3559 3893 quid

1952 3913 2188 3970 servent,
2221 3921 2290 3961 ne
2319 3905 2375 3960 in
2394 3921 2616 3978 poenam
2659 3906 2903 3963 incidant
2947 3906 3116 3963 futuri
3151 3908 3362 3978 judicii.
3401 3909 3558 3966 Ideo-

1953 4009 2058 4066 que
2096 3993 2298 4049 subditi
2339 4003 2510 4050 estote
2531 4039 2543 4062 ,
2579 4011 2687 4051 non
2733 3996 2908 4051 solum
2947 4005 3175 4069 propter
3204 3997 3365 4066 iram,
3389 3998 3444 4053 id
3475 4007 3558 4056 est

1953 4089 2213 4145 ultionem
2249 4099 2606 4160 praesentem,
2640 4091 2739 4146 sed
2787 4091 2948 4146 etiam
2984 4100 3210 4163 prOpter
3261 4094 3556 4150 conscien-

1953 4177 2098 4232 tiam.
2146 4178 2312 4234 Recle
2356 4178 2489 4234 dicit
2526 4179 2802 4246 subjectos
2833 4179 3036 4234 debere
3067 4195 3210 4248 esse,
3245 4196 3356 4236 non
3377 4182 3553 4238 solum

250 4273 488 4329 divinum
529 4273 620 4342 jus
675 4274 1080 4346 humanumque
1139 4273 1418 4343 subverti,
1477 4273 1522 4327 si
1550 4274 1861 4344 hujusmodi
1956 4273 2179 4337 propter
2207 4265 2362 4334 iram,
2396 4266 2451 4321 id
2478 4274 2560 4322 est
2575 4265 2834 4322 ultionem
2853 4275 3202 4338 praesentem,
3237 4268 3382 4339 parit
3410 4270 3556 4326 enim

247 4361 558 4417 hominibus
600 4377 836 4434 usquam
887 4362 1075 4418 vivere
1130 4377 1254 4419 cum
1285 4361 1376 4417 tali
1413 4361 1760 4435 professione
1789 4362 1860 4416 li-
1960 4354 2270 4422 vindictam,
2306 4355 2404 4412 sed
2445 4363 2669 4427 propter
2721 4353 2962 4411 futurum
3003 4355 3268 4425 judicium
3293 4399 3306 4425 ,
3353 4358 3480 4430 quia
3511 4358 3555 4414 si

247 4450 466 4506 cuisset.
500 4449 707 4506 Profuit
733 4449 826 4504 diu
854 4449 960 4504 ista
1002 4450 1268 4506 districtio
1297 4450 1681 4508 ecclesiasticae
1709 4451 1852 4506 leni-
1871 4447 1924 4508 D
1955 4444 2042 4499 hic
2085 4445 2376 4515 evaserint,
2423 4445 2535 4502 illic
2563 4461 2661 4502 eos
2698 4461 2866 4518 pruna
2911 4453 3210 4517 exspectat,
3242 4445 3354 4513 ubi,
3386 4461 3554 4503 accu-

245 4539 354 4606 tati,
389 4555 514 4612 quae
563 4538 667 4594 etsi
704 4537 1030 4595 sacerdotali
1085 4547 1336 4595 contenta
1359 4539 1564 4608 judicio
1593 4547 1844 4596 cruentas

244 4628 444 4702 refugit
473 4627 731 4697 ultiones,
766 4628 972 4684 severis
1017 4635 1196 4684 tamen
1227 4628 1658 4684 Christianorum
1685 4629 1844 4700 prin-

247 4717 428 4790 cipum
471 4716 953 4773 constitutionibus
1001 4717 1306 4787 adjuvetur,
1341 4718 1470 4773 dum
1501 4719 1570 4773 ad
1600 4717 1844 4790 spiritale

246 4822 638 4879 nonnunquam
679 4801 963 4864 recurrunt
1022 4807 1327 4862 remedium
1380 4807 1472 4878 qui
1501 4807 1687 4862 timent
1716 4823 1844 4862 cor-

245 4895 432 4966 porale
467 4895 756 4966 judicium.
801 4897 884 4950 Ex
928 4910 1035 4967 quo
1082 4902 1265 4951 autem
1307 4897 1504 4951 multas
1539 4895 1846 4968 provincias

245 4984 457 5040 hostilis
490 4983 782 5056 occupavit
838 4983 1086 5055 irruptio,
1137 4992 1190 5039 et
1219 4985 1625 5041 exsecutionem
1662 4985 1846 5059 legum

245 5075 599 5140 tempestates
627 5067 989 5126 interclusere
1023 5067 1308 5137 bellorum,
1328 5086 1395 5125 ex
1425 5085 1531 5142 quo
1579 5069 1723 5124 inter
1751 5085 1846 5125 sa-

246 5158 496 5214 cerdotes
526 5157 630 5214 Dei
658 5156 904 5214 diﬁiciles
951 5166 1306 5227 commeatus,
1339 5165 1393 5215 et
1423 5157 1531 5214 rari
1567 5166 1850 5230 cmperunt

247 5261 362 5302 esse
393 5253 722 5316 conventus,
758 5246 962 5303 invenit
989 5248 1060 5304 ob
1099 5248 1373 5320 publicam
1411 5248 1849 5319 pertubationem

247 5343 455 5392 secreta
481 5334 715 5406 perfidia
743 5335 1071 5406 libertatem,
1105 5344 1157 5394 et
1185 5337 1254 5392 ad
1279 5335 1570 5392 multarum
1585 5337 1850 5394 mentium

246 5425 660 5482 subversionem
689 5424 774 5481 his
815 5426 974 5482 malis
1011 5435 1094 5484 est
1141 5425 1378 5496 incitata,
1423 5425 1620 5498 quibus
1664 5425 1852 5484 debuit

247 5537 364 5580 esse
402 5529 707 5581 correcta.»

1944 4541 2101 4589 sante
2139 4533 2260 4606 ipsa
2289 4533 2643 4605 conscientia,
2685 4535 3006 4607 punientur.
3045 4555 3066 4584 υ
3099 4535 3169 4590 Et
3200 4541 3421 4590 sanctus
3452 4535 3558 4608 Cy-

1943 4623 2166 4694 prianus
2181 4623 2236 4679 in
2257 4639 2402 4680 nono
2424 4623 2706 4680 abusionis
2726 4624 2902 4696 gradu
2923 4623 3056 4680 dicit
3089 4639 3102 4678 ε
3141 4643 3163 4674 α
3197 4621 3338 4692 Quia
3364 4639 3554 4697 regem

1943 4727 2052 4768 non
2073 4711 2339 4786 iniquum,
2374 4713 2474 4770 sed
2500 4720 2865 4770 correctorem
2891 4711 3204 4783 iniquorum
3227 4727 3351 4769 esse
3381 4728 3547 4785 opor-

1947 4807 2040 4856 tet.
2081 4821 2102 4851 η
2135 4802 2205 4856 Et
2236 4802 2368 4858 item
2396 4801 2473 4857 ibi
2493 4801 2635 4857 inter
2663 4809 2862 4858 cmtera
2896 4817 2910 4854 :
2949 4820 2970 4850 α
3008 4800 3184 4856 Debet
3203 4799 3346 4858 furta
3402 4803 3558 4860 cohi-

1945 4889 2096 4955 bere,
2128 4890 2394 4946 adulteria
2448 4889 2657 4962 punire,
2715 4887 2910 4958 impios
2967 4887 3035 4944 de
3083 4895 3232 4945 terra
3296 4891 3550 4963 perdere,

1944 4977 2250 5050 parricidas
2316 4987 2370 5034 et
2406 4979 2747 5052 perjurantes
2783 4991 2894 5032 non
2941 4975 3121 5034 sinere
3161 4978 3345 5035 vivere
3368 5019 3383 5048 ,
3414 4979 3554 5037 ﬁlios

1947 5082 2077 5123 suos
2131 5083 2240 5123 non
2277 5067 2455 5124 sinere
2499 5064 2664 5135 impie
2707 5080 2896 5139 agere.
2933 5085 2956 5117 ι
2991 5067 3062 5122 Et
3091 5067 3284 5123 beatus
3309 5068 3550 5126 Joannes

1948 5156 2367 5228 Chrysostomus
2414 5155 2470 5209 in
2521 5152 2748 5209 homilia
2830 5153 3042 5211 decima
3097 5163 3251 5212 sexta
3309 5157 3545 5214 Matthaei

1949 5245 2299 5318 evangelista
2323 5261 2336 5300 :
2364 5265 2387 5295 cr
2413 5242 2654 5314 Auditis,
2685 5243 2858 5316 inquit
2878 5245 3164 5312 Dominus,
3183 5245 3316 5318 quia
3333 5246 3552 5303 dictum

1949 5337 2037 5391 est
2064 5335 2318 5406 antiquis
2348 5347 2362 5388 :
2397 5331 2636 5388 Oculum
2659 5347 2758 5404 pro
2787 5334 2968 5401 oculo,
2999 5333 3228 5390 dentem
3256 5349 3355 5405 pro
3382 5334 3550 5393 dente

1949 5431 2170 5502 (Matth.
2201 5429 2280 5501 v).
2309 5430 2434 5486 Non
2463 5429 2606 5486 enim
2637 5439 2696 5487 ut
2722 5431 2881 5487 nobis
2911 5429 3152 5488 vicissim
3176 5428 3542 5488 eﬁ'oderemus

1949 5518 2137 5578 oculos
2167 5517 2345 5576 sanxit
2389 5519 2534 5578 hanc
2561 5520 2763 5596 legem,
2796 5520 2894 5578 sed
2924 5527 2984 5577 ut
3019 5527 3167 5578 metu
3204 5535 3312 5602 quo
3340 5519 3408 5575 ab
3436 5519 3544 5576 alio
