4026 6338
467 281 570 334 159

1470 267 1810 325 ΗΙΝΟΜΛΒῙ
1837 265 2238 326 RHEMENSIS
2295 261 2844 323 ARCHIEPISCOPI.

3673 267 3786 318 160

465 403 612 461 istud
642 401 894 458 timemus
924 399 1052 472 pati,
1070 397 1174 472 ipsi
1204 413 1420 471 quoque
1449 397 1558 452 tale
1591 395 1867 469 quidpiam
1896 411 2064 452 cave-
2083 395 2138 458 A
2169 392 2259 448 tali
2289 392 2426 448 sicut
2446 391 2548 446 iste
2560 399 2640 446 est
2661 388 2929 446 sacerdoti
2961 406 2976 444 :
3013 389 3210 457 Quare,
3235 387 3429 460 inquit,
3456 391 3518 443 tu
3536 404 3778 445 enerras

463 509 649 548 remus
685 489 987 556 admittere,
1045 495 1104 543 ut
1159 496 1212 543 et
1263 487 1357 560 qui
1409 487 1528 558 ipso
1585 484 1874 542 voluntatis
1923 483 2068 540 bono

464 579 669 636 nollent
713 597 743 634 a
790 578 1108 635 crudelitate
1155 577 1426 643 desinere,
1471 574 1666 630 saltem
1713 581 1858 630 metu
1904 589 2070 646 coge-

463 676 652 724 rentur
705 667 879 724 oculis
921 681 1149 740 parcere
1204 665 1637 737 proximorum:
1671 662 1717 716 si
1759 677 1890 716 vero
1938 661 2070 718 illud

465 757 690 814 crudele
720 757 936 826 dicitur,
979 763 1031 811 et
1059 753 1384 810 homicidam
1414 759 1466 808 et
1495 751 1796 806 adulterum
1825 751 2070 806 coerceri

465 845 686 902 crudele
715 845 946 902 dicatur.
981 843 1091 899 Sed
1125 841 1492 914 insipientium
1516 839 1740 897 omnino
1769 839 1874 894 ista
1904 839 2068 895 verba

463 942 606 999 sunt,
628 943 682 990 et
711 942 950 990 extremo
979 931 1158 988 furore
1201 930 1555 986 dementiam.
1581 930 1700 1002 Ego
1757 927 1902 983 enim
1931 927 2067 984 adeo

465 1031 650 1080 metuo
697 1023 882 1079 dicere
926 1023 1043 1078 haec
1092 1035 1217 1078 esse
1258 1018 1535 1086 crudelia,
1569 1026 1628 1072 ut
1656 1017 1742 1072 his
1792 1018 2068 1075 contraria

465 1113 630 1169 etiam
660 1113 844 1184 iniqua
884 1113 1232 1182 perdoceam,
1266 1108 1410 1180 quod
1439 1116 1586 1164 certe
1616 1107 1920 1162 communis
1941 1125 2070 1179 quo-

467 1216 572 1274 que
619 1201 754 1257 ratio
794 1199 1168 1272 deprehendit.
1203 1199 1284 1254 Tu
1315 1197 1459 1252 enim
1507 1195 1647 1252 dicis
1693 1195 1820 1266 quia
1850 1196 2068 1252 oculum

465 1305 566 1361 pro
597 1289 754 1345 oculo
768 1288 928 1357 jussit
957 1287 1173 1354 auferri,
1198 1286 1406 1343 idcirco
1445 1285 1718 1354 crudelis;
1751 1299 1857 1357 ego
1887 1291 2070 1342 autem

463 1377 660 1446 refero,
695 1377 823 1450 quia
865 1375 970 1431 nisi
1017 1375 1372 1448 praecepisset
1401 1375 1568 1444 istud,
1601 1384 1730 1433 tunc
1759 1391 1891 1432 vere
1921 1373 2068 1444 apud

463 1465 730 1537 plurimos
775 1463 898 1520 talis
943 1462 1172 1534 fuisset,
1217 1463 1434 1536 qualem
1472 1471 1530 1520 tu
1587 1479 1712 1521 eum
1756 1463 1893 1520 falso
1944 1478 2068 1518 esse

465 1553 838 1626 conquereris.
903 1552 1151 1624 Denique
1204 1567 1461 1608 sermone
1523 1551 1794 1626 fingamus
1851 1566 2068 1608 omnem

460 1641 644 1714 legem
675 1656 797 1696 esse
827 1641 1162 1708 dissolutam,
1195 1656 1298 1697 nec
1329 1657 1658 1714 quemquam
1684 1657 1789 1715 pro
1819 1641 2068 1712 hujusce-

2162 483 2424 555 justitias
2435 497 2609 549 meas,
2625 484 2681 535 et
2699 479 2942 535 assumis
2966 481 3372 533 testamentum
3389 493 3578 532 meum
3595 493 3699 550 per
3711 493 3778 534 os

2174 575 2367 626 tuum?
2393 572 2469 626 Tu
2481 583 2606 626 vero
2619 569 2786 624 odisti
2797 569 2974 640 discip
2984 569 3163 622 tinam
3173 567 3454 633 ,currebas
3467 583 3598 622 cum
3611 569 3768 637 fure,

2171 663 2367 715 etcum
2379 659 2656 714 adulteris
2664 659 2978 730 portionem
2996 660 3156 712 tuam
3175 655 3766 728 pouebas(Psal.xux,

2174 747 2386 816 16-18).
2419 747 2542 802 Non
2571 746 2714 801 enim
2735 743 2940 802 foveret
2969 743 3142 798 melos
3172 743 3219 798 si
3237 743 3440 799 bonum
3470 743 3724 816 diligeret
3759 760 3774 796 :

2173 836 2270 890 sed
2301 835 2536 907 diligens
2567 834 2878 899 Dominum,
2913 841 2962 888 et
2993 833 3185 888 odiens
3203 832 3408 902 vitium,
3436 833 3580 904 quod
3605 847 3774 886 suum

2171 932 2378 996 ageret,
2415 931 2467 978 et
2515 923 2659 994 quod
2715 939 2746 978 a
2785 922 2902 977 Deo
2931 938 3033 993 per
3080 921 3388 976 conditores
3417 921 3602 994 legum
3624 921 3777 991 justa

2171 1023 2532 1078 decernentes
2561 1021 2838 1076 decretum
2869 1027 2950 1074 est
2976 1035 3085 1075 non
3106 1019 3547 1090 Oppugnaret.Et
3567 1017 3774 1090 iniquae

2168 1111 2424 1166 mulieres
2455 1125 2520 1166 ac
2549 1109 2797 1180 perversi
2852 1108 3101 1163 homines
3155 1108 3398 1181 inquient
3429 1123 3442 1162 :
3485 1107 3777 1163 Faciamus

2169 1200 2317 1272 quod
2348 1200 2618 1264 volumus,
2651 1206 2704 1254 et
2732 1197 2986 1252 adeamus
3017 1196 3304 1252 ecclesiam
3333 1195 3420 1252 vel
3449 1195 3776 1267 episcopum

2170 1296 2223 1344 et
2259 1289 2464 1344 erimus
2534 1285 2800 1358 impnniti.
2853 1285 2989 1341 Hinc
3065 1301 3300 1358 namque
3374 1284 3774 1356 vituperabitur

2169 1377 2532 1432 ministerium
2589 1384 2872 1442 nostrum,
2919 1383 2971 1430 et
3027 1375 3228 1430 erimus
3307 1373 3770 1444 contemptibiles,

2167 1473 2224 1520 ut
2281 1465 2533 1521 videlicet
2585 1464 2822 1536 legalem
2856 1463 3121 1533 justitiam
3178 1462 3390 1532 injustis
3446 1477 3478 1517 a
3534 1461 3774 1516 Domino

2166 1553 2398 1626 positam
2439 1560 2886 1618 contemnentes,
2939 1552 3064 1624 quia
3094 1567 3436 1623 unaquaeque
3491 1551 3576 1606 lex
3623 1551 3776 1620 justa

2169 1643 2372 1699 crimen
2417 1657 2528 1697 non
2572 1641 2752 1707 habet,
2784 1657 2853 1696 ne
2885 1640 2952 1695 sit
2992 1640 3222 1710 injusta,
3255 1648 3308 1695 et
3351 1647 3532 1694 tamen
3585 1638 3774 1694 crimi-

461 1729 611 1786 modi
628 1729 788 1786 factis
807 1728 1100 1786 formidare
1121 1727 1466 1800 supplicium,
1493 1731 1592 1786 sed
1609 1730 1819 1786 cunctis
1833 1745 2062 1802 prorsus
2091 1756 2143 1815 Β
2169 1747 2362 1786 nosum
2394 1731 2566 1802 punit,
2599 1737 2657 1784 ut
2684 1745 2814 1785 vere
2843 1729 2910 1783 sit
2925 1729 3084 1797 justa.
3113 1730 3180 1784 Et
3211 1744 3241 1783 e
3272 1729 3499 1802 regione
3545 1727 3776 1799 quidam

459 1819 714 1892 malignis
773 1817 941 1874 licere
987 1817 1066 1874 uti
1115 1817 1361 1874 moribus
1399 1819 1541 1876 suis.
1594 1826 1649 1875 et
1690 1818 1975 1889 adulteris,
2011 1825 2064 1872 et

459 1906 766 1977 homicidis,
817 1914 872 1962 et
939 1905 1186 1974 furibus,
1217 1915 1270 1962 et
1327 1907 1582 1978 perjuris,
1629 1915 1684 1962 et
1739 1906 2025 1977 parricidis
2047 1949 2060 1973 ,

462 2010 646 2052 nonne
673 1994 774 2050 sub
803 1994 906 2050 bac
948 1993 1165 2052 licentia
1196 1995 1380 2050 omnia
1410 1995 1618 2066 pariter
1661 2009 1774 2051 una
1817 1995 2064 2050 confusio

461 2083 762 2156 iniquitatis
821 2083 1120 2140 involveret
1145 2085 1173 2137 τ
1219 2083 1414 2138 Nonne
1471 2083 1620 2138 mille
1675 2083 1976 2140 sceleribus
2012 2091 2066 2140 et

463 2172 705 2228 caedibus
788 2171 986 2240 urbes,
1046 2171 1202 2242 lora,
1251 2173 1464 2238 domus,
1528 2172 1696 2226 maria
1737 2214 1752 2242 ,
1813 2179 2066 2246 totusque

462 2261 686 2317 omnino
723 2260 960 2316 mundus
997 2259 1186 2317 fuisset
1232 2261 1534 2332 impletus?
1565 2260 1706 2316 Nam
1753 2261 1798 2316 si
1851 2261 2066 2334 legibus

461 2358 612 2406 certe
641 2349 1073 2416 dominantibus,
1105 2357 1161 2406 et
1192 2349 1412 2423 vigente
1455 2349 1874 2405 comminatione
1903 2358 2066 2421 atque

459 2447 688 2504 terrore,
735 2438 824 2494 vix
881 2446 1066 2493 tamen
1101 2437 1408 2494 voluntates
1439 2437 1763 2494 cohibentur
1791 2437 2064 2510 malignae,

463 2527 508 2582 si
537 2528 702 2584 etiam
742 2528 846 2582 hoc
879 2526 1198 2598 praesidium
1249 2525 1531 2592 defuisset,
1595 2542 1833 2598 quanam
1881 2542 2068 2598 posset

461 2611 666 2666 malitia
705 2611 918 2666 ratione
969 2610 1183 2666 fraenari
1208 2612 1236 2666 ξ)
1264 2605 1356 2666 aut
1400 2626 1521 2682 quae
1549 2626 1660 2666 non
1685 2611 1741 2665 in
1774 2611 1938 2666 vitam
1962 2611 2068 2667 ho-

461 2700 668 2754 minum
692 2699 863 2770 pestis
891 2700 1170 2754 irrueret?
1197 2699 1314 2754 Nec
1357 2707 1539 2754 tamen
1568 2699 1744 2754 solum
1775 2699 1920 2754 istud
1951 2715 2072 2754 cru-

464 2787 586 2844 dele
617 2795 719 2856 est,
751 2787 1068 2858 permittere
1101 2787 1310 2843 scilicet
1339 2787 1496 2842 malis
1526 2803 1690 2859 agere
1723 2804 1844 2858 quae
1859 2787 2066 2842 velint:

467 2877 566 2932 sed
594 2876 741 2932 aliud
771 2891 994 2948 quoque
1022 2876 1127 2930 isto
1147 2884 1292 2932 certe
1311 2875 1444 2930 nihil
1461 2875 1660 2941 minus,
1693 2875 1748 2931 id
1777 2883 1858 2930 est
1880 2875 2071 2930 laesum

467 2974 521 3021 et
561 2964 834 3020 immerito
893 2963 1144 3020 afﬂictum
1183 2965 1468 3038 negligere
1534 2973 1694 3036 atque
1738 2963 2072 3036 despicere?

463 3053 565 3110 Dic
603 3053 751 3110 enim
797 3053 964 3120 mihi,
1001 3053 1046 3108 si
1099 3052 1220 3126 quis
1250 3052 1398 3109 feros
1444 3053 1694 3108 homines
1737 3069 1800 3108 ac
1843 3067 2064 3123 semper

461 3143 734 3216 malignos
779 3143 834 3198 in
881 3158 1044 3198 unum
1091 3141 1373 3216 colligens,
1424 3141 1622 3215 gladiis
1659 3149 1931 3210 armaret,
1965 3149 2054 3196 to-

460 3239 678 3306 tamque
726 3232 1014 3288 circumire
1058 3230 1331 3286 civitatem
1381 3231 1618 3300 juberet,
1663 3238 1822 3303 atque
1865 3231 2054 3286 obvios

463 3321 570 3375 sibi
613 3335 860 3393 quosque
918 3318 1244 3387 confodere,
1295 3319 1427 3391 quid
1468 3319 1689 3374 tandem
1754 3319 1857 3374 hoc
1911 3328 2057 3374 esset

463 3409 804 3464 immanius?
833 3409 900 3464 At
929 3407 972 3462 si
991 3407 1129 3464 alius
1165 3421 1260 3463 eos
1299 3407 1536 3480 quidem,
1557 3407 1648 3479 qui
1665 3407 1734 3462 ab
1754 3407 1848 3461 illo
1867 3409 2058 3462 armati

463 3505 666 3563 essent,
697 3497 910 3571 ligaret,
943 3495 1318 3568 violenterque
1347 3495 1767 3568 constringeret,
1803 3509 1898 3550 eos
1927 3512 2058 3552 vero

464 3586 555 3660 qui
598 3585 944 3642 interimendi
985 3593 1140 3640 erant
1167 3583 1238 3640 ab
1273 3583 1472 3657 iniquis
1504 3583 1612 3639 illis
1637 3583 1888 3640 manibus
1916 3583 2059 3640 libe-

461 3683 642 3743 raret,
677 3675 806 3748 quid
847 3691 876 3730 e
917 3673 1140 3748 regione
1183 3674 1286 3730 isto
1329 3673 1670 3730 inveniretur
1705 3673 2000 3730 humanius
2031 3675 2060 3730 ?

461 3765 592 3820 Haec
618 3763 786 3836 igitur
831 3763 995 3819 etiam
1020 3763 1088 3818 ad
1129 3763 1313 3836 legum
1357 3761 1597 3819 transfer
1625 3763 1892 3834 exempla.
1925 3761 2062 3832 Qua;

463 3853 609 3908 enim
637 3853 852 3909 oculum
896 3868 998 3924 pro
1035 3851 1194 3908 oculo
1223 3850 1464 3908 effodere
1493 3851 1776 3924 praecepit,
1811 3851 2062 3907 timorem

467 3941 624 4014 quasi
693 3939 1007 3997 carniﬁcum
1063 3940 1467 4012 peccatoribus
1529 3940 1803 3996 immitens
1837 3981 1851 4009 ,
1918 3939 2064 3994 illius

465 4029 659 4086 similis
687 4029 990 4098 invenitur,
1023 4028 1114 4101 qui
1142 4028 1264 4084 illos
1296 4044 1433 4101 quos
1461 4027 1573 4082 dixi
1604 4027 1846 4084 cohibuit
1877 4043 2062 4083 arma-

465 4127 573 4175 tos.
625 4118 730 4188 Qui
767 4135 899 4174 vero
924 4117 1130 4173 nullam
1171 4118 1392 4174 omnino
1429 4133 1648 4189 pmnam
1678 4116 1922 4172 decrevit
1953 4133 2059 4173 no—

465 4207 628 4276 centi,
661 4207 759 4264 sed
786 4222 1032 4264 armasse
1069 4207 1167 4262 tibi
1194 4205 1536 4280 iniquitatem
1563 4205 1796 4274 videtur,
1832 4221 2064 4277 eumque

465 4297 730 4354 imitatum
758 4295 924 4353 fuisse
954 4295 1048 4370 qui
1067 4297 1363 4353 sceleratos
1393 4295 1516 4352 illos
1546 4294 1758 4368 gladios
1788 4294 2060 4362 instruxit,

465 4387 701 4458 hincque
749 4387 912 4440 totius
973 4384 1206 4441 civitatis
1253 4383 1478 4439 immisit
1536 4383 1796 4450 exitium,
1837 4384 2064 4440 videsne

2159 1821 2462 1890 jactabunt,
2489 1819 2764 1890 Scriptura
2810 1817 2938 1874 dicit
2971 1835 2985 1874 :
3017 1819 3094 1874 Ne
3142 1819 3220 1873 sis
3261 1819 3511 1874 multum
3549 1819 3772 1888 justus.

2166 1911 2330 1966 Beati
2367 1925 2575 1982 quoque
2604 1907 2994 1964 misericordes
3033 1907 3232 1978 (Eccli.
3289 1922 3403 1973 vn;
3445 1907 3640 1962 Matth.
3685 1905 3771 1978 v).

2165 1999 2232 2054 Et
2249 2017 2261 2053 :
2277 1998 2561 2054 Iudicium
2581 1997 2672 2052 illi
2689 1998 2812 2052 sine
2835 1996 3239 2061 misericordia,
3257 1997 3354 2068 qui
3370 2012 3482 2052 non
3503 1995 3646 2066 facit
3659 1997 3772 2050 mi-

2166 2087 2532 2142 sericordiam
2551 2085 2690 2157 (Jac.
2716 2100 2774 2150 η,
2799 2085 2886 2156 13)
2909 2105 2926 2152 ;
2959 2092 3010 2139 et
3037 2102 3050 2138 :
3073 2085 3472 2156 Superexaltet
3481 2083 3775 2154 judicium

2167 2175 2560 2232 misericordia
2609 2172 2791 2244 (ibid)
2823 2193 2841 2240 ;
2873 2181 2926 2227 et
2971 2171 3236 2228 Dominus
3282 2172 3542 2228 adulterae
3582 2189 3594 2226 :
3653 2173 3768 2228 Nec

2169 2281 2265 2336 ego
2299 2267 2352 2318 te
2381 2263 2756 2318 condemnabo
2780 2281 2798 2316 :
2822 2262 2972 2326 vade,
2999 2265 3058 2317 et
3089 2261 3338 2334 amplius
3380 2261 3499 2317 noli
3529 2277 3772 2333 peccare

2173 2352 2350 2423 (Joan.
2407 2366 2526 2417 vm,
2562 2351 2670 2422 11).
2701 2351 2770 2405 Et
2820 2357 2876 2404 tu
2908 2349 3185 2415 sacerdos,
3219 2349 3307 2404 cui
3335 2348 3772 2404 misericordiam

2168 2440 2274 2494 nisi
2302 2439 2505 2494 misero
2535 2439 2702 2494 debes
2733 2438 3064 2510 impendere,
3115 2445 3167 2492 et
3195 2437 3274 2492 illi
3302 2437 3511 2492 claudis
3539 2452 3648 2492 non
3679 2437 3779 2492 mi-

2171 2527 2406 2584 serendo
2433 2527 2822 2582 misericordia:
2867 2527 3098 2596 viscera,
3133 2526 3226 2598 qui
3245 2526 3302 2580 in
3331 2542 3452 2580 eum
3479 2525 3619 2579 liber
3651 2514 3712 2580 es
3741 2541 3778 2580 a

2171 2617 2448 2688 punitione
2465 2617 2492 2672 εν
2521 2615 2694 2685 Quam
2715 2616 2994 2688 utriusque
3008 2615 3174 2686 partis
3195 2614 3612 2686 derogationem
3632 2629 3772 2688 erga

2171 2705 2343 2760 sacris
2399 2704 2668 2775 mysteriis
2726 2703 3024 2758 servientes
3051 2703 3278 2775 provide
3335 2711 3492 2774 atque
3531 2702 3774 2758 discrete

2171 2809 2372 2850 cavens
2402 2793 2595 2848 beatus
2639 2791 2937 2864 Gregorius
2966 2793 3037 2847 ad
3095 2791 3377 2847 Leontium
3425 2791 3774 2846 exconsulem

2172 2881 2362 2937 scribit
2394 2899 2407 2936 :
2445 2902 2466 2931 σε
2499 2881 2690 2947 Debet,
2723 2880 2994 2952 inquiens,
3029 2879 3204 2951 gloria
3226 2887 3407 2936 vestra
3433 2879 3778 2936 meminisset

2173 2969 2295 3042 quia
2352 2984 2630 3040 nunquam
2688 2985 2836 3023 meas
2879 2968 3136 3039 epistolas
3166 2983 3264 3039 pro
3294 2968 3772 3024 commendatione

2173 3057 2401 3126 alicujus
2443 3057 2690 3129 accepit,
2718 3057 2824 3112 nisi
2855 3065 2913 3111 ut
2946 3057 3340 3128 protectionem
3385 3064 3622 3112 vestram
3690 3055 3775 3112 fa-

2165 3147 2341 3203 ciente
2365 3146 2568 3216 justitia
2624 3146 2978 3218 praestaretis,
3010 3145 3137 3216 quia
3167 3154 3323 3216 turpe
3355 3153 3438 3200 est
3467 3143 3771 3201 defendere

2158 3235 2302 3308 quod
2333 3235 2480 3306 prius
2511 3250 2620 3290 non
2651 3234 2949 3290 constiterit
2971 3235 3178 3304 justum
3216 3251 3359 3289 esse.
3391 3234 3511 3304 Ego
3541 3233 3771 3306 quidem

2156 3325 2404 3380 homines
2451 3331 2677 3395 propter
2715 3322 2979 3391 justitiam
3008 3321 3178 3394 diligo
3203 3367 3216 3388 ,
3247 3339 3359 3377 non
3391 3329 3569 3377 autem
3595 3322 3771 3392 justi-

2159 3413 2285 3468 tiam
2323 3420 2549 3484 propter
2577 3411 2826 3467 homines
2856 3419 3144 3482 postpono.
3193 3432 3214 3461 »
3239 3412 3308 3466 Et
3344 3411 3412 3466 ad
3459 3412 3772 3466 Romanum

2159 3500 2504 3556 defensorem
2561 3501 2678 3572 (lib.
2721 3516 2820 3569 vn,
2852 3501 3010 3573 epist.
3060 3501 3374 3566 24,indict.
3399 3500 3536 3571 2)::
3573 3499 3774 3556 Patro-

2161 3589 2302 3646 cinia
2356 3588 2746 3657 ecclesiastica,
2778 3589 2892 3644 sive
2949 3605 3070 3643 mea
3137 3588 3445 3660 suscipiatis
3507 3588 3712 3660 scripta
3752 3633 3766 3657 ,

2162 3678 2274 3733 sive
2305 3677 2468 3732 etiam
2497 3677 2720 3733 minime
2765 3677 2964 3732 fuerint
3003 3678 3232 3745 directa,
3266 3677 3366 3732 sub
3397 3685 3547 3734 tanto
3575 3679 3770 3734 mode-

2162 3767 2369 3822 ramine
2414 3765 2656 3821 debeatis
2721 3765 3063 3836 impendere,
3125 3774 3394 3838 quatenus
3453 3765 3510 3820 hi
3553 3767 3646 3837 qui
3707 3766 3766 3822 in

2163 3854 2321 3910 furtis
2364 3853 2597 3926 publicis
2643 3854 2904 3926 implicati
2933 3862 3076 3920 sunt,
3111 3871 3145 3910 a
3196 3855 3355 3910 nobis
3387 3871 3496 3910 non
3525 3855 3760 3910 videan-

2163 3951 2251 3999 tur
2277 3943 2471 4012 injuste
2501 3943 2739 4009 defendi,
2772 3960 2841 3998 ne
2871 3943 3192 4014 opinionem
3220 3945 3363 3999 male
3384 3944 3661 4016 agentium
3693 3960 3766 4001 ex

2163 4032 2474 4088 indiscreta:
2504 4031 2840 4088 defensionis
2869 4048 3006 4087 ausu
3033 4033 3088 4086 in
3117 4049 3218 4088 nos
3248 4033 3357 4089 ullo
3378 4033 3542 4089 modo
3571 4040 3752 4088 trans-

2165 4119 2404 4176 feramus
2439 4138 2452 4174 :
2487 4121 2580 4176 sed
2615 4130 2877 4194 quantum
2899 4122 3052 4177 decet
3071 4122 3396 4190 Ecclesiam,
3421 4122 3771 4178 admonendo

2167 4217 2220 4264 et
2251 4210 2476 4267 verbum
2505 4209 2910 4266 intercessionis
2951 4211 3281 4277 adhibendo,
3342 4211 3540 4282 quibus
3567 4209 3768 4266 valetis

2167 4299 2485 4366 succurrite,
2543 4307 2599 4354 ut
2641 4307 2692 4354 et
2735 4299 2841 4354 illis
2896 4315 3058 4371 opem
3105 4299 3309 4366 feratis,
3361 4307 3414 4354 et
3451 4298 3768 4370 opinionem

2167 4396 2367 4444 sancta:
2395 4388 2664 4444 Ecclesia
2691 4404 2798 4443 non
2829 4388 3146 4460 inquinetis.
3183 4409 3204 4438 ιο
3238 4389 3344 4444 Sed
3370 4397 3422 4444 et
3448 4388 3516 4444 de
3545 4389 3630 4443 his
3651 4389 3750 4460 qui

467 4473 920 4548 quemadmodum
960 4487 1072 4528 non
1113 4473 1286 4528 solum
1315 4471 1516 4526 nullius
1555 4471 1890 4527 crudelitatis
1910 4514 1928 4540 ,
1959 4488 2058 4527 ve-
2090 4467 2140 4527 D
2163 4477 2232 4532 ad
2284 4485 2436 4548 septa
2477 4475 2742 4542 ecclesim,
2777 4484 2828 4531 et
2858 4477 3026 4532 etiam
3055 4477 3123 4532 ad
3151 4477 3270 4548 ipsa
3299 4477 3540 4533 sacraria
3568 4475 3770 4532 confu-

466 4579 591 4619 rum
637 4561 800 4618 etiam
843 4559 1094 4616 maximae
1141 4559 1354 4631 pietatis
1396 4566 1522 4616 sunt
1562 4559 1656 4614 illa
1700 4560 2056 4632 praecepta?»

467 4653 534 4706 Et
561 4653 618 4706 in
653 4649 898 4723 epistolis
938 4647 1083 4704 beati
1125 4647 1378 4722 Gregorii
1419 4648 1564 4704 idem
1607 4648 1935 4720 competenti
1973 4649 2060 4703 ul-

464 4739 613 4795 tione
653 4737 954 4810 plectendis
1015 4735 1277 4794 maleficis
1320 4745 1374 4792 et
1433 4736 1638 4810 iniquis
1683 4753 2061 4808 saepenumero

467 4825 560 4900 qui
587 4826 776 4899 legere
802 4826 1054 4897 voluerit,
1087 4825 1330 4882 invenire
1381 4825 1598 4882 valebit.

540 4915 716 4981 Unde,
749 4913 918 4970 frater
945 4915 1280 4986 charissima,
1314 4914 1532 4988 collige,
1563 4914 1690 4988 quia
1720 4922 1910 4970 contra
1943 4916 2062 4972 haec

467 5020 635 5077 agere
663 5011 754 5060 aut
795 5005 1036 5076 exigere,
1069 5021 1179 5061 non
1205 5005 1392 5061 nolum
1421 5012 1504 5058 est
1531 5004 1748 5076 pietatis
1767 5005 1896 5074 jura
1926 5021 2062 5060 con-

464 5093 714 5162 fundere,
747 5109 938 5149 verum
969 5100 1024 5148 et
1053 5093 1718 5150 sacerdotaliinnocentiae
1746 5109 1810 5149 ac
1840 5093 2062 5164 puritati

467 5182 820 5239 detractionis
879 5181 1158 5238 molestias
1213 5181 1505 5252 importare
1535 5223 1548 5248 ,
1583 5189 1636 5236 et
1693 5181 2062 5256 derogationis

465 5271 834 5344 blasphemias
863 5270 1133 5345 irrogare.
1167 5270 1362 5328 Dicent
1391 5269 1534 5326 enim
1563 5269 1838 5342 maliloqui
1871 5290 1884 5328 :
1918 5273 2061 5328 Pau-

467 5360 556 5416 lus
579 5360 710 5417 dicit
724 5379 738 5416 :
751 5363 871 5418 Non
899 5363 1083 5418 solum
1095 5361 1189 5434 qui
1197 5363 1444 5432 faciunt,
1459 5373 1562 5418 seu
1579 5361 1680 5434 qui
1697 5364 2067 5419 consentiunt

471 5451 825 5518 fatientibus,
847 5450 1006 5522 digni
1019 5454 1155 5506 sunt
1166 5451 1344 5506 morte
1356 5449 1534 5520 (Rom.
1551 5465 1590 5517 ι,
1604 5449 1716 5522 32),
1732 5449 1835 5506 iste
1845 5450 2063 5524 iniquos

469 5540 714 5596 coerceri
741 5555 853 5596 non
881 5537 1026 5595 sinit.
1056 5539 1211 5596 Unde
1233 5545 1285 5595 et
1314 5537 1574 5595 Dominus
1603 5555 1705 5612 per
1722 5540 2067 5597 Psalmistam

2143 4566 2341 4636 gerint
2397 4565 2704 4634 sanctuarii,
2740 4565 2809 4620 ad
2845 4567 3111 4622 Joannem
3170 4567 3487 4637 episcOpum
3546 4565 3762 4620 Carali-

2160 4662 2302 4710 tana:
2332 4653 2563 4709 civitatis
2591 4653 2781 4710 scribit
2813 4670 2825 4708 :
2865 4675 2886 4705 α
2923 4653 2999 4720 Si,
3033 4654 3305 4726 inquiens,
3341 4655 3410 4710 de
3439 4654 3644 4726 quibus
3680 4662 3767 4709 est

2162 4742 2409 4816 qumstio,
2442 4743 2512 4798 ad
2541 4742 2832 4798 ecclesiam
2879 4741 3112 4798 fortasse
3145 4742 3460 4814 refugerint,
3495 4742 3570 4798 ita
3600 4742 3770 4798 debet

2161 4847 2328 4888 causa
2355 4831 2590 4904 disponi,
2624 4837 2682 4886 ut
2710 4847 2812 4888 nec
2841 4831 2946 4904 ipsi
2999 4831 3308 4889 violentiam
3336 4831 3626 4904 patiantur,
3661 4846 3769 4887 nec

2159 4921 2216 4976 hi
2272 4921 2364 4993 qui
2419 4921 2674 4977 dicuntur
2729 4921 2982 4992 oppressi
3007 4919 3208 4976 damna
3239 4920 3556 4976 sustineant.
3603 4920 3764 4976 Curae

2161 5025 2297 5082 ergo
2325 5017 2519 5064 vestrm
2563 5009 2650 5074 sit,
2683 5017 2741 5062 ut
2762 5009 2841 5064 eis
2873 5017 3219 5066 sacramento
3277 5010 3346 5064 ab
3402 5009 3486 5064 his
3527 5025 3760 5081 quorum

2159 5099 2406 5165 interest,
2439 5097 2507 5153 de
2535 5098 2806 5154 servanda
2853 5097 2978 5172 lege
3017 5107 3069 5154 et
3095 5099 3302 5167 justitia
3330 5098 3669 5170 promittant,
3704 5105 3760 5152 et

2160 5205 2262 5260 per
2289 5187 2470 5243 omnia
2525 5196 2972 5244 commoueantur
3019 5189 3188 5255 exire,
3223 5195 3385 5260 atque
3415 5202 3638 5242 suorum
3668 5202 3763 5243 ac-

2162 5285 2313 5332 tuum
2342 5277 2574 5331 reddere
2604 5277 2892 5333 rationem.
2916 5297 2938 5327 ι

2235 5367 2382 5429 Haec,
2417 5366 2623 5421 domini
2672 5375 2724 5422 et
2762 5365 2979 5432 fratres,
3040 5373 3286 5439 rogatus,
3319 5365 3476 5422 vobis
3534 5364 3763 5420 audien-

2162 5455 2326 5521 tibus,
2357 5471 2388 5509 a
2419 5455 2792 5527 suprascripto
2809 5453 3106 5510 venerabili
3128 5455 3517 5511 consacerdote
3546 5461 3758 5520 nostro,

2165 5543 2450 5616 sapientia:
2477 5553 2670 5602 vestrae
2700 5543 2928 5616 deposui
2963 5560 2976 5598 :
3021 5561 3143 5616 quae
3174 5545 3221 5600 si
3246 5544 3324 5601 illi
3357 5543 3426 5598 ad
3445 5543 3760 5616 interroga-
