4026 6304
207 237 300 289 161

1703 234 2078 292 ΕΡΙΒΤΟΙΛΕ.

3416 243 3517 298 168

194 356 400 413 tionem
430 371 594 412 suam
621 371 735 412 non
763 355 1014 414 videntur
1056 356 1327 428 sufﬁcere,
1359 357 1516 429 plura
1544 357 1672 415 hinc
1699 374 1805 431 po-
1834 360 1888 422 A
1909 376 2138 432 quaeque
2185 367 2363 415 utrum
2408 360 2731 432 probabilia,
2777 370 2867 416 aut
2912 379 3012 434 per
3053 363 3431 420 auctoritatem
3460 372 3514 420 et

188 446 312 502 terit
340 445 399 500 in
430 453 750 502 sanctorum
787 445 1000 520 paginis
1043 445 1268 520 legere,
1305 454 1355 502 et
1385 462 1418 502 a
1447 455 1636 503 nostra
1679 463 1800 502 me-

190 534 478 591 diocritate
507 535 563 590 in
594 535 956 591 solutionibus
973 536 1354 607 quaestionum,
1392 536 1460 591 de
1492 536 1688 608 quibus
1732 536 1800 590 ab

190 622 309 678 aliis
335 622 717 695 interrogatus
743 640 884 692 sum,
916 624 1192 681 vicesimae
1221 625 1496 693 secundae,
1529 632 1583 681 et
1610 624 1799 682 vicesi-

189 727 288 767 mae
319 719 536 768 octava:
563 711 727 768 latius
756 713 1022 769 invenire.

257 799 538 869 Quoniam
567 801 790 874 quidem
809 818 975 874 supra
995 801 1350 874 chirographi
1370 819 1561 876 regum
1590 811 1804 860 nostro-

190 905 304 945 rum
349 891 682 946 memoriam
731 889 853 958 feci,
887 907 1009 964 quae
1039 891 1107 946 de
1137 892 1223 946 his
1253 891 1455 946 ibidem
1505 891 1802 948 constituta

191 986 312 1034 sunt
332 978 422 1034 hic
456 978 780 1035 subnectere
807 980 1090 1051 procuravi
1113 981 1381 1054 (Capitut.
1408 981 1595 1037 Caroli
1618 981 1794 1048 Calui,

193 1067 264 1122 tit.
299 1070 353 1135 8,
387 1081 438 1123 c.
474 1069 530 1138 4)
563 1085 577 1121 :
615 1089 637 1118 α
672 1067 744 1122 Et
769 1067 896 1140 quia
925 1085 1026 1140 per
1053 1085 1225 1142 vagos
1257 1076 1309 1124 et
1337 1069 1620 1142 tyrannica
1661 1085 1798 1126 con-

193 1155 476 1211 suetudine
517 1155 887 1212 irreverentes
932 1157 1185 1214 homines
1223 1173 1331 1229 pax
1360 1165 1412 1212 et
1439 1158 1594 1230 quies
1643 1158 1798 1229 regni

191 1243 503 1316 perturbari
551 1244 708 1312 solet,
750 1245 998 1300 volumus
1044 1254 1102 1301 ut
1146 1245 1217 1302 ad
1267 1263 1646 1318 quemcunque
1695 1263 1798 1302 no-

191 1341 360 1389 strum
389 1333 516 1388 talis
547 1333 774 1400 venerit,
807 1341 867 1389 ut
895 1335 964 1390 de
992 1335 1078 1390 his
1128 1351 1248 1408 quae
1293 1335 1406 1409 egit
1452 1335 1716 1391 rationem
1745 1343 1799 1390 et

184 1422 450 1491 justitiam
498 1421 882 1494 subterfugere
927 1439 1037 1478 non
1080 1424 1275 1495 possit,
1323 1440 1485 1480 nemo
1525 1441 1592 1480 ex
1639 1424 1798 1480 nobis

189 1510 337 1566 illum
365 1511 438 1566 ad
467 1511 616 1566 aliud
642 1511 867 1584 recipiat
895 1512 982 1568 vel
1009 1513 1260 1583 retineat,
1282 1513 1388 1568 nisi
1408 1521 1464 1568 ut
1495 1514 1563 1569 ad
1593 1522 1798 1570 rectam

186 1600 451 1655 rationem
482 1607 536 1656 et
563 1600 805 1656 debitam
851 1601 1287 1658 emendationem
1329 1603 1662 1674 perducatur
1693 1620 1707 1656 :
1743 1611 1796 1657 et

1903 449 2172 504 rationem
2203 449 2570 521 improbanda
2601 449 2727 517 sint,
2759 451 3010 507 catholici
3037 453 3257 508 lectoris
3299 453 3509 522 judicio

1902 537 2244 610 derelinquo.
2298 539 2552 609 Loquens
2599 538 2864 594 Dominus
2911 541 2980 596 de
3014 541 3218 610 judicio
3263 543 3410 614 quod
3453 543 3510 596 in

1905 627 2145 682 secundo
2175 627 2412 682 adventu
2440 643 2538 683 suo
2568 635 2651 683 est
2695 626 2938 684 futurum
2973 646 3072 700 per
3113 629 3317 702 ignem,
3350 647 3508 687 com-

1901 715 2224 772 memoravit
2273 715 2406 770 illud
2455 717 2604 788 quod
2649 716 2882 788 primum
2923 734 3024 788 per
3067 735 3264 789 aquam
3311 718 3509 775 factum

1901 812 1984 859 est
2016 821 2028 860 :
2060 805 2238 872 Sicut,
2269 804 2539 876 inquiens,
2571 808 2794 876 factum
2821 809 2908 862 est
2934 807 2999 862 in
3029 807 3219 862 diebus
3249 807 3376 874 Noe,
3424 809 3506 864 ita

1902 895 2014 949 erit
2043 897 2099 948 et
2129 895 2193 948 in
2221 893 2311 949 die
2339 894 2478 962 ﬁliis
2503 895 2748 951 hominis
2771 895 2993 965 (Matth.
3016 910 3178 964 xxiv,
3203 895 3316 967 37).
3339 896 3408 950 Et
3427 911 3508 950 re-

1901 980 2082 1037 ferens
2114 981 2261 1054 quod
2289 998 2388 1054 per
2413 982 2602 1055 ignem
2632 983 2926 1038 Sodomam
2965 983 3314 1053 judicaverit,
3349 983 3508 1038 simi-

1899 1070 2045 1138 liter,
2094 1070 2287 1142 inquit,
2319 1071 2472 1127 sicut
2498 1074 2724 1143 factum
2754 1076 2838 1128 est
2869 1074 2932 1128 in
2969 1073 3160 1128 diebus
3205 1075 3306 1128 Lot
3347 1072 3507 1142 (Luc.

1899 1174 2048 1226 xvn,
2099 1160 2209 1229 28).
2264 1159 2499 1216 Solertia
2547 1160 3000 1228 Christianitatis,
3067 1161 3208 1216 inter
3272 1169 3394 1217 acta
3457 1167 3514 1216 et

1899 1247 2113 1320 agenda
2154 1247 2362 1318 judicia
2411 1249 2788 1320 consistentis,
2840 1266 2906 1305 ex
2951 1250 3176 1322 antiquo
3225 1250 3402 1306 sanxit
3459 1257 3514 1305 et

1900 1335 2268 1409 frequentavit
2306 1337 2570 1408 judicium
2615 1339 2760 1410 quod
2790 1337 2846 1392 tit
2875 1355 2976 1410 per
3007 1355 3223 1411 aquam,
3257 1340 3514 1412 quodque

1901 1423 2001 1477 sub
2045 1424 2164 1478 Noe
2207 1421 2408 1478 factum
2440 1421 2616 1478 fuerat
2643 1423 2701 1478 in
2731 1439 2857 1480 arca
2895 1422 3042 1489 fidei,
3077 1423 3322 1478 liberans
3349 1426 3512 1480 inno-

1899 1518 2088 1567 centes
2116 1519 2170 1566 et
2201 1512 2573 1568 condemnans
2601 1511 2812 1568 noxios.
2848 1513 2911 1567 In
2939 1512 3115 1585 ignita
3143 1520 3326 1568 autem
3345 1529 3506 1585 aqua,

1901 1601 2037 1656 sicut
2068 1599 2270 1656 factum
2313 1609 2395 1656 est
2441 1601 2542 1656 sub
2572 1601 2670 1656 Lot
2697 1601 2753 1656 in
2783 1601 2930 1674 igne,
2967 1609 3020 1656 et
3048 1599 3290 1658 ﬂendum
3319 1601 3376 1656 in
3405 1602 3507 1656 ad-

190 1687 235 1743 si
262 1688 534 1744 rationem
581 1698 791 1746 rectam
837 1689 1243 1763 subterfugerit,
1295 1707 1487 1746 omnes
1534 1691 1590 1746 in
1639 1707 1796 1747 com-
1827 1697 2066 1780 Bventu
2113 1689 2232 1744 Filii
2280 1689 2536 1756 hominis,
2593 1691 2754 1745 Petro
2799 1697 3108 1758 attestante,
3157 1689 3270 1762 qui,
3321 1689 3450 1746 dicit
3493 1707 3505 1746 :

191 1792 374 1844 mune,
406 1776 464 1832 in
494 1777 649 1847 cujus
679 1794 911 1852 regnum
941 1779 1170 1846 venerit,
1204 1779 1356 1834 illum
1381 1796 1792 1852 persequamur,

192 1865 366 1922 donec
395 1873 492 1922 aut
522 1865 592 1922 ad
621 1867 886 1924 rationem
905 1867 1258 1940 perducatur,
1283 1876 1374 1923 aut
1401 1869 1470 1924 de
1500 1884 1674 1940 regno
1704 1869 1800 1925 de—

191 1954 380 2011 leatur.
427 1954 688 2011 Similiter
717 1963 768 2010 et
797 1956 866 2011 de
895 1971 960 2012 eo
991 1957 1263 2030 agendum
1295 1965 1396 2022 est,
1431 1957 1525 2030 qui
1552 1974 1651 2029 pro
1697 1958 1800 2012 ali-

194 2059 300 2116 quo
345 2043 568 2114 capitali
595 2051 648 2099 et
676 2044 895 2116 publico
938 2045 1166 2101 crimine
1193 2061 1224 2100 a
1255 2045 1496 2118 quolibet
1542 2046 1800 2118 episcopo

192 2131 507 2204 corripitur,
540 2131 628 2188 vel
657 2133 1174 2203 excommunicatur,
1210 2142 1301 2190 aut
1329 2143 1452 2191 ante
1481 2151 1800 2190 excommu-

193 2220 526 2276 nicationem
574 2220 784 2278 crimen
827 2221 1054 2288 faciens,
1087 2239 1318 2294 regnum
1362 2231 1416 2278 et
1459 2223 1608 2297 regis
1654 2223 1802 2297 regi-

190 2325 314 2366 men
345 2317 541 2378 mutat,
575 2326 644 2366 ne
673 2310 909 2366 debitam
957 2311 1329 2382 paenitentiam
1377 2312 1656 2384 suscipiat,
1707 2321 1802 2368 aut

193 2407 510 2472 susceptam
563 2398 809 2470 legitimc
847 2408 1076 2473 peragat
1123 2419 1136 2454 :
1186 2401 1457 2456 interdum
1503 2400 1666 2457 etiam
1716 2401 1802 2456 in-

189 2494 396 2544 cestam
440 2487 807 2560 propinquam
853 2504 1028 2556 suam,
1063 2496 1154 2544 aut
1174 2489 1662 2556 sanctimonialem,
1712 2490 1799 2546 vel

191 2583 417 2648 raptam,
453 2576 568 2632 sive
607 2575 932 2644 adulteram,
983 2593 1148 2650 quam
1192 2577 1304 2634 illic
1347 2577 1398 2634 ei
1443 2593 1553 2634 non
1601 2578 1801 2634 licebat

191 2665 414 2730 habere,
463 2663 682 2738 fugiens
726 2680 910 2722 secum
953 2666 1118 2722 ducit.
1168 2667 1270 2722 Hic
1317 2666 1458 2734 talis,
1509 2683 1632 2724 cum
1679 2667 1800 2738 epi-

190 2767 408 2824 scOpus,
469 2752 542 2808 ad
601 2753 754 2822 cujus
799 2770 986 2810 curam
1031 2755 1339 2827 pertinebit,
1399 2755 1557 2812 nobis
1613 2763 1801 2811 notum

189 2839 396 2909 fecerit,
430 2840 730 2914 diligenter
776 2842 1142 2914 perquiratur,
1193 2860 1263 2899 ne
1310 2843 1557 2899 morandi
1585 2843 1675 2900 vel
1711 2844 1801 2899 la-

191 2929 337 2987 tendi
381 2929 566 2986 locum
613 2929 668 2984 in
721 2947 892 3002 regno
939 2931 1169 3001 alicujus
1226 2940 1472 2988 nostrum
1519 2932 1799 3004 inveniat,

192 3025 242 3074 et
272 3018 370 3074 Dei
405 3033 471 3074 ac
500 3025 720 3074 nostros
768 3018 958 3075 ﬁdeles
1007 3036 1106 3074 suo
1152 3021 1346 3076 morbo
1390 3020 1610 3091 inficiat,
1643 3021 1740 3077 sed
1769 3037 1800 3076 a

191 3106 369 3174 nobis,
401 3105 491 3162 vel
515 3122 619 3179 per
664 3105 945 3164 ministros
1003 3107 1318 3180 reipublicae
1373 3079 1795 3182 constringatur,
1829 3079 1878 3142 θ’

193 3201 245 3252 et
286 3203 345 3250 ut
395 3194 559 3250 simul
613 3211 740 3252 cum
795 3195 1070 3252 diabolica
1123 3199 1330 3268 praeda,
1393 3214 1556 3271 quam
1613 3214 1799 3254 secum

194 3284 359 3351 duxit,
389 3285 462 3340 ad
491 3283 808 3356 episcopum
853 3301 1010 3340 suum
1053 3287 1262 3352 redeat,
1295 3293 1348 3342 et
1377 3287 1446 3342 de
1475 3302 1800 3359 quocunque

195 3373 420 3429 crimine
448 3373 668 3444 publico
699 3373 935 3430 debitam
973 3375 1346 3446 pcenitentiam
1395 3375 1675 3448 suscipiat,
1707 3382 1800 3430 aut

195 3469 502 3534 susceptam
530 3461 774 3536 legitime
803 3478 1075 3537 peragere
1105 3464 1482 3537 compellatur.
1519 3485 1542 3516 »

717 3613 1058 3670 EPISTOLA
1088 3615 1266 3670 XXV.

374 3745 452 3788 AD
489 3745 874 3788 HILDEGARIUM
909 3746 1216 3788 EPISCOPUM
1253 3747 1608 3789 MELDENSEM.

603 3849 683 3904 De
703 3847 926 3920 judicio
955 3864 1114 3920 aqua:
1139 3849 1382 3920 frigidae.

233 3985 252 3998 ι
297 3962 461 4020 (Apud
483 3961 735 4018 eumdem,
757 3972 818 4009 ex
836 3962 1011 4010 codice
1037 3965 1084 4010 S.
1111 3961 1322 4019 Remigii
1358 3961 1687 4017 Rhemensis.)

263 4081 594 4136 ancxanus
641 4081 972 4137 Rhemorum
1021 4080 1330 4152 episcopus,
1361 4096 1426 4136 ac
1471 4081 1646 4152 plebis
1695 4079 1794 4136 Dei

194 4167 445 4236 famulus,
497 4169 698 4225 dilecto
748 4169 900 4225 fratri
930 4185 995 4226 ac
1011 4169 1310 4226 venerabili
1357 4169 1616 4242 episcopo
1664 4170 1794 4224 H11.-

200 4273 443 4314 DBGARIO
473 4258 726 4314 salutem.

262 4347 404 4403 Dum
454 4345 944 4417 confabularemur,
978 4355 1030 4402 et
1057 4346 1197 4402 inter
1225 4363 1326 4402 nos
1353 4346 1421 4401 de
1468 4346 1793 4418 quibusdam

1903 1778 2054 1847 Quod
2072 1779 2197 1834 caeli
2215 1783 2385 1834 erant
2393 1779 2556 1852 prius
2573 1782 2630 1835 et
2648 1783 2820 1848 terra,
2843 1779 2910 1834 de
2926 1796 3090 1852 aqua,
3115 1783 3171 1835 et
3186 1795 3290 1852 per
3304 1796 3510 1852 aquam

1900 1869 2216 1925 consistens
2265 1870 2366 1924 Dei
2419 1868 2596 1934 verba,
2643 1885 2748 1941 per
2795 1885 2916 1941 qua:
2948 1869 3048 1924 ille
3079 1871 3216 1925 tunc
3263 1868 3512 1924 mundus

1901 1974 2046 2030 aqua
2075 1957 2395 2012 inundatus
2443 1958 2639 2029 periit.
2677 1957 2810 2012 Caeli
2837 1961 3031 2012 autem
3063 1959 3161 2030 qui
3187 1973 3344 2013 nunc
3371 1959 3529 2012 sunt-

1905 2050 1964 2101 et
1994 2050 2168 2113 terra,
2201 2046 2390 2102 eodem
2421 2046 2602 2112 verbo,
2633 2046 2866 2118 repositi
2894 2037 3054 2116 sunt,
3085 2047 3207 2118 igni
3235 2047 3512 2102 reservati

1903 2135 1968 2189 in
1999 2135 2149 2190 diem
2171 2135 2382 2207 judicii
2412 2138 2467 2191 et
2495 2134 2830 2207 perditionis
2868 2137 3175 2208 impiorum
3217 2135 3514 2191 hominum

1903 2223 1979 2294 (II
2005 2226 2156 2279 Petr.
2193 2239 2274 2290 ιιι,
2307 2225 2393 2295 5);
2438 2231 2623 2294 aperte
2671 2223 2874 2280 docens
2920 2223 3050 2296 quia
3093 2240 3204 2279 non
3247 2223 3337 2278 alii
3387 2221 3513 2280 cmli

1901 2319 2024 2366 sunt
2071 2311 2200 2384 igne
2245 2311 2493 2384 perituri,
2545 2328 2708 2384 quam
2739 2313 2832 2385 qui
2860 2329 3005 2385 aqua
3039 2312 3259 2384 perditi,
3290 2314 3396 2368 hoc
3425 2319 3510 2366 est

1900 2399 2086 2455 inania
2111 2401 2229 2456 haec
2257 2408 2311 2455 et
2338 2401 2590 2456 nubilosa
2638 2400 2850 2456 ventosi
2897 2400 3042 2455 aeris
3093 2399 3284 2471 spatia.
3317 2401 3510 2470 Neque

1903 2489 2048 2544 enim
2097 2505 2236 2560 aqua
2283 2489 2486 2556 diluvii,
2535 2505 2656 2560 quae
2701 2487 3010 2560 quindecim
3059 2495 3268 2544 tantum
3313 2487 3510 2544 cubitis

1901 2577 2167 2632 montium
2197 2577 2484 2633 cacumina
2523 2576 2752 2645 transiit,
2802 2577 2946 2632 ultra
2991 2577 3138 2632 aeris
3183 2575 3512 2648 aatherisque

1902 2664 2140 2723 confinia
2166 2665 2483 2737 pervenisse
2512 2665 2790 2722 credenda
2819 2673 2921 2722 est.
2957 2664 3298 2738 Quocunque
3327 2673 3510 2720 autem

1900 2754 2186 2826 pervenire
2242 2753 2446 2826 potuit,
2509 2770 2576 2810 eo
2627 2753 2918 2820 nimirum,
2983 2754 3137 2823 juxta
3225 2753 3508 2825 praefatam

1901 2843 2048 2900 beati
2079 2843 2222 2899 Petri
2251 2842 2577 2900 sententiam
2607 2851 2660 2898 et
2677 2842 2824 2917 ignis
2845 2843 3036 2912 judicii
3063 2843 3363 2914 perveniet.
3399 2842 3510 2898 Sed

1901 2931 2025 3004 quia
2041 2933 2299 3004 scriptum
2313 2939 2394 2988 est
2415 2950 2430 2988 :
2456 2933 2665 2989 Centum
2683 2935 2738 2988 et
2757 2936 2913 2988 terra
2931 2932 3262 2988 transibunt
3281 2931 3502 3004 (Matth.

1900 3037 2063 3087 xxiv,
2097 3021 2223 3093 35);
2259 3029 2311 3076 et
2341 3021 2536 3076 iterum
2567 3037 2580 3076 :
2620 3023 2786 3077 Terra
2817 3037 2943 3077 vero
2973 3023 3040 3076 in
3067 3025 3349 3077 arternum
3389 3023 3508 3076 stat

1904 3110 2110 3181 (Eccle.
2145 3126 2183 3177 ι,
2217 3111 2290 3181 4),
2326 3109 2612 3166 sciendum
2643 3117 2727 3164 est
2764 3109 2891 3180 quia
2932 3109 3132 3165 caelum
3159 3116 3213 3164 et
3241 3117 3380 3164 terra
3406 3123 3508 3180 per

1903 3215 2026 3254 eam
2051 3215 2214 3269 quam
2261 3214 2408 3254 nunc
2454 3199 2658 3253 habent
2700 3197 2995 3271 imaginem
3025 3204 3332 3266 transeunt,
3364 3204 3506 3254 atta-

1899 3304 2026 3342 men
2041 3303 2140 3359 per
2155 3287 2448 3354 essentiam
2471 3285 2588 3342 sine
2606 3283 2712 3342 fine
2735 3286 3056 3342 subsistunt.
3074 3288 3508 3343 Prwteritenim

1899 3377 2082 3449 ﬁgura
2111 3377 2281 3448 hujus
2316 3376 2522 3432 mundi
2543 3376 2593 3448 (Ι
2613 3377 2734 3434 Cor.
2759 3391 2856 3446 vn,
2881 3375 2994 3447 31),
3019 3379 3075 3431 et
3097 3379 3286 3444 erunt,
3311 3373 3505 3446 inquit,

1900 3467 2103 3522 cretum
2129 3481 2338 3521 novum
2369 3468 2427 3520 et
2457 3469 2612 3521 terra
2656 3481 2831 3532 nova;
2863 3480 2986 3536 quae
3017 3465 3237 3536 quidem
3267 3479 3376 3519 non
3405 3463 3508 3518 alia

1898 3554 2185 3611 condenda
2203 3561 2347 3624 sunt,
2371 3554 2469 3609 sed
2487 3555 2606 3610 haec
2627 3553 2748 3624 ipsa
2774 3553 3198 3610 renovabuntur.
3221 3553 3508 3610 Transient

1899 3651 1952 3698 et
1981 3643 2394 3714 permanebunt,
2446 3642 2705 3715 quoniam
2734 3643 2804 3698 ab
2837 3657 2903 3698 ea
2933 3642 3116 3714 specie
3159 3659 3322 3714 quam
3361 3657 3508 3698 nunc

1897 3731 2098 3788 habent
2139 3739 2439 3806 tergentur,
2473 3739 2526 3788 et
2555 3731 2612 3787 in
2661 3747 2762 3787 sua
2810 3748 3028 3803 semper
3073 3738 3270 3788 natura
3314 3747 3506 3788 serva-

1897 3820 2114 3876 buntur.
2165 3821 2319 3876 Unde
2368 3821 2630 3892 scriptum
2675 3829 2757 3878 est
2788 3839 2801 3876 :
2838 3823 3074 3878 Mutabis
3105 3837 3189 3889 ea,
3223 3823 3280 3878 et
3307 3825 3504 3878 muta—

1897 3909 2111 3965 buntur
2139 3909 2319 3979 (Psal.
2354 3925 2426 3976 cr,
2457 3910 2570 3982 2'7).

1968 3997 2314 4070 Quapropter
2342 3997 2458 4054 fieri
2503 4016 2698 4071 aquam
2744 3998 2990 4072 ignitam,
3021 3998 3090 4056 ad
3121 3999 3238 4056 haec
3268 3999 3376 4056 duo
3405 4015 3503 4057 co-

1893 4086 2080 4158 pulata
2129 4087 2186 4140 in
2233 4103 2402 4142 unum
2445 4087 2758 4160 indaganda
2801 4087 3024 4156 judicia,
3073 4089 3209 4143 illud
3255 4089 3506 4145 videlicet

1897 4176 2043 4246 quod
2065 4175 2179 4244 jam
2209 4192 2310 4244 per
2338 4191 2536 4246 aquam
2585 4174 2784 4230 factum
2834 4184 2936 4241 est,
2969 4183 3020 4230 et
3049 4176 3184 4230 illud
3213 4178 3359 4246 quod
3406 4194 3504 4248 per

1894 4265 2080 4334 ignem
2122 4262 2363 4318 ﬂendum
2394 4270 2494 4329 est,
2531 4262 2656 4318 licet
2687 4263 2796 4317 sint
2831 4279 2932 4334 pro
2975 4270 3280 4334 temporum
3321 4265 3500 4320 varie-

1895 4359 2006 4406 tate
2052 4351 2313 4423 disparia,
2349 4353 2447 4407 sed
2475 4369 2642 4407 unum
2672 4359 2794 4407 sunt
2837 4351 3175 4424 operationis
3216 4353 3498 4426 mysterio,

199 4452 583 4508 quaereremus,
635 4452 818 4491 sermo
865 4436 1081 4491 habitus
1127 4443 1210 4490 est
1265 4436 1334 4491 de
1380 4435 1586 4505 judicio
1643 4438 1952 4508 aqumDin
1981 4441 2178 4513 quibus
2210 4441 2382 4497 sancti
2411 4441 2714 4498 liberantur
2733 4441 2908 4510 illaesi,
2942 4451 2995 4499 et
3023 4441 3240 4514 reprobi
3267 4443 3502 4514 puniun-

203 4523 433 4597 frigidae,
468 4525 538 4580 de
571 4541 679 4596 quo
707 4525 991 4580 Rabanum
1033 4523 1400 4580 venerabilem
1443 4525 1812 4596 archiepisco-

197 4629 321 4684 pum
348 4613 687 4685 Moguntinaa
726 4613 956 4670 civitatis
1001 4613 1247 4686 quaedam
1292 4613 1580 4685 scripsisse
1607 4614 1807 4678 dixisti,

200 4717 262 4758 ex
287 4703 444 4774 cujus
483 4701 700 4773 scriptis
747 4703 874 4775 quid
923 4703 1056 4758 mihi
1085 4702 1358 4759 videretur
1399 4703 1662 4758 sciscitari
1711 4721 1810 4759 cu—

199 4794 345 4848 rasti.
397 4792 558 4848 Unde
604 4791 744 4846 inter
785 4791 892 4847 alia
921 4801 972 4846 et
1004 4808 1090 4848 me
1135 4792 1424 4864 scripsisse
1471 4793 1538 4847 ad
1577 4793 1810 4849 interro-

198 4881 478 4950 gationem
520 4879 751 4936 fratrum
797 4897 859 4936 ac
907 4881 1356 4953 coepiscoporum
1404 4889 1712 4938 nostrorum
1741 4883 1810 4938 de

197 4984 369 5044 regno
427 4969 704 5042 quondam
758 4969 993 5038 junioris
1056 4970 1298 5026 Lotharii
1362 4970 1456 5026 tibi
1514 4971 1807 5043 reSpondi,

197 5075 312 5129 qua:
340 5075 408 5114 ex
442 5057 663 5129 scriptis
694 5059 896 5114 nostris
937 5059 1113 5130 excipi
1145 5067 1196 5114 et
1225 5059 1322 5114 tibi
1363 5059 1654 5115 transmitti
1691 5076 1810 5116 ma-

200 5162 444 5219 gnopere
470 5146 776 5220 postulasti.
811 5149 878 5202 Et
907 5147 1028 5221 quia
1059 5149 1319 5220 scriptum
1351 5158 1432 5206 est
1467 5168 1480 5206 :
1518 5151 1684 5206 Omni
1713 5166 1810 5223 pe-

205 5239 346 5293 tenti
385 5241 440 5293 te
479 5236 574 5308 da,
617 5240 675 5293 et
709 5237 922 5294 volenti
961 5239 1222 5295 mutuari
1251 5243 1370 5296 ate
1407 5257 1479 5295 ne
1527 5240 1806 5296 averteris

204 5325 420 5394 (Matth.
455 5341 514 5394 v,
551 5325 662 5396 42),
696 5343 815 5398 quae
845 5327 1027 5398 petisti
1073 5327 1144 5384 de
1192 5327 1640 5399 responsionibus
1685 5329 1804 5384 exi-

201 5415 420 5486 guitatis
449 5423 655 5472 nostrae
685 5416 753 5470 ad
782 5415 1234 5488 interrogationes
1281 5415 1664 5488 praedictorum
1691 5417 1804 5474 fra-

203 5518 339 5569 trum
384 5520 699 5572 nostrorum
740 5522 992 5588 excerpta
1021 5523 1127 5574 tuae
1155 5513 1432 5573 dilectioni
1478 5516 1798 5588 transmitto,

1909 4537 1998 4585 tur
2025 4531 2248 4599 addicti,
2279 4531 2560 4598 Ecclesiae,
2596 4549 2760 4604 quam
2789 4533 3094 4604 designavit
3123 4549 3254 4588 arca
3297 4531 3503 4599 diluvii,

1909 4620 2144 4676 creditur
2209 4621 2498 4678 tradidisse
2563 4623 2893 4690 auctoritas,
2961 4638 3082 4692 qum
3149 4620 3312 4675 etiam
3375 4621 3505 4678 inde

1909 4709 2084 4765 sanxit
2113 4717 2169 4764 ut
2199 4727 2356 4782 aquae
2403 4709 2743 4782 baptismatis
2788 4709 2955 4765 halitu
3001 4708 3327 4763 sacerdotali
3369 4725 3502 4767 san-

1909 4806 2028 4854 ctus
2049 4798 2348 4854 insuﬂletur
2369 4799 2622 4872 Spiritus,
2649 4799 2740 4871 qui
2759 4799 2900 4854 inter
2920 4797 3041 4866 ipsa
3059 4797 3247 4852 mundi
3267 4799 3504 4870 primor-

1908 4887 1998 4942 dia
2044 4887 2320 4944 ferebatur
2366 4906 2528 4961 super
2572 4904 2762 4958 aquas.
2815 4887 2882 4940 Ut
2917 4885 3034 4955 jam
3078 4893 3207 4943 tunc
3251 4889 3502 4945 virtutem

1909 4975 2352 5033 sanctificationis
2382 4992 2646 5050 aquarum
2676 4981 2870 5028 natura
2915 4975 3245 5048 conciperet,
3297 4985 3349 5034 et
3397 4995 3504 5050 quo

1907 5065 2104 5138 rubigo
2134 5065 2376 5124 omnium
2407 5063 2721 5135 excoquitur
2739 5071 3108 5134 peccatorum,
3131 5066 3276 5122 cerei
3296 5066 3504 5123 lumine

1907 5155 2243 5213 sanctificato
2271 5155 2485 5212 accensi
2515 5169 2547 5208 a
2574 5152 2696 5208 loco
2729 5160 3018 5210 teneantur
3043 5155 3294 5224 immissi,
3325 5157 3504 5213 donec

1907 5245 2151 5314 ejusdem
2183 5245 2344 5300 fontis
2373 5244 2709 5300 consecratio
2737 5244 3096 5315 compleatur,
3129 5262 3228 5316 per
3255 5262 3382 5301 eum
3409 5246 3504 5318 qui

1905 5334 2152 5390 nocentis
2178 5332 2365 5386 mundi
2393 5330 2622 5386 crimina
2650 5349 2750 5404 per
2777 5350 2945 5404 aquas
2987 5333 3232 5401 abluens,
3263 5350 3501 5407 regene-

1904 5421 2131 5478 rationis
2179 5419 2420 5491 speciem
2447 5419 2506 5474 in
2533 5421 2653 5494 ipsa
2697 5421 2884 5478 diluvii
2930 5421 3194 5479 ell'usione
3243 5423 3517 5494 signavit,.

1903 5525 1962 5573 ut
2013 5517 2173 5573 unius
2229 5517 2584 5590 eiusdemque
2640 5515 2895 5577 elementi
2949 5517 3238 5590 mysterio,
3277 5525 3330 5574 et
3379 5515 3502 5574 ﬁnis
