4072 6294
505 263 606 316 163

1531 257 1874 316 HINCMARI
1912 253 2313 317 RHEMENSIS
2349 259 2898 320 ARCHIEPISCOPI.

3711 262 3823 320 164

505 390 653 440 esset
702 381 874 450 vitiis,
917 388 972 438 et
1009 383 1168 456 origo
1215 382 1542 450 virtutibus,
1592 384 1792 457 quique
1843 393 2104 440 venturus
2133 383 2472 444 AHebraaos
2498 403 2598 458 per
2624 403 2778 443 mare
2808 387 3074 454 Rubrum,
3124 385 3452 458 respiciente
3491 387 3726 445 Domino
3757 389 3822 444 in

503 479 587 527 est
609 471 856 541 judicare
877 470 1032 528 vivos
1065 479 1116 528 et
1143 479 1407 540 mortuos,
1433 479 1484 528 et
1505 473 1762 528 saeculum
1782 489 1882 545 per
1901 473 2106 546 ignem.

504 558 643 629 Quia
670 559 728 614 in
755 560 950 616 eodem
978 560 1328 632 baptismate,
1361 561 1417 616 in
1445 577 1554 634 quo
1583 561 1868 635 signanter
1894 565 2111 635 Moyses

499 649 766 720 prepheta
794 649 1004 722 lignum
1034 649 1185 705 velut
1213 648 1270 704 in
1300 651 1580 721 myrrhato
1611 650 1758 706 fonte
1785 651 2033 718 miserat,
2060 659 2112 706 et

498 737 817 794 dulcoratus
847 745 931 794 est
957 738 1156 810 (Exod.
1189 753 1286 804 xv,
1311 739 1426 808 25,)
1447 739 1740 811 praedicata
1766 756 1866 810 per
1895 739 2111 796 Domini

503 827 846 882 sacerdotem
903 826 1187 900 sanguinis
1245 827 1448 882 Christi
1503 843 1698 896 cruce,
1764 836 1878 883 tres
1941 845 2110 883 unum

505 917 650 978 sunt,
683 927 792 966 non
823 919 1044 981 natura,
1079 912 1176 966 sed
1213 911 1544 982 operationis
1585 913 1845 984 mysterio
1865 957 1878 978 ,
1911 912 1966 967 id
1997 920 2105 978 est,

504 999 730 1072 sanguis
773 999 1202 1072 redemptionis,
1255 999 1480 1071 spiritus
1532 1000 2008 1069 sanctiﬁcationis,
2057 1008 2111 1055 et

503 1103 648 1160 aqua
678 1087 882 1145 lavacri
917 1107 930 1143 :
963 1088 1056 1144 ubi
1087 1087 1394 1144 exsuﬁlatus
1425 1097 1478 1144 et
1509 1089 1846 1146 exorcizatus
1875 1089 2110 1144 immun-

503 1176 605 1231 dus
636 1176 854 1248 spiritus
884 1177 991 1232 exit
1020 1177 1092 1232 ab
1123 1177 1362 1244 homine,
1397 1176 1564 1250 ﬁtque
1608 1178 1799 1234 mundi
1822 1177 2106 1248 judicium,

504 1272 558 1320 et
598 1265 857 1337 princeps
905 1266 1092 1320 mundi
1135 1264 1281 1322 foras
1329 1266 1562 1336 ejicitur,
1593 1275 1646 1323 et
1671 1268 1763 1340 qui
1803 1267 1858 1324 in
1886 1267 2110 1324 veritate

505 1368 617 1410 non
654 1355 816 1420 stetit,
847 1355 1080 1410 mendax
1111 1362 1164 1410 et
1191 1363 1349 1426 pater
1387 1355 1662 1412 mendacii
1691 1371 1724 1411 a
1749 1355 1976 1412 veritate
2004 1371 2109 1411 na-

504 1449 639 1498 turae
669 1443 991 1512 secernitur,
1017 1427 1140 1515 quae
1167 1446 1235 1499 ad
1266 1444 1562 1518 imaginem
1584 1445 1686 1500 Dei
1705 1445 1944 1515 condita,
1971 1452 2023 1500 et
2044 1461 2111 1500 ex

504 1546 648 1602 aqua
675 1539 727 1587 et
757 1532 960 1602 Spiritu
1003 1540 1194 1590 sancto
1242 1542 1444 1602 renata,
1477 1533 1546 1589 ad
1579 1551 1738 1589 suum
1783 1533 2112 1590 reformatur

500 1620 856 1692 principium,
898 1637 964 1678 ac
1009 1619 1116 1677 ﬁde
1160 1621 1387 1678 interius
1434 1623 1781 1696 exteriusque
1823 1632 2106 1696 purgatur,

499 1716 552 1765 et
588 1709 657 1764 ab
705 1709 852 1765 omni
908 1709 1171 1782 ﬁgmento
1225 1711 1497 1768 mendacii
1563 1713 1837 1784 totiusque
1893 1712 2182 1802 malitiaeB

497 1797 763 1854 innocens
811 1799 1217 1870 comprobatur.
1259 1799 1368 1854 Sed
1406 1807 1460 1855 et
1498 1800 1544 1854 si
1583 1800 1703 1872 quis
1740 1799 1942 1874 frigida
1981 1808 2103 1856 tan-

497 1894 613 1942 tum
650 1903 807 1960 aqua,
849 1887 937 1943 vel
973 1887 1132 1960 igniti
1181 1889 1552 1961 cujuscunque
1591 1889 1845 1946 elementi
1875 1889 2101 1960 judicio,

501 1974 559 2031 in
575 1984 857 2032 auctorem
894 1984 947 2032 et
985 1977 1408 2050 gubernatorem
1461 1977 1886 2050 elementorum,
1942 1994 2106 2050 quem

503 2063 686 2120 omnia
724 2063 957 2122 ﬁdeliter
991 2065 1302 2122 invocatum
1351 2066 1589 2122 sentiunt
1626 2067 1924 2133 elementa,
1968 2066 2107 2123 sicut

500 2153 558 2209 in
586 2153 762 2226 Moysi
792 2153 950 2226 virga
979 2163 1030 2210 et
1063 2170 1220 2227 aqua:
1249 2155 1306 2210 in
1336 2155 1658 2228 sanguinem
1692 2173 1884 2226 versa},
1918 2163 1971 2212 et
2000 2155 2105 2211 ite-

501 2259 624 2298 rum
665 2243 890 2315 sanguis
928 2243 984 2299 in
1023 2260 1232 2316 aquas,
1274 2252 1328 2300 et
1363 2253 1514 2316 petra
1552 2261 1674 2318 quae
1712 2245 1858 2301 dedit
1907 2260 2108 2316 aquam

503 2331 702 2401 (Exod.
734 2347 834 2400 vn,
866 2337 966 2401 20;
999 2349 1132 2400 xvn,
1161 2335 1238 2405 6),
1263 2341 1317 2389 et
1340 2334 1440 2389 sub
1460 2333 1645 2390 Eliseo
1676 2334 1757 2390 sal
1785 2333 1872 2389 vel
1899 2333 2108 2407 lignum

505 2435 663 2493 aquae
711 2421 1015 2478 immissum
1061 2424 1155 2494 (IV
1195 2425 1319 2496 Reg.
1354 2439 1392 2490 1,
1439 2423 1551 2494 2t),
1603 2423 1930 2478 indubitanti
1974 2421 2100 2492 ﬁde,

503 2526 624 2582 quae
681 2517 764 2566 est
821 2519 1202 2584 argumentum
1258 2527 1368 2568 non
1418 2512 1826 2584 apparentium,
1875 2512 2107 2568 credens

500 2597 618 2653 ﬁeri
647 2599 780 2655 satis
812 2600 914 2654 sibi
958 2600 1283 2668 decreverit,
1334 2601 1467 2655 nihil
1517 2599 1716 2656 diﬁ‘ert.
1750 2603 1796 2656 Α
1828 2617 1933 2673 qua
1963 2601 2108 2656 enim

501 2685 722 2760 frigida,
776 2688 916 2744 sicut
959 2697 1014 2744 et
1049 2689 1106 2744 in
1145 2689 1470 2762 baptismate
1521 2697 1788 2752 sacratur,
1820 2689 1878 2744 in
1905 2689 2108 2746 diluvio

503 2774 710 2831 innoxii
761 2792 886 2832 cum
933 2793 1062 2834 arca
1107 2785 1232 2833 sunt
1279 2778 1349 2833 ad
1399 2778 1599 2834 coelum
1643 2778 1820 2844 levati,
1867 2786 1919 2833 et
1963 2777 2111 2834 noxii

503 2864 724 2935 perditi,
773 2865 1012 2938 igneque
1061 2875 1185 2921 sunt
1230 2866 1522 2922 Sodomitas
1566 2866 1756 2938 puniti.
1787 2868 1856 2922 Et
1881 2866 1936 2921 in
1968 2866 2108 2922 libro

505 2953 738 3008 Numeri
767 2969 906 3026 aqua
932 2954 1152 3028 frigida,
1189 2954 1244 3010 in
1273 2972 1433 3028 quam
1463 2955 1728 3011 Dominus
1759 2954 2108 3026 imprecatio-

505 3057 606 3098 nes
647 3042 808 3112 jussit
853 3042 980 3110 elui,
1028 3044 1222 3100 hausta
1249 3060 1280 3100 a
1308 3045 1539 3100 muliere
1585 3044 1832 3101 adultera
1877 3060 2108 3116 compu-

2211 473 2396 547 vigilia
2417 476 2680 530 matutina
2718 493 2820 548 per
2856 475 3164 532 columnam
3203 475 3348 548 ignis
3377 483 3432 532 et
3459 477 3638 548 nubis,
3675 479 3820 534 sub-

2209 563 2372 618 mersi
2401 565 2505 619 sint
2531 565 2688 637 quasi
2717 565 3002 636 plumbum
3030 565 3087 619 in
3117 566 3275 637 aquis
3296 565 3733 634 vehementibus,
3759 574 3821 622 et

2209 668 2279 706 ne
2307 669 2446 708 unus
2476 653 2694 725 quidem
2724 653 2993 724 superfuit
3021 670 3086 709 ex
3119 653 3198 709 eis
3228 655 3431 724 (Exod.
3462 654 3704 727 xxv,24).
3739 655 3819 710 Et

2210 737 2304 794 ﬁlii
2352 741 2518 796 Israel
2566 758 2726 812 super
2772 742 2922 797 littus
2975 749 3180 797 stantes
3225 742 3478 798 viderunt
3523 743 3818 817 [Egyptios

2207 837 2471 884 mortuos.
2503 831 2570 885 Et
2601 829 2849 886 inﬁdeles
2878 845 2941 886 ac
2982 839 3299 902 peccatores
3347 839 3496 887 terra
3542 831 3820 888 sustinere

2208 933 2318 973 non
2356 918 2546 989 potuit,
2588 919 2804 990 quando
2843 926 3028 990 aperta
3061 927 3143 974 est
3171 927 3223 974 et
3249 919 3534 991 deglutivit
3570 921 3814 988 Dathan,

2209 1014 2262 1061 et
2289 1007 2500 1078 operuit
2532 1023 2698 1078 super
2726 1007 3212 1081 congregationem
3240 1007 3448 1063 Abiron
3475 1009 3663 1079 (Num.
3687 1023 3817 1076 xvr,

2209 1095 2319 1164 32).
2365 1095 2436 1150 Ει
2479 1096 2700 1151 Petrum
2745 1094 2852 1151 ﬁde
2897 1095 3155 1152 ﬁdentem
3197 1113 3352 1168 aqua:
3399 1096 3722 1152 instabilitas
3751 1113 3820 1154 se

2209 1183 2506 1240 calcantem
2555 1184 2830 1250 sustinuit,
2880 1185 2935 1238 in
2985 1183 3092 1240 ﬁde
3139 1201 3268 1240 vero
3316 1185 3651 1242 dubitantem
3697 1186 3820 1256 jam

2207 1287 2348 1343 pene
2407 1272 2703 1328 dimersum
2759 1273 3070 1342 obsorbuit,
3133 1273 3352 1345 quando
3422 1290 3548 1329 eum
3612 1273 3823 1330 Christi

2191 1361 2434 1416 dextera
2465 1361 2719 1417 allevavit
2740 1362 2960 1433 (Matth.
2991 1377 3112 1429 xw,
3143 1362 3266 1434 29);
3290 1370 3342 1418 et
3362 1361 3533 1433 ipsius
3551 1361 3822 1433 Epistolas

2211 1449 2532 1505 sententiam
2563 1451 2614 1521 (I
2641 1453 2792 1506 Petr.
2825 1466 2906 1517 Ill,
2938 1450 3030 1522 20)
3059 1450 3129 1505 de
3159 1448 3330 1524 ﬁgura
3372 1451 3712 1522 baptismatis
3757 1451 3820 1506 in

2211 1553 2338 1594 arca
2366 1537 2553 1594 diluvii
2585 1545 2917 1610 exponentes
2945 1539 3133 1594 Patres
3165 1538 3440 1606 catholici,
3469 1540 3654 1596 dicunt
3683 1539 3821 1612 quia

2209 1642 2321 1682 non
2349 1626 2490 1696 aliis,
2522 1627 2620 1682 sed
2648 1627 2782 1698 ipsis
2810 1627 2966 1699 aquis
3008 1625 3250 1683 hmretici
3278 1635 3330 1683 et
3355 1627 3483 1682 mali
3518 1615 3846 1686 Christiani.

2211 1715 2282 1770 ad
2311 1713 2522 1770 inferna
2549 1722 2888 1787 merguntur,
2921 1715 3118 1787 quibus
3145 1716 3433 1772 orthodoxi
3457 1724 3512 1772 et
3536 1716 3668 1787 justi
3697 1717 3830 1788 qui-

2209 1820 2314 1876 que
2352 1803 2422 1858 ad
2465 1803 2706 1860 coelestia
2747 1820 2923 1878 regna
2967 1805 3338 1861 sublevantur.
3380 1805 3490 1862 Sed
3531 1805 3820 1862 sciendum

2205 1892 2363 1948 nobis
2393 1901 2494 1961 est,
2540 1900 2596 1947 ut
2642 1893 2836 1948 beatus
2879 1892 3010 1950 dicit
3057 1894 3362 1966 Gregorius
3406 1895 3578 1964 (hom.
3631 1897 3703 1952 26
3751 1897 3820 1952 in

2205 1981 2460 2054 Evang.),
2496 2005 2519 2029 ‹‹
2556 1981 2704 2054 quod
2749 1981 2931 2038 divina
2969 1983 3214 2053 operatio
3245 1983 3290 2038 si
3319 1982 3529 2039 ratione
3558 1999 3819 2055 compre-

2205 2070 2480 2141 henditur,
2512 2087 2622 2126 non
2653 2079 2736 2126 est
2765 2071 3102 2126 admirabilis
3126 2089 3140 2127 :
3171 2089 3273 2128 nec
3302 2071 3438 2128 ﬁdes
3465 2073 3629 2129 habet
3655 2072 3820 2130 meri.

2207 2167 2338 2227 tum,
2390 2159 2476 2214 cui
2523 2160 2758 2214 humana
2805 2159 2945 2216 ratio
2992 2160 3201 2231 praebet
3247 2161 3696 2232 experimentum.
3747 2163 3824 2217 Et

2207 2265 2332 2304 cum
2361 2249 2558 2303 Paulus
2587 2249 2866 2320 apostolus
2895 2247 3042 2305 dicat
3067 2267 3080 2304 :
3103 2251 3205 2305 Est
3233 2255 3388 2306 enim
3415 2250 3551 2320 ﬁdes
3580 2267 3818 2324 speran-

2208 2337 2413 2392 darum
2444 2337 2768 2394 substantia
2795 2355 3011 2406 rerum,
3055 2342 3457 2411 argumentum
3485 2355 3601 2396 non
3633 2357 3824 2414 appa-

2205 2427 2461 2481 rentium
2503 2426 2688 2496 (Hebr.
2738 2442 2820 2493 x1,
2873 2425 2948 2498 l),
2997 2426 3242 2497 profecto
3287 2426 3457 2500 liquet
3503 2426 3630 2500 quia
3675 2427 3819 2484 ﬁdes

2206 2513 2419 2570 illarum
2466 2531 2652 2570 rerum
2699 2523 3084 2588 argumentum
3112 2524 3196 2572 est
3223 2533 3344 2588 quae
3389 2531 3654 2588 apparere
3702 2532 3822 2572 non

2207 2611 2452 2676 possunt.
2505 2602 2640 2672 Quae
2689 2603 2836 2659 enim
2879 2611 3160 2675 apparent,
3207 2605 3322 2674 jam
3367 2603 3531 2660 ﬁdem
3570 2620 3682 2662 non
3710 2605 3821 2660 ha-

2207 2693 2355 2761 bent,
2399 2693 2496 2748 sed
2540 2692 2891 2764 agnitionem.
2931 2716 2953 2742 »
2991 2693 3100 2749 Sed
3146 2693 3264 2750 haec
3311 2693 3432 2766 ipsa
3474 2694 3820 2766 Redempto-

2208 2781 2286 2836 ris
2322 2781 2493 2837 nostri
2541 2797 2732 2853 Opera,
2782 2799 2903 2854 quae
2951 2799 3017 2837 ex
3069 2782 3377 2854 semetipsis
3422 2783 3820 2855 comprehendi

2208 2885 2550 2942 nequaquam
2595 2878 2843 2942 possunt,
2897 2887 2964 2926 ex
3009 2871 3114 2926 alia
3160 2871 3276 2941 ejus
3325 2872 3641 2944 operatione
3671 2889 3820 2944 pen-

2210 2958 2384 3014 sanda
2425 2967 2568 3025 sunt,
2619 2967 2676 3013 ut
2721 2959 2886 3015 rebus
2935 2959 3280 3015 mirabilibus
3327 2959 3490 3016 ﬁdem
3533 2960 3822 3032 praebeant

2210 3047 2354 3104 facta
2412 3047 2762 3103 mirabiliora.
2831 3049 2900 3103 Et
2964 3048 3169 3106 idcirco
3233 3049 3499 3104 Dominus
3564 3050 3820 3122 quaedam

509 3103 856 3188 trescendum
901 3103 1080 3188 femur
1123 3133 1296 3205 ipsius
1337 3133 1541 3207 legitur
1587 3134 1776 3206 (Num.
1810 3151 1864 3202 v,
1897 3103 2020 3206 27):
2041 3134 2110 3188 Et
2139 3103 2285 3192 Cde
2329 3136 2624 3208 Scripturis
2665 3153 2766 3208 per
2807 3103 3162 3208 semetipsum
3209 3103 3820 3210 dignatusesiexpo:

504 3219 745 3276 Joannes
775 3222 1070 3292 Apostolus
1099 3222 1167 3278 de
1189 3223 1295 3278 olei
1314 3222 1576 3278 ferventis
1605 3223 1752 3278 dolio
1783 3222 1956 3278 evasit
1975 3222 2108 3279 illae-

507 3326 620 3364 sus.
653 3311 722 3364 Et
755 3309 848 3380 qui
879 3325 1074 3382 aquam
1101 3311 1331 3384 ignitam
1369 3311 1655 3382 delegerit,
1687 3311 1952 3384 intelligat
1981 3327 2108 3384 quo-

505 3397 654 3452 niam
683 3396 992 3454 venientem
1021 3399 1090 3453 ad
1118 3398 1359 3454 futurum
1381 3399 1648 3470 judicium
1683 3399 1980 3455 terribilem
2006 3401 2107 3454 Ju-

503 3487 681 3543 dicem
710 3494 1006 3560 tempestas
1044 3487 1296 3560 ignisque
1345 3487 1764 3555 comitabuntur,
1797 3487 1934 3544 sicut
1965 3487 2106 3544 scri-

503 3583 656 3648 ptum
701 3585 783 3632 est
819 3594 831 3631 :
865 3577 1016 3650 Ignis
1047 3579 1110 3634 in
1149 3582 1453 3652 conspectu
1497 3580 1617 3652 ejus
1660 3577 1897 3644 ardebit,
1941 3581 1996 3634 et
2043 3578 2107 3633 in

503 3667 756 3722 circuitu
799 3668 920 3729 eius
965 3671 1269 3740 tempestas
1312 3667 1501 3724 valida
1543 3667 1719 3740 (Psal.
1750 3682 1906 3734 XLIX,
1941 3669 2015 3737 3),
2049 3673 2108 3722 ut

502 3761 800 3825 tempestas
830 3753 1103 3810 examinet
1141 3770 1278 3827 quos
1323 3755 1469 3829 ignis
1511 3763 1714 3812 exuret.
1746 3756 1815 3810 Et
1842 3755 1986 3828 ignis
2014 3755 2106 3811 ille

501 3842 718 3898 futurus
769 3843 972 3899 sanctis
1005 3843 1105 3899 erit
1139 3843 1374 3914 pervius,
1407 3844 1501 3916 qui
1546 3845 1826 3916 rapientur
1872 3843 2106 3900 nubibus

503 3931 724 3989 obviam
753 3932 808 3986 in
839 3948 964 3988 aera
1013 3932 1266 4004 Domino,
1299 3941 1352 3989 et
1378 3933 1733 3990 inﬂammabit
1781 3933 1838 3988 in
1885 3933 2106 3991 circuitu

501 4020 750 4078 inimicos
783 4022 918 4092 ejus.

575 4109 847 4180 Quoniam
869 4111 1090 4184 quidem
1109 4112 1181 4168 de
1201 4112 1544 4187 purgationis
1565 4111 1774 4184 judicio
1791 4129 1892 4184 per
1911 4127 2105 4186 aquam

501 4198 806 4257 ferventem
853 4201 939 4258 vel
985 4201 1240 4274 frigidam
1288 4220 1348 4259 se
1399 4202 1538 4260 ratio
1594 4201 1802 4272 intulit,
1863 4201 2104 4258 dicamus

504 4289 651 4364 quod
701 4289 922 4364 quidam
971 4292 1188 4366 sagacis
1234 4292 1442 4366 ingenii
1487 4291 1778 4366 vigilanter
1823 4291 2099 4362 adjiciunt.

505 4379 725 4435 Constat
771 4379 1048 4446 nimirum,
1094 4387 1152 4436 ut
1197 4379 1467 4452 inquiunt,
1511 4381 1636 4452 quia
1661 4380 1717 4436 in
1749 4395 1892 4452 aqua
1935 4379 2104 4452 ignita

2207 3242 2359 3292 nere,
2392 3233 2450 3280 ut
2479 3225 2718 3282 sciamus
2764 3241 2954 3280 rerum
3001 3223 3425 3299 signiﬁcationes
3471 3243 3716 3298 quaerere
3758 3227 3820 3282 in

2207 3314 2292 3369 his
2341 3314 2506 3371 etiam
2553 3332 2673 3386 quae
2719 3331 2820 3386 per
2869 3310 3220 3386 semetipsum
3263 3315 3436 3372 noluit
3496 3315 3814 3388 explanare.

2207 3403 2362 3459 Unde
2392 3403 2448 3458 in
2477 3419 2801 3475 responsum
2848 3403 3133 3475 accipiant,
3167 3403 3258 3475 qui
3288 3403 3344 3458 in
3375 3403 3571 3461 divinis
3594 3403 3821 3474 judiciis

2209 3499 2370 3564 atque
2413 3492 2804 3548 miraculorum
2853 3491 3026 3565 signis
3073 3493 3505 3564 eXperimentum
3553 3493 3817 3550 humanae

2208 3580 2480 3652 postulant
2511 3580 2758 3652 rationis,
2792 3582 3050 3652 quoniam
3071 3589 3124 3637 et
3142 3583 3314 3652 iustos
3335 3581 3620 3638 continens
3650 3598 3807 3654 arca,

2211 3685 2321 3742 qua
2363 3669 2603 3725 ﬁdelium
2647 3677 2730 3726 est
2777 3670 3061 3742 designata
3107 3670 3376 3738 Ecclesia,
3422 3669 3560 3727 ﬁdes
3607 3679 3818 3728 sancta:

2209 3759 2502 3826 Trinitatis,
2537 3775 2660 3832 quae
2686 3775 2786 3830 per
2813 3759 3242 3816 incarnationem
3271 3761 3402 3815 Jesu
3444 3759 3644 3815 Christi
3673 3759 3816 3816 aedi-

2211 3847 2386 3919 ﬁcata,
2420 3857 2474 3904 et
2503 3864 2697 3905 omnes
2727 3848 2795 3904 de
2825 3848 3024 3920 quibus
3045 3849 3178 3904 dixit
3207 3849 3471 3905 Dominus
3495 3867 3509 3904 :
3534 3850 3693 3906 Finis
3721 3865 3818 3906 ve-

2210 3939 2303 3994 nit
2320 3941 2598 3994 universae
2620 3940 2812 3995 carnis
2833 3954 3024 3995 coram
3041 3954 3154 4005 me,
3179 3940 3400 4012 repleta
3419 3943 3506 3994 est
3527 3941 3682 3994 terra
3700 3939 3820 3994 ini-

2211 4027 2427 4098 quitate
2459 4043 2494 4082 a
2521 4027 2669 4097 facie
2718 4041 2930 4096 eorum,
2965 4030 3021 4082 et
3051 4041 3147 4098 ego
3189 4025 3514 4098 disperdam
3542 4041 3632 4082 eos
3679 4041 3818 4084 cum

2214 4118 2368 4171 terra
2398 4113 2559 4186 (Gen.
2594 4130 2670 4181 v1,
2696 4114 2804 4187 l3),
2841 4114 3209 4186 superﬂuente
3229 4129 3373 4187 aqua
3393 4115 3587 4186 operti,
3621 4121 3676 4170 et
3701 4129 3819 4172 non

2211 4219 2403 4260 omnes
2433 4203 2703 4260 submersi
2732 4212 2875 4272 sunt,
2919 4203 3018 4259 sed
3053 4201 3258 4260 innoxii
3295 4203 3526 4271 liberati,
3557 4210 3611 4259 et
3635 4202 3819 4274 puniti

2213 4299 2338 4348 sunt
2363 4292 2527 4360 noxii,
2563 4293 2702 4350 sicut
2731 4293 2992 4364 scriptum
3023 4299 3106 4348 est
3129 4311 3143 4347 :
3170 4293 3458 4365 Ingressus
3489 4295 3576 4348 est
3601 4292 3730 4360 Noe,
3757 4297 3817 4350 et

2211 4383 2322 4452 ﬁlii
2352 4383 2494 4455 ejus,
2526 4397 2685 4439 uxor
2709 4384 2848 4455 ejus,
2882 4398 3091 4438 uxores
3120 4381 3374 4451 ﬁliorum
3403 4383 3525 4454 eius
3569 4397 3701 4438 cum
3751 4397 3817 4440 eo

509 4475 816 4540 coquuntur
859 4467 1178 4539 culpabiles,
1211 4476 1265 4524 et
1298 4467 1503 4524 innoxii
1549 4469 1848 4525 liberantur
1891 4468 2106 4524 incocti.
2137 4467 2192 4529 D
2214 4472 2277 4526 in
2293 4487 2506 4537 arcam,
2524 4474 2758 4544 propter
2772 4487 2977 4544 aquam
2991 4469 3822 4542 diluvii(Gen.vu,l7);etpost

509 4556 648 4626 Quia
676 4555 744 4612 de
773 4554 900 4630 igne
933 4557 1266 4614 Sodomitico
1310 4557 1405 4613 Lot
1441 4558 1619 4628 justus
1661 4557 1832 4614 evasit
1875 4557 2104 4613 inustus.

505 4645 574 4700 Et
621 4645 836 4703 futurus
881 4646 1058 4720 ignis,
1111 4645 1204 4719 qui
1245 4647 1457 4718 praeibit
1503 4647 1795 4704 terribilem
1839 4645 2104 4714 Judicem,

509 4735 708 4790 sanctis
739 4737 838 4792 erit
881 4737 1168 4807 innocuus,
1216 4743 1270 4792 et
1317 4735 1580 4792 scelestos
1625 4737 1818 4792 aduret
1848 4753 1862 4790 :
1893 4743 1950 4790 ut
1979 4735 2109 4792 olim

504 4821 838 4894 Babylonica
862 4825 1076 4892 fornax,
1127 4843 1248 4899 quae
1265 4841 1467 4898 pueros
1489 4825 1709 4882 omnino
1728 4842 1837 4882 non
1858 4824 2106 4898 contigit,

504 4927 683 4984 neque
728 4913 1084 4980 contristavit,
1116 4915 1204 4971 vel
1251 4914 1551 4988 quidquam
1595 4914 1863 4972 molestiae
1909 4913 2104 4982 intulit,

510 5000 612 5056 sed
641 4999 859 5058 vincula
889 5018 1080 5058 eorum
1111 5005 1454 5072 comburens,
1477 5003 1716 5062 incendit
1745 5018 1884 5076 quos
1909 5003 2110 5075 reperit

508 5089 579 5146 de
611 5089 880 5146 Chaldaeis
927 5090 1208 5148 ministros
1249 5093 1398 5166 regis
1427 5093 1518 5166 qui
1547 5109 1664 5149 eam
1711 5093 2110 5148 succendebant

509 5178 678 5252 (Dan.
712 5194 793 5250 ιιι,
829 5180 913 5250 48,
948 5181 1058 5252 50).
1094 5180 1202 5236 Sed
1229 5181 1284 5237 in
1315 5199 1472 5255 aquae
1518 5182 1730 5255 frigidae
1753 5181 1952 5253 judicio
1983 5183 2109 5254 qui-

507 5267 741 5324 busdam
770 5285 882 5325 non
908 5277 1160 5326 constare
1189 5270 1405 5327 videtur
1433 5272 1580 5344 quod
1608 5271 1812 5328 innoxii
1855 5272 2109 5328 submer-

507 5365 730 5431 guntur,
763 5367 816 5415 et
845 5374 1040 5432 aquam
1069 5359 1369 5432 culpabiles
1399 5369 1769 5432 supernatant,
1795 5378 1915 5419 cum
1933 5361 1990 5417 in
2011 5376 2109 5418 ca-

509 5447 760 5521 taclysmi
796 5448 1004 5519 judicio
1050 5448 1366 5506 innocentes
1412 5466 1534 5507 cum
1582 5467 1712 5508 arca
1749 5451 2014 5522 levantur,
2059 5457 2112 5508 et

504 5543 652 5602 noxii
681 5545 1063 5605 submersione
1089 5546 1376 5620 perierint.
1399 5547 1471 5605 Et
1491 5548 1729 5623 Egyptii
1755 5549 2110 5624 insequentes

2207 4557 2484 4630 paululum
2508 4576 2520 4612 :
2541 4559 2715 4632 Rupti
2729 4563 2864 4615 sunt
2881 4576 3072 4617 omnes
3093 4563 3282 4633 fontes
3297 4560 3480 4633 abyssi
3494 4575 3735 4632 magnas,
3757 4564 3818 4618 et

2209 4651 2514 4704 cataracta:
2535 4649 2660 4704 caeli
2679 4652 2888 4720 aperta:
2903 4653 3057 4716 sunt,
3079 4654 3136 4706 et
3154 4652 3314 4722 facta
3329 4653 3414 4706 est
3427 4650 3623 4722 pluvia
3639 4665 3818 4722 super

2211 4739 2425 4794 terram
2445 4737 2824 4810 quadraginta
2857 4738 3049 4794 diebus
3071 4743 3128 4795 et
3148 4739 3526 4812 quadraginta
3553 4739 3817 4796 noctibus

2210 4825 2388 4894 (ibid,
2425 4827 2535 4897 tl);
2569 4834 2620 4882 et
2645 4825 2774 4880 item
2806 4843 2819 4880 :
2855 4829 2925 4882 Et
2951 4829 3354 4901 multiplicata:
3381 4831 3517 4884 sunt
3547 4843 3723 4900 aqum,
3758 4832 3820 4884 et

2213 4915 2539 4972 levaverunt
2563 4932 2759 4972 arcam
2790 4915 2853 4970 in
2881 4917 3116 4973 sublime
3138 4935 3172 4973 a
3195 4921 3350 4973 terra
3386 4917 3563 4990 (ibid,
3600 4916 3724 4988 l7);
3759 4923 3822 4972 et

2207 5011 2331 5076 post
2359 5019 2532 5075 pauca
2557 5021 2570 5058 :
2607 5004 3052 5078 Consumptaque
3073 5009 3158 5062 est
3187 5007 3370 5062 omnis
3402 5022 3530 5063 caro
3553 5021 3674 5078 qua:
3694 5020 3817 5062 mo-

2208 5093 2442 5150 vebatur
2461 5110 2628 5166 super
2659 5097 2888 5151 terram.
2923 5097 3218 5152 Remansit
3233 5099 3428 5152 autem
3447 5096 3598 5151 solus
3621 5095 3733 5152 Noe
3755 5097 3816 5150 et

2207 5183 2304 5256 qui
2352 5199 2482 5238 cum
2528 5198 2588 5239 eo
2633 5187 2801 5240 erant
2844 5184 2908 5240 in
2951 5184 3280 5256 arca(ibid.,
3312 5187 3402 5252 2t,
3435 5182 3567 5256 23);
3599 5190 3652 5238 et
3681 5182 3819 5240 item

2207 5279 2332 5344 post
2347 5287 2517 5343 pauca
2533 5287 2545 5328 :
2563 5273 2632 5328 Et
2647 5274 2834 5330 clausi
2847 5277 2988 5330 sunt
3001 5276 3192 5346 fontes
3211 5273 3414 5347 abyssi,
3436 5277 3494 5330 et
3505 5276 3818 5330 cataractae

2210 5361 2340 5418 caeli
2384 5360 2544 5432 (Gen.
2592 5377 2713 5430 vm,
2745 5364 2822 5433 2).
2856 5363 2922 5416 Et
2950 5361 3126 5417 nubes
3158 5377 3284 5430 una,
3320 5361 3614 5418 tenebrosa
3663 5359 3811 5418 facta

2211 5457 2295 5506 est
2329 5449 2614 5522 Egyptiis,
2649 5459 2702 5508 et
2728 5449 2995 5506 luminosa
3039 5451 3305 5521 Hebraeis,
3339 5459 3397 5507 ut
3426 5451 3618 5507 iterum
3669 5450 3814 5507 scri-

2210 5553 2365 5621 ptum
2385 5553 2499 5604 est:
2524 5548 2848 5620 Tollensque
2869 5561 2928 5604 se
2949 5547 3183 5620 angelus
3204 5548 3326 5614 Dei,
3349 5546 3446 5620 qui
3463 5545 3817 5620 praecedebat
