4072 6288
202 259 299 314 165

1707 241 2083 300 EPISTOLE.

3445 244 3547 300 166

225 383 418 438 castra
449 378 652 449 Israel,
683 377 824 434 abiit
850 379 976 449 post
1005 391 1116 442 eos,
1148 378 1206 430 ct
1233 389 1364 430 cum
1391 348 1452 429 eo
1478 373 1698 444 pariter
1737 386 1833 426 co-
1851 369 1908 430 A
1933 370 2196 440 ptismum
2218 369 2418 426 Christi
2435 369 2700 442 sanguiue
2723 367 3072 436 rubricatum,
3093 379 3148 426 et
3172 369 3291 442 ipse
3311 367 3540 441 {Moyses

229 471 458 525 lumnat
475 467 646 524 nubis
663 469 855 540 priora
876 465 1192 533 dimittens,
1199 467 1320 536 post
1339 467 1560 534 tergum
1579 461 1741 516 stetit
1759 460 1848 514 in-

230 563 314 614 ter
325 561 532 614 castra
547 559 726 628 [qup
734 557 944 611 tiorum
958 557 1218 610 etcastra
1233 552 1426 608 Israel.
1447 552 1516 606 Et
1535 552 1658 606 erat
1673 549 1846 604 nubes

229 647 526 703 tenebrosa
543 649 604 702 et
616 645 963 700 illuminans
979 647 1224 710 noctem,
1248 642 1334 696 ita
1354 644 1420 696 ut
1432 639 1506 695 ad
1531 655 1590 695 se
1602 639 1847 694 invicem

229 739 340 792 toto
359 735 549 792 noctis
569 738 818 808 tempore
833 733 1096 789 accedere
1113 748 1228 788 non
1245 727 1704 798 valerent(Exod.
1723 741 1842 816 xxv,

229 827 335 896 19).
367 825 438 880 Et
493 839 606 880 una
643 823 946 893 eademque
975 820 1134 894 virga
1177 826 1398 875 extenta
1431 833 1595 889 super
1651 831 1844 892 aquas,

231 930 350 986 quae
387 920 551 968 erant
599 912 758 984 quasi
802 925 904 982 pro
931 925 1092 966 muro
1122 925 1156 964 a
1183 907 1391 965 dextris
1425 915 1477 962 et
1521 923 1552 960 a
1584 904 1842 971 sinistris,

233 1003 378 1072 ﬁlios
391 1003 574 1058 Israel
594 1001 950 1065 transduxit,
971 999 1112 1055 sicut
1121 997 1387 1070 scriptum
1403 1003 1505 1066 est,
1523 1011 1626 1068 per
1640 1010 1847 1066 aquam

236 1093 481 1148 nimiam
507 1091 670 1163 (Sap.
705 1103 766 1159 x,
800 1088 912 1160 18),
943 1096 996 1145 et
1023 1086 1250 1144 involvit
1264 1085 1546 1160 Egyptios
1575 1084 1630 1139 in
1651 1081 1846 1139 mediis

234 1179 504 1248 ﬂuctibus,
540 1186 698 1234 utne
739 1194 874 1233 unus
929 1177 1148 1249 quidem
1207 1172 1538 1248 superfuerit
1596 1188 1662 1227 ex
1739 1170 1842 1237 eis,

236 1283 370 1340 quos
406 1267 672 1323 viderunt
703 1265 954 1324 Israelitse
995 1272 1242 1321 mortuos
1286 1279 1450 1335 super
1489 1261 1637 1316 littus
1679 1259 1846 1314 maris

235 1355 434 1429 (Exod.
467 1370 594 1423 xxv,
625 1354 740 1427 28),
775 1370 912 1426 quos
939 1360 1252 1426 respexerat
1283 1350 1546 1408 Dominus
1574 1350 1630 1404 in
1661 1347 1846 1420 vigilia

236 1445 519 1510 matutina,
552 1451 610 1500 ut
643 1442 897 1511 diximus,
948 1443 1005 1499 in
1035 1442 1284 1500 columna
1314 1440 1460 1514 ignis
1487 1447 1540 1495 et
1568 1437 1750 1502 nubis,
1789 1441 1846 1492 et

237 1534 518 1606 expandit
530 1533 738 1590 nubem
747 1535 810 1590 in
821 1535 1228 1604 protectionem
1237 1547 1490 1595 suorum,
1507 1532 1562 1584 et
1578 1529 1766 1600 ignem
1779 1529 1844 1580 ut

241 1625 456 1680 luceret
473 1625 558 1679 eis
576 1637 677 1694 per
696 1627 925 1678 noctem
941 1622 1114 1694 (Psal.
1140 1635 1251 1689 CIV,
1270 1618 1381 1690 39),
1413 1617 1666 1674 videlicet
1697 1615 1847 1672 Chri.

235 1720 396 1779 stum,
456 1711 551 1784 qui
583 1719 666 1767 est
714 1710 966 1768 columna
1005 1709 1162 1775 lucis,
1207 1709 1460 1764 tenebras
1507 1704 1916 1792 infidelitatisB

234 1800 535 1873 depellens,
570 1809 624 1856 et
649 1800 827 1856 lucem
855 1799 1100 1856 veritatis
1131 1814 1197 1856 ac
1225 1797 1416 1870 gratiae
1445 1794 1704 1867 spiritalis
1757 1793 1842 1849 af-

235 1889 464 1947 fectibus
496 1889 754 1945 humanis
783 1888 1094 1958 infundens,
1133 1895 1185 1943 et
1211 1903 1309 1959 per
1330 1885 1640 1943 columnam
1661 1882 1841 1948 nubis,

235 1980 322 2052 qui
349 1987 433 2036 est
465 1978 704 2050 Spiritus
733 1987 973 2035 sanctus.
1017 1979 1079 2032 In
1134 1992 1242 2048 quo
1300 1975 1626 2048 baptismate
1685 1981 1845 2044 typus

235 2068 579 2140 baptismatis
621 2067 736 2138 jam
792 2067 929 2123 sicut
985 2074 1037 2122 et
1067 2065 1124 2121 in
1153 2063 1356 2122 diluvio
1412 2061 1841 2120 monstrabatur.

234 2158 424 2214 Adhuc
453 2156 724 2212 addamus
755 2156 880 2228 quia
909 2153 1181 2212 invocavit
1209 2153 1362 2209 Elias
1388 2167 1588 2208 nomen
1627 2148 1844 2206 Domini

230 2247 328 2302 Dei
355 2247 463 2313 sui,
496 2252 553 2302 et
580 2244 866 2301 descendit
894 2243 960 2298 ds
991 2243 1132 2300 c0310
1162 2242 1308 2316 ignis
1337 2242 1436 2314 (IV
1476 2244 1602 2313 Reg.
1636 2256 1675 2308 1,
1713 2239 1842 2308 10);

233 2334 506 2392 invocavit
539 2342 594 2390 et
622 2333 838 2389 Eliseus
863 2347 1064 2388 nomen
1095 2330 1334 2398 Domini,
1367 2337 1421 2386 et
1449 2329 1517 2385 de
1548 2343 1690 2401 aqua
1739 2327 1846 2384 fer-

237 2441 350 2480 rum
378 2421 592 2480 securis
618 2421 859 2478 levatum
887 2430 970 2476 est
995 2421 1066 2476 ad
1121 2419 1466 2476 manubrium
1521 2417 1763 2491 ligneum
1793 2423 1849 2472 et

239 2511 615 2585 supematavit
642 2510 798 2583 aquis
828 2511 924 2580 (IV
949 2513 1078 2582 Reg.
1107 2525 1186 2574 γι,
1220 2510 1296 2580 7).
1327 2507 1561 2565 Gravior
1591 2506 1736 2562 enim
1765 2512 1849 2560 est

245 2601 378 2659 ferri
423 2601 642 2672 species
702 2616 866 2672 quam
923 2615 1189 2671 aquarum
1245 2597 1441 2670 liquor.
1498 2595 1846 2652 Advertimus

238 2690 402 2762 igitur
431 2690 658 2760 majoris
689 2705 813 2745 esse
845 2689 1082 2760 gratiam
1119 2702 1283 2758 quam
1327 2693 1595 2741 naturam.
1652 2685 1732 2739 De
1761 2682 1847 2739 his

242 2780 496 2835 omnibus
527 2777 672 2834 beati
703 2776 978 2834 Ambrosii
1007 2775 1238 2832 suﬂiciat
1276 2774 1597 2846 explanatio,
1648 2782 1706 2828 ut
1736 2773 1848 2829 col-

238 2869 334 2942 ligi
363 2868 543 2940 possit
571 2867 888 2923 assimilatio
934 2881 1034 2922 cur
1074 2865 1131 2920 in
1177 2865 1394 2938 frigidae
1438 2880 1596 2935 aqua:
1643 2862 1846 2932 judicio

243 2958 404 3013 unius
437 2955 532 3014 fiat
566 2955 794 3026 mersio,
844 2954 1066 3011 alterius
1113 2953 1437 3010 sublevatio.
1486 2953 1574 3007 Ait
1619 2951 1764 3008 enim
1793 2951 1848 3006 in

233 3043 375 3102 libro
403 3046 476 3102 de
499 3044 869 3102 Sacramentis
900 3043 1016 3100 sive
1043 3041 1318 3114 mysteriis
1337 3043 1455 3114 (lib.
1490 3057 1548 3108 ιι,
1583 3056 1704 3110 cap.
1739 3040 1794 3111 6)
1830 3057 1843 3094 :

243 3157 265 3186 ι
322 3136 738 3202 Verumtamen,
787 3149 857 3190 ne
901 3132 958 3188 in
992 3133 1098 3188 hoc
1127 3131 1327 3188 saeculo
1358 3129 1558 3186 diaboli
1583 3128 1730 3186 fraus
1760 3128 1849 3185 vel

237 3223 451 3280 insidiae
503 3222 888 3295 praevalerent,
938 3221 1220 3277 inventum
1271 3227 1352 3275 est
1417 3217 1709 3290 baptisma.
1768 3218 1850 3272 De

242 3329 346 3385 quo
376 3313 705 3384 baptismate
727 3311 854 3367 audi
885 3309 1017 3382 quid
1067 3310 1211 3366 dicat
1259 3307 1558 3379 Scriptura,
1617 3307 1726 3362 imo
1757 3305 1850 3361 Fi-

238 3401 337 3456 lius
365 3401 490 3467 Dei,
525 3401 679 3472 .quia
739 3400 1036 3465 Pharisaei,
1101 3398 1193 3470 qui
1250 3396 1541 3452 noluerunt
1587 3393 1851 3467 baptizari

241 3490 512 3562 baptismo
539 3489 789 3556 Joannis,
826 3489 1142 3545 consilium
1170 3489 1270 3542 Dei
1299 3489 1636 3559 spreverunt
1687 3487 1844 3556 (Luc.

241 3580 420 3652 vn,3).
454 3580 608 3652 Ergo
636 3577 968 3649 baptismum
997 3575 1284 3632 consilium
1313 3575 1416 3631 Dei
1443 3581 1544 3630 est.
1583 3595 1606 3625 »
1643 3575 1710 3628 Et
1726 3585 1849 3644 post

238 3667 518 3740 paululum
553 3685 568 3722 :
607 3687 629 3720 ι
664 3666 825 3736 Quod
853 3665 1080 3739 mergis,
1126 3664 1353 3721 solvitur
1397 3663 1665 3720 sententia
1707 3663 1799 3718 illa
1829 3679 1843 3716 :

243 3759 408 3815 Terra
425 3774 506 3824 es,
525 3761 584 3812 et
597 3757 662 3811 in
685 3759 902 3812 terram
921 3756 1028 3811 ibis
1049 3754 1210 3825 (Gen.
1235 3769 1315 3819 ιιι,
1344 3755 1452 3824 19).
1479 3751 1706 3822 Impleta
1722 3767 1848 3807 sen-

240 3846 427 3910 tensia,
467 3845 624 3902 locus
653 3851 738 3900 est
765 3842 1032 3900 beneﬁcio
1062 3842 1413 3914 remedioque
1445 3840 1672 3898 caelesti.
1693 3841 1846 3912 Ergo

236 3951 372 4007 aqua
399 3934 472 3990 de
503 3941 669 4002 terra,
695 3932 1036 4008 possibilitas
1065 3939 1248 3986 autem
1301 3931 1424 3987 vitae
1482 3937 1682 3987 nostrm
1735 3945 1848 3984 non

233 4022 553 4079 admittebat
580 4030 640 4078 ut
667 4028 814 4077 terra
843 4021 1196 4092 Operiremur,
1234 4027 1285 4075 et
1315 4019 1383 4073 de
1405 4025 1548 4074 terra
1585 4032 1845 4090 resurge-

235 4129 437 4169 remus.
473 4111 685 4168 Deinde
711 4126 824 4167 non
851 4118 999 4166 terra
1026 4110 1187 4175 lavat,
1223 4109 1319 4164 sed
1347 4124 1490 4180 aqua
1517 4107 1682 4164 lavat.
1715 4107 1844 4162 Ideo

239 4199 356 4258 fons
385 4199 546 4274 quasi
575 4200 859 4270 sepultura
889 4206 990 4254 est.
1023 4219 1046 4249 »
1081 4198 1373 4264 Caeterum,
1405 4205 1462 4252 ut
1507 4196 1637 4252 dicit
1691 4197 1844 4267 Apo-

243 4291 432 4357 stolus,
463 4291 650 4347 omnis
664 4289 961 4362 Scriptura
979 4289 1254 4344 divinitus
1274 4287 1560 4358 inspirata
1573 4285 1734 4340 utilis
1759 4288 1844 4340 est

237 4381 304 4436 ad
323 4379 659 4444 docendum,
692 4377 766 4433 ad
794 4377 1169 4449 arguentium,
1203 4377 1277 4431 ad
1305 4373 1742 4446 oorripiendum.
1773 4374 1844 4429 ad

1877 3094 1926 3158 C

1945 459 2145 515 ducem
2174 459 2471 525 Christum,
2505 458 2598 530 qui
2626 474 2728 513 nos
2770 474 2869 529 per
2897 458 3220 528 baptismum
3260 458 3442 514 eduxit
3473 457 3544 514 de

1945 553 2199 625 rEgyptia
2227 554 2485 610 servitute
2514 554 2584 610 ad
2641 561 2844 609 terram
2901 553 3358 624 repromissionis,
3390 552 3542 609 vide-

1944 639 2070 697 licet
2099 643 2168 698 de
2197 643 2407 714 peccati
2435 642 2693 698 servitute
2722 650 2776 698 et
2831 642 3022 698 mortis
3066 642 3456 713 dominatione,
3489 641 3545 697 in

1943 729 2243 787 libertatem
2273 731 2460 803 gloria:
2491 731 2729 787 filiorum
2759 731 2879 802 Dei,
2910 739 2964 786 et
2989 731 3047 786 in
3073 747 3305 804 regnum
3325 738 3545 788 aeterna)

1943 819 2088 889 vita},
2121 818 2511 894 praeﬁguravit,
2545 819 2684 877 sicut
2713 828 2768 876 et
2795 828 2950 892 petra
2978 836 3080 892 per
3109 821 3386 876 desertum
3414 834 3546 875 con-

1946 925 2182 980 sequens
2210 909 2487 980 populum,
2534 909 2628 981 qui
2655 924 2756 964 nos
2803 909 2862 964 in
2917 924 3102 964 eremo
3150 907 3307 962 istius
3364 907 3550 964 saeculi

1945 997 2218 1070 mysteriis
2249 998 2362 1054 suis
2411 999 2783 1071 consequitur.
2835 998 2990 1054 Unde
3038 997 3167 1053 item
3197 996 3327 1054 dicit
3354 996 3424 1052 de
3451 995 3549 1051 ba-

1943 1087 2198 1158 ptismate
2225 1087 2372 1142 idem
2399 1087 2692 1160 Apostolus
2725 1104 2738 1144 :
2780 1089 3106 1160 Quicunque
3144 1087 3422 1160 baptizati
3450 1101 3548 1142 su-

1944 1193 2072 1232 mus
2088 1177 2152 1232 in
2167 1177 2386 1233 Christo
2399 1178 2550 1244 Jesu,
2567 1179 2632 1232 in
2646 1181 2828 1234 morte
2847 1177 3027 1250 ipsius
3041 1177 3143 1248 bap
3151 1177 3316 1232 tizati
3326 1190 3545 1230 sumus.

1951 1267 2280 1338 Consepulti
2301 1267 2456 1322 enim
2475 1282 2672 1323 sumus
2701 1281 2832 1321 cum
2861 1266 2962 1322 illo
2989 1281 3094 1338 per
3113 1265 3458 1337 baptismum
3486 1263 3552 1318 in

1943 1359 2124 1411 morte
2163 1355 2340 1424 (Rom.
2377 1371 2455 1423 γι,
2506 1357 2582 1422 3).
2646 1376 2669 1406 ι
2733 1353 2876 1424 Quid
2931 1361 3033 1420 est,
3090 1351 3264 1425 inquit
3314 1354 3550 1408 Joannes

1945 1442 2366 1514 Chrysostomus
2406 1444 2624 1515 (homil.
2673 1447 2739 1498 10
2769 1445 2833 1499 in
2879 1445 3057 1516 Epist.
3111 1443 3184 1498 ad
3241 1441 3444 1513 Rom.),
3485 1443 3551 1496 in

1943 1537 2122 1588 morte
2153 1535 2334 1606 ipsius
2365 1533 2638 1606 baptizati
2666 1549 2862 1588 sumus
2890 1537 2912 1587 ?
2943 1539 3000 1586 ut
3020 1537 3073 1586 et
3102 1529 3206 1602 ipsi
3251 1530 3552 1585 moriamur

1943 1621 2081 1676 sicut
2110 1629 2165 1676 et
2194 1621 2305 1677 ille.
2339 1623 2482 1677 Crux
2513 1621 2658 1677 enim
2717 1628 2801 1676 est
2847 1619 3137 1691 baptisma.
3197 1618 3357 1688 Quod
3413 1633 3550 1691 ergo

1945 1725 2079 1766 crux
2136 1711 2335 1768 Christi
2390 1718 2442 1766 et
2500 1711 2828 1782 sepulcrum,
2891 1711 2996 1766 hoc
3052 1708 3210 1764 nobis
3281 1707 3552 1778 baptisma

1945 1798 2144 1854 factum
2202 1807 2302 1866 est,
2363 1799 2579 1854 tametsi
2652 1815 2762 1854 non
2820 1798 3025 1854 eisdem
3082 1797 3236 1868 ipsis.
3297 1795 3551 1868 Quapro-

1944 1895 2067 1958 pter
2095 1905 2204 1943 non
2237 1887 2370 1943 dixit
2404 1906 2416 1942 :
2443 1889 2828 1962 Complantati
2846 1887 3036 1953 morti,
3063 1886 3162 1942 sed
3180 1883 3554 1942 similitudini

1944 1979 2146 2034 mortis
2175 1979 2354 2048 (Rom.
2389 1992 2468 2044 γι,
2502 1976 2578 2047 5).
2615 1977 2737 2048 Ipse
2768 1992 3001 2048 namque
3035 1989 3196 2032 carne
3224 1981 3278 2030 et
3305 1980 3552 2029 mortuus

1946 2073 1998 2121 et
2027 2066 2295 2137 sepultus,
2329 2081 2431 2122 nos
2461 2074 2642 2121 autem
2661 2073 2887 2136 peccato
2915 2063 2971 2119 in
3001 2071 3254 2136 utroque.
3293 2083 3316 2114 ι
3345 2060 3552 2131 Quibus

1945 2155 2108 2211 dictis
2136 2154 2324 2226 colligi
2352 2170 2518 2226 posse
2548 2154 2778 2219 videtur,
2809 2163 2868 2210 ut
2925 2152 3280 2224 consepultus
3337 2149 3552 2207 Christo

1949 2259 2050 2314 per
2077 2243 2406 2315 baptismum
2436 2244 2492 2298 in
2530 2251 2724 2313 morte,
2759 2251 2812 2298 et
2839 2243 3099 2299 liberatus
3127 2257 3230 2310 per
3273 2240 3422 2297 idem
3455 2239 3552 2295 ba-

1947 2333 2208 2404 ptismum
2233 2348 2266 2388 a
2293 2340 2490 2400 morte,
2525 2339 2578 2388 et
2596 2349 2697 2404 per
2723 2339 3008 2403 peccatum
3037 2331 3106 2386 ad
3133 2329 3381 2386 eamdem
3426 2344 3550 2385 ser-

1950 2421 2176 2477 vitutem
2224 2429 2279 2478 et
2323 2429 2554 2477 mortem
2603 2437 2880 2476 reversus.
2927 2422 3152 2485 Ani-ma,
3199 2417 3390 2490 inquit,
3427 2434 3550 2491 quae

1948 2513 2286 2582 peccaverit,
2311 2511 2436 2582 ipsa
2447 2511 2726 2567 morietur
2742 2508 2964 2581 (Ezech.
2982 2523 3146 2574 xvm,
3170 2507 3246 2578 4),
3266 2505 3549 2577 complan-

1948 2607 2093 2654 tetur
2149 2597 2488 2654 similitudini
2543 2597 2735 2653 mortis
2779 2597 2838 2651 in
2890 2613 3048 2668 aqua,
3099 2603 3159 2650 ut
3213 2603 3304 2650 aut
3355 2594 3548 2650 noxius

1945 2687 2350 2759 comprobatus,
2393 2686 2523 2743 velit
2577 2686 2728 2752 nolit,
2791 2685 2916 2757 quia
2969 2700 3116 2756 saepe
3172 2684 3315 2739 bona
3361 2681 3542 2740 invitis

1944 2784 2286 2848 praestantur,
2321 2775 2663 2846 conﬁteatur,
2699 2782 2751 2830 et
2777 2790 2878 2846 per
2905 2772 3301 2830 emendationis
3321 2787 3389 2829 ac
3419 2787 3546 2828 cor-

1945 2866 2204 2923 rectionis
2264 2864 2665 2922 confessionem
2721 2863 2983 2919 liberetur
3035 2863 3234 2918 iterum
3294 2877 3329 2916 a
3372 2869 3548 2916 morte

1945 2955 2224 3012 commissi
2253 2955 2466 3026 peccati
2499 2971 2512 3010 :
2546 2961 2636 3008 aut
2664 2951 2917 3008 innoxius
2945 2951 3047 3008 Dei
3069 2950 3275 3021 judicio
3323 2950 3550 3006 demon-

1947 3053 2168 3112 stratus,
2202 3044 2344 3100 inter
2397 3042 2610 3114 peccati
2673 3058 2800 3098 reos
2857 3057 2968 3097 non
3023 3048 3238 3096 tenetur
3289 3056 3320 3094 a
3366 3038 3544 3108 nobis,

1953 3134 2348 3204 complantatus
2405 3129 2743 3186 similitudini
2817 3129 3008 3184 mortis
3087 3128 3145 3184 in
3191 3143 3350 3200 aqua.
3397 3128 3546 3186 Mare

1951 3221 2170 3294 quippe,
2206 3221 2343 3276 sicut
2373 3236 2539 3292 supra
2595 3227 2872 3275 ostensum
2917 3225 3018 3285 est,
3077 3217 3347 3289 baptisma
3403 3215 3549 3272 desis

1949 3327 2143 3384 gnans,
2177 3309 2310 3364 nihil
2337 3308 2392 3364 in
2415 3324 2475 3364 se
2511 3317 2784 3364 mortuum
2830 3307 3060 3374 retinet;
3102 3306 3270 3378 quod,
3319 3312 3379 3361 ut
3405 3305 3545 3362 scri-

1947 3407 2100 3470 ptum
2115 3406 2218 3466 est,
2237 3401 2488 3455 mortuos
2500 3399 2784 3470 zEgyptios
2797 3397 2961 3469 ejecit
2978 3412 3148 3469 super
3161 3396 3325 3451 littus
3339 3394 3542 3465 (Exod.

1949 3503 2068 3554 xxv,
2097 3489 2206 3554 31).
2240 3486 2718 3564 Ergo_1Egyptius
2764 3493 3030 3551 mortuus,
3079 3483 3136 3538 id
3184 3492 3266 3539 est
3321 3491 3545 3555 peccato

1949 3576 2238 3643 obnoxius,
2271 3575 2510 3647 quandiu
2563 3574 2817 3645 negando
2870 3573 2926 3628 in
2973 3572 3183 3644 peccati
3228 3572 3313 3627 sui
3368 3579 3546 3628 morte

1946 3673 2145 3733 manet,
2180 3665 2250 3721 ab
2277 3681 2420 3737 aqua
2447 3663 2789 3720 invocatione
2817 3662 3078 3731 veritatis,
3120 3677 3243 3734 qua:
3299 3661 3546 3716 Christus

1947 3763 2048 3822 est,
2083 3753 2411 3811 sanctiﬁcata
2439 3769 2548 3809 non
2578 3752 2850 3824 recipitur,
2899 3767 3012 3808 non
3057 3759 3290 3807 tenetur.
3351 3750 3548 3806 Veniat

1947 3851 2126 3900 autem
2155 3843 2354 3916 ligatus
2411 3842 2608 3898 institis
2636 3841 2980 3914 iniquitatum
3018 3857 3241 3896 suarum
3295 3838 3444 3896 foras
3475 3841 3544 3896 de

1945 3932 2167 3988 latebris
2195 3932 2350 3988 malas
2379 3931 2725 3988 conscientiae
2752 3929 3082 3996 conﬁtendo,
3116 3937 3169 3986 et
3192 3945 3294 4002 per
3331 3927 3546 3985 confes-

1946 4023 2157 4077 sionem
2187 4021 2430 4078 veritatis
2458 4020 2861 4092 consepelietur
2887 4019 2945 4073 in
3001 4033 3159 4091 aqua,
3213 4018 3368 4091 quasi
3411 4031 3548 4091 quo-

1945 4111 2238 4166 dammodo
2266 4109 2658 4181 complantatus
2675 4107 3010 4163 similitudini
3030 4107 3218 4163 mortis
3247 4107 3547 4163 verissimae

1944 4199 2204 4265 veritatis,
2236 4198 2496 4253 liberatus
2524 4198 2592 4251 ab
2623 4197 2815 4252 eadem
2842 4195 3092 4251 veritate.

2007 4287 2308 4359 Colligatur
2335 4294 2516 4342 autem
2544 4286 2672 4340 fune
2713 4284 2805 4356 qui
2835 4283 3228 4340 examinandus
3258 4281 3314 4336 in
3341 4297 3544 4354 aquam

1943 4375 2245 4444 dimittitur,
2269 4375 2414 4448 quia,
2437 4382 2494 4430 ut
2516 4374 2780 4447 scriptum
2799 4381 2902 4441 est,
2925 4374 3158 4446 funibus
3181 4375 3543 4444 peccatorum

241 4469 618 4526 erudiendum
639 4468 702 4522 in
716 4467 972 4539 justitia,
991 4471 1056 4522 ut
1075 4467 1360 4537 perfectus
1378 4465 1455 4520 sit
1477 4463 1636 4519 homo
1651 4463 1755 4519 Dei
1768 4463 1840 4518 ad
1867 4453 1925 4517 D
1945 4482 2179 4523 suorum
2235 4467 2618 4538 unusquisque
2673 4465 3092 4536 constringitur
3119 4463 3302 4535 (Prov.
3336 4477 3393 4530 γ,
3424 4460 3538 4530 22).

242 4574 402 4614 omne
431 4573 572 4628 opus
605 4557 813 4613 bonum
849 4557 1170 4611 instructus
1223 4554 1298 4625 (Il
1328 4553 1464 4608 Tim.
1497 4568 1580 4619 ιιι,
1639 4553 1747 4623 16).
1782 4553 1848 4606 Et

241 4646 376 4703 sicut
403 4646 464 4701 in
493 4646 718 4701 Patrum
739 4643 1132 4701 catholicorum
1165 4641 1324 4698 dictis
1349 4641 1604 4714 legimus,
1631 4655 1847 4714 marga-

236 4735 396 4792 ritum
427 4741 516 4792 est
549 4750 733 4790 sermo
766 4732 984 4789 divinus
1013 4732 1161 4804 quod
1203 4747 1269 4788 ex
1311 4730 1458 4786 omni
1505 4737 1656 4802 parte
1685 4729 1846 4786 forari

235 4833 464 4896 potest;
543 4830 598 4878 et
656 4821 750 4895 qui
805 4822 874 4878 ad
929 4809 1339 4878 instructionem
1397 4818 1638 4875 ﬁdelium
1697 4818 1844 4875 Scri-

234 4921 523 4984 pturarum
554 4910 860 4967 testimonia
887 4909 1110 4982 profert,
1163 4909 1375 4966 etiamsi
1423 4908 1580 4964 aliter
1632 4906 1721 4962 illa
1751 4923 1846 4964 ex-

235 5001 475 5074 posuerit
503 5016 670 5073 quam
699 5017 765 5056 ea
792 4999 1153 5056 intellexerint
1198 5015 1297 5070 per
1342 5014 1478 5071 quos
1521 4996 1672 5054 fuere
1711 4998 1844 5069 pro-1

234 5090 357 5159 lata,
389 5107 504 5147 non
548 5097 634 5146 est
677 5088 970 5146 fabricator
1024 5087 1316 5156 mendacii,
1373 5087 1522 5144 salvo
1577 5086 1843 5156 majorum

236 5179 531 5248 intellectu,
563 5179 692 5236 hinc
747 5179 928 5236 dicam
969 5178 1116 5251 quod
1165 5194 1231 5234 ex
1275 5193 1466 5234 eorum
1512 5176 1694 5234 verbis
1738 5193 1840 5248 pro

237 5270 528 5344 exiguitate
545 5268 806 5341 ingenioli
822 5268 932 5326 mei
949 5267 1270 5340 exsculpere
1297 5265 1638 5336 conjiciendo
1653 5273 1842 5338 posset

237 5360 504 5432 suspicor.

299 5449 538 5506 Sanctus
557 5445 864 5519 Apostolus
895 5445 1057 5504 docet
1085 5446 1136 5518 (Ι
1165 5445 1355 5518 Cor.x)
1395 5444 1637 5501 Rubrum
1666 5460 1834 5512 mare,

239 5539 378 5610 quod
408 5537 515 5596 sub
544 5536 691 5596 duce
719 5537 911 5610 Moyse
938 5543 1124 5611 patres
1148 5533 1324 5594 nostri
1360 5533 1713 5604 transierunt,
1743 5533 1840 5590 ba-

1945 4554 2050 4624 Qui
2078 4557 2150 4612 ab
2204 4554 2340 4610 duas
2396 4570 2594 4611 causas
2649 4553 2900 4628 colligari
2943 4552 3200 4608 videtur:
3235 4549 3443 4607 scilicet
3469 4565 3540 4606 ne

1943 4651 2034 4700 aut
2063 4644 2299 4717 aliquam
2329 4644 2500 4716 possit
2525 4643 2769 4700 fraudem
2796 4643 2851 4698 in
2866 4641 3072 4712 judicio
3117 4639 3320 4704 facere,
3371 4646 3466 4695 aut
3493 4637 3542 4695 si

1941 4749 2083 4806 aqua
2109 4733 2264 4789 illum
2306 4733 2459 4791 velut
2511 4733 2790 4790 innoxium
2839 4728 3126 4800 receperit,
3172 4744 3242 4784 ne
3282 4727 3342 4783 in
3396 4744 3542 4803 aqua

1940 4823 2277 4896 periclitetur
2305 4823 2374 4878 ad
2393 4831 2606 4894 tempus
2622 4822 2799 4878 valeat
2816 4816 3038 4874 retrahi.
3055 4817 3198 4873 Nam
3227 4825 3280 4874 et
3308 4819 3542 4875 Lazarus

1942 4913 2327 4984 quatriduanus
2354 4921 2620 4980 mortuus,
2653 4927 2751 4980 per
2781 4923 2944 4980 quem
2963 4906 3283 4982 designatur
3309 4908 3541 4982 quisque

1941 5001 2228 5058 criminum
2285 5001 2428 5057 mole
2467 4999 2728 5071 sepultus,
2775 4996 2974 5070 ligatus
3025 4995 3226 5053 institis
3274 4997 3538 5070 sepultus,

1941 5097 1994 5146 et
2049 5089 2259 5146 eisdem
2309 5089 2595 5162 colligatus
2654 5085 2852 5142 institis
2908 5101 2943 5142 a
2997 5087 3251 5159 sepulcro
3304 5085 3539 5142 Domino

1939 5187 2166 5236 vocante
2195 5179 2396 5252 legitur
2425 5191 2700 5250 egressus,
2734 5183 2787 5232 et
2812 5175 2986 5248 ipsius
3017 5175 3178 5246 jussu
3206 5174 3540 5247 adiscipulis

1938 5269 2225 5342 disligatus
2255 5270 2438 5338 (Joan.
2472 5280 2549 5333 γι,
2583 5265 2695 5338 39).
2727 5267 2796 5322 Et
2825 5267 2932 5322 hoc
2962 5265 3355 5322 examinandus
3394 5263 3540 5335 judi-

1938 5357 2023 5413 cio
2078 5355 2367 5430 colligatus
2425 5355 2480 5410 in
2526 5370 2726 5426 aquam
2782 5355 3085 5422 dimittitur,
3145 5362 3199 5410 et
3250 5353 3537 5428 colligatus

1937 5445 2240 5511 retrahitur,
2273 5452 2327 5500 et
2373 5452 2462 5500 aut
2502 5453 2767 5518 purgatus
2823 5443 3005 5502 statim
3044 5443 3249 5514 judicio
3296 5443 3538 5499 arbitro-

1935 5550 2059 5591 rum
2085 5532 2404 5604 absolvitur,
2435 5541 2528 5592 aut
2555 5550 2730 5607 usque
2757 5532 2826 5590 ad
2879 5532 3255 5607 purgationem
3309 5531 3539 5604 colliga-
