4072 6294
477 237 582 291 167

1501 233 1844 290 HINCMARI
1882 231 2288 291 RHEMENSIS
2324 232 2876 291 ARCHIEPISCOPI.

3679 240 3798 292 168

473 367 562 416 tus
601 357 805 429 judicio
847 355 1205 414 examinatur.
1263 357 1332 413 Et
1374 357 1504 413 item
1533 356 1589 412 in
1638 373 1797 416 sacra
1848 357 2074 416 historia
2101 363 2158 424 Α
2179 357 2366 414 Credis
2413 366 2466 414 et
2517 359 2574 413 in
2635 359 2897 430 Spiritum
2955 365 3204 414 sanctum
3224 359 3254 414 ?
3312 357 3553 414 Dixisti:
3587 360 3795 428 Credo,

475 448 712 522 legimus
743 447 868 520 quia
897 445 1046 503 venit
1067 446 1220 502 Elias
1247 446 1316 501 ad
1347 445 1630 516 jordanem
1651 463 1774 503 cum
1812 445 2081 522 discipulo

473 537 678 604 Eliseo,
713 542 768 592 et
793 533 1037 594 involuto
1067 535 1232 608 pallio
1273 551 1372 592 suo
1417 535 1686 608 percussit
1731 521 1943 607 aquas,‘
1957 553 2080 608 qua:

476 624 668 681 divisa;
713 632 857 692 sunt,
904 631 960 680 et
1010 623 1341 680 transierunt
1392 624 1577 680 ambo.
1639 625 1836 680 Postea
1878 624 2080 680 levavit

475 713 694 770 Eliseus
723 712 945 786 pallium
972 712 1110 768 Elia:
1137 712 1284 785 quod
1329 711 1599 770 ceciderat
1643 713 1714 779 ei,
1772 720 1826 768 et
1852 713 2080 769 veniens

473 803 536 856 ad
561 802 850 872 jordanem
879 801 1151 874 percussit
1195 817 1385 874 aquas,
1433 811 1616 874 atque,
1679 801 1932 858 invocato
1963 803 2081 858 Deo

475 889 632 956 Elite,
663 890 848 947 divisit
880 906 942 953 ac
971 890 1186 946 transiit
1214 890 1314 963 (IV
1337 893 1464 963 Reg.
1488 890 1571 963 ιι).
1596 889 1765 946 Recte
1811 890 1958 945 enim
1979 906 2082 962 per

475 979 770 1035 Iordanem
821 979 999 1034 ﬂuxus
1044 986 1245 1034 nostrae
1302 978 1642 1034 mortalitatis
1716 978 2040 1050 exprimitur
2065 1019 2080 1046 ,

471 1067 596 1140 quia
625 1076 678 1123 et
713 1067 966 1124 Iordanis
1025 1067 1214 1124 Latine
1269 1067 1470 1124 dicitur
1521 1069 1822 1124 descensus
1863 1084 2076 1134 eorum,

477 1155 688 1214 scilicet
715 1156 1166 1211 Christianorum.
1199 1155 1360 1224 Quia,
1393 1155 1568 1228 inquit
1598 1155 1903 1229 Gregorius
1923 1156 2074 1228 (Mor.

471 1243 566 1300 lib.
586 1259 853 1315 xxxm,c.
873 1245 951 1316 6),
971 1244 1026 1299 in
1037 1244 1272 1301 Jordane
1285 1243 1507 1301 ﬂumine
1525 1244 1644 1316 ipse
1660 1253 1850 1301 auctor
1863 1245 2082 1300 redem-

472 1332 678 1406 ptionis
705 1340 907 1390 nostrae
935 1331 1198 1404 baptizari
1221 1333 1474 1406 dignatus
1503 1341 1604 1398 est,
1635 1341 1787 1390 recte
1827 1333 2080 1389 Iordanis

471 1421 697 1478 nomine
723 1435 912 1477 eorum
959 1419 1246 1476 multitudo
1293 1421 1633 1492 exprimitur,
1686 1421 1778 1494 qui
1823 1421 1964 1476 inter
1992 1437 2082 1476 sa-

472 1517 807 1566 cramentum
835 1507 1171 1581 baptismatis
1201 1517 1469 1566 tenentur.
1503 1509 1660 1566 Unde
1692 1510 1960 1582 scriptum
1999 1518 2083 1566 est

462 1598 518 1654 in
546 1597 651 1654 Job
679 1597 749 1654 de
777 1597 1000 1670 antiquo
1040 1599 1198 1654 hoste
1246 1598 1472 1654 humani
1514 1597 1738 1672 generis
1769 1615 1785 1652 :
1817 1601 1890 1656 Et
1919 1599 2082 1655 habet

465 1687 734 1756 ﬁduciam
753 1686 895 1760 quod
905 1687 1122 1756 inﬂuat
1136 1687 1402 1744 Iordanis
1420 1689 1485 1744 in
1495 1703 1556 1744 os
1567 1689 1689 1760 ejus
1705 1686 1822 1754 (Job
1851 1689 1977 1753 X191
1989 1687 2042 1756 8)
2061 1705 2076 1755 ;

467 1775 591 1849 quia
637 1783 927 1848 postquam
972 1773 1226 1832 inﬁdeles
1271 1791 1518 1848 quosque
1547 1791 1582 1830 a
1617 1775 1809 1831 mundi
1859 1775 2077 1848 origine

465 1873 662 1945 rapuit,
693 1873 872 1929 adhuc
890 1887 953 1930 se
980 1887 1145 1944 posse
1175 1872 1454 1944 suscipere
1500 1873 1665 1928 etiam
1711 1871 1904 1929 ﬁdeles
1934 1889 2070 1944 pra:-

469 1961 655 2018 sumit.
687 1961 830 2018 Nam
858 1977 956 2018 ore
983 1961 1256 2034 pestiferas
1283 1961 1650 2035 persuationis
1678 1978 1774 2017 eos
1833 1961 2076 2034 quotidie

469 2051 693 2108 devorat
729 2049 786 2106 in
823 2049 1024 2122 quibus
1061 2067 1093 2106 a
1138 2049 1491 2108 confessione
1537 2051 1664 2107 ﬁdei
1701 2051 1938 2122 reproba
1966 2050 2075 2106 vita

467 2137 760 2196 discordat.
805 2139 963 2196 Unde
1004 2153 1070 2196 ac
1117 2141 1164 2196 si
1220 2140 1386 2212 pallio
1440 2139 1578 2197 Elite
1632 2139 1874 2196 involuto
1930 2155 2074 2212 aqua

464 2228 768 2301 percutitur
790 2236 844 2284 et
872 2227 1094 2298 divitur,
1129 2235 1184 2285 et
1227 2244 1329 2301 per
1383 2245 1508 2286 eam
1553 2228 1814 2285 transitus
1863 2243 2076 2300 praepa-

465 2298 631 2384 ratur,
663 2317 882 2390 quando
913 2317 1068 2387 tales,
1099 2323 1160 2373 ut
1187 2298 1580 2389 pramissimus
1609 2333 1678 2374 ex
1698 2298 1882 2374 verbis
1901 2298 2073 2377 sancti

467 2404 738 2480 Gregorii,
787 2405 1118 2478 colligantur
1163 2414 1216 2462 et
1257 2405 1314 2462 in
1356 2422 1559 2480 aquam
1603 2405 1942 2463 dimittuntur
1973 2422 1987 2462 :
2020 2413 2074 2462 et

468 2494 621 2568 quasi
649 2509 795 2568 aqua
822 2493 1102 2566 dividitur,
1132 2510 1258 2552 cum
1285 2503 1376 2550 aut
1433 2495 1700 2568 quosdam
1755 2509 1900 2568 aqua
1926 2495 2072 2551 reci-

463 2583 560 2654 pit,
606 2591 659 2640 et
705 2583 960 2640 innoxios
1005 2583 1262 2650 ostendit,
1323 2590 1418 2640 aut
1471 2583 1740 2657 quosdam
1787 2582 1986 2654 rejicit,
2019 2592 2072 2638 et

467 2670 662 2728 noxios
709 2687 834 2728 esse
887 2671 1263 2740 demonstrat;
1312 2680 1366 2728 et
1411 2672 1668 2728 transitus
1715 2679 2068 2745 praeparatur,

469 2775 596 2816 cum
623 2767 715 2816 aut
735 2759 956 2834 quidam
985 2775 1020 2815 a
1058 2759 1318 2832 reputatis
1359 2760 1679 2818 criminibus
1725 2761 1796 2816 ad
1821 2759 2074 2816 innoxios

463 2847 824 2906 transferendi
845 2848 1158 2918 judicantur
1206 2855 1362 2908 aut.a
1388 2848 1676 2922 negatione
1706 2865 1803 2905 sua
1823 2848 1904 2905 rei
1931 2849 2073 2904 inter

462 2937 756 2994 criminum
783 2939 976 2994 noxios
997 2937 1271 2994 declarato
1291 2937 1498 3008 judicio
1527 2937 1882 3009 deputantur.
1911 2937 2074 2993 Nam-

461 3035 516 3084 et
534 3027 750 3100 quando
775 3025 869 3100 qui
887 3033 1109 3098 putatur
1152 3034 1206 3083 et
1251 3026 1342 3100 qui
1391 3034 1476 3084 est
1531 3026 1746 3096 noxius,
1786 3026 1844 3082 in
1871 3042 2070 3101 aquam

457 3115 859 3173 ‘examinandus
905 3114 1206 3183 dimittitur,
1237 3131 1269 3170 a
1305 3115 1717 3182 dimittentibus,
1764 3116 2062 3172 secundum

459 3205 747 3276 quemdam
775 3204 1001 3261 modum
1047 3203 1240 3262 forma:
1288 3203 1644 3276 baptismatis.
1679 3205 1944 3261 Dominus
1972 3203 2061 3260 in-

458 3299 702 3359 vocatur,
734 3299 1004 3364 quatenus
1041 3292 1246 3349 veritas
1289 3293 1435 3350 unde
1490 3293 1782 3365 requiritur
1833 3293 2061 3350 demon-

457 3387 678 3449 stretur,
755 3387 811 3437 et
859 3379 1117 3437 tenebras
1156 3379 1477 3453 ignorantiae
1515 3388 1715 3437 nostrae
1754 3380 2062 3437 illuminare

458 3469 732 3544 dignetur,
765 3484 836 3526 ne
871 3477 964 3526 aut
990 3469 1256 3526 innocens
1275 3469 1476 3540 injuste
1503 3485 1536 3524 a
1563 3469 1723 3525 nobis
1752 3469 2058 3539 damnetur,

459 3565 553 3616 ant
578 3573 788 3616 nocens
805 3575 904 3614 sua
926 3559 1240 3632 negatione,
1282 3566 1376 3614 aut
1421 3557 1697 3616 diabolica
1741 3557 1936 3616 fraude
1964 3559 2062 3615 ali-

460 3662 570 3720 quo
597 3646 763 3704 modo
789 3646 1088 3718 impunitus
1115 3646 1328 3704 evadat.
1363 3647 1472 3704 Sed
1491 3654 1547 3703 et
1564 3646 1684 3720 ipse
1715 3646 1808 3720 qui
1853 3646 2062 3704 exami-

459 3735 678 3791 nandus
697 3734 752 3791 in
779 3750 978 3807 aquam
1015 3734 1316 3804 dimittitur,
1363 3736 1762 3793 invocationem
1803 3735 2062 3794 invocan-

459 3824 598 3880 tium
627 3839 728 3881 sua
755 3823 1115 3898 responsione
1141 3832 1196 3882 et
1211 3824 1557 3882 denotatione
1585 3823 1891 3896 conﬁrmat,
1911 3825 2064 3896 juxta

456 3913 687 3970 formam
715 3913 1121 3987 quodammodo
1147 3922 1276 3970 ante
1305 3913 1822 3986 baptisma,quando
1851 3923 1945 3970 aut
1965 3929 2063 3971 ore

454 4002 692 4074 patroni,
725 4001 818 4076 qui
833 4001 1035 4074 alieno,
1065 4001 1122 4059 id
1140 4010 1226 4060 est
1253 4002 1506 4077 originali
1533 4010 1764 4075 peccato
1789 4003 2056 4076 perditus,

455 4090 638 4148 aliena
667 4089 776 4148 fide
805 4091 1038 4149 salvetur
1069 4109 1086 4148 :
1117 4099 1212 4149 aut
1251 4091 1466 4149 adultus
1513 4099 1737 4165 peccata
1784 4091 1899 4149 sive
1930 4109 2062 4151 con-

453 4187 645 4250 tracta,
677 4180 795 4238 sive
824 4180 1065 4238 admissa
1083 4180 1386 4246 conﬁtetur,
1410 4181 1802 4240 abrenuntians
1822 4181 2058 4254 diabolo,

455 4278 510 4326 et
536 4269 790 4327 omnibus
818 4271 1078 4344 operibus
1105 4287 1171 4329 ac
1198 4271 1418 4344 pompis
1448 4271 1586 4342 ejus,
1616 4279 1671 4328 et
1704 4271 1775 4328 ad
1823 4271 2059 4328 interro-

453 4359 732 4432 gationem
753 4361 1074 4430 sacerdotis,
1106 4367 1166 4416 ut
1192 4360 1250 4415 in
1280 4376 1388 4432 quo
1411 4360 1522 4430 jam
1552 4376 1662 4416 non
1691 4367 1773 4416 est
1819 4359 2060 4416 immun-

2180 447 2338 502 tertio
2387 447 2642 514 mersisti,
2701 455 2758 502 ut
2811 447 3165 518 multiplicem
3221 447 3433 518 lapsum
3491 449 3797 520 superioris

2179 536 2349 592 aetatis
2377 537 2682 592 absolveret
2711 535 2855 591 trina
2882 535 3176 593 confessio.
3211 537 3480 609 Denique,
3539 546 3598 592 ut
3625 537 3795 594 vobis

2179 623 2472 680 aﬁ'eramus
2532 625 2864 696 exemplum,
2929 633 3152 681 sanctus
3223 626 3504 696 apostolus
3557 627 3791 694 Petrus,

2179 721 2533 784 posteaquam
2562 713 2616 768 in
2649 714 2900 785 passione
2929 714 3148 769 Domini
3177 715 3367 785 lapsus
3398 715 3613 771 videtur
3641 714 3796 770 inﬁr-

2179 803 2364 856 mitate
2404 802 2730 858 conditionis
2773 804 3038 870 humanae,
3099 802 3192 874 qui
3247 811 3408 858 antea
3465 813 3791 877 negaverat,

2179 899 2390 962 postea,
2420 899 2478 946 ut
2507 891 2654 946 illum
2690 892 2901 962 lapsum
2931 891 3178 947 aboleret
3209 900 3262 947 et
3303 891 3561 960 solveret,
3625 893 3796 949 tertio

2179 979 2550 1052 interrogatus
2582 996 2615 1035 a
2639 981 2854 1036 Christo
2885 981 2932 1034 si
2961 981 3235 1034 Christum
3267 989 3496 1048 amaret,
3533 988 3648 1036 tum
3694 983 3794 1037 ille

2179 1067 2326 1134 dicit,
2365 1070 2442 1124 Tu
2471 1069 2641 1138 nosti,
2667 1071 2921 1134 Domine,
2939 1072 3071 1142 quia
3089 1086 3215 1126 amo
3239 1073 3294 1124 te
3310 1070 3494 1141 (Joan.
3526 1085 3648 1137 xxx,
3673 1072 3788 1141 15).

2180 1155 2365 1212 Tertio
2395 1156 2548 1224 dixit,
2580 1165 2639 1211 ut
2666 1157 2826 1212 tertio
2841 1157 3239 1213 absolveretur.
3278 1178 3300 1208 in
3338 1157 3428 1213 Sic
3459 1165 3511 1212 et
3531 1157 3794 1214 inventus

2182 1245 2238 1298 in
2261 1245 2469 1314 judicio
2497 1245 2712 1314 noxius,
2747 1245 2794 1300 si
2823 1245 2987 1312 fuerit
3013 1245 3151 1301 forte
3180 1263 3342 1316 super
3370 1245 3526 1316 plura
3583 1261 3792 1316 suspe—

2180 1341 2319 1402 ctus,
2383 1334 2578 1389 iterato
2633 1342 2716 1389 est
2765 1334 2971 1403 judicio
3033 1335 3450 1403 examinandus,
3497 1350 3792 1406 quousque

2179 1421 2485 1478 inveniatur
2513 1422 2909 1478 emendationis
2931 1423 3276 1479 confessione
3304 1424 3590 1494 probatus.
3615 1424 3686 1478 Et
3712 1423 3790 1478 ad

2179 1511 2286 1566 hoc
2331 1525 2674 1566 assumamus
2730 1511 2901 1568 sancti
2947 1511 3222 1568 Ambrosii
3275 1512 3438 1568 verba
3485 1511 3720 1569 dicentis
3770 1529 3787 1566 :

2187 1621 2208 1649 α
2246 1599 2494 1672 Denique
2524 1607 2583 1654 ut
2627 1600 2784 1655 vobis
2841 1598 3138 1656 aderamus
3183 1601 3510 1672 exemplum,
3562 1608 3800 1656 sanctus

2181 1687 2460 1758 apostolus
2500 1689 2690 1744 Petrus
2738 1697 3094 1761 posteaquam
3145 1690 3203 1744 in
3249 1690 3508 1762 passione
3564 1689 3790 1745 Domini

2179 1777 2366 1848 lapsus
2407 1777 2624 1833 videtur
2665 1777 2975 1834 infirmitate
3020 1779 3344 1836 conditionis
3386 1781 3656 1846 humanae,
3691 1779 3792 1850 qui

2179 1873 2307 1922 ante
2329 1874 2648 1947 negaverat,
2679 1876 2872 1938 postea
2904 1877 2962 1922 ut
2989 1868 3140 1938 illum
3177 1869 3391 1939 lapsum
3449 1868 3696 1924 aboleret
3727 1875 3794 1923 et

2179 1955 2432 2026 solveret,
2484 1955 2640 2012 tertio
2695 1955 3057 2030 interrogatur
3086 1973 3119 2012 a
3176 1957 3388 2013 Christo
3420 1956 3466 2012 si
3506 1957 3786 2013 Christum

2178 2051 2406 2113 amaret,
2442 2051 2554 2098 tum
2582 2045 2673 2100 ille
2702 2044 2833 2100 dicit
2863 2063 2877 2100 :
2919 2047 2996 2101 Tu
3015 2047 3186 2112 nosti,
3212 2048 3463 2112 Domine,
3488 2047 3624 2119 quia
3651 2062 3784 2102 amo

2179 2135 2252 2188 te.
2277 2133 2460 2188 Tertio
2479 2133 2631 2201 dixit,
2663 2141 2722 2188 ut
2749 2133 2908 2189 tertio
2923 2135 3316 2190 absolveretur.
3356 2156 3378 2184 ιι
3405 2134 3475 2190 Ει
3495 2134 3776 2206 quoniam,

2177 2221 2315 2278 sicut
2345 2237 2512 2292 supra
2542 2223 2882 2278 ostendimus
2905 2223 3087 2278 divina
3103 2224 3421 2279 auctoritate
3451 2223 3787 2294 baptismum

2175 2325 2298 2365 esse
2323 2311 2606 2380 judicium,
2641 2312 2786 2367 unde
2818 2320 2870 2368 et
2897 2312 3154 2368 Iordanis
3181 2312 3452 2384 baptisma
3480 2312 3786 2385 designans

2173 2407 2553 2478 interpretatur
2589 2409 2747 2465 rivus
2795 2409 3023 2480 judicii,
3085 2424 3192 2480 quo
3241 2409 3498 2481 princeps
3560 2409 3779 2478 mundi,

2173 2497 2425 2560 mendax,
2459 2505 2509 2552 et
2539 2505 2696 2568 pater
2739 2498 2857 2568 ejus
2903 2497 3050 2552 foras
3106 2498 3337 2569 ejicitur,
3370 2507 3423 2554 et
3446 2499 3781 2570 baptismum

2174 2585 2459 2640 consilium
2498 2587 2599 2641 Dei
2628 2595 2732 2652 est,
2780 2586 3071 2642 consilium
3129 2587 3297 2642 divini
3319 2587 3425 2642 viri
3482 2588 3548 2643 ad
3585 2587 3785 2661 ignota

2172 2673 2552 2748 investiganda
2581 2675 2905 2731 invenerunt
2943 2675 3208 2745 judicium
3237 2691 3394 2748 aqua;
3440 2675 3676 2748 frigidae.
3714 2679 3781 2732 In

2173 2779 2281 2834 quo
2308 2779 2464 2834 aqua)
2489 2763 2702 2835 frigidae
2725 2764 2950 2833 judicio,
2983 2765 3053 2820 ad
3079 2763 3478 2822 invocationem
3507 2767 3778 2836 veritatis,

2172 2868 2295 2923 quae
2324 2853 2471 2907 Deus
2512 2860 2614 2922 est,
2647 2853 2738 2924 qui
2794 2853 3078 2909 veritatem
3135 2869 3234 2909 suo
3285 2854 3572 2910 mendacio
3629 2855 3785 2926 cupit

2171 2941 2454 3012 obtegere,
2486 2940 2542 2994 in
2573 2941 2748 3012 aquis,
2787 2958 2953 3013 super
2985 2958 3131 3014 quas
3163 2959 3270 2998 vox
3295 2943 3512 2998 Domini
3525 2943 3781 3014 majesta-

2173 3028 2240 3082 tis
2255 3028 2509 3096 intonuit,
2541 3045 2650 3084 non
2667 3037 2848 3100 potest
2874 3031 3072 3102 mergi,
3097 3031 3225 3102 quia
3243 3047 3384 3102 pura
3411 3041 3605 3087 natura
3623 3049 3786 3104 aquae

2093 3090 2142 3154 Ο
2163 3125 2416 3172 naturam
2443 3119 2754 3189 humanam,
2787 3136 2886 3190 per
2913 3135 3113 3191 aquam
3141 3119 3480 3190 baptismatis
3508 3121 3576 3175 ab
3621 3122 3780 3177 omni

2159 3207 2432 3263 mendacii
2462 3206 2723 3279 ﬁgmento
2750 3216 3056 3282 purgatam,
3100 3208 3296 3264 iterum
3352 3209 3640 3266 mendacio
3672 3211 3774 3266 in-

2161 3294 2360 3351 fectam
2405 3312 2518 3352 non
2563 3297 2880 3368 recognocit
2926 3313 3140 3368 puram,
3191 3305 3244 3354 et
3291 3298 3416 3354 ideo
3481 3313 3602 3354 eam
3649 3315 3770 3354 non

2160 3383 2372 3456 recipit,
2405 3385 2501 3440 sed
2531 3385 2702 3454 rejicit
2739 3393 2796 3441 ut
2838 3386 3089 3440 alienam.
3141 3387 3210 3441 Et
3253 3394 3310 3441 ut
3357 3387 3412 3440 in
3443 3387 3775 3458 baptismate

2159 3473 2227 3528 ab
2281 3473 2500 3528 homine
2556 3473 2778 3544 spiritus
2857 3473 3194 3544 immundus,
3255 3475 3310 3528 id
3366 3483 3448 3530 est
3495 3475 3766 3548 princeps

2159 3561 2320 3630 hujus
2348 3561 2535 3616 mundi
2565 3562 2795 3632 ejicitur,
2827 3563 2902 3618 ita
2930 3571 2983 3619 et
3011 3562 3105 3635 qui
3142 3579 3176 3618 a
3215 3563 3456 3632 diabolo,
3503 3564 3760 3636 principe

2161 3649 2412 3706 videlicet
2463 3651 2653 3706 mundi
2704 3651 2882 3721 hujus,
2939 3669 3042 3723 per
3105 3660 3390 3724 peccatum
3462 3669 3776 3724 reoccupa-

2159 3754 2282 3818 tus,
2344 3748 2481 3804 sicut
2538 3749 2798 3820 scriptum
2853 3757 2937 3804 est
2989 3750 3206 3822 (Matth.
3268 3766 3389 3817 xu,
3449 3751 3578 3822 45),
3633 3751 3768 3823 quia

2159 3851 2282 3892 cum
2340 3837 2532 3892 exierit
2577 3839 2646 3893 ab
2707 3839 2926 3894 homine
2982 3839 3272 3896 revertitur
3319 3839 3388 3894 ad
3436 3855 3618 3894 euma
3647 3841 3761 3895 bo-

2157 3925 2243 3980 nis
2291 3927 2546 3997 operibus
2616 3936 2918 3995 vacantem,
2985 3928 3096 3984 imo
3151 3945 3403 3995 vacuum,
3455 3945 3580 3985 cum
3637 3929 3766 3984 aliis

2161 4023 2371 4086 septem
2402 4016 2682 4086 spiritibus
2729 4016 3078 4089 nequioribus
3125 4033 3184 4072 se
3239 4018 3310 4072 ab
3356 4033 3494 4090 aqua
3539 4017 3774 4074 invoca-

2160 4103 2304 4159 tione
2333 4103 2501 4159 divini
2538 4105 2774 4160 nominis
2811 4113 3022 4162 sacrata
3069 4107 3330 4175 rejicitur.
3380 4105 3556 4176 Quem
3587 4107 3772 4162 homi-

2159 4209 2286 4248 nem
2314 4209 2424 4249 non
2452 4195 2770 4262 naturalem,
2803 4195 2939 4250 sicut
2969 4211 3034 4250 ex
3080 4211 3220 4267 aqua
3267 4203 3320 4250 et
3367 4195 3570 4267 Spiritu
3595 4211 3768 4252 rena-

2160 4290 2248 4337 tus
2279 4289 2380 4350 est,
2415 4291 2726 4357 purgatum,
2759 4299 2870 4340 non
2899 4283 3082 4340 carnis
3111 4283 3450 4356 depositione
3481 4285 3761 4354 sordium,

2159 4373 2256 4427 sed
2277 4373 2702 4444 interrogatione
2731 4381 2782 4428 et
2811 4372 3157 4430 confessione
3213 4373 3561 4430 conscientiae
3599 4375 3766 4432 bonae

454 4447 588 4504 ditia
617 4447 734 4518 eius
761 4463 866 4520 Per
891 4447 1240 4536 ξιθεαιίοιιεω
1267 4447 1610 4516 abscondita»
1655 4449 1754 4505 sed
1799 4465 1902 4520 P3P
1929 4463 2058 4506 οοΠ·
2085 4456 2140 4518 Β
2161 4460 2214 4516 in
2245 4463 2438 4533 Deum,
2481 4477 2670 4518 verum
2699 4462 2878 4533 potius
2908 4463 3069 4517 talem
3119 4463 3189 4518 de
3245 4479 3351 4536 quo
3407 4463 3463 4517 in
3517 4462 3766 4520 Levitico

456 4536 756 4594 fessionem
785 4535 1080 4608 publicata,
1114 4535 1271 4592 illum
1299 4537 1529 4609 recipiat
1554 4543 1740 4610 atque,
1789 4544 1846 4592 et
1878 4552 2068 4594 conse.

452 4625 689 4697 peliatur
717 4625 955 4697 Christo,
987 4633 1042 4682 et
1070 4624 1461 4698 demergantur
1487 4633 1712 4698 peccata
1731 4625 1869 4696 ejus,
1908 4626 2064 4696 juxta

454 4713 787 4786 Scripturam
816 4715 874 4770 in
901 4713 1231 4787 profundum
1258 4714 1446 4786 maris,
1477 4715 1548 4771 ad
1574 4714 1752 4770 instar
1777 4715 2063 4788 Egyptios

449 4801 514 4858 in
539 4818 689 4858 mare
717 4803 980 4871 Rubrum,
1004 4803 1074 4860 de
1091 4803 1221 4862 ﬁdei
1241 4820 1355 4861 suae
1375 4803 1720 4861 confessione
1741 4804 2057 4876 respondet,

453 4891 594 4948 sicut
623 4899 843 4948 sanctus
869 4893 1191 4950 Ambrosius
1220 4892 1277 4949 in
1303 4893 1443 4950 libro
1464 4893 1533 4949 de
1553 4893 1912 4950 sacramentis
1929 4893 2062 4950 dicit

455 4981 574 5054 (lib.
605 4996 665 5050 ιι,
699 4997 751 5038 c.
773 4981 831 5054 ’7)
863 4997 879 5038 :
916 5000 939 5034 ι
983 4983 1355 5056 Interrogatus
1389 4999 1451 5039 es
1481 5000 1494 5038 :
1539 4983 1732 5039 Credis
1779 4981 1832 5038 in
1883 4984 2058 5040 Deum

453 5071 670 5126 Patrem
689 5069 1119 5142 omnipotentem
1137 5072 1167 5127 ?
1195 5071 1392 5127 Dixisti
1422 5089 1436 5126 :
1471 5071 1672 5140 Credo,
1703 5080 1758 5127 et
1797 5072 2052 5142 mersisti,

453 5159 558 5216 hoc
613 5167 696 5215 est
742 5159 1096 5232 consepultus
1150 5175 1232 5217 es.
1283 5162 1490 5216 Iterum
1544 5161 1908 5236 interrogatus
1945 5177 2052 5218 es:

455 5247 651 5304 Credis
676 5247 734 5304 in
759 5249 1056 5305 Dominum
1094 5257 1346 5305 nostrum
1383 5250 1570 5306 Jesum
1617 5250 1892 5308 Christum
1921 5257 1972 5306 et
1999 5250 2056 5305 in

453 5351 674 5394 crucem
721 5338 880 5408 ejus?
907 5338 1148 5394 Dixisti:
1181 5339 1378 5410 Credo,
1430 5347 1484 5396 et
1528 5339 1784 5397 mersisti.
1825 5340 1954 5396 Ideo
2003 5347 2056 5396 et

453 5435 666 5494 Christo
686 5451 746 5493 es
774 5436 1144 5508 consepultus.
1179 5436 1284 5506 Qui
1315 5437 1462 5494 enim
1513 5439 1730 5496 Christo
1788 5453 2053 5510 consepe-

448 5531 598 5606 litur,
631 5548 756 5592 cum
783 5533 998 5592 Christo
1025 5534 1277 5608 resurgit.
1311 5535 1494 5592 Tertio
1533 5535 1898 5607 interrogatus
1940 5551 2002 5592 es
2034 5551 2048 5588 :

2165 4550 2426 4622 scriptum
2443 4559 2525 4606 est
2555 4551 2716 4607 sentit
2747 4569 2761 4605 :
2797 4553 3008 4622 Omnis,
3033 4552 3223 4625 inquit,
3249 4555 3426 4620 homo,
3462 4553 3557 4626 qui
3577 4569 3770 4610 acces-

2163 4649 2308 4704 serit
2339 4649 2406 4703 de
2433 4649 2611 4721 stirpe
2641 4652 2828 4704 vestra
2848 4650 2919 4704 ad
2930 4666 2996 4704 ea
3018 4665 3140 4722 qua:
3161 4652 3492 4706 consecrata
3520 4653 3680 4715 sunt,
3706 4654 3769 4705 et

2162 4753 2284 4809 qua:
2295 4737 2622 4793 obtulerunt
2633 4738 2742 4806 ﬁlii
2753 4738 2928 4793 Israel
2941 4739 3192 4804 Domino,
3214 4739 3278 4794 in
3297 4755 3401 4811 quo
3423 4740 3768 4795 estimmun-

2162 4826 2322 4891 ditia,
2353 4828 2560 4899 peribit
2587 4843 2778 4882 coram
2807 4827 3040 4883 Domino
3089 4827 3287 4899 (Leuit.
3345 4842 3488 4893 xx",
3524 4828 3602 4897 3).
3633 4828 3767 4884 Non

2159 4913 2336 4970 dicit:
2371 4916 2430 4968 In
2461 4930 2568 4986 quo
2617 4914 2715 4969 fuit
2761 4914 3114 4971 immunditia.
3167 4915 3514 4972 Immunditia
3558 4917 3766 4989 quippe

2159 5003 2275 5072 ejus
2302 5003 2357 5058 in
2389 5003 2509 5074 ipso
2539 5010 2640 5069 est,
2674 5003 2768 5074 qui
2805 5005 3088 5061 mendacio
3133 5005 3374 5078 contegit
3432 5006 3716 5062 veritatem
3744 5025 3759 5073 ;

2159 5101 2210 5148 et
2239 5092 2442 5148 idcirco
2472 5093 2541 5147 de
2570 5092 2738 5164 stirpe
2770 5095 3097 5150 sacerdotali
3132 5112 3145 5148 :
3189 5097 3302 5162 Vos,
3335 5095 3528 5167 inquit,
3575 5111 3760 5168 genus

2157 5183 2420 5248 electum,
2451 5183 2639 5254 regale
2669 5185 3046 5240 sacerdotium
3077 5183 3130 5256 (Ι
3172 5187 3326 5240 Petr.
3361 5200 3420 5254 ιι,
3455 5185 3552 5256 9);
3599 5193 3652 5240 et
3700 5185 3759 5241 in

2155 5269 2532 5342 Apocalypsi:
2565 5273 2769 5328 Fecisti
2797 5290 2898 5331 nos
2926 5291 3168 5346 regnum
3197 5276 3304 5331 Deo
3335 5278 3395 5330 et
3439 5275 3760 5331 sacerdotes

2155 5359 2342 5432 (Apoc.
2378 5377 2430 5427 v,
2465 5361 2574 5433 10),
2608 5362 2675 5417 ad
2707 5379 2772 5418 ea
2805 5379 2926 5434 quae
2972 5370 3294 5419 consecrata
3344 5371 3469 5418 sunt
3517 5363 3756 5420 Domino

2154 5449 2442 5518 accedens,
2484 5451 2723 5522 quandiu
2753 5451 3089 5506 immunditia
3117 5453 3234 5522 ejus
3263 5452 3316 5507 in
3347 5452 3468 5524 ipso
3507 5459 3610 5518 est,
3643 5469 3756 5509 non

2152 5537 2352 5612 poterit
2379 5539 2536 5613 aquis
2563 5540 2906 5600 invocatione
2944 5541 3046 5598 Dei
3073 5542 3368 5600 sanctitatis
3386 5541 3656 5615 immergi,
3695 5551 3759 5600 ut
