4072 6288
193 273 286 325 169

1687 271 2059 328 EPISTOLIE.

3380 285 3482 338 170

189 394 439 449 innoxius
451 401 662 465 pereat,
689 396 784 450 sed
797 396 1110 467 pereundus
1131 396 1542 452 monstrabitur.
1570 399 1791 469 Expur-
1817 400 1874 459 Α
1894 397 2022 469 igne
2055 403 2394 469 consumpta.
2423 383 2553 454 'Sed
2582 407 2634 453 et
2673 399 2948 457 Gedeonis
2998 402 3322 460 sacriﬁcium
3359 420 3484 461 cum

188 488 330 555 gate,
373 483 554 555 inquit
581 485 896 555 Apostolus,
950 489 1106 540 vetus
1137 489 1506 556 fermentum,
1552 491 1618 541 ut
1664 487 1791 542 sitis

189 589 324 628 nova
353 576 704 645 consparsio,
728 576 1025 629 sicutestis
1042 577 1231 645 αδμγηί
1252 576 1302 645 (l
1323 577 1441 630 Cor.
1470 592 1523 640 v,
1548 575 1622 645 7).
1647 578 1724 630 Ac
1747 575 1792 629 si

192 669 444 732 patenter
473 662 652 718 dicat:
679 664 997 733 Reputatum
1014 664 1081 717 de
1112 663 1355 730 crimine,
1390 672 1552 735 atque
1582 681 1792 736 negan-

193 760 316 815 tem,
352 767 517 822 quem
565 752 774 806 idoneis
821 752 1051 806 testibus
1088 751 1377 820 judiciario
1418 753 1609 807 ordine
1643 768 1793 808 com-

193 840 421 909 probare
442 841 704 911 nequitis,
730 849 820 895 aut
848 850 1209 906 sacramento,
1235 849 1325 895 aut
1345 841 1442 896 Dei
1466 841 1671 910 judicio
1693 858 1790 896 ex-

191 938 438 1000 purgate,
464 946 534 984 ne
555 930 609 983 in
633 929 814 984 medio
827 930 991 985 vestri
1013 946 1241 984 manens
1263 931 1564 999 anathema,
1581 931 1791 984 dicatur

192 1017 339 1071 vobis
374 1034 388 1072 :
425 1020 746 1074 Anathema
769 1021 829 1074 in
860 1020 1041 1075 medio
1074 1021 1180 1086 tui,
1214 1021 1409 1084 Israel,
1436 1036 1550 1075 non
1578 1022 1790 1091 poteris

193 1110 336 1161 stare
385 1124 581 1162 coram
625 1109 877 1163 inimicis
913 1111 1027 1164 tuis
1066 1110 1251 1177 (los-ue
1284 1123 1381 1173 vu,
1424 1110 1531 1179 13).
1565 1109 1632 1162 Ει
1661 1108 1791 1162 item

194 1195 314 1249 dicit
352 1197 654 1266 Apostolus
688 1215 700 1250 :
738 1198 917 1252 Nolite
958 1198 1378 1254 communicare
1411 1199 1662 1269 operibus
1694 1200 1788 1252 in-

194 1287 499 1353 fructuosis
530 1287 894 1341 tenebrarum
914 1287 1139 1359 (Ephes.
1164 1302 1218 1352 v,
1260 1289 1368 1356 11).
1397 1287 1551 1342 Unde
1595 1289 1788 1356 Augu-

194 1373 356 1426 stinus
373 1373 466 1444 (de
484 1375 662 1430 verbis
676 1376 901 1431 Domini
917 1393 1084 1430 serm.
1114 1378 1222 1446 '18):
1253 1397 1273 1425 α
1292 1376 1471 1430 Nolite
1489 1375 1789 1430 communi-

192 1476 328 1530 care,
365 1464 474 1518 hoc
505 1471 608 1527 est,
643 1463 808 1518 nolite
839 1465 1168 1519 consentire.
1208 1466 1276 1518 Et
1305 1465 1427 1535 quia
1455 1481 1643 1535 parum
1675 1472 1789 1519 erat

190 1567 292 1605 non
321 1554 634 1607 consentire
670 1552 716 1609 si
747 1562 1070 1624 sequeretur
1099 1554 1437 1626 negligentia
1464 1553 1784 1624 disciplima,

193 1642 385 1712 magis,
420 1641 618 1712 inquit,
652 1646 708 1697 et
738 1643 1080 1714 redarguite.
1129 1643 1352 1696 Duobus
1389 1643 1567 1697 modis
1597 1658 1705 1696 non
1735 1650 1787 1696 te

187 1731 415 1785 maculat
447 1732 648 1797 malus,
677 1731 723 1785 si
753 1748 862 1786 non
891 1732 1220 1799 consentias,
1253 1741 1306 1788 et
1336 1733 1381 1786 si
1410 1733 1730 1804 redarguas.
1751 1755 1772 1779 ι»

190 1819 351 1889 Igitur
371 1822 690 1893 arguendns
723 1829 804 1876 est
831 1830 1103 1892 peccator,
1131 1829 1182 1877 et
1215 1822 1258 1876 si
1291 1822 1575 1892 negaverit
1605 1829 1657 1876 et
1685 1837 1779 1877 or-

187 1909 305 1964 dine
346 1909 646 1978 judiciario
677 1911 1021 1980 comprobari
1070 1927 1181 1965 non
1227 1911 1444 1982 poterit,
1499 1910 1782 1966 examine-

187 2006 284 2065 tur,
305 2006 363 2052 ut
389 1999 653 2070 probatus
686 1999 1006 2054 manifestus
1040 1999 1150 2066 fiat,
1180 2008 1230 2056 et
1263 2000 1583 2070 reprobatus
1610 1999 1783 2055 latere

186 2102 287 2142 non
308 2088 504 2158 possit.
537 2089 926 2159 Deprehensus
965 2096 1145 2144 autem
1177 2089 1493 2144 conﬁteatur
1521 2097 1573 2143 et
1601 2088 1782 2160 pmni-

186 2183 306 2241 teat,
340 2185 393 2231 et
419 2193 531 2232 non
560 2178 831 2233 tenebitur
860 2177 986 2234 fune
1017 2187 1368 2248 peccatorum
1399 2193 1639 2246 suorum,
1675 2193 1782 2249 quo

187 2274 262 2320 est
290 2266 555 2338 illigatus,
588 2274 644 2320 ut
675 2283 786 2322 non
831 2276 1108 2340 mergatur
1146 2275 1199 2322 et
1240 2268 1450 2323 lavetur
1477 2283 1614 2338 aqua
1646 2267 1788 2321 salu-

187 2355 277 2410 tari
317 2356 547 2426 perfusa
592 2356 868 2428 lacrymis,
911 2365 964 2412 et
1006 2357 1340 2429 dimergatur
1368 2365 1424 2410 ut
1443 2355 1698 2427 Egyptii,
1733 2363 1784 2412 et

188 2445 273 2516 qui
310 2446 558 2516 corrupti
595 2454 754 2500 erant
796 2445 1004 2501 carnali
1048 2446 1393 2516 corruptione
1439 2460 1624 2500 coram
1674 2446 1783 2500 Do-

188 2533 347 2602 mino,
382 2534 526 2590 sicut
555 2534 836 2605 plumbum
867 2534 923 2589 in
953 2535 1108 2606 aquis
1151 2534 1578 2601 vehementibus,
1605 2540 1658 2590 et
1689 2549 1781 2590 se-

188 2623 421 2678 cundum
451 2625 780 2694 prOphetam
811 2641 825 2678 :
867 2625 1254 2696 Projiciantur
1300 2625 1631 2694 iniquitates
1660 2625 1780 2695 ejus

187 2714 242 2768 in
259 2713 617 2785 profundum
643 2715 820 2768 maris
851 2713 1034 2782 (Mieh.
1061 2728 1156 2778 vn,
1194 2712 1300 2783 19),
1335 2712 1463 2784 quia
1483 2720 1641 2767 antea
1659 2728 1782 2767 cum

187 2802 473 2858 mendacio
525 2818 625 2858 suo
667 2802 847 2874 mergi
910 2809 969 2856 ut
1029 2802 1343 2856 ablueretur
1396 2817 1506 2856 non
1550 2809 1778 2872 poterat,

186 2889 354 2948 donec
382 2890 736 2947 confessione
758 2907 788 2944 a
818 2907 877 2946 se
904 2890 1040 2945 illud
1088 2891 1143 2944 in
1183 2889 1511 2960 profundum
1540 2890 1780 2960 projice-

187 2987 280 3044 ret,
329 2989 384 3035 et
429 2980 650 3035 ablutus
695 2988 1016 3052 emergeret,
1071 2979 1160 3049 qui
1208 2987 1333 3034 ante
1380 2978 1781 3034 confessionem

188 3067 316 3123 sicut
339 3069 550 3124 ferrum
568 3068 736 3123 Elisei
762 3069 1114 3138 premebatur
1143 3083 1286 3138 aqua
1314 3068 1409 3138 (IV
1433 3071 1557 3139 Reg.
1591 3082 1668 3134 vr,
1700 3070 1776 3137 7),

186 3159 485 3230 usquedum
530 3159 602 3214 ad
635 3157 1034 3214 confessionem
1079 3156 1248 3212 divini
1286 3156 1521 3212 nominis
1564 3157 1631 3210 ad
1669 3155 1779 3228 lig-

190 3264 307 3302 num
338 3248 504 3304 rediit
537 3264 550 3301 :
578 3247 655 3302 ita
683 3247 1032 3302 nihilominus
1061 3261 1272 3317 negans
1301 3245 1509 3316 peccati
1536 3245 1780 3315 pondere

186 3337 448 3408 premitur
486 3337 650 3391 anxia
678 3336 1029 3402 conscientia,
1062 3351 1235 3406 usque
1267 3335 1396 3389 dum
1425 3334 1780 3404 pronuntians

187 3423 517 3497 impietatem
533 3425 745 3497 peccati
762 3426 842 3479 sui
871 3424 1123 3489 Domino,
1162 3424 1216 3478 in
1247 3423 1401 3492 cujus
1419 3423 1568 3494 ligno
1599 3422 1780 3479 crucis

187 3515 422 3570 omnium
452 3515 756 3583 hominum,
808 3521 866 3568 ut
895 3513 1025 3569 dicit
1066 3512 1409 3578 Ambrosius,
1457 3511 1671 3567 levatur
1698 3511 1780 3566 in-

188 3601 434 3659 ﬁrmitas.
481 3604 552 3658 Et
601 3605 705 3660 hoc
751 3611 831 3658 est
878 3602 1161 3669 diluvium,
1218 3602 1364 3673 quod
1408 3608 1460 3656 et
1487 3601 1776 3672 baptisma,

186 3709 288 3764 quo
312 3700 542 3765 peccata
569 3693 751 3748 omnia
770 3692 1067 3758 diluuntur,
1102 3691 1215 3746 sola
1238 3690 1369 3760 justi
1390 3707 1546 3745 mens
1572 3697 1623 3745 et
1655 3706 1780 3762 gra-

184 3780 254 3835 tia
293 3779 672 3849 resuscitatur,
729 3780 939 3851 pridem
997 3779 1197 3851 quippe
1245 3778 1445 3833 mortui
1491 3777 1778 3848 negatione

184 3870 401 3939 peccati.
455 3869 628 3941 Legat
690 3869 918 3925 devotus
975 3869 1172 3923 librum
1230 3867 1587 3938 Dialogorum
1637 3867 1780 3922 beati

187 3957 442 4031 Gregorii
481 3960 601 4027 (lib.
631 3973 692 4025 ιι,
731 3975 852 4031 cap.
890 3962 980 4027 23,
1013 3960 1103 4024 24,
1140 3961 1192 4023 3,
1225 3961 1313 4022 28,
1338 3958 1390 4023 7,
1423 3957 1499 4026 6),
1541 3964 1594 4011 et
1622 3955 1778 4010 inve-

186 4046 287 4101 niet
340 4047 794 4103 sanctimoniales
823 4063 932 4102 non
967 4053 1258 4112 correctas,
1294 4052 1348 4099 et
1392 4059 1490 4115 pro
1529 4044 1779 4100 incorre-

186 4135 355 4192 ctione
374 4153 475 4192 sua
517 4153 551 4193 a
581 4145 770 4194 sancto
799 4136 1093 4192 Benedicto
1119 4133 1638 4200 excommunicatas,
1659 4141 1781 4204 post

187 4234 411 4282 mortem
441 4235 693 4297 tempore
741 4224 1139 4282 communionis
1181 4225 1248 4278 de
1282 4223 1548 4293 sepulcris
1580 4223 1646 4276 ab
1675 4224 1780 4278 Ec-

186 4315 361 4380 clesia,
395 4312 523 4385 quia
553 4327 663 4368 non
683 4310 1174 4377 communicabant,
1201 4308 1398 4373 exisse,
1431 4314 1554 4378 post
1582 4321 1777 4362 recon-

186 4404 508 4459 ciliationem
559 4409 760 4466 autem,
794 4416 853 4455 se
881 4399 937 4454 in
966 4399 1080 4454 suis
1127 4397 1394 4470 sepulcris
1424 4395 1774 4460 continuisse,

1898 485 2184 556 superfuso
2209 487 2355 555 jure,
2387 487 2542 556 cujus
2586 489 2911 544 abundantia
2942 491 3079 546 solet
3106 492 3249 564 ignis
3279 493 3484 550 exstin-

1895 575 2008 647 gui,
2035 592 2132 645 per
2145 577 2454 647 angelicum
2470 577 2851 646 ministerium,
2867 579 2994 651 igne
3025 581 3187 636 etiam
3211 582 3484 639 lambente

1893 671 2104 734 petram
2151 675 2535 737 consumptum
2573 675 2655 722 est
2700 669 2850 736 (Jud.
2887 684 2960 736 v1,
2999 670 3086 740 19)
3113 689 3126 736 ;
3157 679 3210 726 et
3237 670 3290 725 in
3320 673 3480 727 unius
3532 742 3537 747 _

1895 754 2246 826 ejusdemque
2297 755 2548 811 elementi
2591 758 2848 827 mysterio
2895 766 2946 813 et
2974 756 3097 812 ﬁnis
3127 768 3209 814 est
3238 760 3399 828 vitiis,
3433 768 3486 817 et

1893 842 2050 913 origo
2106 843 2415 912 virtutibus,
2462 854 2720 915 operante
2769 847 2966 918 Spiritu
3021 855 3226 914 sancto,
3264 848 3320 902 in
3349 865 3485 920 aqua

1895 931 2038 987 sacri
2068 932 2424 1003 baptismatis.
2466 935 2594 990 Haec
2640 935 2874 1005 diligens
2908 936 3081 992 lector
3109 937 3276 1008 legat,
3302 945 3354 991 et
3374 953 3484 993 non

1892 1021 2176 1076 mirabitur
2201 1022 2257 1076 in
2281 1023 2486 1091 judicio
2507 1040 2659 1094 aquae
2688 1023 2902 1095 frigidae
2922 1025 3240 1080 innocentes
3261 1027 3328 1080 ab
3345 1042 3486 1098 aqua

1892 1109 2081 1180 recipi,
2117 1120 2377 1166 nocentes
2408 1120 2585 1166 autem
2615 1128 2725 1168 non
2755 1114 2924 1184 recipi
2956 1133 2968 1168 :
3002 1115 3139 1170 sicut
3167 1123 3219 1169 et
3240 1115 3296 1170 in
3337 1130 3484 1187 aqua

1892 1199 2066 1254 calida
2117 1209 2424 1270 coquuntur
2464 1201 2630 1268 noxii,
2682 1202 2887 1257 innoxii
2958 1219 3087 1258 vero
3136 1213 3483 1260 reservantur

1889 1286 2104 1344 incocti.
2140 1288 2275 1357 Quia
2304 1298 2354 1344 et
2400 1290 2664 1358 Christus,
2713 1291 2951 1347 caelestis
2981 1293 3252 1348 medicina
3289 1293 3482 1364 Patris,

1890 1393 2053 1432 verus
2101 1378 2351 1434 humanas
2405 1379 2650 1435 medicus
2694 1379 2900 1449 salutis,
2960 1381 3243 1436 invocatus
3293 1397 3326 1437 a
3369 1382 3484 1438 suis

1889 1463 2160 1532 ﬁdelibus,
2196 1475 2250 1521 ut
2281 1475 2333 1521 et
2361 1467 2588 1524 medicis
2611 1469 2793 1523 carnis
2821 1469 2941 1539 ipso
2968 1469 3266 1540 inspirante
3285 1470 3480 1538 solent,

1889 1555 2162 1610 contraria
2210 1557 2518 1624 contrariis,
2565 1557 2742 1612 calida
2779 1556 3009 1628 frigidis,
3053 1557 3254 1628 frigida
3287 1559 3478 1615 calidis

1888 1652 2056 1698 curat.
2091 1645 2160 1698 Et
2190 1644 2243 1698 in
2291 1645 2462 1700 veteri
2509 1646 2776 1711 Ecclesia,
2829 1662 2950 1718 quae
2981 1655 3204 1702 vocatur
3233 1647 3481 1704 usitatius

1809 1761 1862 1820 B
1891 1731 2204 1805 Synagoga,
2249 1734 2317 1788 de
2365 1733 2524 1788 unius
2554 1734 2906 1806 ejusdemque
2936 1735 3216 1790 seditionis
3245 1736 3484 1791 homini—

1892 1821 2014 1890 bus,
2050 1823 2315 1893 quosdam
2335 1831 2478 1876 terra
2501 1823 2789 1893 absorptos
2802 1824 3030 1895 operuit,
3056 1825 3320 1895 quosdam
3350 1840 3480 1882 vero

1885 1927 2052 1981 super
2123 1919 2325 1966 terram
2386 1912 2525 1968 edax
2608 1912 2824 1967 ﬂamma
2881 1914 3216 1984 consumpsit
3290 1915 3477 1986 (Num.

1884 2014 2002 2066 xvr,
2053 2003 2120 2054 30
2158 2007 2211 2055 et
2257 2003 2367 2071 35).
2420 2002 2670 2073 Dumque
2729 2018 2857 2057 caro
2909 2002 3131 2058 innoxia
3179 2003 3477 2059 Salvatoris

1884 2089 2036 2160 aquis
2105 2088 2432 2161 frigentibus
2519 2090 2802 2163 tinguitur,
2881 2091 3134 2162 opposita
3203 2091 3478 2163 quondam

1883 2177 2060 2233 noxiis
2088 2179 2365 2249 romphaea
2411 2179 2573 2252 ignea
2611 2179 2853 2250 paradisi
2888 2179 3256 2252 restinguitur.
3289 2181 3398 2237 Sed
3427 2189 3481 2237 et

1884 2266 2240 2338 dispositione
2295 2268 2466 2338 ipsius
2514 2268 2910 2325 elementorum
2967 2269 3267 2325 conditoris
3316 2278 3479 2343 atque

1881 2357 2128 2425 rectoris,
2172 2373 2281 2413 uno
2311 2357 2613 2430 eodemque
2647 2359 2760 2414 sole
2807 2358 2976 2414 lutum
3020 2358 3317 2429 stringitur,
3353 2375 3478 2416 cera

1883 2445 2132 2517 liquatur.
2181 2447 2308 2502 Haec
2356 2447 2501 2502 dicta
2547 2447 2671 2517 sint,
2721 2447 2846 2520 quia
2873 2447 3199 2503 elementum
3229 2447 3479 2506 instabile

1883 2534 1938 2589 in
1955 2536 2273 2606 mergendo,
2307 2551 2408 2606 pro
2436 2534 2544 2590 ﬁde
2573 2536 2930 2604 credentium,
2957 2536 3224 2608 quosdam
3259 2537 3470 2608 recipit,

1884 2625 2147 2694 quosdam
2177 2632 2353 2679 autem
2373 2640 2484 2679 non
2503 2624 2694 2697 recipit
2729 2643 2742 2679 :
2775 2625 2873 2684 sed
2893 2633 2945 2680 et
2974 2624 3191 2682 fervore
3220 2625 3474 2681 elementi

1883 2713 2128 2782 ejusdem
2177 2712 2397 2785 quidam
2451 2721 2776 2786 coquuntur,
2838 2721 2891 2768 et
2960 2713 3182 2785 quidam
3235 2714 3474 2772 evadunt

1882 2800 2099 2857 incocti.

1951 2891 2068 2947 Nec
2099 2891 2535 2962 praetereundum
2565 2890 2693 2964 quia
2725 2891 2958 2965 legimus
2991 2891 3047 2946 in
3094 2892 3344 2965 capitulis
3372 2895 3477 2950 Au-

1883 2988 2165 3052 gustorum
2189 2981 2389 3050 (addit.
2423 2997 2500 3049 1v,
2524 2997 2643 3052 cap.
2670 2981 2761 3052 80)
2790 2979 2958 3036 fuisse
2987 2981 3211 3037 vetitum
3258 2982 3473 3056 frigidm

1882 3083 2039 3140 aqua:
2074 3069 2338 3138 judicium
2371 3087 2384 3124 :
2417 3071 2517 3124 sed
2564 3085 2674 3124 non
2705 3068 2759 3122 in
2788 3069 2896 3123 illis
2927 3070 3297 3140 synodalibus,
3347 3087 3470 3142 quas

1811 3120 1952 3213 Ca;
1965 3120 2128 3212 certis
2169 3158 2481 3228 accepimus
2527 3157 2770 3228 synodis.
2815 3120 2994 3225 Quod,
3027 3165 3086 3212 ut
3133 3120 3474 3230 quidamjina

1883 3245 2028 3301 sulse
2085 3246 2289 3315 dicunt,
2349 3253 2642 3317 propterea
2693 3244 2870 3302 fuerat
2918 3245 3161 3313 vetitum,
3213 3247 3470 3320 quoniam

1881 3335 2038 3405 quasi
2083 3335 2466 3406 rebaptizatur,
2508 3335 2599 3407 qui
2653 3333 2710 3390 in
2763 3333 2982 3390 nomine
3036 3335 3254 3392 Domini
3314 3337 3470 3410 aquis

1879 3422 2240 3496 immergitur.
2272 3424 2381 3478 Sed
2424 3425 2527 3480 hoc
2573 3423 2777 3478 ibidem
2818 3425 3080 3496 scriptum
3128 3440 3472 3497 nequaquam

1880 3513 2200 3582 reperimus.
2237 3513 2354 3569 Nec
2397 3529 2497 3568 nos
2541 3512 2704 3567 etiam
2759 3513 3080 3584 ignoramus
3116 3514 3239 3585 quia
3278 3514 3471 3570 beatus

1879 3602 2196 3657 Ambrosius
2225 3602 2380 3672 plura
2418 3601 2546 3657 dicit
2596 3601 2942 3672 baptismata,
2977 3601 3032 3656 id
3062 3610 3145 3657 est
3182 3602 3338 3673 plura
3365 3603 3470 3658 ba-

1878 3690 2148 3761 ptismatis
2177 3691 2396 3745 adnotat
2425 3689 2716 3760 praeconia.
2747 3689 2819 3744 Et
2862 3690 3008 3746 sacri
3033 3705 3270 3747 canones
3303 3692 3470 3747 reba-

1877 3778 2197 3849 ptizationes
2216 3778 2466 3833 omnibus
2477 3786 2536 3833 ut
2555 3778 2790 3834 vitandae
2811 3786 2934 3833 sunt
2954 3779 3241 3850 prohibent
3268 3797 3281 3834 :
3311 3795 3473 3837 nemo

1877 3875 2058 3922 tamen
2087 3875 2168 3922 est
2195 3883 2336 3938 pene
2384 3867 2644 3934 fidelium,
2679 3867 2772 3940 qui
2820 3884 2880 3923 se
2925 3868 3042 3924 sine
3088 3868 3260 3926 crucis
3291 3869 3470 3942 signo,

1878 3957 1965 4011 vel
1994 3956 2336 4013 invocatione
2365 3955 2534 4012 divini
2561 3956 2797 4012 nominis
2827 3957 2982 4029 aquis
3014 3957 3178 4013 etiam
3193 3958 3262 4013 ad
3290 3958 3473 4014 lavan-

1879 4045 2007 4100 dum
2036 4045 2307 4112 immittat,
2351 4046 2576 4114 jubente
2606 4046 2869 4116 Apostolo
2905 4063 2918 4100 :
2957 4046 3162 4104 Omnia
3190 4047 3470 4119 agendum

1878 4137 1941 4189 in
1971 4136 2201 4192 nomine
2230 4135 2457 4190 Domini
2482 4135 2534 4204 (Ι
2554 4135 2674 4190 Cor.
2699 4149 2758 4201 x,
2781 4135 2906 4203 3t);
2933 4143 2984 4190 et
3004 4150 3115 4190 non
3152 4151 3212 4191 se
3242 4133 3335 4190 illo
3370 4135 3469 4192 bas

1877 4222 2060 4294 ptizati
2095 4230 2245 4294 putat
2266 4222 2591 4294 baptismate
2628 4237 2735 4293 quo
2783 4229 2998 4276 renatus
3035 4230 3116 4276 est
3146 4238 3212 4278 ex
3243 4238 3384 4295 aqua
3415 4232 3471 4279 et

1879 4311 2086 4383 spiritu.
2123 4311 2314 4366 Sermo
2344 4311 2507 4378 enim,
2543 4318 2597 4366 et
2627 4325 2764 4382 opus
2791 4310 2909 4379 Dei,
2943 4317 3247 4383 cunctaque
3277 4325 3467 4367 sacra-

1877 4408 2059 4457 menta
2087 4399 2288 4466 divina,
2311 4415 2513 4454 manna
2541 4407 2684 4467 sunt,
2715 4398 2861 4472 quod
2891 4399 3028 4456 sicut
3057 4399 3318 4472 scriptum
3348 4407 3466 4456 est:

186 4502 232 4548 et
255 4494 408 4564 pueri
437 4491 693 4548 monachi
721 4505 918 4560 corpus
940 4504 974 4544 a
1003 4497 1141 4544 terra
1171 4486 1343 4542 teneri
1372 4502 1480 4541 non
1510 4484 1770 4556 potuisse,
1801 4483 1856 4542 D
1876 4490 2077 4545 Habuit
2095 4490 2764 4555 omnedelectamentum,
2790 4493 2844 4546 et
2865 4490 3048 4546 omnis
3064 4490 3278 4561 saporis
3305 4489 3467 4546 suavi

186 4583 300 4654 quia
327 4581 611 4637 Benedicti
633 4579 866 4653 gratiam
903 4594 1013 4633 non
1041 4577 1294 4643 habebat,
1329 4582 1381 4631 et
1410 4590 1508 4631 vas
1539 4574 1774 4630 vitreum

187 4671 333 4744 signo
365 4670 547 4728 crucis
586 4685 685 4740 per
731 4667 1081 4723 Benedictum
1129 4666 1274 4722 edito
1331 4666 1675 4736 disruptum:
1721 4671 1774 4719 et

187 4759 373 4816 iterum
401 4776 505 4815 vas
536 4759 766 4814 vitreum
793 4758 848 4812 in
877 4757 1072 4827 ingens
1104 4753 1480 4826 praecipitium,
1517 4769 1772 4808 saxorum

186 4850 411 4905 molibus
442 4863 752 4919 aspersum,
777 4847 904 4915 ejus
926 4845 1175 4914 jussione
1203 4851 1426 4914 propter
1456 4842 1770 4898 inobedien-

186 4938 302 4993 tiam
331 4939 659 5010 projectum,
701 4944 860 5006 atque
907 4935 1176 4990 incolume
1221 4940 1576 4999 reservatum,
1619 4938 1670 4986 et
1698 4930 1768 4984 di-

185 5027 443 5098 scipulum
487 5028 606 5096 ejus
649 5027 892 5080 Maurum
935 5040 1099 5094 super
1145 5022 1320 5078 undas
1373 5021 1479 5077 laci
1521 5020 1771 5075 deambu-

185 5115 317 5174 lasse
346 5136 360 5171 :
393 5117 600 5173 ferrum
627 5123 808 5170 autem
845 5115 913 5170 dc
942 5112 1210 5185 profundo
1240 5111 1366 5177 laci,
1399 5111 1566 5167 Elisei
1595 5126 1768 5177 more,

183 5222 276 5276 per
300 5207 480 5278 ipsum
501 5206 558 5260 in
587 5203 932 5259 manubrium
961 5209 1272 5259 revocatum
1303 5201 1488 5255 fuisse.
1522 5202 1588 5255 Et
1616 5199 1772 5256 sicuti

186 5296 439 5366 scriptum
485 5293 688 5349 divinis
715 5292 932 5366 paginis
970 5292 1272 5348 continetur
1313 5291 1387 5360 (II
1414 5291 1547 5345 Μαε.
1584 5305 1620 5355 ι,
1655 5291 1767 5358 20),

188 5398 335 5439 sacer
360 5384 507 5456 ignis
529 5383 853 5449 absconsus,
877 5390 998 5452 post
1015 5381 1184 5436 multa
1205 5394 1473 5434 annorum
1502 5377 1772 5434 curricula

182 5471 235 5526 in
279 5489 519 5529 crassam
566 5487 766 5542 aquam
811 5487 1005 5526 versus
1046 5469 1332 5541 reperitur,
1393 5467 1584 5522 eadem
1625 5481 1769 5538 aqua

185 5575 339 5632 super
366 5561 616 5618 oblatum
655 5559 980 5615 sacriﬁcium
1020 5575 1178 5616 versa
1208 5555 1392 5613 divina
1419 5554 1660 5627 potentia
1688 5561 1771 5611 est

458 5687 702 5745 meon.
745 5685 986 5744 CXXVI.

1875 4582 2052 4634 tatem
2073 4579 2226 4651 (Sap.
2251 4593 2370 4645 xvr,
2392 4578 2472 4648 2,)
2493 4579 2746 4650 quodque
2774 4578 2911 4635 sicut
2931 4593 3032 4650 pro
3047 4578 3320 4634 desiderio
3338 4593 3465 4633 sus-

1873 4667 2186 4738 cipientium
2225 4667 2501 4740 quondam
2531 4666 2730 4724 factum
2759 4675 2841 4723 est
2871 4667 2927 4721 in
2965 4681 3216 4736 saporem
3245 4673 3465 4739 gustand

1873 4757 2025 4823 tium,
2077 4757 2151 4813 ita
2187 4765 2239 4813 et
2286 4758 2401 4814 haec
2437 4772 2539 4828 pro
2598 4756 2884 4812 devotione
2933 4753 3272 4810 credentium
3327 4753 3465 4812 fiunt

1874 4861 2041 4902 causa
2067 4846 2457 4902 ostensionum.
2494 4845 2651 4900 Velut
2682 4843 2984 4898 incarnatio
3014 4842 3232 4899 Domini
3261 4843 3319 4899 in
3358 4845 3463 4902 ruis

1870 4950 1998 4990 nam
2028 4943 2079 4991 et
2099 4934 2554 4990 resurrectionem
2602 4931 2897 4986 multorum
2930 4939 3031 4997 est,
3057 4939 3110 4987 et
3145 4949 3280 4989 crux
3323 4934 3459 5003 ejus,

1870 5021 2218 5091 pereuntibus
2272 5020 2490 5093 quidem
2521 5015 2740 5073 stultitia
2786 5023 2886 5086 est,
2931 5017 3282 5074 credentibus
3329 5034 3462 5077 vero

1870 5109 1927 5164 in
1971 5111 2200 5166 salutem
2230 5110 2396 5167 virtus
2437 5108 2533 5162 Dei
2565 5115 2665 5176 est,
2697 5114 2749 5161 et
2793 5107 3107 5178 praedicatio
3137 5107 3308 5179 ipsius
3338 5107 3460 5164 aliis

1873 5206 1954 5254 est
1982 5200 2116 5255 odor
2141 5199 2330 5255 mortis
2358 5199 2413 5252 in
2441 5203 2692 5263 mortem,
2723 5195 2840 5250 aliis
2871 5196 3009 5251 odor
3037 5197 3162 5252 vita
3187 5196 3242 5250 in
3272 5195 3457 5264 vitam;

1872 5295 1924 5344 et
1953 5289 2284 5358 baptismatis
2311 5291 2730 5354 sacramentum,
2753 5285 2900 5358 quod
2920 5285 3104 5342 verbis
3124 5285 3460 5342 solemnibus

1871 5385 2237 5441 consecratur,
2280 5381 2335 5430 ut
2367 5373 2619 5430 catholici
2655 5375 2903 5432 doctores
2932 5375 3187 5446 produnt,
3233 5373 3461 5432 inﬁdeli-

1871 5466 1973 5520 bus
2012 5473 2093 5519 est
2139 5462 2454 5534 ludificatio,
2508 5463 2759 5520 ﬁdelibus
2806 5472 2987 5522 autem
3033 5463 3355 5534 redemptio.
3405 5462 3462 5518 Si

1872 5561 2047 5612 autem
2069 5560 2222 5610 extra
2259 5552 2476 5611 Domini
2507 5553 2900 5612 institutionem
2930 5561 2982 5609 et
3011 5551 3365 5624 apostolicam
3401 5549 3460 5604 ﬁt

3074 5679 3105 5733 6
