4072 6304
566 282 663 336 171

566 401 930 468 traditionem,
994 399 1275 456 lavacrum
1339 406 1422 454 est
1475 396 1842 469 corporalium
1900 397 2164 464 sordium,
2197 397 2255 458 A

562 505 672 548 non
701 488 908 546 ablutio
956 496 1325 561 peccatorum.
1363 485 1542 544 Veluti
1573 495 1626 542 et
1668 495 1890 543 sanctus
1919 486 2178 557 Augusti-

563 595 668 634 nus
697 578 766 634 de
795 576 1208 634 consecratione
1251 575 1500 650 corporis
1546 583 1609 638 et,
1640 575 1925 646 sanguinis
1954 573 2176 631 Domini

569 665 746 724 nostri
791 666 924 722 Jesu
959 665 1162 722 Christi
1210 665 1264 720 in
1313 665 1453 720 libro
1500 672 1692 720 contra
1741 664 1998 720 Faustum
2047 663 2178 719 dicit

571 757 694 830 (lib.
714 770 819 820 xx,
852 771 974 828 cap.
997 753 1086 823 l3)
1119 772 1134 810 :
1175 775 1196 806 ι
1231 752 1396 810 Panis
1428 761 1482 809 et
1509 753 1649 809 calix
1677 768 1785 808 non
1817 751 2053 824 qualibet
2082 751 2178 807 sed

565 852 720 902 certa
767 843 1184 901 consecratione
1233 841 1426 898 mistus
1473 839 1532 896 ﬁt
1575 841 1752 909 nobis,
1783 857 1894 896 non
1921 841 2174 897 nascitur-

563 933 801 990 Proinde
831 932 975 1006 quod
1003 947 1113 988 non
1140 931 1212 986 ita
1241 929 1320 998 fit,
1354 930 1603 1003 quamvis
1640 931 1709 984 sit
1744 929 1904 1000 panis
1933 937 1987 984 et
2016 928 2174 991 calix,

560 1023 881 1078 alimentum
917 1028 1002 1077 est
1039 1019 1375 1088 refectionis,
1433 1035 1544 1074 non
1601 1025 2011 1074 sacramentum
2050 1017 2178 1073 reli-

563 1111 762 1183 gionis.
793 1130 815 1160 ι

626 1201 698 1255 Et
723 1199 842 1271 ipsa
872 1203 1216 1254 sacramenta
1265 1195 1457 1252 altaris
1489 1196 1686 1254 devote
1717 1195 1788 1250 ad
1818 1211 1880 1252 se
1907 1195 2178 1252 acceden-

569 1287 712 1344 tibus
737 1287 868 1356 vita,
899 1286 1170 1343 indevotis
1204 1285 1486 1356 judicium,
1537 1285 1681 1342 sicut
1726 1293 1779 1340 et
1830 1284 1986 1356 panis
2015 1283 2178 1340 vitam

567 1376 791 1433 fortium
819 1377 1062 1442 roborat,
1110 1375 1465 1446 parvulorum
1503 1381 1679 1441 necat,
1714 1383 1768 1429 et
1805 1373 1946 1430 lenis
1987 1372 2180 1428 sibilus

565 1479 736 1537 equos
793 1464 1022 1537 mitigat,
1075 1462 1284 1520 catulos
1335 1462 1580 1536 instigat,
1615 1470 1668 1518 et
1722 1461 1804 1518 sol
1838 1463 1931 1534 qui
1991 1477 2179 1518 ceram

561 1552 748 1626 liquat,
796 1552 968 1608 lutum
1015 1550 1254 1624 stringit,
1318 1552 1468 1607 sanis
1525 1551 1699 1608 oculis
1747 1549 1934 1606 lumen
1969 1558 2072 1614 est,
2125 1556 2180 1606 et

558 1641 910 1714 lippientibus
968 1639 1246 1707 tenebras;
1314 1647 1480 1712 utque
1541 1656 1816 1696 venenum
1875 1654 2028 1694 mors
2095 1645 2179 1694 est

1504 272 1848 328 I-IINCMARI
1905 271 2305 328 RHEMENSIS
2343 269 2895 328 ARCHIEPISCOPI.

3773 267 3887 322 1³72

2771 393 3110 452 EPISTOLA
3161 393 3361 448 XXVI.

2383 527 2456 566 AD
2495 527 2892 568 HILDEBOLDUM
2933 523 3246 566 EPISCOPUM
3281 521 3769 564 SUESSIONENSEH.

2277 646 2472 712 Illum,
2496 645 2835 716 inﬁrmitate
2863 643 3177 709 detentum,
3201 645 3380 716 juxta
3405 641 3744 716 petitionem
3775 639 3886 716 lit-

2353 711 2606 845 tirayujtn
2619 717 2988 788 confessionis
3000 717 3050 785 ei
3053 732 3140 781 us,
3155 711 3443 770 absentem
3455 711 3886 769 reconciliando

2349 806 2383 844 a
2417 805 2476 846 so
2503 805 2556 845 vi
2587 828 2600 843 .

2277 905 2462 977 (Apud
2491 902 2765 972 eumdem,
2810 918 2876 958 ex
2905 901 3094 960 codice
3127 901 3184 958 S.
3225 899 3460 1000 Remigii
3503 898 3886 970 Rhemensis.)

2350 1039 2699 1105 HiNcuAnUs,
2739 1036 2977 1104 nomine,
3010 1051 3120 1090 non
3149 1034 3364 1106 merito,
3402 1034 3733 1090 Rhemorum
3765 1032 3889 1104 epi-

2280 1144 2499 1198 scopus,
2549 1142 2612 1184 ac
2653 1125 2830 1198 plebis
2870 1125 2970 1182 Dei
3012 1124 3262 1190 famulus,
3312 1123 3633 1180 charissimo
3682 1121 3799 1178 ﬁlio
3831 1130 3888 1178 et

2278 1215 2580 1274 venerabili
2609 1215 2758 1270 fratri
2800 1221 2990 1270 nostro
3023 1214 3386 1268 HILDEBOLDO
3423 1211 3622 1268 mentis
3653 1219 3708 1267 et
3744 1226 3883 1270 cor-

2277 1306 2426 1378 poris
2457 1305 2682 1360 salutem
2713 1303 2877 1358 tribui
2905 1319 2939 1358 a
2968 1305 3082 1359 Deo
3113 1303 3372 1373 deposco.

2350 1393 2582 1464 Quando
2610 1391 2912 1449 confratres
2941 1401 2994 1448 et
3045 1390 3358 1463 coepiscOpi
3403 1389 3598 1458 nostri,
3632 1387 3794 1445 Hodo
3829 1397 3884 1445 et

2278 1483 2610 1550 Rainelmus,
2630 1481 2992 1537 Willebertus
3006 1497 3242 1554 quoque,
3268 1488 3320 1536 et
3333 1479 3694 1546 Adalbernus,
3710 1485 3884 1551 atque

2279 1571 2567 1638 Geroldus,
2615 1579 2666 1626 et
2725 1570 2940 1627 noviter
2995 1570 3270 1626 ordinatus
3338 1567 3715 1638 Hadelbertus,
3763 1583 3888 1622 me-

2279 1677 2403 1718 cum
2451 1659 2644 1716 Rhemi
2685 1659 2920 1729 fuerunt,
2951 1658 3170 1714 humilis
3199 1674 3264 1714 ac
3285 1657 3515 1714 sincerae
3542 1657 3741 1712 mentis
3770 1664 3886 1713 tua;

559 1730 786 1797 homini,
820 1736 874 1786 et
900 1729 1010 1786 vita
1057 1729 1320 1800 serpenti,
1354 1729 1434 1785 sic
1462 1737 1514 1785 et
1543 1729 1686 1785 istud
1710 1729 1975 1798 judicium
1997 1727 2172 1782 firmi-

2276 1749 2676 1806 confessionem
2704 1727 2912 1822 relegi,»
2931 1755 3092 1820 etpro
3113 1755 3202 1803 tua
3224 1747 3420 1802 animae
3451 1755 3503 1801 et
3523 1745 3770 1818 corporis
3792 1761 3886 1800 sa-

561 1826 644 1874 ter
673 1826 728 1876 et
757 1819 854 1874 rite
902 1817 1250 1875 credentibus
1301 1817 1544 1873 ostensio
1575 1817 1838 1884 veritatis,
1873 1815 2170 1872 haesitanti-

564 1906 668 1966 bus
709 1915 892 1964 autem
930 1913 984 1963 et
1011 1906 1194 1962 dubiis
1233 1921 1390 1963 error
1433 1906 1719 1962 involvens
1749 1922 1872 1962 esse
1903 1904 2173 1978 dignosci-

561 2003 668 2052 tur.
720 1994 994 2064 Quoniam
1036 1995 1175 2051 sicut
1224 1995 1422 2050 Paulus
1477 1994 1654 2051 dicit:
1686 1997 1786 2051 Est
1841 1995 1996 2051 enim
2035 1995 2173 2064 ﬁdes

559 2085 977 2158 sperandarum
1007 2085 1329 2141 substantia
1357 2100 1571 2151 rerum,
1620 2087 2028 2156 argumentum
2055 2100 2173 2141 non

553 2175 958 2247 apparentium
985 2174 1166 2245 (Hebr.
1195 2188 1276 2241 χι,
1317 2173 1390 2244 1),
1426 2171 1674 2245 profecto
1691 2173 1864 2244 liquet
1897 2173 2046 2244 quia,
2065 2189 2170 2228 ex-

559 2269 796 2333 ponente
819 2262 981 2318 beato
1013 2261 1284 2334 Gregorio
1319 2263 1487 2332 (hom.
1523 2265 1638 2332 26),
1671 2259 1809 2316 fides
1841 2261 2058 2316 illarum
2079 2277 2172 2316 re-

559 2365 682 2406 rum
723 2358 1118 2424 argumentum
1163 2358 1246 2406 est
1301 2366 1422 2422 qua:
1473 2365 1744 2422 apparere
1791 2366 1901 2406 BOD
1956 2357 2186 2420 possunt

559 2437 695 2508 Quae
727 2439 929 2495 etenim
975 2446 1260 2512 apparent,
1299 2439 1411 2509 jam
1460 2437 1626 2494 ﬁdem
1676 2455 1788 2494 non
1818 2439 2044 2506 habent,
2079 2438 2177 2494 sed

569 2527 923 2601 agnitionem.
957 2527 1047 2584 Sic
1073 2529 1130 2584 in
1154 2529 1262 2584 hoc
1291 2527 1476 2584 divino
1499 2527 1707 2598 judicio
1741 2526 1848 2597 his,
1875 2526 1947 2583 de
1975 2527 2172 2598 quibus

551 2624 713 2674 antea
773 2617 1178 2684 dubitabamus,
1246 2617 1433 2672 divina
1479 2617 1792 2674 ostensione
1835 2615 2167 2688 monstratis,

578 2723 699 2777 qua:
717 2705 1098 2776 corporalibus
1121 2705 1292 2761 oculis
1313 2707 1498 2762 videre
1517 2721 1627 2762 non
1655 2721 1964 2776 possumus,
1998 2704 2172 2761 oculis

569 2792 696 2850 ﬁdei
713 2793 1148 2864 contemplantes
1177 2793 1554 2850 credulitatem
1567 2795 1982 2850 accommodare
1998 2793 2172 2849 debe-

564 2897 708 2938 mus.
742 2881 892 2938 Sicut
917 2882 1154 2938 Thomas
1193 2888 1347 2938 antea
1395 2881 1666 2948 duhitans,
1720 2881 1850 2936 dum
1879 2881 2172 2938 Dominum

565 2969 825 3042 palpavit,
867 2969 1014 3026 aliud
1068 2969 1220 3036 vidit,
1273 2977 1327 3026 et
1369 2969 1517 3025 aliud
1569 2969 1804 3028 credidit
1833 2988 1846 3024 :
1879 2986 1912 3026 a
1959 2969 2173 3026 mortali

2270 1840 2380 1895 lute
2418 1854 2515 1910 per
2545 1853 2762 1894 omnem
2796 1844 3037 1892 nostram
3067 1836 3385 1908 parochiam
3425 1834 3642 1892 Domini
3669 1833 3888 1890 miseri-

2269 1927 2512 1985 cordiam
2541 1926 2823 1998 implorari
2851 1925 3103 1997 poposci.
3124 1927 3192 1980 Et
3214 1924 3471 1998 quoniam
3492 1923 3717 1980 fratrem
3745 1939 3885 1980 nos-

2270 2026 2412 2073 trum
2443 2017 2726 2072 Hodonem
2747 2015 2814 2071 ad
2837 2023 2888 2070 te
2914 2015 3114 2070 iturum
3135 2030 3522 2088 cognoveram,
3555 2029 3664 2070 non
3693 2014 3886 2084 putavi

2269 2121 2496 2162 necesse
2531 2104 2648 2161 fore
2696 2113 2752 2160 ut
2801 2103 2897 2159 tibi
2928 2103 3133 2160 litteras
3161 2103 3451 2171 mitterem,
3505 2103 3630 2175 quia
3668 2102 3789 2174 ipse
3831 2109 3888 2158 et

2271 2195 2623 2250 unanimitate
2659 2201 2858 2259 nostra,
2894 2201 2945 2249 et
2975 2192 3274 2250 ministerio
3305 2191 3624 2264 episcopali,
3657 2207 3722 2246 ea
3753 2207 3884 2263 quae

2271 2283 2486 2356 agenda
2533 2289 2660 2338 sunt
2706 2298 2839 2355 erga
2867 2280 3139 2340 inﬁrmum
3175 2280 3398 2336 fratrem
3452 2297 3554 2352 per
3605 2296 3666 2336 se
3707 2295 3886 2352 agere

2270 2379 2504 2445 poterat.
2529 2371 2637 2426 Sed
2667 2370 2927 2443 quoniam
2955 2371 3340 2442 presbyterum
3367 2378 3519 2425 tuum
3541 2369 3610 2424 ad
3640 2385 3732 2426 me
3758 2369 3879 2424 mit.

2272 2468 2392 2516 tens
2421 2459 2674 2516 eumdem
2702 2459 3036 2515 breviculum
3083 2458 3446 2516 confessionis
3495 2466 3603 2514 tua:
3642 2457 3777 2514 mihi
3801 2474 3887 2514 re-

2272 2548 2486 2619 misisti,
2520 2557 2712 2620 petens
2745 2555 2804 2602 ut
2833 2547 3198 2604 absolutorias
3226 2547 3434 2603 litteras
3473 2547 3571 2602 tibi
3599 2546 3887 2603 transmit-

2272 2646 2578 2710 tam,quam
2597 2637 2945 2694 devotionem
2965 2645 3111 2691 tuam
3143 2640 3426 2708 gratanter
3463 2635 3714 2708 suscepi:
3760 2636 3883 2693 scio

2271 2727 2417 2782 enim
2439 2726 2569 2798 quia
2589 2743 2696 2782 non
2726 2725 2782 2780 in
2821 2741 2909 2781 me
2949 2725 3093 2781 bona
3140 2725 3340 2780 merita
3389 2741 3512 2798 quae
3550 2724 3698 2780 nulla
3729 2732 3879 2793 sunt,

2273 2815 2370 2870 sed
2409 2814 2665 2870 virtutem
2735 2813 3018 2870 ministerii
3079 2813 3352 2870 immerito
3413 2813 3548 2869 mihi
3597 2813 3884 2870 commissi

2273 2902 2530 2959 attendis.
2570 2904 2638 2958 Et
2665 2902 2789 2959 ideo
2819 2918 2918 2974 per
2942 2902 3115 2960 verba
3143 2903 3318 2960 sancti
3346 2902 3544 2960 Leonis
3574 2903 3886 2960 exsecutio-

2273 3007 2402 3048 nem
2431 2991 2719 3047 ministerii
2760 2991 3096 3066 indignitatis
3126 3008 3283 3060 meae,
3320 3001 3374 3048 et
3411 2990 3574 3048 ﬁdem
3604 2998 3776 3060 tuam,
3809 2993 3884 3048 ad

569 3060 771 3132 quippe
799 3059 1022 3115 homine
1035 3052 1501 3114 Divinitas‘videri
1531 3075 1638 3114 non
1660 3058 1852 3131 potuit.
1883 3058 2172 3114 Hominem

569 3147 729 3176 ζηειιι..
755 3147 886 3176 ..ιλιι
941 3155 992 3176 ,ει
1013 3149 1185 3176 ηις-...η
1222 3147 1586 3176 ,Αηειιηιηυ-..-ι
1636 3147 1852 3176 ,κομι-ιιι..
1896 3149 2160 3176 Πλωέη...

2276 3078 2588 3152 pontificem
2634 3052 2994 3136 confessionis
3063 3089 3270 3137 nostrae
3313 3081 3498 3138 Iesum
3541 3081 3718 3137 mitto.
3789 3081 3881 3137 Ait

559 3147 729 3222 igitur
755 3147 908 3215 vidit,
939 3155 994 3204 et
1011 3149 1188 3206 Deum
1219 3147 1610 3214 confessusest,
1634 3147 1853 3204 dicens:
1886 3149 2160 3205 Dominus

559 3254 742 3304 meus,
766 3241 822 3294 et
850 3239 996 3294 Deus
1023 3253 1182 3294 meus
1202 3237 1386 3305 (Joan.
1430 3252 1533 3302 xx,
1574 3239 1688 3308 28).
1735 3237 1980 3292 Videndo
2026 3252 2163 3310 ergo

2265 3169 2409 3226 enim
2443 3169 2590 3226 idem
2621 3176 2842 3226 sanctus
2870 3169 3000 3241 Leo,
3034 3170 3158 3242 quia
3187 3170 3344 3224 aliter
3371 3169 3430 3224 in
3456 3169 3708 3226 Ecclesia
3752 3169 3876 3238 Dei,

2266 3273 2389 3330 quae
2445 3273 2648 3330 corpus
2696 3256 2896 3313 Christi
2941 3266 3042 3328 est,
3083 3274 3186 3315 nec
3233 3265 3347 3314 rata
3377 3265 3503 3314 sunt
3531 3257 3872 3329 sacerdotia,

563 3325 808 3382 credidit.
843 3341 1006 3397 quem
1035 3325 1432 3382 considerando
1459 3341 1648 3380 verum
1685 3325 1986 3392 hominem,
2019 3325 2168 3382 hunc

2276 3363 2367 3404 nec
2397 3362 2526 3404 vera
2556 3344 2844 3414 sacrificia,
2869 3345 2976 3403 nisi
3001 3346 3056 3400 in
3075 3354 3278 3403 nostrae
3296 3347 3632 3418 proprietate
3653 3353 3870 3404 naturae

560 3413 738 3504 Delli“
767 3413 1146 3504 ﬂemina”
1189 3429 1299 3471 non
1328 3421 1540 3504 ρριετθι
1587 3413 1925 3504 θκοιίθωθινίίι
1993 3415 2075 3504 1ξὲ
2116 3421 2173 3470 εί
2265 3452 2428 3492 verus
2475 3452 2585 3492 non
2627 3435 2875 3492 Pontifex
2924 3435 3266 3504 reconciliet,
3297 3413 3482 3492 verus
3530 3435 3875 3493 immaculati

559 3501 842 3559 veritatem
867 3502 950 3558 rei
998 3502 1068 3559 de
1098 3518 1208 3576 qua
1253 3502 1583 3570 dubitamus,
1622 3503 1747 3575 quia
1791 3501 2171 3574 corporalibus

2276 3524 2408 3596 Agni
2429 3525 2650 3596 sanguis
2671 3524 2948 3581 emundet.
2970 3523 3080 3594 Qui
3101 3525 3228 3582 licet
3252 3501 3324 3580 sit
3351 3523 3407 3580 in
3427 3523 3606 3580 Patris
3637 3525 3874 3580 dextera

560 3591 732 3668 oculis
772 3591 962 3648 videre
1005 3592 1387 3664 nequibamus,
1439 3591 1637 3648 divinas
1687 3591 1990 3648 ostensioni
2039 3606 2167 3648 cre-

2265 3612 2609 3679 constitutus,
2641 3612 2697 3667 in
2727 3612 2918 3669 eadem
2947 3619 3130 3668 tamen
3156 3629 3322 3670 carne
3355 3627 3518 3686 quam
3540 3613 3775 3684 sumpsit
3806 3629 3878 3669 ex

561 3681 775 3776 ίξθξηθδν
799 3679 1102 3776 “tumcf”!
1124 3697 1244 3776 9‘“?
1261 3681 1532 3776 nfusfmv
1557 3679 1917 3776 θκοιαξηεξξιεξο
1939 3679 2169 3776 laudare
2266 3701 2490 3772 Virgine
2519 3709 2922 3758 sacramentum
2963 3679 3389 3774 propitiationis-
3406 3679 3744 3776 exsequitur,
3781 3701 3876 3758 di-

563 3767 849 3834 debemus,
875 3783 999 3824 cum
1016 3769 1230 3840 impleri
1261 3769 1556 3826 viderimus
1593 3770 1739 3842 quod
1768 3769 1902 3826 dicit
1929 3772 2164 3840 Aposto-

567 3855 656 3914 lus
681 3874 697 3912 :
726 3857 908 3914 Nolite
929 3857 1189 3929 judicare
1238 3861 1374 3916 ante
1418 3863 1660 3931 tempus,
1693 3857 2050 3932 quoadusque
2078 3874 2168 3914 ve-

567 3947 698 4002 niat
723 3947 1016 4016 Dominus,
1039 3947 1136 4018 qui
1163 3950 1220 4002 et
1251 3947 1609 4004 illuminabit
1633 3946 1966 4003 abscondita
2013 3951 2170 4002 tene-

573 4033 826 4100 brarum,
861 4039 918 4090 et
944 4035 1339 4108 manifestabit
1381 4037 1623 4094 consilia
1660 4035 1915 4092 cordium
1963 4035 2018 4104 (I
2045 4036 2166 4094 Cor.

573 4137 654 4191 iv,
690 4121 766 4194 ὃ).
782 4123 939 4178 Venit
956 4123 1175 4194 quidem
1195 4139 1338 4181 nunc
1348 4123 1616 4180 Dominus
1632 4123 1703 4180 ad
1723 4122 2173 4180 illuminationem

579 4218 894 4270 nostrarum
937 4212 1306 4278 tenebrarum,
1353 4221 1412 4268 ut
1452 4228 1850 4286 cognoscamus
1888 4211 2172 4269 veritatem

578 4316 674 4373 per
699 4300 1186 4358 manifestationem
1240 4301 1413 4372 ipsius
1435 4301 1646 4371 judicii,
1676 4301 1770 4374 qui
1798 4308 2057 4361 venturus
2087 4308 2172 4356 est

569 4389 636 4444 ad
690 4387 1086 4445 manifestanda
1127 4389 1354 4447 consilia
1384 4389 1628 4446 cordium
1661 4389 1714 4444 in
1745 4388 1923 4445 futuro
1940 4388 2166 4458 judicio.

2269 3798 2426 3846 cente
2453 3790 2716 3862 Apostolo
2740 3807 2752 3844 :
2776 3791 3032 3847 Christus
3057 3793 3238 3859 Jesus,
3265 3792 3363 3864 qui
3380 3795 3644 3848 mortuus
3663 3794 3752 3848 est
3766 3808 3882 3864 pro

2267 3880 2446 3946 nobis,
2494 3881 2608 3936 imo
2637 3881 2734 3952 qui
2771 3883 2828 3935 et
2873 3880 3213 3946 resurrexit,
3259 3881 3358 3954 qui
3407 3883 3494 3936 est
3540 3881 3605 3936 in
3635 3880 3886 3937 dextera

2269 3969 2387 4034 Dei,
2421 3969 2520 4042 qui
2541 3969 2716 4024 etiam
2735 3969 3070 4041 interpellat
3091 3985 3194 4042 pro
3209 3969 3367 4026 nobis
3387 3969 3566 4042 (Rom.
3601 3983 3722 4036 vm,
3757 3969 3880 4041 3i);

2270 4056 2424 4125 cujus
2472 4055 2866 4112 misericordiae
2911 4072 3016 4112 nec
3063 4057 3287 4112 modum
3317 4072 3610 4128 possumus
3640 4073 3883 4129 ponere,

2269 4160 2372 4202 nec
2387 4152 2638 4216 tempora
2659 4143 2912 4213 difﬁnire,
2935 4146 3079 4217 apud
3100 4161 3263 4218 quem
3275 4145 3455 4202 nullas
3483 4147 3683 4218 patitur
3700 4147 3884 4203 veniae

2267 4249 2451 4290 moras
2480 4249 2612 4290 vera
2641 4233 2934 4303 confessio,
2971 4234 3190 4291 dicente
3238 4235 3338 4290 Dei
3383 4235 3584 4307 Spiritu
3605 4250 3704 4307 per
3754 4251 3882 4308 pro-

2268 4323 2488 4395 phetam
2523 4339 2536 4377 :
2570 4323 2706 4380 Cum
2726 4338 3026 4381 conversus
3054 4323 3392 4396 ingemueris
3421 4323 3602 4379 salvus
3633 4322 3745 4379 eris
3771 4343 3789 4392 ;
3821 4331 3883 4380 et

2270 4411 2402 4468 alibi
2433 4429 2447 4466 :
2480 4411 2580 4468 Dic
2607 4411 2920 4484 iniquitates
2967 4420 3089 4468 tuas
3119 4413 3291 4484 prior,
3337 4421 3396 4467 ut
3433 4410 3790 4483 justiﬁceris;
3825 4420 3884 4470 et

570 4479 700 4574 ξίίθο
730 4485 914 4574 amen}
943 4477 1194 4574 (Ῑίθίηῖξξεζν
1227 4491 1339 4574 ηοῖξ
1366 4492 1472 4574 quo
1503 4493 1832 4574 quemquafn
1862 4477 2168 4574 τίῖΡῙξεῗῙιβω
2198 4472 2250 4532 D
2271 4500 2401 4555 item
2436 4516 2448 4554 :
2485 4501 2626 4568 Quia
2652 4472 2802 4573 apud
2831 4472 3137 4558 Dominum:
3162 4472 3552 4559 misericordia
3568 4505 3625 4558 et
3651 4472 3882 4574 copiosa

570 4565 784 4636 damus,
817 4565 943 4639 quia
973 4581 1076 4622 nec
1103 4565 1176 4621 ibi
1225 4565 1484 4636 scriptum
1529 4573 1612 4622 est
1647 4582 1743 4624 cur
1779 4566 1884 4622 hoc
1907 4564 2170 4634 judicium

571 4670 686 4710 non
716 4654 914 4710 debeat
942 4653 1083 4724 fieri,
1117 4653 1214 4711 sed
1243 4653 1615 4711 tantummodo
1663 4653 1865 4710 dictum
1893 4669 1962 4709 ne
1993 4651 2169 4720 ﬁeret,

577 4749 668 4796 aut
695 4751 902 4810 nostra,
938 4743 1095 4815 quasi
1125 4741 1422 4814 sapientius
1449 4743 1676 4814 prolata,
1712 4757 1871 4813 quam
1901 4741 1991 4796 alii
2012 4741 2171 4798 inve-

581 4829 702 4886 nire
749 4846 815 4886 ex
861 4839 1173 4888 sanctorum
1215 4831 1554 4887 documentis
1597 4829 2001 4902 praevaluerint,
2057 4829 2173 4887 sive

575 4916 925 4988 praevaleant,
951 4918 1246 4978 defendere
1287 4928 1582 4992 stagamus.
1616 4918 1999 4992 Unusquisque
2027 4918 2172 4976 enim

575 5005 632 5060 in
661 5021 761 5062 suo
811 5021 978 5062 sensu
1017 5008 1276 5064 abundat.
1325 5009 1556 5066 Tantum
1605 5007 1828 5079 quilibet
1867 5008 1970 5064 hoc
2016 5014 2172 5066 caute

577 5093 879 5168 provideat,
909 5103 968 5151 ut
1005 5111 1039 5150 a
1083 5095 1189 5152 lide
1218 5097 1478 5154 catholica
1527 5105 1581 5154 et
1627 5095 1908 5152 traditione
1955 5105 2172 5169 aposto-

578 5182 700 5240 lica:
730 5183 878 5240 sedis
907 5200 1017 5240 non
1045 5184 1340 5256 discrepet.
1373 5186 1484 5244 Sed
1527 5202 1648 5260 quae
1705 5185 1966 5242 sentimus
2004 5186 2175 5243 humi-

574 5271 700 5328 liter
727 5272 1088 5344 proferentes,
1115 5274 1284 5346 parati
1309 5290 1514 5345 sumus,
1539 5275 1586 5330 si
1614 5275 1734 5346 quis
1762 5275 2171 5332 convenientius

575 5355 1082 5425 nobis-ostenderit,
1129 5358 1248 5414 sine
1294 5359 1639 5416 contentione
1697 5374 1831 5416 sano
1873 5352 2172 5417 intellectui

579 5444 795 5514 cedere,
828 5453 882 5502 et
924 5445 1285 5506 libentissime
1329 5463 1440 5505 non
1485 5449 1651 5507 modo
1679 5449 2008 5522 consentire,
2041 5449 2173 5522 quin

578 5542 744 5603 etiam
771 5543 1006 5604 discere.

2269 4589 2420 4660 apud
2445 4603 2576 4644 eum
2601 4589 2909 4662 redemptio
2941 4591 3114 4664 (Psal.
3139 4605 3336 4658 cxxrx,
3362 4591 3438 4664 7);
3471 4599 3524 4646 et
3552 4597 3774 4646 sanctus
3795 4589 3884 4647 di-

2273 4676 2346 4732 cit
2374 4677 2694 4736 Ambrosius
2727 4695 2740 4732 :
2772 4679 2968 4734 Beatus
2997 4679 3090 4752 qui
3120 4679 3208 4736 vel
3235 4680 3339 4735 sub
3369 4679 3478 4736 ictu
3507 4679 3696 4735 mortis
3713 4695 3878 4736 aver-

2271 4765 2333 4820 tit
2359 4781 2388 4820 a
2417 4764 2590 4822 vitiis.
2631 4768 2791 4824 Beati
2833 4767 2978 4824 enim
3025 4785 3266 4841 quorum
3299 4772 3448 4826 tecta
3476 4773 3616 4826 sunt
3637 4773 3880 4843 peccata

2271 4855 2446 4926 (Psal.
2479 4868 2644 4921 xxxx,
2673 4856 2747 4926 1),
2781 4855 2908 4928 quia
2949 4857 3214 4928 scriptum
3245 4865 3327 4914 est
3361 4876 3374 4912 :
3407 4860 3610 4914 Desine
3643 4875 3679 4914 τι
3720 4858 3878 4915 malo

2271 4948 2327 5000 et
2355 4946 2448 5015 fac
2469 4945 2691 5010 bonum,
2718 4947 2772 4999 et
2787 4944 3045 5002 inhabita
3073 4949 3137 5002 in
3171 4949 3446 5004 steculum
3467 4949 3665 5005 saeculi
3692 4947 3878 5019 (Psal.

2271 5047 2474 5102 xxxvr,
2507 5033 2618 5102 2’7).
2657 5031 2979 5106 Quicunque
3006 5050 3142 5108 ergo
3187 5035 3408 5091 desierit
3458 5052 3488 5091 a
3529 5035 3791 5108 peccatis,
3817 5041 3876 5092 et

2270 5121 2430 5178 fuerit
2459 5121 2528 5176 ad
2548 5119 2777 5178 meliora
2804 5139 3125 5192 conversus,
3158 5124 3384 5181 habebit
3413 5125 3760 5197 superiorum
3791 5124 3879 5180 in-

2271 5209 2608 5284 dulgentiam
2681 5220 3050 5284 peccatorum,
3111 5230 3237 5287 quas
3299 5213 3462 5271 fuerit
3535 5214 3624 5271 vel
3686 5213 3874 5287 poeni-

2271 5297 2420 5381 tendi
2449 5297 2731 5358 confessus
2768 5299 2985 5372 affectu,
3031 5301 3119 5358 vel
3177 5302 3488 5378 corrigendi
3525 5319 3752 5362 aversus
3789 5302 3877 5358 in-

2272 5385 2456 5441 genio.

2343 5458 2687 5534 Quapropter
2757 5461 2896 5518 sicut
2947 5461 3232 5535 principali
3304 5463 3575 5522 sententia
3629 5471 3866 5533 constat,

2273 5548 2399 5623 quia
2423 5549 2480 5608 in
2505 5549 2691 5609 multis
2717 5549 3044 5610 oﬁ'endimus
3090 5567 3304 5624 omnes,
3353 5555 3498 5613 unde
3551 5553 3872 5630 ingemisci-
