4072 6288
201 311 303 364 1³73

1663 299 2038 359 EPISTOLE.

3400 287 3500 370 m

203 447 372 497 mus;
405 430 485 486 ita
528 428 818 502 principali
855 429 1126 485 sententia
1169 427 1539 496 consolamur,
1588 429 1713 500 quia
1758 428 1838 490 sit

1941 440 2150 496 ivinum
2193 457 2292 513 per
2332 442 2553 497 beatum
2587 441 2854 498 Joannem
2889 443 3178 500 consilium
3229 461 3240 501 :
3291 447 3497 507 Memor

202 518 567 577 conﬁteamur
602 526 832 591 peccata
884 526 1094 588 nostra,
1155 517 1332 574 ﬁdelis
1379 525 1462 572 est
1512 525 1566 573 et
1601 517 1799 587 justus,

205 608 332 682 quin
360 609 527 664 Jesus
572 608 837 674 Christus,
871 607 1122 664 conditor
1140 615 1194 662 et
1223 607 1537 678 redemptor
1581 621 1648 662 ac
1693 605 1805 661 sal-

207 705 365 754 vator
410 705 622 768 noster,
685 713 848 769 quem
898 697 1162 752 habemus
1231 696 1556 752 advocatum
1601 695 1806 764 justum

209 787 352 858 apud
383 787 623 852 Patrem,
658 792 712 840 et
739 793 824 842 est
852 770 1164 858 prbpitiatio
1193 800 1294 856 pro
1323 784 1565 855 peccatis
1580 782 1805 850 nostris,

212 883 262 931 et
287 873 604 947 interpellat
632 889 735 946 pro
764 873 944 940 nobis,
976 872 1214 928 ﬁdeliter
1238 873 1620 930 confitentibus
1653 871 1811 927 nobis

212 963 426 1019 dimittit
454 963 615 1018 nobis
662 970 885 1034 peccata
928 970 1136 1028 nostra,
1182 971 1233 1018 et
1277 961 1534 1016 emundat
1590 977 1692 1017 nos
1742 959 1811 1015 ab

213 1053 354 1110 omni
382 1051 687 1125 iniquitate.
739 1050 950 1120 Quibus
998 1049 1220 1106 animati
1267 1049 1464 1105 divinis
1507 1049 1810 1119 sententiis,

215 1142 380 1197 frater
409 1149 465 1197 et
495 1139 864 1197 consacerdos
910 1146 1099 1195 uoster
1145 1139 1489 1204 Hildebolde,
1535 1136 1814 1194 conﬁtenti

217 1229 309 1285 tibi
335 1237 569 1301 peccata
599 1237 707 1296 tua,
739 1244 840 1300 per
867 1227 1293 1284 ecclesiasticam
1335 1226 1650 1299 apostolicae
1712 1242 1814 1282 au-

216 1317 476 1374 ctoritatis
518 1325 862 1390 potestatem,
913 1333 1074 1389 quam
1120 1316 1382 1372 Dominus
1425 1323 1612 1372 noster
1657 1315 1816 1371 Jesus

219 1407 464 1463 Christus
495 1406 719 1462 tradidit
747 1405 1030 1477 discipulis
1059 1411 1112 1462 et
1139 1404 1404 1477 apostolis
1435 1403 1570 1472 suis,
1590 1403 1813 1460 dicens:

222 1497 469 1569 Accipite
479 1496 762 1568 Spiritum
773 1498 1038 1551 sanctum
1054 1515 1071 1550 :
1086 1511 1323 1566 quorum
1339 1494 1676 1550 remiseritis
1689 1509 1823 1566 pec-

221 1589 348 1642 cata
376 1586 764 1642 remittuntur
793 1585 872 1639 eis
903 1584 1203 1656 (Joan.jxx,
1226 1587 1316 1650 22,
1340 1583 1460 1650 23);
1485 1590 1538 1638 et
1567 1599 1669 1654 per
1699 1597 1821 1638 eos-

219 1674 342 1729 dem
372 1672 656 1746 apostolos
685 1688 816 1728 suos
845 1666 1088 1744 ipsorum
1135 1671 1568 1739 successoribus,
1594 1685 1822 1743 quorum

1906 530 2184 586 estounde
2204 531 2566 598 cecideris,et
2603 548 2702 604 age
2736 532 3154 605 pwnitentia-m,
3206 539 3264 591 et
3303 537 3496 608 prima

1907 635 2074 691 opera
2103 622 2196 691 fac
2227 619 2414 692 (Apoc.
2446 635 2506 686 ιι,
2539 620 2616 692 5).
2650 619 2758 676 Sed
2789 620 3070 694 sciendum
3098 629 3180 678 est
3207 623 3332 696 quia
3371 632 3500 683 tunc

1909 707 2052 763 bona
2079 722 2249 779 Opera
2273 723 2376 764 nos
2403 723 2437 763 a
2467 708 2642 780 culpis
2670 709 2936 766 mundant
2976 719 3029 765 et
3074 710 3324 783 liberant,
3373 728 3500 771 cum

1908 805 2227 868 perpetrata
2254 797 2397 854 mala
2423 797 2737 872 plangimus
2766 805 2818 853 et
2838 798 3176 856 abdicamus.
3216 801 3360 857 Nam
3407 803 3503 874 qui

1913 902 2132 958 semper
2159 903 2392 958 peccare
2422 887 2550 954 vult,
2584 896 2638 943 et
2692 887 2847 960 quasi
2876 903 3096 961 semper
3134 889 3279 946 bona
3311 905 3500 963 agere,

1915 974 2056 1031 scire
2084 975 2248 1031 debet
2277 976 2404 1048 quia
2429 975 2714 1032 commista
2741 977 2928 1048 pravis
2949 977 3158 1034 actibus
3179 993 3344 1050 opera
3363 979 3507 1036 bona

1915 1063 2153 1119 animam
2183 1080 2293 1120 non
2322 1064 2614 1132 redimunt,
2646 1081 2810 1138 quam
2856 1081 2891 1122 a
2935 1066 3079 1122 vitiis
3127 1083 3237 1124 non
3281 1083 3510 1140 compe-

1917 1161 2090 1208 scunt.
2129 1154 2250 1220 Cor,
2283 1152 2474 1225 inquit,
2507 1156 2824 1219 contritum
2853 1159 2909 1210 et
2948 1156 3318 1213 humiliatum
3361 1159 3510 1215 Deus

1915 1257 2032 1296 non
2052 1242 2289 1315 despicit
2319 1243 2491 1313 (Psal.
2523 1257 2576 1314 ι,
2629 1243 2738 1314 19).
2790 1241 3049 1316 Quisquis
3096 1244 3240 1300 enim
3283 1253 3515 1318 peccata

1916 1329 2146 1404 plangit,
2196 1346 2296 1387 nec
2345 1338 2526 1388 tamen
2572 1331 2795 1399 deserit,
2847 1347 2941 1388 cor
2986 1331 3208 1404 quidem
3270 1335 3516 1403 conterit,

1919 1419 2018 1474 sed
2047 1418 2332 1476 humiliare
2359 1419 2655 1476 contemnit
2687 1438 2700 1475 :
2735 1419 2980 1493 quisquis
3007 1437 3142 1479 vero
3169 1431 3399 1494 peccata
3417 1437 3521 1481 sua

1914 1507 2031 1577 jam
2059 1507 2285 1576 deserit,
2314 1523 2418 1564 nec
2447 1516 2629 1566 tamen
2657 1509 2887 1582 plangit,
2913 1510 3028 1579 jam
3065 1510 3285 1582 quidem
3331 1510 3518 1567 humi-

1921 1595 2036 1664 liat,
2070 1596 2168 1652 sed
2198 1603 2483 1654 conterere
2528 1613 2622 1653 cor
2668 1605 2907 1654 recusat.
2956 1596 3279 1667 Quotidiana
3339 1607 3523 1656 autem

1923 1684 2174 1758 leviaque
2201 1693 2448 1758 peccata,
2500 1686 2802 1743 secundum
2845 1686 3033 1744 Jacobi
3081 1687 3326 1759 Apostoli
3374 1687 3520 1762 (cap.

221 1763 367 1820 vices
399 1762 529 1820 licet
556 1761 768 1850 indigni
795 1769 1058 1829 tenemus,
1123 1759 1224 1816 etsi
1253 1775 1365 1816 non
1383 1759 1608 1850 merito,
1643 1767 1823 1815 tamen
1851 1790 1905 1850 B
1929 1789 1985 1841 ν,
2016 1775 2106 1846 16)
2140 1775 2556 1842 hortamentum,
2589 1775 2906 1831 alterutrum
2933 1775 3302 1848 οοωφιειίδαε
3347 1759 3524 1849 quoii.

223 1851 443 1907 nomine
472 1859 636 1924 atque
659 1849 819 1907 ofﬁcii
859 1849 1222 1922 susceptione,
1283 1849 1534 1904 eamdem
1581 1856 1824 1920 potesta-

223 1949 333 1997 tem
359 1939 607 2007 donavit,
642 1946 696 1996 et
724 1938 779 1995 in
809 1955 869 1998 se
897 1939 1144 1996 credenti
1170 1937 1406 1994 ﬁdeliter
1445 1937 1577 1993 dixit
1631 1955 1643 1991 :
1696 1939 1829 1995 Fiat

228 2031 325 2086 tibi
345 2029 665 2086 secundum
684 2029 853 2099 ﬁdem
877 2033 1034 2084 tuam
1065 2028 1284 2099 (Matth.
1309 2041 1429 2094 vm,
1465 2030 1528 2082 13
1555 2045 1570 2094 ;
1600 2041 1672 2094 lx,
1706 2026 1828 2098 22),

227 2119 405 2190 gratia
438 2125 492 2173 et
523 2117 915 2189 omnipotentia
945 2132 1067 2185 sua,
1109 2115 1306 2172 virtute
1354 2114 1527 2172 sancti
1574 2113 1824 2186 Spiritus,

229 2207 320 2280 qui
351 2215 437 2263 est
463 2205 718 2262 remissio
747 2205 988 2261 omnium
1035 2211 1406 2277 peccatorum,
1453 2203 1688 2259 dimittat
1729 2202 1826 2259 tibi

231 2297 415 2352 omnia
442 2303 671 2368 peccata
698 2303 810 2362 tua,
844 2295 1039 2350 liberet
1069 2303 1121 2350 te
1151 2295 1224 2349 ab
1251 2293 1400 2351 omni
1416 2292 1582 2361 malo,
1605 2308 1830 2348 conser-

233 2393 317 2442 vet
345 2385 404 2441 in
434 2385 583 2440 omni
613 2385 778 2451 bono,
813 2391 864 2440 et
892 2383 1152 2455 perducat
1181 2390 1234 2438 te
1261 2383 1333 2438 ad
1360 2381 1525 2439 vitam
1545 2389 1828 2449 aeternam,

234 2483 286 2531 et
314 2475 385 2530 ad
415 2480 734 2530 sanctorum
764 2473 1111 2528 sacerdotum
1143 2471 1494 2538 consortium,
1528 2475 1722 2527 Amen.

297 2563 370 2620 Et
398 2563 546 2636 quia,
581 2561 898 2618 dulcissime
933 2561 1122 2628 frater,
1179 2559 1272 2616 tali
1318 2559 1644 2630 infirmitate,
1696 2557 1835 2616 sicut

235 2653 352 2725 ipse
379 2653 548 2718 nosti,
579 2652 830 2708 detentus
861 2665 1090 2722 corpore
1119 2649 1190 2706 ad
1219 2657 1271 2706 te
1310 2649 1386 2705 ire
1435 2665 1545 2705 non
1588 2664 1830 2721 possum,

236 2742 425 2814 spiritu
455 2751 509 2798 et
539 2741 829 2798 devotione
857 2741 927 2795 ad
957 2747 1008 2796 te
1038 2740 1200 2806 vado,
1242 2747 1294 2796 et
1322 2739 1467 2810 quod
1487 2738 1606 2810 ipse
1647 2753 1838 2809 corpo-

231 2831 418 2888 raliter
447 2845 587 2905 erga
614 2837 669 2886 te
699 2845 952 2901 gererem
981 2827 1171 2899 spiritu
1213 2843 1339 2901 ago,
1376 2834 1429 2883 et
1443 2843 1546 2899 per
1559 2826 1841 2884 commini-

238 2928 378 2978 stros
407 2935 473 2976 ac
503 2918 984 2991 compresbyteros
1015 2923 1231 2974 nostros
1261 2916 1318 2971 in
1347 2923 1399 2973 te
1428 2914 1838 2990 agicorporali—

236 3017 319 3066 ter
345 3023 517 3082 posco
578 3026 592 3062 :
635 3007 856 3063 mittens
899 3022 1062 3062 manu
1108 3021 1250 3073 mea,
1301 3014 1522 3062 secutus
1567 3006 1834 3076 majorum

240 3098 509 3170 exempla,
542 3096 601 3153 in
629 3111 792 3152 manu
821 3095 974 3152 istius
1018 3095 1324 3168 presbyteri
1370 3095 1551 3151 oleum
1597 3092 1840 3150 sanctiﬁ-

243 3196 443 3255 catum,
476 3194 532 3242 ut
564 3186 729 3242 etiam
759 3185 1022 3258 obsequio
1051 3200 1176 3240 meo
1203 3201 1302 3256 per
1330 3183 1447 3253 ejus
1486 3183 1836 3250 mentionem,

245 3276 476 3348 Spiritus
505 3275 679 3332 sancti
724 3273 916 3346 gratia,
987 3273 1079 3346 qui
1145 3281 1228 3329 est
1293 3271 1547 3328 remissio
1602 3270 1844 3329 omnium

244 3372 616 3438 peccatorum,
649 3362 1046 3436 indulgentiam
1092 3361 1369 3434 percipias
1416 3359 1659 3417 omnium
1700 3358 1842 3415 deli-

246 3462 476 3522 ctorum,
511 3460 566 3508 et
595 3451 938 3508 consortium
959 3458 1270 3507 sanctorum
1287 3448 1692 3522 episcoporum.
1736 3449 1844 3505 Ve-

246 3542 322 3598 lut
348 3559 416 3600 ex
447 3540 725 3614 superﬂuo
756 3539 1011 3614 denique,
1046 3539 1304 3612 quoniam
1332 3539 1454 3596 hac
1473 3546 1527 3593 te
1543 3537 1846 3610 egissenon

248 3631 451 3698 dubito,
512 3630 714 3686 bonam
771 3628 1117 3685 devotionem
1172 3635 1322 3684 tuam
1380 3641 1722 3698 commoneo,
1789 3633 1848 3682 ut

247 3727 444 3792 preter
469 3718 630 3775 istam
661 3717 982 3792 generalem
1027 3715 1446 3784 confessionem,
1497 3732 1729 3789 quaeque
1777 3715 1848 3772 ab

250 3808 465 3866 ineunte
496 3815 676 3874 astate,
706 3822 880 3880 usque
910 3805 978 3862 ad
1008 3806 1152 3880 hanc
1175 3805 1236 3860 in
1265 3821 1374 3878 qua
1399 3819 1547 3862 nunc
1573 3805 1752 3878 degis,
1797 3811 1850 3860 te

252 3897 590 3955 commisisse
623 3877 936 3970 cognoscis,
971 3877 1299 3967 specialiter,
1311 3909 1374 3951 ac
1404 3877 1720 3968 singillatim
1733 3893 1850 3950 Deo

254 3995 304 4044 et
330 3985 604 4044 sacerdoti
623 3993 809 4058 satage
840 3981 1124 4051 confiteri;
1154 3990 1208 4040 et
1254 3983 1384 4038 dum
1430 3982 1853 4054 unumquodqué

260 4077 462 4134 erroris
491 4074 568 4132 tui
596 4073 1064 4146 inquinamentum
1115 4071 1431 4144 singillatim
1479 4069 1755 4128 confiteris
1801 4078 1856 4126 et

259 4166 442 4235 deﬂes,
475 4163 638 4220 simul
667 4171 718 4218 te
747 4162 815 4218 de
843 4161 1094 4218 omnibus
1117 4168 1358 4218 actorum
1376 4159 1638 4232 lacrymis
1698 4173 1854 4214 mun-

259 4254 371 4312 des.
402 4253 562 4312 Unde
591 4252 790 4309 dicitur
819 4267 916 4323 per
943 4250 1271 4322 Prophetam
1303 4267 1316 4304 :
1349 4250 1661 4306 Divisiones
1686 4264 1859 4320 aqua-

261 4361 386 4402 rum
405 4342 652 4400 deduxit
681 4342 868 4400 oculos
888 4356 1048 4396 meus
1082 4340 1258 4412 (Psal.
1284 4353 1478 4404 cxvm,
1531 4336 1676 4408 136).
1715 4335 1860 4392 Divi-

1930 1862 2020 1919 die
2045 1863 2354 1920 conﬁtenda
2385 1870 2533 1920 sunt.
2565 1862 2699 1934 Quae
2727 1863 3036 1936 quotidiana
3055 1880 3245 1922 eorum
3284 1865 3530 1924 oratione

1929 1969 2051 2008 cum
2082 1951 2408 2024 quotidianis
2463 1951 2570 2024 piis
2616 1952 2828 2009 actibus
2875 1954 3152 2010 credenda
3197 1963 3324 2010 sunt
3363 1970 3528 2011 mun-

1930 2039 2070 2109 dari,
2105 2040 2152 2096 si
2199 2055 2324 2098 cum
2371 2040 2708 2113 benignitate
2748 2043 2948 2099 mentis
2978 2041 3036 2099 in
3063 2043 3312 2101 oratione
3332 2043 3526 2102 Domi-

1929 2129 2056 2186 nica
2083 2130 2350 2186 veraciter
2375 2129 2576 2186 dicitur
2605 2147 2622 2185 :
2653 2131 2891 2188 Dimitte
2921 2131 3079 2189 nobis
3093 2132 3279 2190 debita
3306 2137 3524 2203 nostra,

1931 2220 2083 2294 sicut
2112 2223 2168 2276 et
2205 2235 2307 2277 nos
2355 2219 2701 2278 dimittimus
2719 2219 3058 2279 debitoribus
3117 2223 3330 2280 nostris
3368 2222 3523 2294 (Luc.

1934 2323 2014 2376 χι,
2071 2308 2148 2378 4).

2003 2396 2194 2452 Frater
2241 2395 2582 2464 charissime,
2632 2397 2702 2453 de
2769 2397 3082 2470 quotidiana
3147 2399 3532 2457 communione

1935 2485 2182 2556 corporis
2212 2491 2265 2541 et
2313 2485 2594 2556 sanguinis
2640 2486 2860 2543 Domini
2905 2487 3080 2543 nostri
3137 2487 3270 2544 Jesu
3331 2487 3534 2546 Christi

1935 2573 2046 2630 noli
2075 2580 2129 2628 te
2157 2588 2410 2630 securare
2455 2581 2512 2629 ut
2568 2573 2810 2646 quotidie
2858 2581 2912 2630 te
2959 2575 3048 2631 illa
3093 2591 3202 2634 non
3250 2577 3462 2633 munias
3515 2595 3530 2632 :

1937 2670 2207 2736 quatenus
2251 2678 2350 2734 per
2393 2662 2535 2719 hanc
2583 2664 3023 2720 communionem
3069 2672 3540 2723 sacramentorum

1938 2751 2055 2821 ejus
2083 2767 2250 2806 unum
2277 2750 2509 2808 effectus
2538 2767 2662 2808 cum
2689 2768 2778 2823 eo,
2809 2751 2866 2808 in
2896 2768 3004 2826 quo
3048 2753 3303 2826 princeps
3347 2755 3538 2812 mundi

1937 2840 2166 2897 veniens
2191 2839 2326 2896 nihil
2374 2855 2534 2897 suum
2584 2839 2810 2908 invenit,
2859 2848 2914 2897 et
2962 2839 3140 2898 ﬁdelis
3185 2841 3242 2898 in
3287 2843 3540 2901 omnibus

1938 2928 2123 2984 verbis
2170 2927 2302 2996 suis,
2346 2935 2401 2985 et
2447 2936 2668 2986 sanctus
2713 2929 2771 2985 in
2818 2929 3072 2986 omnibus
3113 2929 3373 3003 operibus
3421 2930 3538 2989 suis

1941 3017 2074 3074 dixit
2102 3035 2117 3074 :
2154 3018 2260 3087 Qui
2277 3018 2589 3074 manducat
2603 3035 2838 3076 carnem
2859 3035 3046 3075 meam
3066 3023 3123 3075 et
3144 3019 3281 3076 bibit
3306 3021 3540 3092 sangui-

1943 3123 2075 3164 nem
2104 3123 2319 3173 meum;
2345 3107 2410 3162 in
2429 3122 2519 3162 me
2539 3110 2739 3163 manet
2756 3111 2812 3162 et
2829 3122 2926 3179 ego
2947 3108 3012 3162 in
3032 3123 3092 3164 eo
3115 3107 3298 3179 (Joan.
3323 3123 3402 3176 γι,
3422 3108 3537 3180 67),

1943 3195 2013 3250 ab
2042 3195 2191 3251 omni
2221 3195 2378 3250 hoste
2405 3194 2665 3262 munitus,
2727 3210 2951 3251 securus
3005 3195 3077 3250 ad
3131 3196 3428 3254 conditoris
3486 3205 3542 3255 et

1942 3283 2304 3356 redemptoris
2332 3299 2397 3341 ac
2427 3283 2714 3341 salvatoris
2740 3283 2818 3340 tui
2837 3283 3184 3357 praesentiam
3223 3284 3432 3344 venias.

2423 3395 2768 3455 EPISTOLA
2834 3398 3064 3457 XXVII.

2427 3516 2501 3557 AD
2528 3515 2823 3560 ADBIANUM
2850 3517 3055 3559 PAPAI.

1947 3616 2262 3746 Καδμογεᾰῇ
2297 3617 2370 3672 ad
2399 3633 2522 3700 qua:
2551 3619 2820 3702 pontifex
2839 3618 2906 3674 de
2927 3633 3098 3690 regno
3127 3617 3385 3678 Lotharii
3404 3621 3546 3680 etde

2242 3705 2490 3744 inc-mari
2507 3693 2728 3746 nepotis
2768 3705 2943 3746 causa
2969 3690 3295 3746 mandarat.

2242 3690 2490 3744 inc-mari
2507 3691 2728 3762 nepotis
2768 3705 2943 3746 causa
2969 3690 3295 3748 mandarat.

2145 3795 2328 3867 (Apud
2357 3795 2630 3863 eumdem,
2663 3810 2730 3851 ex
2760 3794 2996 3853 editione
3043 3796 3386 3872 Parisiensi.)

2022 3894 2257 3952 Domino
2325 3894 2666 3952 sanctissimo
2711 3903 2764 3953 et
2825 3897 3266 3956 reverentissimo
3333 3901 3552 3958 Patrum

1952 3984 2098 4040 Patri
2125 3987 2405 4054 ADRIANO,
2435 3984 2705 4056 primariae
2753 3986 2902 4042 sedis
2947 3987 3258 4059 apostolicae
3320 3987 3550 4046 univer-

1955 4072 2086 4130 salis
2113 4073 2378 4130 Ecclesiae
2403 4089 2582 4144 papae,
2614 4075 2962 4142 Hmcmaus,
3012 4076 3254 4146 nomine,
3286 4093 3398 4134 non
3439 4093 3550 4135 me-

1955 4161 2076 4230 rito,
2109 4162 2443 4219 Rhcmorum
2471 4161 2782 4232 episcopus,
2813 4177 2880 4218 ac
2904 4163 3082 4232 plebis
3127 4164 3230 4220 Dei
3290 4164 3548 4222 famulus.

2027 4249 2380 4309 Excellentite
2407 4256 2604 4306 vestrm
2635 4249 2928 4306 auctoritas
2956 4266 3133 4322 nuper
3167 4265 3268 4307 xxv
3316 4252 3547 4312 Kalend.

1957 4337 2306 4405 Novembris,
2339 4337 2527 4396 indict.
2561 4353 2638 4408 IV,
2667 4337 2800 4394 mihi
2826 4354 2929 4412 per
2954 4338 3169 4412 legatos
3197 4355 3328 4397 suos
3364 4341 3550 4399 multis

263 4449 375 4490 sam
401 4431 608 4506 quippe
657 4445 725 4486 ex
771 4428 942 4486 oculis
991 4444 1192 4501 aquam
1241 4427 1580 4494 deducimus,
1641 4423 1860 4498 quando
1960 4435 2012 4484 et
2039 4427 2256 4500 magnis
2284 4426 2742 4500 increpationibus
2770 4429 3054 4502 repletam,
3105 4429 3244 4487 sicut
3287 4429 3393 4486 sibi
3437 4429 3555 4502 pla-

260 4523 495 4594 peccatis
545 4518 779 4593 singulis
825 4517 1142 4590 dispertitas
1210 4517 1480 4588 lacrymas
1546 4513 1852 4572 confitendo
1874 4509 1928 4571 D
1957 4515 2086 4586 cuit,
2117 4515 2264 4572 misit
2312 4516 2618 4588 epistolam.
2669 4517 2752 4573 De
2795 4517 3012 4590 quibus,
3058 4525 3116 4575 ut
3160 4517 3265 4575 viri
3311 4517 3549 4592 ﬂagellis

263 4611 602 4668 exhibemus.
635 4607 769 4677 Quae
795 4606 1110 4680 singillatim
1141 4606 1210 4662 de
1265 4605 1498 4678 singulis
1552 4604 1724 4662 semel
1769 4617 1857 4660 sa-

264 4700 470 4758 cerdoti
497 4696 700 4756 sufficit
727 4695 1000 4754 confessio
1031 4695 1196 4762 facta,
1229 4694 1276 4750 si
1304 4701 1428 4767 post
1453 4695 1594 4752 hanc
1639 4691 1860 4750 confes—

265 4785 491 4852 sionem,
523 4790 580 4840 et
606 4797 707 4854 per
726 4781 1068 4839 sacerdotale
1089 4780 1376 4837 consilium
1399 4779 1857 4848 emendationem,

265 4891 369 4932 non
395 4872 605 4932 fuerint
633 4871 827 4928 iterata
853 4877 1098 4942 peccata.
1133 4869 1385 4940 Quotidie
1412 4876 1594 4926 tamen
1625 4869 1694 4924 de
1744 4867 1861 4922 sin-

267 4963 405 5038 gulis
431 4960 759 5036 singillatim
788 4976 913 5018 cum
941 4959 1146 5032 gemitu
1193 4957 1283 5014 vel
1327 4957 1580 5030 lacrymis
1627 4956 1684 5012 in
1733 4970 1862 5012 ora-

273 5053 414 5110 tione
440 5052 563 5110 Deo
609 5057 696 5107 est
743 5048 990 5107 facienda
1037 5046 1330 5118 confessio,
1375 5055 1434 5102 ut
1480 5046 1555 5103 ita
1599 5043 1864 5103 conﬁtens

271 5141 502 5199 Domino
533 5141 661 5198 cum
688 5137 978 5196 Psalmista
1008 5136 1192 5194 dicere
1221 5135 1397 5209 possit
1421 5155 1434 5192 :
1459 5136 1716 5208 Amplius
1740 5136 1866 5191 lava

273 5246 358 5287 me
383 5231 452 5288 ab
471 5230 783 5302 iniquitate
798 5244 943 5294 mea,
971 5231 1028 5283 et
1057 5242 1092 5282 a
1107 5229 1337 5300 peccato
1361 5242 1482 5282 meo
1501 5224 1716 5282 munda
1753 5239 1863 5281 me.

279 5319 551 5387 Quoniam
571 5318 941 5390 iniquitatem
962 5332 1148 5372 meam
1169 5330 1262 5387 ego
1281 5331 1566 5386 cognosco,
1597 5317 1654 5370 et
1674 5327 1872 5386 pecca-

284 5411 398 5465 tum
430 5425 627 5464 meum
647 5410 849 5464 contra
869 5421 958 5461 me
979 5409 1063 5461 est
1083 5420 1304 5477 semper
1322 5405 1496 5475 (Psal.
1521 5419 1572 5470 L,
1605 5403 1683 5469 3).
1708 5402 1763 5458 Si
1783 5417 1872 5458 au-

281 5503 381 5552 tem
411 5496 676 5570 quiddam
705 5495 1020 5566 subreptum
1041 5491 1204 5550 fuerit
1224 5492 1292 5547 de
1314 5491 1396 5546 his
1417 5507 1538 5563 quae
1558 5507 1656 5562 per
1674 5491 1872 5564 dignos

283 5593 612 5666 poenitentiae
640 5590 850 5651 fructus
880 5591 1057 5648 deleta
1086 5598 1228 5662 sunt,
1261 5587 1652 5646 recurrendum
1681 5595 1764 5644 est
1802 5587 1874 5643 ad

1957 4605 2154 4662 eruditi
2181 4605 2364 4663 verbis
2391 4613 2530 4674 utar,
2567 4614 2830 4679 quantum
2877 4607 2948 4662 ad
2990 4607 3286 4662 humanum
3335 4614 3552 4678 spectat

1952 4694 2216 4766 judicium
2250 4713 2264 4750 :
2297 4695 2418 4752 Non
2453 4697 2678 4766 viroqui
2697 4695 2904 4752 similis
2944 4695 3058 4750 mei
3075 4698 3161 4752 est
3188 4695 3549 4769 respondebo,

1959 4800 2063 4840 nec
2095 4784 2192 4857 qui
2223 4799 2445 4840 mecum
2463 4785 2527 4840 in
2538 4784 2756 4856 judicio
2781 4784 2961 4856 possit
2972 4783 3164 4839 audiri
3178 4802 3197 4839 :
3217 4800 3324 4842 nec
3346 4789 3436 4843 est
3450 4789 3550 4861 qui

1959 4877 2264 4944 utrumque
2276 4873 2465 4929 valeat
2483 4887 2736 4944 arguere,
2763 4875 2818 4927 et
2831 4886 3039 4942 ponere
3049 4887 3288 4930 manum
3303 4891 3470 4932 suam
3483 4875 3549 4932 in

1961 4961 2220 5018 ambobus
2275 4961 2390 5034 (Job
2421 4975 2501 5028 ιχ,
2529 4963 2618 5026 31,
2661 4959 2788 5029 32);
2837 4966 2892 5014 et
2947 4977 2962 5014 :
3011 4961 3071 5016 Si
3111 4963 3332 5020 locutus
3363 4967 3549 5035 fuero,

1963 5067 2078 5108 non
2097 5052 2343 5125 quiescet
2357 5051 2514 5108 dolor
2546 5063 2734 5115 meus;
2753 5048 2870 5104 etsi
2881 5052 3126 5118 tacuero,
3146 5068 3263 5109 non
3279 5053 3500 5110 recedet
3519 5069 3558 5110 a

1962 5156 2052 5196 me
2083 5141 2330 5210 (Jobxvx,
2361 5140 2438 5209 7).
2470 5139 2764 5209 Propterea
2791 5152 2904 5195 non
2929 5154 2997 5196 ex
3024 5155 3182 5212 aequo
3239 5140 3310 5198 ad
3349 5139 3552 5208 omnia,

1967 5229 2063 5286 sed
2092 5229 2162 5285 ad
2191 5228 2437 5301 quaedam
2463 5226 2532 5282 de
2556 5225 2642 5280 his
2689 5242 2812 5300 quae
2859 5228 3174 5301 scripsistis,
3225 5229 3296 5286 de
3363 5229 3560 5302 quibus

1967 5326 2152 5375 tacere
2180 5332 2290 5372 non
2317 5315 2514 5382 audeo,
2545 5314 2701 5372 brevi
2729 5324 2784 5374 et
2809 5315 3000 5374 humili
3030 5333 3284 5376 sermone
3311 5317 3445 5375 mihi
3477 5325 3564 5376 est

1968 5405 2428 5478 respondendum.
2454 5402 2592 5472 Quia
2619 5405 2915 5478 scripsistis
2935 5423 3024 5466 me
3045 5406 3320 5465 reminisci
3339 5407 3563 5476 debere,

1971 5495 2018 5552 si
2046 5509 2279 5566 unquam
2309 5492 2551 5574 epistolis
2591 5510 2701 5551 non
2751 5496 3078 5569 rescriptum
3125 5496 3211 5567 sit,
3265 5503 3318 5553 et
3363 5510 3567 5554 conve-

1971 5582 2246 5641 nientibus
2274 5581 2554 5656 responsis
2582 5583 2652 5641 de
2680 5584 2916 5658 negotiis
2943 5585 3013 5642 de
3043 5583 3239 5658 quibus
3307 5585 3571 5660 agebatur
