4072 6292
570 250 675 303 1³75

1563 246 1904 302 IIlNCMARI
1941 242 2342 302 RHEMENSIS
2379 243 2933 303 ARCHIEPISCOPI.

3757 248 3867 302 176

566 371 875 444 apostolicae
901 371 1019 428 sedi
1048 370 1357 436 remissum,
1393 369 1530 426 sicut
1555 386 1643 425 me
1671 387 1770 442 pro
1800 378 1983 427 vestro
2032 386 2166 427 con-
2193 370 2250 431 A
2269 370 2356 425 vel
2383 386 2492 425 non
2523 372 2827 428 resistendo
2876 371 3232 438 consenserit,
3292 388 3403 428 non
3442 372 3556 442 jam
3622 371 3865 442 pastoris

563 469 766 533 temptu
795 459 993 516 fecisse
1039 460 1253 532 penitus
1294 467 1524 527 constat,
1576 459 1793 531 quando
1838 476 2011 530 nuper
2058 476 2157 530 per

560 550 708 607 viros
739 550 938 605 missos
968 549 1025 604 in
1057 549 1354 604 Galliarum
1383 556 1567 619 partes
1600 548 1854 619 epistolas
1884 555 1994 605 tam
2024 548 2155 603 mihi

561 653 728 711 quam
757 638 876 693 aliis
893 638 1225 705 destinastis,
1257 647 1304 692 et
1336 637 1540 692 nullum
1568 637 1694 692 inde
1725 653 2046 708 responsum
2062 653 2154 692 re-

558 728 799 801 cepistis.
824 726 1110 782 Humiliter
1134 742 1391 799 suggero,
1425 725 1548 797 quia
1594 742 1872 797 nunquam
1892 742 1990 796 per
2018 742 2153 781 con-

556 825 821 889 temptum
836 832 869 871 a
890 816 1036 871 sedis
1052 814 1364 886 apostolicae
1375 814 1824 885 praeceptionibus
1846 814 2076 880 deviavi,
2102 821 2155 868 et

553 907 607 962 in
639 914 818 962 vestra
847 903 1075 975 epistola
1099 920 1197 975 per
1224 911 1679 959 commemoratos
1700 903 1897 958 missos
1918 910 2151 969 vestros,

554 995 779 1050 Paulum
830 993 1037 1049 scilicet
1086 1000 1138 1047 et
1168 992 1404 1047 Leonem
1453 991 1798 1047 venerabiles
1840 991 2149 1062 episcOpos,

552 1081 832 1154 pusillitati
861 1098 998 1137 meae
1027 1081 1235 1135 directa
1264 1080 1556 1151 scripsistis
1578 1080 1709 1152 quid
1739 1079 1864 1134 inde
1903 1095 2148 1150 agerem,

556 1172 654 1227 sed
682 1186 792 1227 non
819 1169 1113 1241 scripsistis
1144 1176 1201 1223 ut
1229 1168 1354 1223 inde
1402 1167 1559 1222 vobis
1605 1169 1984 1223 rescriberem.
2040 1168 2151 1222 Ve-

551 1268 858 1316 rumtamen
915 1258 1123 1313 eisdem
1170 1256 1353 1312 missis
1400 1257 1599 1312 vestris
1643 1257 1828 1312 verbis
1873 1255 2150 1327 respondi,

549 1365 650 1421 pro
679 1349 887 1405 viribus
916 1346 1321 1416 mejussionem
1343 1354 1581 1400 vestram
1609 1352 2011 1401 exsecuturum.
2046 1343 2152 1417 Egi

546 1446 725 1492 autem
775 1434 969 1491 exinde
1028 1441 1287 1506 quantum
1343 1432 1507 1499 valui,
1550 1441 1601 1489 et
1689 1441 1946 1505 quantum
2018 1432 2152 1487 mihi

549 1525 820 1599 agendum
849 1538 972 1580 esse
999 1522 1187 1578 videre
1216 1521 1385 1593 potui,
1419 1528 1472 1577 et
1500 1521 1646 1593 quod
1696 1539 1783 1577 me
1828 1537 1995 1593 agere
2040 1536 2151 1577 non

546 1631 709 1687 posse
740 1614 869 1681 vidi,
901 1613 971 1667 ad
1002 1611 1286 1683 potestatis
1316 1618 1511 1666 vestrae
1538 1610 1911 1666 auctoritatem
1941 1618 2150 1666 tracta-

544 1706 690 1761 tione
718 1719 844 1759 mea
868 1700 1075 1758 referre
1106 1700 1314 1766 curavi,
1343 1699 1479 1755 sicut
1508 1707 1561 1754 et
1608 1699 1761 1755 vobis
1802 1699 2150 1754 innotescen-

548 1796 678 1849 dum
709 1793 861 1861 cujus
893 1790 974 1845 rei
1003 1789 1203 1844 exitum
1232 1796 1285 1843 et
1315 1787 1540 1843 effectus
1568 1787 1947 1843 certitudinem
1992 1787 2145 1855 scivi,

551 1882 767 1956 quando
796 1878 1046 1952 praefatas
1070 1877 1463 1947 increpatorias
1490 1876 1697 1931 litteras
1732 1876 1861 1931 mihi
1904 1876 2144 1942 misistis,

548 1972 807 2045 parabam
838 1967 1060 2035 scilicet,
1112 1965 1385 2037 quomodo
1432 1965 1552 2036 ipsa
1597 1966 1704 2031 die,
1755 1966 1973 2037 quando
2036 1965 2149 2036 epi-

550 2060 718 2117 stolas
746 2065 944 2114 vestrae
973 2054 1303 2112 auctoritatis
1332 2053 1465 2109 mihi
1492 2054 1685 2109 Paulus
1715 2062 1769 2110 et
1826 2055 1936 2110 Leo
1977 2070 2148 2110 vene-

550 2148 757 2205 rabiles
785 2145 1029 2219 episcopi
1058 2144 1327 2199 dederunt
1367 2142 1489 2215 regi
1536 2150 1590 2198 et
1632 2142 1923 2214 episcopis,
1975 2150 2028 2199 et
2057 2159 2148 2199 re-

551 2251 787 2312 gnorum
815 2233 1164 2306 primoribus,
1196 2232 1287 2305 qui
1319 2240 1426 2287 tam
1464 2232 1532 2286 de
1581 2248 1754 2304 regno
1796 2232 1941 2304 quod
1992 2241 2150 2287 antea

549 2327 782 2384 domnus
811 2323 1033 2380 Carolus
1060 2322 1264 2386 habuit,
1297 2337 1458 2393 quam
1489 2328 1540 2376 et
1568 2320 1636 2375 de
1664 2336 1836 2393 regno
1858 2320 2003 2392 quod
2019 2321 2148 2376 olim

549 2430 648 2472 rex
677 2412 963 2469 Lotharius
993 2410 1178 2466 habuit
1207 2408 1511 2478 adfuerunt,
1544 2408 1735 2482 relegi,
1768 2416 1822 2464 et
1848 2408 1928 2465 eis
1964 2416 2022 2465 ut
2074 2410 2149 2465 ita

549 2510 830 2562 servarent
859 2500 1176 2556 denuntiare
1196 2498 1397 2554 curavi.

622 2593 719 2648 His
762 2597 945 2646 autem
992 2588 1212 2661 quidem
1260 2586 1533 2658 episcOpis
1581 2585 1740 2658 regni
1786 2586 1930 2658 quod
1986 2594 2147 2643 antea

549 2682 783 2738 domnus
832 2678 1055 2735 Carolus
1102 2676 1304 2739 habuit,
1328 2675 1637 2730 detulerunt
1698 2674 2001 2746 epistolam,
2075 2674 2146 2731 ad

550 2782 645 2830 eos
678 2769 1006 2844 generaliter
1035 2766 1295 2821 directam
1324 2763 1614 2819 transmisi.
1660 2764 1897 2835 Indeque
1926 2763 2145 2834 episco-

547 2861 633 2935 pis
662 2869 775 2916 tam
795 2874 861 2915 ex
890 2871 1063 2929 regno
1093 2868 1192 2910 suo
1221 2853 1496 2925 quondam
1522 2851 1781 2918 Lotharii,
1816 2852 1907 2923 qui
1951 2852 2006 2906 in
2054 2854 2148 2908 At-

547 2950 744 3007 tiniaco
765 2948 920 3017 jussu
949 2943 1119 3015 ipsius
1147 2941 1333 2997 domni
1362 2940 1535 2996 Caroli
1557 2940 1705 3011 regis
1747 2948 2139 3008 convenerunt,

549 3038 796 3096 eamdem
847 3031 1128 3105 epistolam
1169 3028 1361 3103 relegi,
1411 3037 1463 3085 et
1509 3028 1734 3100 praefato
1780 3028 1981 3084 domno
2026 3029 2144 3101 regi

545 3126 759 3193 Carolo,
792 3123 889 3179 sed
919 3129 972 3179 et
1018 3118 1289 3192 episcopis
1335 3117 1491 3191 regni
1537 3118 1726 3189 ipsius,
1774 3125 1826 3172 et
1874 3117 2145 3189 episcopis

542 3215 702 3288 regni
731 3212 937 3269 dudum
965 3208 1223 3275 Lotharii,
1257 3215 1311 3263 et
1357 3207 1627 3278 episcopis
1677 3206 1831 3279 regni
1861 3206 2139 3276 Ludovici,

535 3305 635 3360 sed
664 3310 717 3358 et
746 3301 850 3372 ipsi
880 3297 1153 3353 Ludovico
1179 3295 1301 3368 regi
1329 3295 1638 3351 Germaniae
1667 3296 1808 3350 hanc
1828 3294 2144 3351 schedulam

538 3408 660 3465 quae
687 3386 1053 3459 subsequitur,
1077 3385 1516 3456 postjuramenta
1544 3382 1686 3439 inter
1716 3399 1877 3455 reges
1906 3383 2025 3438 sine
2054 3400 2141 3440 me

534 3480 692 3546 facta,
726 3476 872 3534 dedi.
930 3477 991 3530 In
1021 3490 1127 3547 qua
1156 3473 1234 3529 sic
1288 3471 1616 3528 auctoritatis
1672 3480 1863 3527 vestrae
1926 3487 2139 3543 praece-

526 3569 770 3643 ptionem
800 3565 988 3632 indixi,
1022 3572 1081 3618 ut
1108 3561 1364 3634 periculis
1382 3560 1788 3615 imminentibus
1809 3575 2139 3616 commemo-

529 3658 679 3724 ratis,
714 3654 987 3729 quomodo
1020 3652 1100 3708 eis
1129 3651 1371 3718 obviare,
1406 3659 1457 3705 et
1486 3651 1579 3705 illa
1609 3649 1792 3705 omnia
1822 3645 2037 3721 ﬁnitus
2085 3659 2138 3705 et

527 3744 749 3802 insimul
779 3757 1128 3800 commovere
1159 3755 1265 3795 non
1296 3748 1557 3811 poteram,
1595 3739 1860 3794 relatione
1907 3738 1977 3794 ad
2034 3754 2136 3794 au-

530 3833 829 3891 ctoritatem
858 3838 1115 3897 vestram,
1149 3836 1201 3884 et
1231 3828 1277 3884 si
1305 3844 1414 3884 non
1442 3827 1837 3894 resistentibus,
1871 3827 1958 3883 vel
2004 3821 2139 3881 mihi

526 3922 887 3981 consulerem.
924 3919 1047 3990 Ipsa
1104 3925 1286 3973 autem
1324 3917 1601 3984 schedula,
1668 3924 1719 3971 et
1769 3916 2012 3987 regibus,
2081 3923 2136 3971 et

528 4011 822 4085 episcopis,
873 4024 938 4065 ac
987 4024 1275 4080 regnorum
1317 4006 1646 4078 primoribus
1686 4022 1720 4061 a
1764 4022 1851 4061 me
1909 4005 2133 4062 recitata

524 4107 578 4157 et
604 4101 751 4167 data,
774 4099 850 4154 ita
879 4114 939 4153 se
966 4097 1133 4153 habet
1166 4114 1178 4150 :
1218 4117 1241 4148 ι
1291 4096 1535 4152 Domnus
1567 4095 1900 4166 apostolicus
1939 4094 2133 4149 Adria-

526 4206 649 4258 nus,
683 4188 824 4247 sicut
851 4186 1035 4243 multis
1062 4193 1143 4242 est
1172 4186 1469 4259 cognitum,
1511 4194 1564 4240 et
1592 4183 1786 4240 litteris
1816 4184 1948 4250 suis,
1992 4200 2127 4256 quas

522 4296 638 4351 pre
666 4278 917 4334 manibus
945 4276 1140 4341 habeo,
1174 4275 1450 4346 exiguitati
1481 4291 1618 4330 meas
1648 4274 1899 4347 dignatus
1929 4280 2013 4329 est
2053 4272 2130 4327 in-

521 4368 731 4431 timare,
781 4366 1006 4437 regibus
1035 4372 1087 4418 et
1109 4364 1434 4434 pmsulibus
1481 4379 1543 4418 ac
1590 4378 1887 4434 regnorum
1916 4360 2124 4433 primo-

2258 460 2356 513 sed
2386 460 2712 515 mercenarii
2754 461 2971 515 nomine
3022 478 3080 515 se
3128 461 3341 517 noverit
3390 461 3744 528 censendum,
3805 468 3863 516 et

2256 548 2383 619 quia
2424 549 2535 618 jam
2584 564 2692 604 non
2739 549 3026 620 pertinebit
3071 550 3139 605 ad
3178 566 3300 605 eum
3348 550 3416 605 de
3464 549 3674 619 ovibus,
3743 564 3863 604 non
3944 572 3953 575 -

2253 632 2542 702 pertinebit
2589 642 2990 706 consequenter
3053 635 3121 689 de
3168 634 3537 705 pastoralibus
3610 633 3861 705 dignita-

2254 721 2419 776 tibus.
2473 720 2608 790 Quae
2654 730 2833 777 autem
2881 722 2937 776 in
3006 723 3248 793 epistolis
3304 724 3372 777 ad
3446 723 3736 793 episcopos
3807 730 3866 777 et

2254 825 2551 879 regnorum
2596 811 2861 881 primores
2918 812 3075 884 regni
3134 813 3407 883 quondam
3474 811 3712 866 Lotharii
3775 810 3863 865 di-

2254 898 2415 954 rectis
2462 900 2859 967 contineantur,
2909 901 3108 955 melius
3164 900 3269 972 ipsi
3351 899 3520 966 scitis,
3588 900 3680 971 qui
3755 916 3856 955 eas

2253 986 2481 1059 legistis.
2514 988 2710 1044 Audivi
2754 990 2919 1044 etiam
2954 990 3100 1062 quod
3145 990 3351 1044 similes
3398 988 3659 1060 epistolae,
3712 988 3861 1044 sicut

2253 1076 2453 1131 domno
2501 1086 2690 1132 nostro
2734 1078 2949 1145 Carolo,
3002 1086 3054 1133 et
3094 1078 3366 1149 episcOpis
3408 1094 3470 1133 ac
3517 1077 3858 1148 primoribus

2253 1166 2405 1238 regni
2435 1166 2604 1236 ipsius
2632 1166 2851 1223 directae
2881 1175 3024 1238 sunt,
3059 1168 3258 1223 domno
3289 1166 3639 1222 nihilominus
3667 1166 3861 1222 Ludo-

2252 1254 2373 1309 vico
2401 1255 2517 1328 regi
2549 1256 2810 1326 glorioso,
2866 1264 2919 1312 et
2965 1255 3238 1327 episcopis
3275 1272 3339 1311 ac
3382 1255 3540 1327 regni
3584 1256 3701 1325 ejus
3740 1254 3860 1326 pri-

2250 1343 2493 1399 moribus
2526 1344 2709 1400 missae
2755 1353 2899 1411 sunt,
2947 1346 3095 1417 quod
3136 1361 3234 1401 vos
3285 1345 3378 1418 qui
3423 1345 3493 1400 de
3523 1360 3694 1419 regno
3740 1345 3866 1414 ejus

2252 1432 2382 1486 estis
2407 1432 2604 1488 certius
2634 1433 2803 1489 scitis.
2845 1434 2972 1488 Mihi
3012 1450 3227 1506 quoque
3272 1434 3471 1505 exiguo
3519 1434 3860 1490 Rhemorum

2251 1520 2508 1592 episcopo
2551 1523 2867 1578 auctoritate
2897 1538 2996 1578 sua
3034 1523 3267 1578 domnus
3294 1522 3623 1594 apostolicus
3642 1522 3862 1593 specia—

2250 1608 2372 1665 liter
2402 1612 2822 1677 commendavit,
2866 1620 2924 1667 ut
2969 1612 3087 1668 vice
3135 1628 3235 1667 sua
3278 1621 3388 1667 tam
3435 1628 3615 1685 reges,
3670 1612 3861 1683 quand

2175 1706 2483 1792 Bcaeteros
2516 1700 2617 1755 Dei
2662 1716 2728 1755 ac
2772 1701 2960 1755 mundi
3005 1700 3281 1756 ministros
3303 1701 3664 1769 admonendo,
3722 1716 3857 1756 sua-

2252 1788 2452 1854 dendo,
2483 1804 2547 1845 ac
2574 1789 2916 1860 prohibendo
2946 1805 2979 1846 a
3009 1790 3318 1862 cupiditatis
3333 1789 3419 1846 vel
3440 1790 3678 1846 avaritiae
3698 1789 3855 1857 vitio,

2251 1883 2303 1930 et
2333 1884 2391 1930 ut
2421 1876 2596 1933 aliena
2625 1894 2735 1932 non
2766 1878 3081 1949 suscipiant,
3116 1887 3278 1950 atque
3311 1895 3544 1952 regnum
3573 1878 3855 1951 quondam

2249 1964 2488 2021 Lotharii
2518 1975 2570 2021 et
2600 1967 2848 2022 homines
2874 1967 2928 2021 in
2990 1984 3055 2023 eo
3106 1967 3370 2040 degentes
3414 1984 3524 2023 non
3570 1967 3851 2034 invadant,

2250 2055 2610 2126 comprimant
2638 2063 2692 2110 et
2720 2063 3088 2127 compescant.
3122 2056 3229 2112 Sed
3260 2065 3312 2112 et
3339 2073 3437 2128 per
3472 2056 3672 2112 multos
3720 2065 3775 2112 et
3820 2072 3856 2113 a

2249 2142 2434 2198 multis
2479 2145 2663 2212 audio,
2707 2144 3042 2217 divulgatum
3090 2145 3229 2202 inter
3273 2145 3545 2217 principes
3608 2153 3851 2213 nostros,

2250 2232 2501 2287 dominos
2531 2233 2739 2288 scilicet
2768 2249 2833 2289 ac
2865 2250 3024 2306 reges
3071 2233 3360 2305 gloriosos,
3406 2233 3605 2289 mutuis
3648 2250 3851 2289 sacra-

2248 2321 2444 2375 mentis
2474 2319 2765 2387 firmatum,
2798 2331 2854 2377 ut
2882 2322 3023 2378 inter
3060 2339 3156 2378 eos
3200 2322 3293 2395 qui
3339 2339 3398 2378 se
3443 2323 3629 2379 dicunt
3672 2323 3853 2394 ipsius

2248 2410 2404 2483 regni
2434 2410 2677 2467 haeredes
2709 2428 2830 2467 esse
2860 2428 3014 2483 aequa
3044 2411 3240 2467 divisio
3266 2412 3435 2483 ipsius
3485 2411 3639 2485 regni
3685 2411 3784 2467 ﬁat
3833 2431 3850 2469 :

2248 2514 2368 2571 quae
2395 2497 2621 2554 ﬁrmitas
2654 2500 2700 2554 si
2727 2499 2867 2556 facta
2893 2516 3003 2556 non
3030 2498 3240 2577 fuisset,
3274 2509 3332 2556 ut
3360 2500 3510 2556 multi
3553 2500 3847 2569 affirmant,

2242 2587 2356 2656 jam
2389 2588 2583 2643 seditio
2612 2588 2752 2644 inter
2782 2588 3013 2660 populos
3042 2588 3151 2643 illis
3181 2589 3460 2659 subjectos
3491 2596 3673 2645 exorta
3703 2588 3848 2646 fuis-

2246 2683 2349 2732 set.
2382 2677 2523 2732 Etsi
2552 2677 2670 2749 ipsa
2699 2677 2927 2733 firmitas
2974 2685 3226 2734 exsecuta
3269 2695 3378 2734 non
3420 2677 3598 2744 fuerit,
3650 2678 3851 2750 praelia

2246 2773 2299 2820 et
2329 2764 2645 2834 seditiones,
2680 2766 2816 2822 sicut
2838 2767 2952 2837 jam
2996 2766 3195 2823 fuerint
3246 2775 3368 2839 post
3409 2766 3612 2822 obitum
3655 2767 3850 2824 damni

2243 2853 2502 2910 Ludovici
2569 2854 2934 2926 imperatoris,
3011 2855 3153 2912 inter
3228 2872 3322 2913 eos
3392 2864 3707 2929 exsurgent,
3792 2864 3850 2913 et

2243 2942 2475 2997 maxima
2503 2951 2719 3016 strages
2748 2944 2936 3015 populi
2978 2959 3041 3001 ac
3085 2945 3320 3016 perditio
3359 2945 3665 3001 animarum
3716 2945 3849 3003 inde

2243 3031 2544 3102 proveniet,
2579 3033 2725 3104 quod
2744 3041 2932 3105 postea
2961 3033 3238 3090 emendari
3284 3050 3391 3090 non
3432 3034 3649 3105 poterit.
3693 3033 3848 3104 Qua-

2247 3128 2463 3191 propter
2488 3121 2631 3177 inter
2661 3130 2805 3177 tanta
2835 3130 2887 3177 et
2919 3122 3046 3177 talia
3089 3122 3347 3194 pericula,
3397 3123 3603 3179 scilicet
3652 3122 3845 3180 domni

2245 3208 2526 3280 apostolici
2555 3218 2887 3282 praeceptum
2919 3211 3219 3285 negligere,
3255 3220 3307 3267 et
3325 3220 3540 3283 pactum
3561 3212 3853 3281 juramen-

2244 3297 2312 3351 tis
2339 3297 2396 3353 in
2425 3298 2643 3354 nomine
2673 3299 2888 3355 Domini
2918 3308 2971 3355 et
3001 3309 3311 3356 sanctorum
3340 3302 3457 3371 ejus
3485 3303 3627 3356 inter
3674 3318 3846 3373 reges

2242 3394 2459 3443 nostros
2507 3386 2777 3443 firmatum
2824 3386 3229 3445 dissolvendum
3268 3389 3533 3461 judicare,
3580 3397 3633 3445 et
3686 3390 3844 3446 sedi-

2241 3474 2417 3531 tiones
2443 3477 2768 3548 populorum
2797 3492 2861 3533 ac
2896 3476 3084 3549 prelia
3110 3477 3529 3550 parvipendere,
3561 3485 3613 3534 et
3641 3486 3700 3534 ut
3745 3494 3845 3536 ec-

2242 3562 2532 3619 clesiarum
2563 3573 2806 3621 rectores
2834 3583 2897 3622 ac
2920 3565 3022 3621 viri
3052 3566 3284 3635 nobiles,
3316 3567 3383 3623 de
3430 3567 3614 3623 multis
3660 3568 3841 3639 parti-

2238 3651 2341 3707 bus
2371 3667 2404 3707 a
2446 3653 2676 3727 paganis
2718 3654 2965 3726 impetiti,
3016 3663 3069 3710 et
3117 3656 3233 3711 sine
3277 3673 3409 3730 rege
3456 3672 3521 3712 ac
3564 3655 3840 3729 principe,

2239 3740 2343 3795 nisi
2374 3758 2535 3812 quem
2564 3743 2668 3813 ipsi
2696 3751 2818 3815 post
2849 3750 3080 3800 mortem
3109 3744 3348 3800 Lotharii
3361 3761 3463 3816 pro
3486 3761 3583 3801 sua
3605 3745 3842 3819 quisque

2238 3831 2612 3886 convenientia
2665 3832 2948 3905 elegerint,
3008 3833 3146 3889 sicut
3199 3833 3455 3901 fatentur,
3516 3834 3837 3904 existentes,

2235 3935 2346 3975 non
2376 3920 2609 3976 debeant
2639 3921 2725 3978 vel
2754 3922 2890 3978 sicut
2917 3923 3122 3978 habent
3150 3923 3534 3980 necessitatem
3576 3940 3689 3980 non
3735 3925 3842 3980 ha-

2234 4008 2397 4063 beant
2451 4009 2749 4067 libertatem
2805 4019 3079 4069 rectorem
3127 4012 3351 4086 eligere,
3428 4013 3519 4085 qui
3594 4021 3845 4070 sanctam

2233 4096 2555 4166 Ecclesiam,
2615 4106 2669 4156 et
2723 4114 2816 4155 eos
2873 4109 3035 4173 atque
3091 4100 3545 4157 Christianitatem
3598 4101 3655 4156 in
3739 4102 3839 4158 illo

2231 4202 2404 4258 regno
2432 4187 2817 4244 consistentem
2848 4188 3104 4244 defendat
3134 4197 3186 4245 et
3213 4190 3500 4262 gubernet,
3532 4190 3717 4247 dicere
3732 4207 3842 4246 an-

2230 4276 2385 4331 xians
2417 4275 2533 4332 sine
2589 4277 2833 4350 generali
2861 4278 3211 4335 unanimitate
3260 4280 3641 4351 episcoporum
3670 4280 3838 4352 regni

2230 4364 2413 4420 domni
2442 4365 2640 4433 Caroli,
2676 4367 2872 4439 quibus
2902 4366 3133 4423 domnus
3183 4368 3511 4440 apostolicus
3548 4368 3617 4424 de
3665 4384 3833 4426 causa

520 4456 674 4512 ribus
704 4455 760 4509 in
788 4454 873 4508 his
904 4451 1203 4509 Galliarum
1232 4452 1464 4521 partium
1492 4450 1829 4522 regionibus,
1877 4457 1931 4505 et
1975 4449 2116 4505 inter
2135 4446 2193 4510 D
2222 4453 2380 4527 regni
2409 4454 2663 4522 Lotharii,
2697 4472 2847 4510 suam
2874 4456 3023 4511 misit
3051 4456 3354 4529 epistolam,
3388 4473 3550 4530 quam
3571 4457 3669 4524 eis,
3688 4455 3834 4515 sicut

523 4552 723 4602 caetera
780 4541 1100 4599 auctoritate
1156 4540 1443 4595 ministerii
1489 4539 1573 4593 sui
1601 4538 1892 4605 mandavit,
1923 4545 1978 4592 ut
2033 4554 2123 4594 re-

521 4648 690 4704 gnum
720 4632 997 4706 quondam
1027 4645 1094 4686 ac
1123 4629 1273 4702 regis
1294 4628 1549 4704 Lotharii,
1571 4628 1713 4700 quod
1735 4627 1937 4683 domno
1958 4626 2123 4699 impe-

522 4722 692 4777 ratori
746 4720 1020 4778 Ludovico
1079 4717 1345 4790 spirituali
1400 4715 1511 4772 ﬁlio
1577 4716 1695 4787 ejus
1778 4715 2122 4771 haereditario

517 4809 643 4880 jure
662 4809 902 4878 debetur,
933 4816 990 4865 et
1018 4807 1164 4880 quod
1212 4807 1281 4861 ad
1329 4822 1454 4862 eum
1499 4812 1624 4877 post
1668 4812 1899 4859 mortem
1949 4803 2121 4875 ipsius

521 4897 758 4954 Lotharii
786 4896 977 4966 rediet,
1012 4896 1099 4952 vel
1126 4895 1373 4952 homines
1417 4895 1473 4950 in
1519 4910 1585 4950 eo
1631 4894 1915 4964 degentes,
1965 4909 2119 4949 mor—

523 4986 709 5042 talium
736 4984 917 5041 nullus
935 4984 1176 5051 invadat,
1207 4984 1387 5040 nullus
1429 4990 1789 5049 commoveat,
1835 4980 2014 5037 nullus
2052 4983 2121 5039 ad

523 5091 585 5131 se
615 5080 842 5131 conetur
871 5072 1163 5129 inflectere.
1213 5070 1370 5142 Quod
1417 5072 1464 5127 si
1526 5071 1648 5143 quis
1705 5071 2115 5144 praesumpseri,

522 5179 632 5220 non
663 5163 840 5219 solum
886 5177 987 5234 per
1030 5177 1142 5217 suae
1181 5162 1512 5217 auctoritatis
1558 5160 1919 5217 ministerium
1964 5160 2118 5217 infir-

520 5251 774 5319 mabitur,
807 5266 995 5307 verum
1025 5249 1187 5305 etiam
1215 5250 1406 5307 vinclis
1436 5249 1793 5305 anathematis
1827 5250 2117 5323 obligatus,

518 5341 738 5397 nomine
769 5338 1190 5395 Christianitatis
1220 5339 1477 5411 privatus,
1511 5355 1632 5396 cum
1649 5338 1868 5395 diabolo
1886 5339 2119 5412 ;omnino

520 5429 819 5496 iocabitur;
867 5437 921 5485 et
998 5428 1044 5483 si
1102 5428 1223 5501 quis
1275 5434 1523 5484 nostrum
1577 5429 1645 5484 de
1689 5428 1960 5501 episcopis
2010 5437 2120 5484 tam

518 5517 745 5578 nefariae
787 5516 1104 5577 temeritatis
1165 5524 1442 5576 auctorem
1486 5517 1573 5576 vel
1629 5519 1859 5575 tacendo
1924 5516 2122 5589 fugerit

2219 4542 2350 4597 mihi
2379 4550 2463 4597 est
2492 4553 2826 4615 praeceptum
2856 4587 2870 4612 ,
2903 4544 3095 4609 direxi,
3145 4546 3214 4601 de
3262 4546 3347 4601 his
3395 4563 3515 4619 qua:
3555 4547 3825 4618 praemisi,

2222 4638 2479 4703 quantum
2511 4648 2577 4688 ex
2606 4648 2693 4687 me
2722 4639 2824 4699 est,
2858 4632 2991 4688 nulli
3018 4633 3318 4690 definitioni
3349 4636 3524 4692 audeo
3582 4650 3827 4711 consen-
3916 4678 3923 4684 .

2221 4719 2339 4790 tire,
2374 4727 2652 4778 reservato
2680 4737 2778 4792 per
2806 4722 2985 4777 omnia
3004 4723 3292 4797 privilegio
3308 4724 3589 4781 sententiae
3637 4725 3831 4781 domni

2220 4823 2393 4880 papaa,
2428 4810 2583 4880 cujus
2611 4809 2922 4879 auctoritas,
2954 4810 3000 4866 si
3029 4811 3234 4883 aliquid
3262 4812 3333 4869 de
3360 4812 3495 4869 actis
3539 4813 3827 4885 corrigen-

2220 4896 2349 4952 dum
2377 4897 2551 4964 fuerit,
2600 4898 2969 4956 admonitione
3014 4910 3241 4973 paterna
3288 4902 3546 4976 corriget,
3598 4911 3653 4959 et
3699 4920 3827 4976 qua“:

2220 4987 2539 5043 stabilienda
2569 4996 2691 5042 sunt
2719 4988 2915 5059 poterit
2934 4990 3215 5048 roborare.
3267 5013 3288 5041 ι»

2290 5076 2369 5131 De
2400 5076 2503 5131 hoc
2532 5092 2665 5132 vero
2693 5077 2840 5149 quod
2864 5078 2994 5134 mihi
3015 5078 3310 5151 scripsistis
3326 5080 3608 5139 dicentes:
3637 5104 3659 5134 κ
3687 5082 3829 5152 Quis

2218 5164 2413 5219 melius
2442 5172 2494 5219 te
2522 5165 2690 5235 novit,
2723 5168 2868 5239 quod
2894 5168 2988 5223 filii
3018 5168 3291 5243 quondam
3338 5170 3596 5228 Ludovici
3641 5172 3827 5244 impe-

2219 5252 2436 5322 ratoris,
2464 5252 2521 5307 in
2548 5271 2713 5310 unum
2740 5257 3145 5327 convenientes,
3179 5274 3410 5332 regnum
3436 5260 3578 5315 inter
3623 5277 3685 5317 se
3731 5260 3824 5317 di-

2220 5341 2482 5409 viserunt,
2508 5343 2739 5417 jureque
2762 5345 2995 5415 jurando
3025 5346 3127 5401 sibi
3155 5346 3388 5404 invicem
3428 5349 3823 5421 promiserunt,

2220 5424 2277 5485 ut
2306 5430 2485 5487 nullus
2514 5449 2703 5490 eorum
2746 5451 2976 5507 regnum
3022 5435 3244 5492 alterius
3290 5437 3470 5494 fratris
3514 5439 3617 5495 sibi
3657 5457 3824 5497 usur-

2218 5528 2391 5593 paret,
2424 5529 2517 5578 aut
2546 5523 2764 5581 omnino
2792 5522 3135 5596 pervaderet,
3167 5534 3220 5582 et
3250 5534 3378 5585 tunc
3424 5527 3649 5585 Carolus
3701 5546 3823 5603 rex,
